1931 3056
259 114 314 144 355

855 113 884 141 S.
905 111 1068 141 GREGORII
1088 112 1259 142 TIIEOLOGI

1829 111 1889 138 556

261 170 339 204 Quod
358 169 381 198 si
400 170 427 196 in
451 168 548 196 iisdem
570 168 720 200 cuncteris.
742 172 770 196 et
785 168 820 196 de
843 169 914 196 mala
929 169 1042 197 victoria

1100 169 1146 196 τῶν
1162 170 1253 196 αὐτῶν
1268 170 1357 205 μένοις
1372 170 1442 206 (55),
1461 171 1507 198 καὶ
1520 172 1552 207 τῇ
1569 171 1640 206 κακῇ
1663 169 1725 205 νίκῃ
1740 178 1887 205 μεταφρα-

261 224 374 252 magnos
390 215 496 243 animos
511 215 646 250 gesseris:
662 213 763 241 Acerba
778 223 833 241 mea
845 215 924 250 plaga
938 220 988 246 est.
1003 215 1044 242 in-

260 265 321 300 quit
345 264 436 292 divina
461 262 616 298 Scriptura,
638 261 706 288 unde
728 260 886 288 sanabar"?
907 259 976 287 Nam
1000 268 1044 288 res

261 314 381 341 vestras,
396 316 472 337 meas
493 316 556 336 esse
568 311 666 343 reputo
682 315 689 334 :
702 311 729 333 et
741 306 867 341 quamvis
882 307 918 332 ita
934 307 986 334 sim
1001 306 1044 333 af-

262 355 361 388 fectus,
381 355 404 383 si
417 354 549 390 colloquii
565 357 641 381 tenet
655 358 682 381 te
698 352 877 384 desiderium.
896 360 949 380 non
961 352 1045 380 dene-

261 401 341 436 gabo.

513 463 652 493 CCXVIII.
673 464 787 492 EIDEM.

1092 214 1166 250 νοίης
1184 214 1256 250 (Μ),
1278 215 1402 249 Ὰλῖ-ηρὰ
1425 216 1445 249 ἡ
1468 215 1569 250 πληγή
1584 224 1660 250 μου,
1676 215 1757 249 φησὶν
1781 216 1798 250 ή
1821 214 1888 241 θεία

1093 259 1187 295 Γραφὴ
1203 259 1258 294 (55)
1271 280 1277 291 ,
1292 261 1384 287 πόθεν
1393 261 1567 295 ἰαθήσομαι;
1582 260 1711 295 ποιοῦμαι
1724 259 1777 295 γὰρ
1793 261 1889 294 ἐμαυ-

1091 305 1138 332 τοῦ
1151 306 1185 332 τὰ
1199 306 1318 342 ὑμέτερα
1330 315 1337 321 '
1353 306 1452 342 καίπερ
1464 307 1493 333 δὲ
1505 306 1592 338 οὕτως
1609 306 1678 341 ἔχων
1695 307 1742 332 καὶ
1753 305 1887 341 γράφων,

1092 351 1116 378 εί
1129 354 1178 386 τὴν
1196 352 1339 387 συντυχίαν
1359 352 1467 385 ποθεῖς,
1485 353 1535 379 οὐκ
1554 353 1718 388 ἀρνήσομαι.

1325 463 1398 490 2111'.
1416 463 1460 498 Tu
1475 462 1566 497 ΔΥΤῼ
1583 461 1650 497 (56).

299 543 431 571 Eudocius
445 544 557 577 acceptis
571 543 750 577 superioribus
762 544 857 571 litteris
871 543 985 578 o/fensus
997 544 1128 578 respondit
1141 543 1275 578 Gregorio,
1291 543 1363 578 eique
1373 541 1682 578 Sacerdotisgamicitiarm
1702 540 1808 578 objecit,
1826 541 1886 578 co’-_

263 580 380 613 ioqnium
393 584 479 606 tamen
495 575 511 606 ά
527 588 554 606 se
567 575 714 606 desiderari
727 575 900 613 signiﬁcavit:
911 575 1061 606 Rescribeus
1075 580 1168 605 iterum
1181 575 1333 614 Gregorius,
1347 578 1459 604 amicum
1479 585 1505 614 se
1525 576 1675 614 Sacerdotis
1696 575 1816 614 [atetur;
1836 575 1886 610 qui

261 611 363 648 quidem
375 615 401 640 in
416 615 447 641 iis
461 622 518 649 qua:
527 615 713 647 expostulavit,
729 611 779 640 vim
794 611 929 640 cllaritatis
943 622 993 640 non
1005 615 1128 675 ﬁeseruit,
1143 619 1166 641 et
1178 611 1321 648 fratémam
1334 614 1417 647 magis
1431 613 1545 638 instituit
1558 611 1788 645 reprehensionem.
1799 619 1884 646 quam

261 649 315 675 odii
329 649 433 675 plenam
445 649 648 675 a'mulationem.
664 649 745 675 Addit
759 657 786 675 se
800 657 851 675 non
868 648 933 675 adeo
948 649 1014 675 inscr
1030 657 1072 675 um
1092 658 1123 675 ac
1136 651 1304 675 temerarium
1324 656 1390 675 esse.
1408 652 1437 674 ut
1461 648 1544 675 litem.
1561 647 1712 675 priusquam
1735 652 1881 675 utrumque

259 649 315 675 odii
329 649 433 682 plenam
445 648 648 676 aemulationem.
664 649 745 676 Addit
759 657 786 676 se
800 657 851 675 non
868 648 933 675 adeo
948 649 1004 675 insc

1030 657 1072 675 um
1092 658 1123 676 ac
1136 647 1304 677 temerarium
1324 656 1390 679 esse,
1408 652 1437 674 ut
1461 648 1544 678 litem,
1561 647 1712 681 priusquam
1735 652 1881 680 utrumque

259 681 385 715 audierit,
398 685 553 720 disceptare,
566 689 642 719 atque
655 684 776 720 judicare
796 684 866 720 uelit.
892 683 1008 718 Denique
1027 684 1051 710 si
1072 685 1230 720 colloquium
1249 684 1331 710 hiems
1347 683 1482 718 impediat,
1499 681 1645 709 Eudocium
1664 681 1796 713 hortatur,
1812 685 1842 707 ut
1854 681 1883 708 in

259 720 429 746 concordiam
441 725 465 746 et
476 718 622 746 amicitiam
633 727 692 745 cum
706 718 848 746 Sacerdote
859 719 1016 753 quantocius
1033 720 1132 746 redeat.

294 785 406 814 Amicus
426 790 499 813 certe
524 785 589 813 mihi
614 789 668 817 est,
690 785 788 818 fateor,
812 791 839 812 et
868 786 904 813 sit
927 786 1042 818 utinam,

1137 785 1214 820 Ἐμοὶ
1237 785 1311 820 φίλος
1329 786 1379 821 μέν
1392 786 1482 816 ἐστιν.
1495 784 1634 820 ὁμολογῶ,
1649 784 1696 812 καὶ
1719 784 1779 819 εἴη,
1798 784 1813 810 ὸ
1831 791 1883 810 τια-

261 832 394 859 honestus
412 836 438 859 et
455 832 559 867 probus
575 830 710 858 Sacerdos
735 832 950 867 eompresbyter,
969 834 996 858 et
1010 839 1043 858 eo

1100 831 1138 863 κός
1154 840 1184 857 τε
1200 832 1248 858 καὶ
1261 831 1360 865 ἀγαθὸς
1377 830 1519 867 Σακερδὼς
1537 831 1551 856 ὸ
1564 829 1819 866 συμπρεσὸύτερος,
1833 829 1884 855 καὶ

261 876 349 912 magis
363 876 436 911 quod
449 880 477 903 te
491 883 584 903 amore
596 876 797 911 complectitur.
811 875 866 903 Nec
877 875 950 902 enim
965 876 992 902 in
1010 875 1044 903 iis

261 929 323 956 quae
340 921 543 956 expostulabat,
560 921 614 948 vim
629 921 774 948 charitatis
790 921 931 953 deseruit;
949 928 1044 948 verum

261 967 410 994 fraternam
421 967 507 1002 magis
519 966 759 1001 reprehensionem
776 967 946 1000 instituebat,
962 975 1044 1002 quam

261 1012 465 1040 accusationem
480 1011 535 1039 odii
554 1012 672 1047 plenam.
687 1011 746 1039 Non
762 1012 831 1040 adeo
846 1016 937 1040 tamen
962 1012 1045 1040 insci-

261 1061 307 1085 tus
328 1065 359 1084 ac
375 1057 539 1085 temerarius
555 1065 628 1087 sum,
645 1062 675 1084 ut
690 1057 764 1084 litem
783 1057 937 1092 disceptare
958 1065 990 1085 ac
999 1058 1045 1092 ju-

260 1103 355 1130 dicare
373 1102 465 1133 veIim,
480 1102 639 1137 priusquam
658 1106 803 1137 utrumque
824 1102 956 1129 audierim
968 1102 1046 1138 (cave

262 1157 296 1176 ne
317 1148 355 1175 ita
374 1148 536 1183 existimes),
560 1149 659 1183 quippe
681 1148 728 1183 qui
751 1156 800 1184 per
819 1149 963 1184 epistolam
985 1149 1045 1184 qpi-

261 1195 334 1226 dem,
358 1201 440 1229 quam
469 1198 497 1221 tu
525 1194 693 1222 condemnas
723 1199 753 1221 ut
777 1193 963 1226 audaciorem,
992 1194 1045 1222 uisi

261 1241 425 1268 oscitantius
445 1243 472 1267 et
495 1239 568 1266 aliud
586 1247 670 1274 agens
694 1247 753 1266 eam
769 1239 886 1275 legistis,
905 1247 960 1267 non
984 1243 1046 1267 tan‘

260 1290 318 1312 tun
344 1289 370 1312 te
395 1285 554 1320 perstrinxi,
576 1288 708 1320 quantum
737 1292 784 1313 eos
805 1285 852 1320 qui
880 1285 958 1312 vobis
989 1285 1045 1312 iras

261 1330 426 1363 accendunt,
443 1335 471 1358 et
483 1338 517 1358 ex
529 1335 621 1358 vestra
633 1331 773 1358 simultate
787 1337 852 1358 suas
866 1330 918 1365 ipsi
936 1331 1046 1358 lucran-

261 1382 306 1404 tur
324 1376 447 1404 delicias.
466 1376 537 1409 Quid
558 1380 601 1404 est
624 1375 707 1411 igitur
730 1376 804 1411 quod
822 1376 893 1403 fecit
913 1376 950 1403 ita
968 1384 1046 1404 nove-

260 1424 312 1451 ris.
329 1422 470 1458 Equorum
486 1422 638 1449 domitores
652 1422 784 1456 equuleos
808 1426 936 1450 exercent
949 1422 982 1449 ad
997 1429 1045 1449 co-

261 1467 335 1495 lores
356 1472 384 1494 et
407 1467 550 1502 strepitus,
573 1471 602 1494 et
617 1467 676 1494 loca
694 1471 750 1494 tum
767 1468 881 1495 declivia
895 1475 1045 1503 pronaque.

260 1517 319 1540 tum
341 1513 439 1548 supina
463 1517 490 1540 et.
516 1513 642 1546 acclivia,
665 1521 720 1540 non
736 1513 812 1548 181
826 1517 856 1540 ut
877 1518 1044 1546 exterreant,
1058 1505 1078 1533 (ἶ

260 1559 308 1586 sed
329 1562 359 1585 ut
376 1567 430 1586 non
443 1559 577 1586 exterreri
587 1558 714 1586 doceant.
730 1558 786 1586 Hoc
802 1559 928 1594 equidem
940 1567 1002 1586 cum
1017 1559 1044 1586 in

261 1605 383 1631 animum
406 1603 588 1636 induxissem,
606 1605 772 1639 asperiorem
787 1604 881 1640 utique
902 1605 1045 1640 epistolam

261 1648 505 1684 scripsi.'Etenim
527 1650 621 1677 multa:
635 1650 814 1685 philosophiae
834 1651 1046 1679 exercitationes

262 1697 342 1727 sunt;
358 1697 385 1721 et
399 1693 454 1721 Deo
469 1694 505 1721 sit
518 1694 616 1728 gratia,
634 1694 707 1730 quod
719 1698 745 1722 te
758 1702 810 1721 non
822 1695 940 1722 alienum
956 1703 971 1722 a
985 1699 1045 1722 stu-

263 1738 310 1765 dio
325 1738 467 1772 sapientiae
480 1738 584 1772 inveni,
602 1747 653 1767 nec
668 1740 749 1768 rebus
766 1740 883 1768 terrenis
893 1740 1045 1774 addictum,

263 1783 312 1811 sed
325 1783 471 1812 admodum
482 1785 586 1816 mitem.
602 1789 629 1813 et
644 1785 729 1813 nostri
744 1786 930 1820 contubernii,
946 1794 979 1814 ex
991 1794 1046 1821 quo

264 1834 320 1856 tum
334 1830 457 1858 modeste
469 1831 581 1863 scribis,
598 1835 656 1858 tum
669 1839 847 1867 congressum
866 1833 1047 1868 colloquium-

264 1881 317 1908 que
334 1874 483 1902 desideras.
497 1874 526 1902 Si
541 1875 592 1903 hoc
604 1877 689 1912 igitur
701 1877 779 1904 nobis
796 1878 978 1909 concesseris,
990 1886 1046 1905 me-

264 1919 319 1946 lius
337 1919 431 1952 l'acies,
451 1925 532 1956 teque
557 1921 743 1955 admittemus,
768 1922 808 1950 sic
826 1921 935 1956 habeto,
955 1926 1047 1958 pater-

265 1966 308 1992 nis
332 1966 430 1993 octlis.
455 1966 532 2000 Quod
561 1967 585 1995 si
611 1967 785 2003 aliquatenus
809 1968 896 1996 hiems
923 1968 1045 2003 impedit,

264 2010 454 2039 adhortatione
471 2011 580 2039 interim
602 2017 629 2040 te
646 2013 808 2048 excipimus.
830 2013 903 2040 Nihil
918 2014 1047 2049 praeferas

264 2055 413 2083 etiamnum
427 2057 555 2085 amicitia:
568 2061 595 2086 et
608 2059 762 2087 concordia:
773 2066 836 2086 cum
850 2059 934 2088 fratre
948 2059 1047 2087 Sacer-

299 2131 426 2161 'Jerem.
446 2142 474 2168 ι,
493 2134 542 2162 19ι

1093 877 1179 913 ταύτῃ
1194 877 1293 912 μᾶλλον
1310 877 1365 912 (57)
1388 876 1429 903 ὅτι
1453 884 1501 902 σου
1516 875 1680 911 περιέχεται.
1703 874 1769 901 οὐδὲ
1783 875 1838 909 γὰρ
1852 874 1883 899 ὲν

1093 919 1134 953 οἷς
1157 922 1251 957 ῂτιᾶτο
1264 941 1272 953 ,
1292 922 1322 949 τὺ
1349 921 1458 957 φίλτρον
1485 921 1616 948 ἀπέλιπεν
1633 939 1640 952 ,
1659 919 1715 946 ἀλλ’
1732 918 1883 954 ἀδελφικὴν

1096 967 1195 1003 μᾶλλον
1219 967 1335 994 ἐποιεῖτο
1353 967 1456 1002 μέμψιν
1480 966 1497 1002 ἢ
1525 965 1691 1002 κατηγορίαν
1715 965 1883 1000 φιλαπεχθή-

1096 1023 1174 1049 μονα.
1187 1014 1224 1041 Οὐ
1250 1014 1341 1049 μέντοι
1359 1013 1484 1040 τοσοῦτον
1507 1012 1620 1048 ἀμαθῶς
1639 1012 1691 1047 ἔχω
1714 1012 1761 1038 καὶ
1778 1019 1883 1046 προπε-

1094 1060 1147 1092 τῶς
1159 1079 1166 1092 ,
1182 1059 1251 1086 ὥστε
1266 1059 1344 1094 δίκην
1358 1059 1478 1098 δικάζειν
1499 1059 1564 1094 πρὶν
1587 1058 1748 1094 ἀμφοτέρων
1763 1056 1882 1084 ἀκοῦσαι

1095 1106 1146 1142 (μὴ
1160 1105 1232 1132 τοῦθ’
1247 1105 1401 1139 ὑπολάϐοις)
1412 1125 1419 1138 ,
1432 1106 1460 1137 ὃς
1476 1114 1508 1140 γε
1524 1105 1571 1132 καὶ
1584 1105 1617 1131 δι’
1633 1104 1717 1139 αὐτῆς
1748 1104 1797 1139 τῆς
1820 1104 1883 1129 ἐπι-

1095 1151 1205 1187 στολῆς.
1221 1149 1255 1188 ἧς
1269 1151 1445 1186 κατέγνωκας
1461 1151 1499 1182 ὡς
1520 1150 1648 1186 θρασείας
1666 1149 1706 1183 (εἰ
1724 1149 1761 1184 μὴ
1777 1149 1882 1184 παρέρυ

1094 1205 1149 1230 γως
1162 1196 1263 1232 ταύτην
1277 1196 1455 1231 ἀνέγνωκας),
1466 1196 1495 1222 οὐ
1506 1195 1630 1222 τοσοῦτόν
1642 1204 1688 1222 σου
1701 1195 1880 1231 καθηψάμην,

1094 1242 1156 1270 ὅσον
1169 1243 1223 1269 τῶν
1246 1243 1417 1269 ἀναπτάντων
1433 1243 1521 1278 ὑμᾶς,
1541 1242 1587 1268 καὶ
1611 1241 1882 1278 παρακερδαινόντων

1095 1289 1127 1315 ἐκ
1145 1289 1194 1324 τῆς
1213 1288 1349 1324 ὑμετέρας
1365 1288 1420 1322 (58)
1438 1288 1618 1324 μικροψυχίας
1636 1287 1703 1314 ἰδίαν
1718 1287 1879 1314 ἀπόλαυσιν.

1095 1334 1127 1360 Τί
1142 1331 1188 1360 οὖν
1213 1334 1286 1360 ἐστιν
1307 1333 1321 1360 ὃ
1335 1333 1455 1360 πέπονθα
1471 1333 1543 1369 (59);
1570 1333 1664 1368 Γνοίης
1685 1333 1718 1359 ἂν
1734 1332 1829 1364 οὕτως.
1847 1334 1880 1360 Ol

1096 1379 1268 1415 πωλοδάμναι
1284 1380 1347 1412 τοὺς
1361 1379 1467 1411 πώλους
1483 1379 1649 1414 γυμνάζουσι
1664 1379 1732 1415 πρὸς
1755 1378 1790 1406 τὰ
1807 1380 1881 1415 χρώ-

1097 1434 1169 1461 ματα.
1180 1426 1228 1452 καὶ
1239 1426 1302 1457 τοὺς
1314 1425 1416 1460 ψόφους
1427 1423 1499 1459 (60),
1514 1424 1561 1450 καὶ
1576 1423 1629 1450 τῶν
1642 1424 1748 1459 χωρίων
1761 1424 1795 1450 τὰ
1812 1432 1881 1458 πρη-

1096 1473 1128 1508 νῆ
1147 1481 1177 1498 τε
1193 1472 1240 1499 καὶ
1254 1471 1353 1503 ὕπτια,
1376 1471 1426 1506 οὐχ
1441 1471 1485 1498 ἵνα
1501 1471 1654 1506 πτοήσωσιν
1667 1490 1675 1502 ,
1694 1469 1751 1497 ἀλλ’
1775 1470 1818 1496 ἵνα
1840 1470 1880 1505 μὴ

1096 1516 1234 1543 πτοεῖσθαι
1251 1517 1386 1548 διδάξωσι.
1401 1515 1486 1542 Τοῦτο
1501 1515 1578 1550 κάγὼ
1595 1514 1759 1550 διανοηθεὶς,
1777 1523 1880 1550 τραχυ-

1095 1564 1176 1599 τέραν
1190 1563 1244 1599 (GI)
1263 1572 1321 1595 πως
1332 1563 1379 1589 καὶ
1393 1562 1441 1598 τὴν
1457 1561 1600 1597 ἐπιστολὴν
1616 1561 1797 1597 ἐποιησάμην.
1814 1561 1881 1587 Πολι

1095 1610 1128 1637 λὰ
1142 1609 1195 1646 γὰρ
1206 1609 1242 1636 τὰ
1257 1608 1414 1644 φιλοσοφίας
1430 1607 1627 1643 γυμνάσματα·
1641 1607 1688 1634 καὶ
1699 1606 1738 1642 τῷ
1759 1606 1816 1641 Θεῷ
1829 1607 1879 1641 χὰ-

1096 1664 1149 1691 ρις,
1175 1655 1216 1682 ὅτι
1238 1663 1268 1681 σε
1295 1655 1332 1690 μὴ
1350 1654 1512 1688 ἀφιλόσοφον
1536 1651 1628 1688 εὗρον,
1656 1652 1721 1688 μηδὲ
1739 1652 1788 1687 τῆς
1802 1651 1878 1687 ὕλης,

1095 1701 1151 1728 ἀλλ’
1165 1701 1268 1737 ἥμερον
1286 1700 1385 1731 ἱκανῶς
1396 1720 1404 1732 ,
1420 1700 1466 1726 καὶ
1481 1699 1527 1735 τῆς
1553 1698 1688 1734 ἡμετέρας
1709 1697 1793 1732 αὐλῆς
1805 1717 1812 1730 ,
1833 1697 1878 1731 ὑφ’

1094 1745 1128 1783 ἧς
1152 1748 1198 1774 καὶ
1219 1747 1335 1782 γράφεις
1351 1746 1407 1780 (62)
1430 1745 1576 1777 ἐπιεικῶς,
1591 1744 1637 1771 καὶ
1662 1744 1711 1779 τὴν
1737 1743 1878 1778 συντυχίαν

1095 1794 1196 1826 ποθεῖς.
1213 1794 1245 1820 Et
1259 1794 1308 1829 μὲν
1325 1791 1370 1820 οὖν
1385 1792 1432 1820 καὶ
1448 1792 1550 1826 ταύτην
1561 1793 1626 1827 ἡμῖν
1638 1789 1770 1826 χαρίζοιο,
1788 1791 1878 1825 κρεῖτ-

1095 1849 1140 1867 τον
1168 1841 1254 1872 ποιεῖς
1266 1860 1274 1871 ,
1292 1839 1340 1867 καί
1368 1847 1397 1866 σε
1416 1838 1568 1874 δεξόμεθα,
1586 1835 1615 1864 εὖ
1638 1836 1709 1868 ἴσθι,
1737 1837 1876 1871 πατρικοῖς

1095 1886 1225 1922 ὄμμασιν.
1243 1886 1274 1912 Et
1294 1885 1316 1912 δ’
1333 1885 1388 1920 ἄρα
1408 1893 1434 1911 τι
1453 1885 1468 1910 ὁ
1489 1882 1590 1919 χειμὼν
1607 1883 1662 1917 (6'5)
1679 1881 1829 1918 ἐμποδίζει,
1843 1882 1876 1916 τῇ

1097 1931 1253 1968 παραινέσει
1274 1931 1342 1962 τέως
1361 1939 1390 1957 σε
1406 1929 1574 1965 δεξιούμεθα.
1599 1929 1688 1964 Μηδὲν
1708 1928 1878 1963 προτιμήσῃς

1096 1975 1136 2003 ἔτι
1152 1976 1198 2002 καὶ
1216 1975 1263 2002 νῦν
1274 1975 1323 2010 τῆς
1337 1974 1404 2010 πρὸς
1418 1974 1464 2000 τὸν
1483 1973 1595 2008 ἀδελφὸν
1613 1971 1773 2008 Σακερδῶτα
1787 1971 1877 2005 φιλίας

1097 2021 1143 2048 καὶ
1161 2021 1286 2056 ὁμονοίας
1301 2020 1372 2055 (ἐμοὶ
1389 2018 1544 2054 πείσθητι),
1562 2018 1622 2054 μηδ’
1635 2017 1698 2045 ἄλλο
1711 2026 1737 2043 τι
1753 2015 1876 2052 νομίσῃς,

1096 2067 1112 2103 ἢ
1129 2068 1225 2102 πεῖραν
1245 2065 1313 2094 εἶναι
1326 2065 1372 2092 τοῦ
1396 2063 1514 2101 πονηροῦ
1532 2064 1562 2091 τὸ
1575 2063 1724 2098 γινόμενον,
1738 2063 1771 2097 τῇ
1790 2063 1823 2098 σῇ
1838 2070 1879 2095 εἶι-

306 2209 492 2249 (53)_M_éy0tq.
519 2209 559 2249 Ita
576 2211 666 2249 iidem.
685 2212 719 2249 At
735 2212 852 2240 Montac.
869 2213 961 2249 μένῃς.
980 2213 1046 2241 Mul-
1062 2219 1084 2248 ι)
1097 2218 1135 2241 est
1158 2214 1238 2249 igitur
1251 2213 1319 2249 quod
1335 2213 1399 2249 mihi
1421 2212 1516 2249 accidit
1527 2213 1543 2249 2
1555 2211 1667 2249 Morem
1689 2211 1760 2249 Quid
1774 2216 1812 2238 est
1826 2211 1876 2246 igi-

266 2246 383 2282 lemtait
400 2245 505 2278 Morel.,
527 2246 626 2281 μένοις.
640 2248 667 2274 III
679 2247 722 2274 ed.
737 2249 836 2282 μένεις.

302 2281 358 2318 (5})
368 2282 598 2318 Μεῃαφρονοίης.
609 2282 646 2318 Ita
661 2283 721 2309 cod.
730 2281 806 2317 [ἤδη
817 2283 945 2314 Montac.,
953 2283 1046 2311 Morel.

266 2316 450 2347 ac‘Combeﬂ,
463 2316 535 2350 quod
550 2321 591 2344 est
611 2317 693 2343 altum
709 2316 820 2351 spirare.
837 2318 865 2345 In
880 2318 944 2346 edit.
964 2327 1048 2354 μεγα-

267 2351 435 2379 λοωοονοίης.

284 2358 435 2386 οφρονοιης.

303 2384 359 2422 (55)
378 2384 447 2422 Gela
461 2384 575 2422 Fpagri.
594 2385 631 2412 Ita
642 2386 708 2422 cod.
723 2387 800 2422 Reg,
816 2387 906 2419 Pass,
918 2387 1047 2421 Montac.,

268 2420 361 2449 Morel.
379 2427 411 2446 ac
428 2420 550 2447 Combet.
569 2421 596 2447 In
615 2421 681 2448 edit.
701 2420 862 2450 Gela—deest.

315 2457 360 2492 ξεί)
375 2455 448 2492 Alias
463 2455 628 2492 CCXXX".
645 2455 751 2492 Scripta
764 2458 858 2485 eodem
877 2461 1007 2492 tempore.

316 2491 359 2524 57)
377 2490 430 2517 Καὶ
444 2491 535 2524 ταύτῃ
547 2490 676 2524 μᾶλλον.
696 2491 789 2519 Morel.
809 2504 815 2520 ;
839 2497 864 2519 et
881 2490 987 2520 eatenus
1002 2500 1049 2526 po-

270 2526 321 2552 tius
345 2533 396 2559 qua
416 2529 438 2552 te
460 2526 650 2560 complectitur.
666 2526 726 2554 Mox
742 2547 749 2560 ,
773 2527 801 2554 in
825 2527 886 2554 cod.
912 2528 945 2555 Β.

269 2561 359 2596 έχεται
374 2560 459 2587 deest.

305 2595 364 2632 (_58)_
380 2595 677 2632 ιιαρακςρὸαινρνςτων
701 2597 735 2624 ἐκ
759 2596 814 2630 τῆς
839 2597 991 2632 ὑμετέρας.
1009 2598 1049 2625 Ita

269 2630 336 2668 cod._
347 2629 413 2664 Reg.
427 2633 456 2668 _c_t
474 2630 596 2668 Gotnbef.
611 2631 641 2668 In
655 2631 721 2658 edit.
747 2629 822 2667 παρὰ
834 2629 882 2667 τῆς
902 2629 1046 2668 ἡμετέρας,

268 2665 404 2699 vertitque
427 2665 540 2692 Morel.:
557 2671 581 2692 et
600 2666 681 2692 obiter
700 2665 828 2700 quantum
848 2665 948 2700 faciunt
977 2665 1048 2694 oble-

268 2701 393 2727 ctationis
414 2708 470 2726 sua:
496 2707 528 2726 ea:
552 2701 648 2734 pusillo
664 2702 752 2727 animo
781 2707 879 2729 nostra.
899 2702 1023 2729 COmbel‘.
1040 2712 1046 2729 :

269 2742 350 2768 exque
373 2740 459 2772 vestra
473 2735 618 2772 simultate,
634 2740 658 2762 et
672 2743 716 2770 per
731 2737 787 2771 ejus
803 2738 965 2765 occasionem
977 2737 1048 2772 facta

269 2770 421 2803 compendio
434 2778 489 2796 sese
501 2770 641 2797 oblectant.

306 2803 361 2839 (59)
383 2804 413 2832 Τί
428 2803 484 2832 οὖν
494 2805 579 2832 ἐστιν
601 2805 617 2832 ὃ
636 2805 788 2840 πέπονθα;
807 2806 952 2835 Cnmbel‘.:
977 2806 1048 2840 Quid

969 2536 1047 2564 περι-

1098 2254 1142 2275 tur
1160 2247 1228 2283 quod
1243 2256 1283 2274 me
1297 2248 1367 2275 dolet
1383 2256 1414 2274 ac
1431 2247 1546 2283 pungit?
1559 2247 1603 2274 Sic
1625 2247 1757 2281 cognitum
1781 2252 1805 2273 et
1819 2255 1876 2280 per-

1097 2284 1217 2318 spicuum
1232 2283 1347 2310 habebis.

1133 2318 1188 2354 (60)
1200 2318 1253 2345 Καὶ
1263 2318 1333 2354 coiri;
1346 2318 1473 2354 ψόφους.
1485 2316 1523 2344 Ita
1536 2316 1609 2347 cod.,
1622 2324 1653 2354 ac
1661 2315 1754 2343 Morel.
1765 2316 1791 2342 in
1806 2320 1874 2354 nnt_..

1098 2351 1142 2380 sic'
1159 2351 1240 2380 etiam
1264 2351 1411 2387 Gregorius
1435 2353 1494 2386 ipse
1516 2359 1598 2387 supra
1612 2351 1692 2385 epist.
1712 2358 1793 2387 ccxv,
1809 2352 1876 2387 πρὸς

1097 2389 1160 2420 τοὺς
1173 2389 1275 2423 ψόφους
1292 2385 1516 2422 ἐξαγριαίνοντες.
1537 2385 1566 2413 In
1588 2386 1653 2423 edit.
1675 2385 1723 2423 καὶ
1744 2387 1805 2417 τοὺς
1830 2385 1876 2421 ἱρό-

1097 2423 1161 2454 6ους
1174 2421 1185 2454 ,⁷
1199 2423 1271 2456 quod
1289 2421 1384 2449 Morel.
1404 2431 1410 2449 :
1429 2427 1453 2449 et
1472 2422 1595 2456 strepitus
1607 2421 1754 2454 horriﬁcos.

1135 2458 1191 2494 (6|)
1209 2457 1402 2494 Tpazvrépqr.
1433 2457 1546 2494 Morel.;
1575 2456 1757 2494 Procaciorem
1785 2456 1876 2494 episto-

1101 2491 1154 2519 lam
1166 2491 1217 2524 {et
1229 2493 1269 2520 sic
1280 2513 1287 2525 ,
1303 2493 1407 2526 inquit,
1428 2491 1560 2526 exposui,
1574 2496 1604 2517 ut
1621 2491 1725 2518 Plinius
1742 2492 1874 2518 secundus

1100 2529 1126 2554 in
1142 2527 1216 2562 pnel‘.
1237 2528 1269 2554 ad
1287 2527 1377 2554 Titum
1392 2527 1505 2562 imper.:
1525 2526 1637 2560 Questus
1653 2527 1679 2552 in
1698 2526 1753 2552 alia
1772 2528 1874 2559 procaci

1098 2563 1208 2596 epistola
1230 2568 1330 2590 nostra.

1133 2598 1188 2631 (69)
1211 2597 1268 2631 Ὑφ’
1284 2595 1322 2632 ἧς
1344 2595 1393 2623 καὶ
1406 2595 1526 2631 γράφεις
1549 2599 1601 2622 etc.
1621 2595 1715 2622 Morel.
1732 2604 1748 2632 :_
1760 2594 1812 2632 sub
1826 2603 1874 2629 quo

1097 2638 1121 2659 et
1137 2629 1279 2666 sapienter
1296 2629 1398 2659 scribis
1410 2629 1467 2658 ’ω’
1486 2632 1708 2658 conversationem
1732 2629 1873 2666 desideras.

1098 2665 1219 2694 Combet'.
1241 2676 1247 2694 :
1266 2666 1307 2693 Ex
1321 2675 1370 2702 quo
1383 2675 1413 2693 ac
1429 2666 1503 2700 cujus
1524 2671 1592 2702 nutu
1603 2671 1659 2702 tum
1681 2665 1770 2692 sedate
1784 2665 1874 2692 scribis

1098 2708 1175 2737 atque
1192 2702 1316 2734 modeste,
1327 2700 1388 2728 tum
1404 2701 1561 2737 colloquium
1576 2700 1719 2737 desideras:

1133 2733 1192 2780 {63),
1206 2737 1278 2780 Ἄρα,
1299 2746 1325 2763 τι
1342 2739 1358 2763 ό
1372 2733 1489 2780 legifer}
1510 2735 1549 2780 Ita
1560 2736 1651 2780 food:

1097 2769 1151 2806 ἄρα
1166 2772 1193 2798 τι
1214 2769 1243 2798 σε
1268 2773 1282 2798 ὁ
1300 2769 1509 2808 χειμῶνξιόιηο
1531 2769 1618 2803 intra,
1637 2774 1699 2806 post
1717 2769 1798 2803 τέως,
1813 2769 1871 2797 cod.

1099 2807 1128 2833 σέ
1149 2807 1275 2833 restituit.

1099 2811 1128 2833 σέ
1149 2811 1275 2835 restituit.
