1931 3056
79 114 141 144 357

737 116 904 147 EPISTOLA
928 116 1051 146 CCXIX.

1653 119 1708 149 358

78 175 200 211 λοσοφίᾳ
219 175 419 211 βασκαίνοντος.
435 177 515 204 Ἀλλά
534 179 602 213 πρὸς
618 178 668 214 τὴν
684 179 796 215 πρώτην
815 181 866 208 πεῖ-

924 180 989 207 dote
1013 179 1091 214 (mihi
1121 179 1225 216 crede),
1253 187 1322 208 neve
1348 179 1421 215 quod
1448 178 1549 206 factum
1573 183 1613 207 est
1633 180 1706 208 aliud

80 231 138 258 ραν
160 222 291 257 ἀγώνισαι
310 224 440 257 γενναίως
456 224 503 251 καὶ
525 225 675 260 ἀνδρικῶς,
694 227 736 253 ἵνα
762 227 800 263 μὴ
822 227 871 263 τὴν

77 267 215 303 δευτέραν
234 269 281 295 καὶ
298 268 394 304 τρίτην
407 271 553 305 ποιήσηται
566 271 653 306 πάλην
670 271 741 306 (64),
763 271 811 299 καὶ
825 272 872 299 ἀλ-

78 312 135 344 λας
150 313 228 348 ἑξῆς,
249 313 306 340 ἀλλ’
324 315 475 350 ἡττημένος
496 315 601 352 ἀπέλθῃ
627 318 672 344 καὶ
685 318 869 353 ᾐσχυμμένος.

80 357 183 392 Ἴσμεν
194 357 248 393 γὰρ
264 358 347 385 αὑτοῦ
369 359 404 386 τὰ
429 359 604 396 παλαίσματα
622 362 676 397 (65)
691 383 698 395 ,
721 363 760 397 τῷ
775 363 871 399 μακρῷ

78 401 175 438 χρόνῳ
192 402 271 430 τοῦτο
283 403 414 439 μαθόντες
426 424 434 436 ,
455 405 500 432 καὶ
516 408 572 438 τοῖς
589 407 657 443 πρὸς
673 408 753 436 αὐτὸν
767 410 868 444 ἀγωνί-

80 455 183 483 σμασι.

323 547 394 575 me.
409 548 552 586 ΕΔΔΑΔΙῼ
565 550 630 587 (66).

921 225 1069 260 quidquam
1089 225 1240 258 existimes,
1264 233 1346 260 quam
1371 227 1548 253 tentationem
1574 226 1637 252 mali
1659 226 1707 261 qui

920 275 975 298 tuae
991 270 1170 306 philosophia:
1189 271 1303 298 invidet.
1318 270 1420 298 Verum
1436 271 1470 298 ad
1489 272 1608 306 primum
1619 275 1707 299 tenta-

920 321 1042 345 mentum
1069 317 1175 345 fortiter
1198 321 1226 344 et
1246 324 1379 352 generose
1402 317 1522 348 decerta.
1551 325 1584 344 ne
1607 325 1707 345 secun-

920 362 985 390 dum
1003 368 1031 390 et
1046 363 1155 391 tertium
1168 368 1275 390 moveat
1289 366 1442 394 certamen,
1455 367 1482 390 et
1496 363 1549 390 alia
1562 362 1704 398 deinceps,

921 409 970 437 sed
989 410 1078 436 victus
1094 408 1225 436 abscedat
1248 411 1276 435 et
1300 407 1476 435 erubescens.
1500 407 1567 434 Nam
1587 409 1647 443 ejus
1664 409 1708 436 lu-

921 459 980 483 etas
1001 455 1137 488 novimus,
1161 455 1187 482 id
1215 455 1297 490 longo
1315 458 1436 488 tempore
1449 454 1551 486 edocti,
1569 458 1598 482 et
1617 458 1707 482 certa-

921 500 1041 529 minibus
1057 508 1119 528 eum
1133 501 1180 528 illo
1198 501 1344 535 susceptis.

1156 556 1271 585 CCXIX.
1291 555 1473 584 HELLADIO.

85 601 596 652 magi-(adiici:§aferdotewjudiciunt
610 610 730 652 plurimis
752 613 910 652 offendicqu
934 620 1005 646 erat,
1026 617 1133 652 piosque
1152 617 1232 647 uiros.
1252 615 1390 643 Sacerdoti
1411 615 1554 650 impensius
1571 614 1704 652 addictos,

81 637 191 685 ξζζξξζιξξι
208 637 480 685 ἱηξξὶνῴιιτίαηιλεθνὶ
493 637 747 685 [ενεηιεείηωειὸιὲα
754 637 909 683 linit—Eb}?
922 637 1005 678 an};
1015 637 1638 685 1252;135:225.7553?‘inrliifrﬁﬁoieru
1651 637 1704 676 ιῖιιῖ

79 674 192 733 quitati.
210 674 450 718 Unus_Grego'riu_sv,
463 674 510 712 pro
526 687 574 705 sua
585 683 746 720 constantia,
763 674 1644 733 .7sparus;gangralggaae;iam;'a2r2;.;1;;.'.:;g;.;.t.
1652 674 1703 711 est.

101 707 119 733 ὀ
131 709 234 733 quidem
255 719 321 733 mlrn
333 713 447 733 nrnﬁrm
463 717 572 733 nrmxlnl
589 722 614 733 ιη
631 715 670 733 Ι...
688 717 721 733 ,ηι
743 718 817 733 "-11..
839 721 894 733 .-.....
914 720 1009 733 1:..-_.-.
1023 731 1029 733 _
1044 730 1105 733 _..__
1120 722 1161 733 -..ε
1177 722 1264 733 .-___:.
1292 721 1486 733 ___:L-_.J__-....
1500 720 1645 733 i:..--.._..._.
1662 727 1691 733 ..-

101 707 448 757 ξέίζίέξέῗζῖξηῗίνΡ-ξξῗιλίίῇςίᾴ
459 707 572 757 pertrita:
589 715 615 755 in
630 715 670 757 In;
687 707 1013 748 ad‘il’e'tta'dfdhi'iiziérii
1019 707 1704 757 ἶ’ᾳὶἱέῗᾶιῖξ’ἰὶᾙέὶἔῖὶὲνέὶνέιῖἇῖὲἶιῑὶι”ιῖιῗέὲᾶἳῖὧἐξὲξ

82 744 120 770 tis
138 744 285 772 antistitem
299 744 421 781 agnoscet
438 744 484 782 qui
495 755 539 775 eas
554 750 669 784 scripsit.

119 801 175 834 Οὓς
191 803 338 838 ποιήσομαι
351 803 418 839 πρὸς
438 804 468 831 σὲ
481 804 592 839 λόγους,
611 805 664 833 ὑπὸ
678 806 783 838 εὐνοίας
797 808 866 843 ποιή·

956 808 1022 841 Quae
1043 813 1132 836 tecum
1158 809 1240 837 verba
1262 809 1388 837 facturus
1412 817 1484 842 sum,
1509 818 1564 846 prae
1587 810 1704 838 benevo-

81 855 169 883 σομαι
180 867 187 880 ,
207 847 277 875 ὥστε
290 848 393 881 δίκαιος
410 849 444 877 ἂν
458 849 516 885 εἴην
537 850 654 886 μάλιστα
669 851 718 886 μὲν
734 852 869 887 ἀκουσθῆ-

80 902 129 920 ναι
151 893 315 929 παρακαλῶν
330 895 402 930 (67)’
427 895 452 921 εἰ
475 895 498 922 δ’
521 895 567 929 οὒ,
584 896 651 923 ἀλλά
668 896 723 932 (68)
745 906 868 932 συγγνω-

82 939 182 973 σθῆναι
209 940 258 975 τῆς
284 941 480 976 παραινέσεως.
509 942 546 969 οὐ
573 942 664 969 πολλοὶ
691 943 740 979 τὴν
769 944 868 979 πρᾶξιν

81 985 164 1021 ὖμῶν
177 985 369 1022 ἀποδέχονται,
384 986 433 1022 τὴν
455 987 519 1023 περ),
543 987 589 1014 τδν
604 987 769 1023 τιμιώτατον
790 988 868 1025 ἡμῶν

80 1031 200 1066 ἀδελφὺν
217 1032 265 1059 καὶ
288 1033 527 1070 συμπρεσεύτερον
542 1034 703 1070 Σακερδῶτα
723 1035 779 1070 (69)
795 1054 802 1067 ,
830 1035 868 1066 ὡς

81 1077 116 1103 ὲκ
141 1076 266 1112 διαϐολῆς
289 1087 369 1105 τινων
389 1079 444 1114 (70)
465 1079 564 1114 μᾶλλον
588 1079 604 1113 ἢ
632 1080 746 1115 κρίσεως
765 1081 868 1112 οίκείας

80 1123 289 1158 γεγενημένην,
309 1123 334 1150 οἳ
350 1123 399 1159 τὴν
424 1124 474 1159 μὲν
495 1124 654 1152 ἀκολουθίαν
667 1127 722 1152 τῶν
736 1126 867 1161 πραγμά-

81 1175 139 1194 των
163 1168 244 1203 τυχὸν
268 1169 410 1202 ἀγνοοῦσι,
429 1169 459 1196 τὸ
481 1170 510 1197 δὲ
534 1170 610 1202 τέλος
632 1171 698 1198 αὐτὸ
717 1171 776 1198 καθ’
801 1172 868 1199 αὐτὸ

82 1213 250 1249 θεωροῦντες
264 1215 314 1240 οὐκ
333 1215 483 1244 ἐπαινοῦσι.
498 1216 589 1243 Ταῦτα
605 1217 654 1252 μὲν
671 1215 716 1244 οὖν
734 1218 815 1250 αὐτὸς
834 1218 866 1245 ἂν

81 1260 194 1295 εἰδείης.
208 1261 245 1287 Οὐ
260 1261 314 1296 γὰρ
332 1261 409 1297 ἡμῶν
422 1262 455 1289 τά
472 1262 505 1289 σὰ
518 1263 765 1299 πολυπραγμονεῖν,
778 1264 807 1296 ὃς
820 1264 866 1291 καὶ

81 1305 141 1335 τοῖς
152 1304 241 1336 ἄλλοις
254 1305 288 1332 τὰ
309 1306 434 1341 πρακτέα
450 1307 613 1342 νομοθετεῖς.
633 1308 727 1344 Ἡμεῖς
740 1309 768 1335 δὲ
779 1317 867 1344 παρα-

82 1349 220 1385 καλοῦμεν
241 1350 291 1386 τὴν
312 1350 360 1387 σὴν
374 1351 543 1387 ἀγαθότητα,
562 1352 592 1379 τὸ
611 1352 660 1388 μὲν
677 1353 784 1388 πρῶτον
802 1362 867 1388 συγ-

82 1395 208 1431 χωρῆσαι
226 1395 265 1432 τῷ
279 1396 355 1432 ἀνδρὶ¹
373 1398 462 1424 πᾶσαν
480 1397 529 1434 τὴν
543 1399 709 1434 ἐπιμέλειαν,
722 1397 760 1427 ὧν
775 1400 867 1436 ἐφρόν-

82 1440 158 1473 τιζεν
177 1442 244 1477 (71).
265 1443 332 1469 Οὐδὲ
353 1443 407 1479 γὰρ
429 1443 500 1470 οὕτω
525 1444 613 1479 ῥᾴδιόν
640 1453 693 1472 τινι
720 1445 866 1482 φιλοσοφῆ-

921 852 1004 880 lentia
1026 853 1123 881 faciam
1140 863 1244 890 :quare
1255 855 1354 890 dignus
1371 855 1422 883 sim
1443 856 1562 884 maxime
1580 857 1702 892 quidem,

922 898 968 933 qui
987 899 1082 926 audiar
1093 899 1261 928 adhortando
1274 909 1280 928 :
1293 902 1336 928 sin
1357 901 1459 934 minus,
1471 901 1515 929 cui
1534 903 1704 930 condonetur

921 944 1084 972 adhortatio.
1096 945 1155 972 Non
1167 946 1246 973 multi
1259 946 1395 974 actionem
1415 953 1534 976 vestram
1553 948 1705 983 approbant

921 997 983 1024 erga
995 991 1257 1019 venerabilissimum
1270 991 1381 1019 fratrem
1396 999 1521 1022 nostrum
1539 997 1565 1021 et
1577 1001 1703 1029 compre-

921 1034 1060 1070 sbyterum
1085 1035 1269 1070 Sacerdotem,
1281 1037 1356 1064 velut
1375 1045 1407 1065 ex
1419 1039 1556 1066 calumnia
1572 1046 1704 1074 quorum-

920 1078 982 1105 dam
994 1080 1087 1114 potius
1100 1087 1180 1115 quam
1195 1089 1228 1108 ex
1241 1082 1353 1117 proprio
1365 1081 1470 1117 judicio
1483 1083 1643 1118 profectam,
1655 1085 1702 1119 qui

920 1125 1028 1159 quidem
1045 1133 1135 1153 rerum
1154 1127 1252 1154 seriem
1266 1126 1379 1154 forsitan
1393 1129 1529 1163 ignorant,
1544 1129 1623 1156 finem
1639 1137 1704 1157 vero

920 1169 1008 1205 ipsum
1022 1178 1070 1205 per
1090 1179 1119 1198 se
1137 1171 1345 1199 considerantes
1358 1180 1411 1199 non
1430 1173 1550 1200 laudant.
1564 1173 1626 1201 Haec
1637 1182 1703 1202 sane

920 1215 978 1250 ipse
987 1216 1104 1244 noveris.
1117 1215 1176 1243 Non
1187 1217 1260 1244 enim
1274 1221 1397 1245 nostrum
1406 1223 1458 1251 est,
1471 1226 1514 1246 res
1525 1223 1586 1246 tuas
1595 1219 1704 1248 curiose

920 1261 1049 1294 scrutari,
1062 1262 1109 1296 qui
1128 1263 1234 1290 caeteris
1250 1263 1331 1290 etiam
1348 1271 1408 1298 quae
1428 1264 1532 1299 agenda
1547 1269 1621 1297 sunt,
1633 1273 1704 1300 pra:-

920 1308 1029 1336 seribis.
1041 1307 1175 1335 Caeterum
1189 1316 1239 1336 nos
1255 1308 1416 1343 probitatem
1430 1314 1502 1336 tuam
1515 1310 1701 1345 obsecramus,

919 1354 1036 1389 primum
1056 1353 1167 1388 quidem
1190 1358 1221 1381 ut
1244 1355 1378 1382 concedas
1402 1355 1462 1382 viro
1479 1363 1586 1383 omnem
1607 1364 1702 1384 curam

919 1406 1013 1426 eorum
1039 1398 1141 1433 quibus
1164 1398 1284 1426 studium
1312 1404 1394 1434 atque
1420 1407 1531 1434 operam
1560 1401 1702 1436 impende-

919 1443 976 1471 bat.
1004 1442 1098 1479 Neque
1126 1444 1199 1471 enim
1227 1444 1305 1479 182
1331 1449 1385 1471 tam
1410 1444 1490 1472 facile
1517 1449 1558 1473 est
1583 1446 1701 1481 cuipiam

84 1495 132 1512 σαι
147 1487 203 1522 (ῚΞ)
216 1507 224 1520 ,
239 1487 292 1515 κᾶν
306 1489 320 1514 ό
332 1488 567 1524 καρτερικώτατος
625 1490 671 1516 καὶ
686 1490 866 1525 φιλοσοφώτα-

922 1489 1127 1524 philosophari,
1150 1490 1259 1517 tametsi
1283 1490 1500 1525 patientissimus
1527 1491 1563 1518 sit
1585 1484 1612 1518 et
1635 1499 1703 1519 con—

82 1541 146 1564 τος,
162 1533 231 1560 ὥστε
253 1533 342 1561 πόνων
360 1534 494 1561 τοσούτων
513 1534 560 1561 καὶ
579 1535 722 1572 συνηθείας
735 1537 867 1572 τοσαύτης

84 1579 319 1615 ἀποστερούμενον
337 1580 393 1615 (7⁸5)
410 1580 511 1615 φέρειν.
531 1581 562 1607 Et
578 1581 606 1608 δὲ
622 1582 676 1617 μὴ,
698 1582 760 1616 τόγε
779 1582 868 1608 δεύτε-

86 1632 150 1659 ρον,
164 1625 214 1659 τὴν
234 1625 284 1660 μὲν
300 1625 354 1652 τῶν
379 1626 495 1661 πτωχῶν
516 1627 672 1663 ἐπιμέλειαν
684 1647 691 1659 ,
711 1627 748 1659 ὡς
768 1627 866 1663 βούλει,

85 1669 239 1703 διαθέσθαι,
255 1671 302 1697 καὶ
315 1671 348 1697 δι’
366 1668 403 1699 ὧν
421 1672 476 1707 (74)
496 1673 576 1705 αὐτὸς
588 1673 759 1708 δοκιμάσεις,
776 1674 824 1709 τὴν
839 1673 868 1699 δὲ

84 1718 135 1753 τῆς
150 1718 232 1753 μονῆς
246 1718 302 1754 (75)
322 1719 450 1754 φροντίδα
469 1720 516 1747 κα).
532 1719 586 1747 τῶν
603 1719 724 1754 ἀδελφῶν
734 1738 742 1751 .
757 1719 800 1746 ἐπ’
823 1720 868 1746 αὐ-

84 1763 124 1798 τῷ
140 1755 315 1799 ττοιήσασθαι·
331 1765 377 1791 καὶ
396 1765 433 1800 μὴ
456 1764 574 1800 λυπῆσαι
589 1765 638 1800 μὲν
660 1765 740 1791 αὑτὸν
758 1766 792 1801 τῇ
807 1774 867 1792 και-

85 1810 213 1846 νοτομίᾳ,
230 1810 350 1846 λυπῆσαι
373 1811 402 1837 δὲ
418 1811 498 1838 πλέον
517 1812 636 1843 ἐκείνους
656 1812 705 1847 τῆς
725 1812 868 1846 συνηθείας

85 1854 279 1889 ἀντεχομένους
290 1874 298 1886 ,
312 1856 358 1882 καὶ
372 1855 465 1892 ὥσπερ
485 1855 609 1891 σώματος
626 1856 684 1887 ἐνὸς
695 1857 867 1892 διασπασμὸν

87 1899 175 1934 μελῶν
191 1899 222 1926 οὑ
234 1899 364 1936 φέροντας
377 1900 443 1936 (76).
463 1900 548 1927 Τοῦτο
571 1901 624 1936 γὰρ
643 1901 691 1928 καὶ
708 1901 776 1936 πρὸς
794 1902 868 1936 ἡμᾶς

86 1944 208 1976 ἐλθόντες
227 1945 299 1977 τινὲς
320 1945 408 1972 αὐτῶν
434 1945 620 1982 ἀπωδύραντο.
643 1947 675 1972 Et
703 1946 752 1981 μὲν
777 1944 822 1973 οὖν
841 1947 868 1973 τι

88 1999 129 2017 σοι
142 1991 190 2018 καὶ
203 1991 250 2026 ἀφ’
269 1991 364 2018 ἑαυτοῦ
385 1993 399 2018 ό
412 1992 482 2028 ἀνὴρ
498 1992 638 2027 αἰδέσιμον
658 1991 730 2027 ἔχειν
744 1992 867 2026 φαίνεται

87 2036 191 2072 (ὥσπερ
214 2035 259 2064 οὖν
275 2037 375 2072 ἄξιον),
401 2037 481 2064 αὑτὸν
497 2037 529 2063 δι’
543 2037 624 2064 αὐτὸν
646 2036 784 2072 αίδέσθητι
796 2057 804 2069 ,
820 2037 868 2063 καὶ

87 2082 136 2118 τὴν
150 2083 243 2110 πολιὰν
252 2105 260 2118 ,
275 2084 322 2110 καὶ
334 2085 395 2116 τοὺς
408 2085 561 2119 καμάτους,
573 2083 636 2116 τούς
650 2092 679 2110 τε
693 2084 788 2116 ἄλλους
799 2084 866 2120 (77),

919 1535 1020 1562 stantia
1040 1535 1157 1562 maxime
1179 1535 1367 1570 philosophica
1395 1535 1536 1570 praeditus,
1559 1541 1588 1564 ut
1610 1542 1649 1564 tot
1661 1537 1703 1564 la-

919 1582 1033 1609 boribus
1064 1584 1091 1608 et
1120 1581 1168 1608 tali
1192 1581 1338 1609 sodalitate
1367 1582 1469 1616 privari
1500 1590 1529 1609 se
1556 1583 1699 1618 patiatur:

919 1626 962 1654 sin
984 1627 1086 1658 minus,
1103 1626 1220 1654 alterum
1246 1631 1329 1659 certe,
1346 1631 1376 1654 ut
1398 1627 1513 1655 arbitrio
1536 1634 1594 1661 tuo,
1610 1633 1637 1656 et
1653 1637 1702 1664 per

919 1679 988 1707 quos
1009 1672 1066 1707 ipse
1079 1672 1258 1706 judicaveris,
1270 1680 1420 1707 pauperum
1433 1681 1526 1700 curam
1540 1682 1630 1708 geras,
1641 1682 1702 1702 mo-

918 1717 1033 1745 nasterii
1051 1721 1143 1745 autem
1157 1721 1184 1745 et
1206 1717 1321 1745 fratrum
1342 1726 1391 1752 per
1413 1718 1502 1753 ipsum
1524 1719 1700 1747 administra-

920 1764 1023 1791 tionem
1049 1763 1201 1798 suscipias;
1229 1771 1280 1791 nec
1307 1771 1436 1791 novarum
1467 1772 1558 1791 rerum
1587 1765 1700 1793 institu-

921 1809 995 1836 tione
1014 1809 1167 1836 molestiam
1193 1809 1233 1836 illi
1255 1809 1398 1841 exhibeas,
1423 1809 1521 1844 hisque
1546 1811 1637 1845 potius
1660 1812 1701 1839 sis

920 1856 1053 1882 molestus
1071 1855 1118 1890 qui
1142 1855 1368 1883 consuetudinem
1387 1859 1570 1890 propugnant,
1591 1863 1624 1883 ac
1638 1860 1701 1884 tan-

917 1909 1001 1936 quam
1026 1901 1108 1928 unius
1129 1901 1252 1935 corporis
1277 1900 1462 1928 membrorum
1492 1901 1699 1930 distractionem

923 1954 977 1974 non
993 1945 1095 1973 ferunt.
1112 1944 1178 1972 Nam
1191 1945 1243 1973 hoc
1255 1947 1338 1973 etiam
1353 1945 1478 1972 nonnulli
1494 1953 1588 1972 eorum
1601 1947 1648 1981 qui
1663 1947 1698 1974 ad

920 1999 972 2020 nos
985 1996 1130 2024 venerunt,
1146 1991 1333 2026 deplorarunt.
1354 1991 1488 2024 Quocirca
1504 1991 1526 2019 si
1541 1991 1590 2019 tibi
1604 1992 1645 2019 vir
1655 1993 1698 2020 vel

923 2045 937 2064 a
959 2037 1104 2071 semetipso
1128 2037 1282 2064 venerabile
1310 2037 1376 2072 quid
1401 2037 1501 2064 habere
1522 2037 1629 2064 videtur
1658 2038 1700 2071 (ut

918 2086 993 2111 certe
1013 2090 1121 2118 aequum
1143 2083 1208 2117 est),
1225 2082 1314 2118 ipsum
1334 2086 1446 2117 propter
1464 2089 1494 2110 se
1515 2090 1648 2116 reverere,
1672 2089 1701 2112 et

123 2170 177 2205 (64)
201 2173 345 2206 Δευτέραν
368 2171 417 2198 καὶ
436 2171 539 2206 τρίτην
567 2171 727 2205 ποιήσηται
752 2171 863 2206 πάλην.

922 2171 1033 2200 studium
1047 2176 1071 2198 et
1090 2179 1195 2205 operam
1215 2171 1296 2198 dedit.

87 2206 200 2243 Itacod.
220 2206 291 2243 Edit.
316 2207 415 2243 habent
422 2206 621 2243 έτὴννδευτέραν
637 2207 800 2243 ποιήσηται,
819 2208 865 2234 καὶ

86 2241 180 2276 τρίτην
193 2242 290 2273 πάλιν,
311 2241 384 2276 quod
407 2241 520 2269 Mor-eL:
540 2241 579 2268 Ne
595 2241 736 2268 secundum
754 2242 864 2276 adjiciat

85 2280 112 2302 et
124 2276 228 2303 tertium
240 2285 350 2310 quoque.
369 2281 393 2303 et
408 2277 462 2303 alia
478 2277 596 2309 deinceps
612 2277 763 2303 tentamina.

122 2310 175 2346 (65)
192 2311 229 2339 7ὶᾶ
242 2312 442 2346 παλαίσματα.
460 2311 528 2338 Cod.
542 2311 575 2338 Β.
590 2312 624 2338 τὰ
639 2311 794 2346 πλάσματα.

190 2346 265 2391 ιξιίιιε
280 2345 394 2386 ccrgvr.
412 2345 518 2381 Scripta
531 2347 625 2385 eodem
645 2349 776 2386 tempore.

210 2383 395 2402 Ανηιιιγηηνιιι
424 2383 611 2402 ﬁannylllnw,
642 2380 728 2402 Vr-rnt
755 2380 776 2402 M

124 2380 175 2414 (67)
204 2381 395 2415 Ἆκουσθῆνιιι
423 2380 613 2415 παρακαλῶν.
642 2380 728 2407 Vertit
752 2380 864 2408 March:

89 2414 203 2442 Maxime
215 2416 319 2450 quidem
333 2417 378 2450 qui
391 2415 454 2442 dum
464 2416 565 2447 hortor.
580 2415 686 2443 audiar.
701 2416 735 2442 At
749 2416 775 2442 in
793 2417 864 2444 notis

87 2453 176 2486 monet
191 2450 345 2486 legendum,
358 2451 402 2486 qui
414 2451 477 2477 dum
491 2451 591 2482 hortor,
610 2458 740 2480 moneove,
758 2450 862 2478 audiar.

122 2484 176 2518 (68)
198 2485 288 2512 Ἀλλά
306 2484 382 2512 deest
396 2486 423 2512 in
437 2486 501 2513 edit.
522 2486 682 2513 Addidimus
697 2493 728 2513 ex
746 2486 865 2513 auctori-

87 2522 145 2554 tate
155 2519 275 2554 quinque
291 2519 371 2546 codd.

123 2553 176 2590 ((59)
189 2553 363 2588 Σαὶιερδῶτα
377 2575 384 2586 ,
398 2562 495 2582 nomen
511 2554 670 2590 proprium;
694 2562 748 2581 non
770 2555 863 2589 igitur,

89 2591 117 2614 ut
128 2588 227 2624 AMorel.
239 2590 334 2620 vertit,
352 2588 521 2624 presbytero;
544 2588 643 2623 collega
660 2590 688 2616 in
704 2590 863 2622 sacerdotio,

89 2621 308 2659 sedipresbyteriir
322 2621 406 2658 gradu
426 2621 526 2659 collega
543 2621 694 2651 Sacerdote.

123 2658 177 2692 (70)
189 2658 332 2693 Διαϐολῆς
344 2667 441 2686 τινων.
456 2658 501 2686 Ιιιί
514 2659 574 2686 cod.
592 2659 672 2691 2022,
688 2666 720 2685 ac
735 2658 864 2691 Monlac.,

914 2449 973 2477 Non
996 2449 1063 2478 bene
1076 2450 1169 2478 Morel.
1184 2460 1191 2477 :
1207 2458 1344 2478 sacrarum
1364 2450 1459 2477 mdium
1470 2469 1478 2482 ,
1493 2450 1564 2485 quod
1588 2456 1623 2475 un

915 2485 1001 2513 salius
1015 2490 1066 2515 est.
1083 2486 1198 2520 aliisque
1210 2485 1323 2513 vocibus
1340 2484 1441 2512 Graecis
1452 2484 1624 2520 exprimitur.

932 2242 937 2247 _
952 2207 1008 2242 ('72)
1029 2204 1250 2242 Φιλοσοφῆσαι.
1265 2205 1407 2234 Combef.:
1421 2204 1467 2233 Sic
1481 2204 1566 2231 animi
1579 2209 1698 2232 constan-

916 2247 1330 2312 “a(’7l5‘fne’:f;rotrtspwpsror.
1357 2274 1473 2302 Montac.
1485 2309 1489 2312 _
1496 2274 1698 2312 ἀποᾳτερουμέ-

918 2309 977 2342 voqu
988 2309 1052 2341 {tot
1066 2309 1199 2339 laboribus
1215 2309 1240 2338 et
1260 2316 1334 2338 tanta
1347 2309 1533 2337 consuetudine
1547 2309 1696 2343 fraudatus.

951 2346 1006 2381 (74)
1024 2347 1076 2373 Καὶ
1100 2346 1137 2372 δι’
1152 2343 1196 2373 ὧν·
1214 2350 1268 2374 etc.
1285 2347 1324 2374 lta
1344 2345 1405 2372 cod.
1432 2344 1502 2372 i405
1523 2348 1552 2371 et
1577 2343 1695 2370 Moutae.

915 2379 943 2408 ln
957 2379 1022 2408 edit.
1043 2381 1088 2407 καί
1103 2381 1189 2408 deest.

951 2416 1011 2477 (75)
1030 2416 1086 2449 Τῆς
1099 2415 1205 2450 μονῆς.
1229 2417 1267 2443 lta
1282 2415 1343 2442 cod.
1357 2415 1424 2456 Reg.
1441 2415 1513 2442 Edit.
1529 2413 1584 2441 τῶν
1598 2411 1695 2452 μονῶν.

951 2459 973 2477 ιιι
1012 2459 1063 2477 ene
1076 2450 1169 2477 Morel.
1184 2460 1191 2477 :
1207 2458 1344 2477 sacrarum
1364 2450 1459 2477 mdium
1470 2469 1478 2477 .
1493 2450 1564 2477 quod
1588 2455 1695 2475 univer-

1012 2459 1063 2478 ene
1076 2450 1169 2478 Morel.
1184 2460 1191 2477 :
1207 2450 1459 2485 sacrarumiwdium
1470 2469 1478 2482 ,
1493 2450 1565 2485 quod
1588 2450 1697 2475 univcr-

950 2520 1006 2554 (76)
1030 2520 1114 2552 Ἐνὸς
1127 2516 1318 2554 διασπασμὸν
1329 2520 1430 2553 μελῶν
1441 2521 1476 2546 οὺ
1487 2516 1642 2553 μέροπας.
1658 2516 1696 2544 lla

915 2553 976 2581 cod.
996 2553 1027 2581 ac
1044 2555 1165 2582 Combef.
1180 2554 1208 2581 In
1229 2556 1293 2582 edit.
1311 2555 1370 2585 ἑνὸς
1381 2555 1400 2589 ἢ
1419 2554 1514 2589 μέλους
1527 2553 1697 2589 διασπαραστ

916 2590 1029 2624 σομένου
1040 2609 1049 2621 ,
1077 2589 1148 2623 quod
1171 2590 1263 2616 Morel.
1277 2586 1424 2623 :tanquani
1439 2595 1520 2616 unum
1541 2586 1636 2621 corpus
1652 2586 1696 2614 'vel

915 2624 1058 2650 membrum
1073 2625 1230 2651 distractum
1245 2632 1296 2651 non
1310 2624 1406 2658 ferunt.

950 2660 1009 2693 (71l
1032 2659 1104 2691 Τούς
1129 2667 1160 2685 τε
1176 2659 1291 2691 ἄλλους
1306 2657 1357 2686 etc.
1385 2658 1471 2685 Vertit
1498 2657 1611 2684 Morel.:
1640 2661 1695 2682 tam

89 2692 133 2728 qui
157 2700 219 2728 mox
236 2701 285 2728 pro
294 2693 399 2725 δικαίας
411 2714 419 2725 ,
439 2697 468 2720 ιιι
479 2697 536 2720 erat
552 2693 577 2720 in
593 2694 658 2720 edit.
672 2714 679 2725 ,
701 2694 780 2720 habet
802 2702 864 2720 cum
914 2692 978 2727 quas
991 2693 1131 2720 secundant
1141 2694 1222 2720 Deum
1233 2695 1385 2725 exundavit,
1398 2694 1512 2728 priorem
1526 2701 1557 2719 ac
1570 2693 1696 2726 potiorem

89 2726 147 2754 cod.
173 2726 245 2762 Reg:
266 2735 298 2755 ac
323 2728 445 2756 Combef.
465 2729 575 2757 οἰκείας.
605 2727 727 2755 Verterat
749 2728 863 2758 Morel.:

89 2762 308 2798 quarsircalumnia
324 2763 438 2798 quadam
459 2764 546 2798 potius
566 2771 644 2797 quam
657 2763 732 2797 justo
753 2763 862 2795 iudicio.

915 2733 992 2755 wtale
1011 2729 1133 2762 pietatem
1151 2729 1302 2759 indicando,
1317 2737 1396 2762 quam
1415 2736 1479 2763 quos
1502 2728 1535 2754 ad
1549 2734 1695 2763 pauperum

915 2761 1067 2791 alimentum
1097 2769 1121 2791 et
1148 2764 1264 2798 fratrum
1287 2761 1463 2798 defensionem
1492 2771 1523 2790 ac
1548 2761 1695 2790 subsidium

123 2797 177 2831 (7i)
203 2797 392 2833 ἐφρόντιζεν.
412 2799 478 2826 Cod.
491 2797 557 2834 Reg.
572 2797 729 2834 ἐφρόντισεν
743 2818 752 2832 ,
770 2798 864 2834 quibus

922 2798 1034 2826 aertulit.
