1931 3056
238 114 291 142 539

836 112 865 140 S.
884 111 1049 140 GREGOllll
1073 110 1246 140 TllEOLOGl

1758 131 1760 134 ν
1810 114 1872 141 560

239 169 367 198 canitiem
394 173 422 197 et
446 170 566 202 labores,
592 172 651 196 tum
679 176 748 204 quos
774 169 817 204 pie
844 169 1026 204 religioseque

1081 170 1124 202 οὓς
1148 171 1218 197 κατὰ
1243 169 1310 196 Θεὸν
1333 169 1454 205 ὑπέστη,
1477 169 1664 205 πρεσϐυτέραν
1682 169 1731 204 τῆς
1753 168 1871 204 ἡλικίας

239 217 401 248 exantlavit,
427 217 559 251 majorem
584 223 665 251 quam
683 223 732 250 pro
744 215 832 243 aetatis
844 216 952 243 ratione
968 216 1026 250 pie-

239 267 323 290 tatem
342 263 485 294 exhibens,
511 267 568 290 tum
596 270 666 297 quos
680 261 814 296 impendit
834 261 940 289 alendis
962 269 1029 296 pau-

241 309 373 344 peribus,
397 308 568 343 fratrumque
594 308 721 343 regendis
741 308 876 344 collegiis.
904 307 982 341 Quod
1004 308 1027 335 si

240 362 356 390 parvum
382 354 434 381 hoc
456 354 504 381 tibi
520 354 639 386 videtur,
662 361 713 381 nos
733 354 831 380 saltem
856 357 884 381 et
905 358 1027 380 nostram

240 400 457 428 obsecrationem
475 407 589 434 prorsus
614 407 647 426 ne
668 399 805 434 despicias
825 403 873 426 :ct
895 403 958 426 ante
974 398 1027 426 alia

240 446 344 477 omnia,
360 446 466 473 dimitte
479 446 518 472 illi
534 446 603 472 iram
627 446 766 480 animique
778 446 900 472 dolorem
915 454 921 472 :
934 452 1028 480 quaeso

239 496 278 524 te,
297 497 325 519 ut
341 496 470 526 tanquam
491 497 568 527 pater
585 492 633 518 tibi
650 492 732 518 filium
747 491 898 526 conjungas
914 501 920 519 :
937 491 960 518 si
973 499 1028 526 qua

240 538 267 564 in
283 545 313 564 re
333 545 452 565 mcerore
467 542 494 564 te
515 537 648 568 all'ecerit,
661 537 735 572 quod
752 545 806 564 non
825 537 955 569 arbitror,
976 537 1028 563 hoc

241 583 321 610 nobis
345 583 517 615 condonans,
541 588 568 610 et
594 584 661 610 nihil
678 583 821 618 indignum
845 583 903 615 illo,
930 591 961 610 ac
980 587 1027 609 tua

240 630 364 660 lenitate,
382 629 423 656 vel
437 630 544 662 dicens,
568 630 610 657 vel
626 630 750 657 scribens
765 629 799 656 de
816 629 893 664 ipso;
921 629 944 656 si
961 628 1027 663 quid

240 679 330 702 autem
343 675 399 709 jam
412 675 545 710 scriptum
558 675 604 706 sit,
623 675 775 702 remittens.
794 673 888 709 Neque
901 674 1025 701 dolorem

240 721 373 755 publices,
392 727 472 755 quem
487 721 626 746 occultare
642 720 741 747 melius
754 723 807 751 est,
826 727 908 754 quam
930 722 1026 745 notum

241 766 330 793 facere
352 766 492 798 externis;
515 769 544 792 ut
560 773 621 792 cum
646 765 710 796 alia,
725 769 782 792 tum
805 765 887 792 etiam
901 771 979 799 atquo
1001 768 1027 792 et

240 809 355 845 patienti
374 810 467 837 animo
483 810 572 844 ipsum
586 817 648 836 esse
663 809 765 837 doceas
780 809 916 844 exemplo.

509 885 614 914 CCXX.
636 886 753 913 ΕΙυΕΜ.

1079 216 1128 251 τὴν
1144 215 1285 242 εὐλάϐειαν
1298 215 1533 251 ἐπιδεικνύμενος,
1550 216 1596 242 καὶ
1611 216 1674 246 τοὺς
1687 215 1742 251 (78)
1764 216 1813 242 ἐπὶ
1831 217 1869 251 τῇ

1078 262 1269 297 πτωχοτροφιᾳ
1293 262 1341 288 καὶ
1367 262 1518 297 προστασίᾳ
1542 262 1597 289 τῶν
1621 261 1751 296 ἀδελφῶν.
1779 262 1812 288 El
1837 261 1870 288 δὲ

1077 307 1156 334 τοῦτο
1176 307 1274 343 μικρόν
1288 315 1329 333 σοι
1346 306 1429 339 δοκεῖ,
1452 307 1509 333 ἀλλ’
1523 307 1596 342 ἡμᾶς
1614 315 1645 341 γε
1662 307 1708 334 καὶ
1722 307 1770 342 τὴν
1791 307 1870 342 ἡμε-

1077 353 1159 389 τέραν
1178 353 1325 389 πρεσϐείαν
1353 353 1461 384 πάντως
1490 353 1528 389 μὴ
1554 353 1707 388 ἀτιμάσῃς·
1741 354 1790 380 καὶ
1809 352 1870 388 πρὸ

1078 400 1186 427 πάντων
1210 400 1263 426 τῶν
1280 399 1366 426 ἄλλων
1384 399 1460 434 (79),
1480 399 1542 430 ἄνες
1558 399 1632 434 αὐτῷ
1648 400 1699 435 τὴν
1712 399 1797 435 ὀργὴν
1816 401 1869 427 καὶ⁸

1077 445 1126 481 τὴν
1141 445 1243 480 λύπην,
1261 445 1305 471 ναὶ
1329 445 1496 480 παρακαλῶ,
1521 437 1568 471 καὶ
1588 445 1626 476 ὡς
1651 445 1742 481 πατὴρ
1766 446 1868 473 τέκνον

1077 491 1231 518 οἰκεῖωσαι³
1249 490 1276 516 al"
1285 500 1310 517 τι
1335 491 1382 517 καὶ
1406 490 1570 525 λελύπηκεν,
1593 491 1660 526 ὅπερ
1687 490 1865 526 οὐκ,οἷομαι,

1077 536 1156 563 τοῦτο
1177 537 1244 572 ἡμῖν
1277 537 1474 573 συγχωρήσας,
1502 537 1549 563 καὶ
1577 537 1659 572 μηδὲν
1686 537 1795 570 ἀνάξιον
1812 538 1868 573 μὲν

1078 582 1178 614 αὑτοῦ,
1196 582 1304 614 ἀνάξιον
1320 583 1348 609 δὲ
1365 583 1414 618 τῆς
1433 583 1483 617 σῆς
1503 583 1671 618 ἡμερότητος
1693 583 1709 618 ἦ
1724 583 1809 610 εἰπὼν
1821 603 1829 615 ,
1846 583 1866 619 ἢ

1077 628 1185 663 γράψας
1204 629 1269 665 περὶ
1281 628 1378 656 αὑτοῦ·
1393 629 1417 655 εἰ
1429 628 1456 655 δέ
1471 637 1497 655 τι
1511 629 1557 655 καὶ
1569 629 1741 664 γέγραπται,
1766 629 1866 661 λύσας.

1077 673 1152 708 Μηδὲ
1180 673 1229 709 τὴν
1257 673 1343 709 λύπην
1370 673 1567 709 δημοσιεύσης.
1594 673 1627 708 ἣν
1655 673 1786 710 κρύπτειν
1807 673 1869 708 pa.-

1077 728 1133 745 τιον
1153 719 1207 754 (80)
1230 719 1246 754 ἢ
1272 718 1414 755 γνωρίζειν
1430 720 1487 750 τοῖς
1515 718 1627 751 ἔξωθεν·
1655 719 1693 750 ὡς
1717 719 1750 746 ἂν
1774 719 1810 746 τά
1834 727 1867 746 τε

1077 762 1143 788 ἄλλα
1165 763 1212 789 καὶ
1234 763 1314 790 αὑτὸν
1339 762 1524 798 μακροθυμεῖν
1543 761 1650 800 διδάξῃς
1679 763 1718 798 τῷ
1754 763 1867 790 ὑποδεε-

1076 815 1171 842 γματι.

1312 886 1374 913 Σκι.
1395 886 1438 920 To
1458 884 1547 921 ΑΥΤῼ
1560 885 1626 921 (8|).

274 963 394 998 Benigna
409 964 492 991 verbis
501 963 607 1026 guidem
619 963 757 1003 manisque
771 962 889 990 IIelladii
901 963 1037 997 responsio
1052 962 1104 997 fuit
1118 961 1254 998 Gregorio,
1266 971 1292 990 re
1307 969 1395 990 autem
1416 964 1621 994 molestissima,
1634 965 1726 999 quippe
1739 972 1797 1005 qum
1814 973 1866 992 va-

274 1004 318 1026 ιιι
331 1000 487 1026 aravissima
513 998 640 1025 ‘acerdoti
657 999 757 1026 obiecta
773 998 854 1026 fuisse
867 999 990 1026 crimina.
1005 998 1043 1025 uel
1057 1002 1125 1024 certe
1145 998 1247 1025 invidos
1260 998 1402 1025 admodum
1418 999 1573 1026 imposuisse
1589 999 1713 1026 Helladio
1727 1001 1866 1026 mortiﬁca-

240 998 282 1025 ria
294 1004 318 1026 et
331 1000 487 1033 gravissima

523 998 640 1035 acerdoti
657 998 757 1035 obiecta
772 998 990 1035 fuisseqcrimina,
1005 998 1043 1025 uel
1057 1002 1125 1035 certe
1145 998 1247 1035 invidos
1260 998 1573 1035 admodumrimposuiese
1589 999 1713 1027 Helladio
1727 998 1866 1035 signi/ica-

240 1035 294 1070 (παι.
311 1032 412 1066 Quibus
427 1043 456 1061 eo
471 1035 558 1060 minus
573 1034 650 1070 fidem
664 1033 806 1070 Gregorius
821 1033 991 1067 adjungebat.
1007 1033 1076 1068 quod
1092 1032 1231 1070 Sacerdos,
1248 1033 1293 1067 qui
1305 1039 1363 1070 tum
1379 1034 1481 1065 aderat,
1500 1034 1535 1061 ad
1550 1035 1738 1069 defendendum
1750 1032 1781 1062 3e
1796 1032 1865 1070 'pro—

240 1069 405 1104 bandrinlque
414 1070 503 1096 omnia
515 1077 570 1095 esse
581 1069 653 1102 [alia
665 1073 690 1096 et
702 1069 815 1104 con/icta
828 1073 950 1102 paratum
966 1077 993 1095 se
1002 1077 1058 1095 esse
1069 1069 1278 1095 contestabatur.
1296 1068 1428 1101 Quocirca
1445 1069 1529 1103 ipsum
1551 1078 1612 1096 cum
1630 1070 1679 1096 hac
1698 1068 1809 1104 epistola
1828 1071 1865 1097 ad

243 1103 395 1140 llelladium
418 1105 502 1137 misit,
527 1109 555 1130 ut
570 1111 617 1137 per
635 1111 674 1136 se,
698 1104 722 1130 si
740 1103 803 1138 quid
819 1103 895 1130 illum
918 1104 1111 1136 contristauet,
1127 1108 1234 1130 sanaret
1258 1103 1321 1137 ipse,
1345 1105 1514 1140 eamdemque
1532 1105 1620 1132 omnia
1641 1113 1674 1132 ea;
1694 1103 1732 1132 rei
1754 1106 1866 1132 veritate

239 1139 354 1166 doceret.

277 1214 343 1247 Quae
355 1213 389 1240 ad
412 1220 455 1240 me
479 1211 628 1246 scripsisti,
645 1211 744 1246 partim
765 1210 913 1238 admodum
935 1211 1030 1239 suavia

239 1265 267 1288 et
287 1259 416 1294 benigna,
439 1258 538 1293 partim
552 1257 688 1292 ejusmodi
705 1261 780 1289 sunt,
801 1261 831 1283 nt
849 1257 913 1292 quid
930 1257 964 1285 de
987 1258 1030 1285 his

239 1306 342 1337 dicam,
358 1312 413 1332 non
430 1304 555 1335 habeam,
571 1303 625 1330 nisi
641 1303 715 1338 quod
729 1303 808 1331 nobis
825 1304 941 1331 molesta
955 1304 1028 1331 sint:

239 1351 340 1386 etjure
362 1351 472 1382 merito,
488 1354 518 1377 ut
543 1349 610 1377 mihi
627 1349 789 1384 persuadeo.
807 1349 874 1376 Nam
896 1351 954 1378 sive
967 1350 1030 1385 jure

240 1401 387 1426 accusetur
399 1396 478 1432 183
495 1395 578 1423 frater
592 1399 696 1426 noster,
711 1398 739 1421 et
755 1396 960 1431 compresbyter
975 1395 1027 1422 Sa-

240 1445 349 1476 cerdos,
368 1444 439 1479 quod
460 1443 568 1478 quidem
591 1449 647 1469 non
661 1442 791 1473 arbitror.
807 1442 953 1470 molestum
973 1447 1025 1470 est.

240 1489 293 1522 Qui
307 1489 382 1516 enim
399 1487 427 1514 id
448 1495 501 1514 non
517 1486 609 1514 esset?
629 1490 733 1512 tantam
756 1486 928 1521 religionem,
945 1492 972 1515 et
988 1491 1029 1514 tot
1042 1482 1063 1512 C

241 1542 273 1562 ac
295 1539 385 1562 tantos
403 1533 521 1565 labores,
547 1535 603 1558 tam
630 1539 715 1566 parvo
736 1532 870 1567 temporis
888 1537 1028 1560 momento

241 1579 372 1615 periisse?
389 1578 452 1606 Sive
466 1577 603 1605 calumnia
619 1571 676 1604 llaec
695 1576 778 1604 fuerit
795 1577 829 1604 ab
842 1577 1027 1607 invidentibus

240 1626 292 1661 ipsi
306 1629 482 1660 comparata;
499 1628 526 1651 et
539 1624 592 1650 hoc
609 1623 748 1654 acerbum,
764 1623 865 1653 virum,
882 1623 962 1658 cujus
977 1625 1026 1652 tibi

241 1672 389 1707 conjuncta
412 1671 473 1698 vitae
495 1669 566 1696 ratio
591 1673 618 1697 et
642 1668 799 1703 disciplina,
818 1668 902 1701 hunc,
928 1669 1027 1704 quibus

242 1719 380 1752 appetitur
395 1716 516 1751 injuriis,
538 1714 698 1742 abalienari.
718 1713 796 1747 Quod
815 1715 899 1750 igitur
912 1714 940 1742 in
956 1722 1027 1750 prae-

242 1763 312 1791 senti
333 1769 425 1790 rerum
455 1765 530 1789 statu
552 1761 684 1796 optimum
710 1765 737 1788 et
763 1760 940 1788 utilissimum
964 1761 1028 1789 novi

242 1809 400 1840 consilium,
416 1810 468 1835 hoc
481 1807 574 1842 accipe
590 1817 597 1834 :
615 1807 704 1841 ipsum
721 1806 754 1833 ad
776 1810 801 1834 le
823 1807 885 1834 misi
903 1807 1026 1837 fratrem.

242 1855 284 1882 vel
298 1854 388 1889 potius
405 1853 558 1888 profectum
578 1852 690 1884 deduxi,
705 1853 752 1887 qui
771 1852 830 1887 ipse
847 1861 895 1888 per
909 1861 939 1881 se
954 1853 1028 1888 qttod

242 1899 467 1930 molesteAhabet,
490 1902 639 1926 sanaturus
655 1898 702 1932 sit,
719 1903 746 1925 et
763 1898 855 1925 omnia
869 1905 903 1925 ex
923 1899 962 1925 rei
981 1906 1028 1926 ve-

243 1945 325 1972 ritate
338 1944 496 1972 edocturus.
515 1944 553 1972 De
566 1944 628 1972 aliis
648 1943 721 1971 enim
737 1943 770 1971 ad
783 1943 970 1972 defensionem
983 1943 1027 1971 of-

243 1990 382 2018 ferendam
400 1993 526 2026 paratum
547 1997 577 2018 se
587 1990 666 2021 dicit,
688 1994 716 2017 et
731 1990 765 2017 ad
782 1990 952 2025 probandum
974 1990 1027 2017 alia

243 2040 274 2064 ut
289 2035 357 2063 falsa
370 2035 434 2062 dolo
446 2035 532 2063 fuisse
544 2035 706 2070 composita.
723 2034 779 2062 Hoc
791 2035 863 2062 enim
877 2035 958 2062 etiam
975 2042 1027 2062 no-

243 2081 286 2108 bis
300 2080 448 2115 persuasit,
468 2079 570 2116 quippe
596 2081 643 2116 qui
662 2079 708 2107 Dei
729 2084 803 2107 metu
823 2087 964 2108 sermones
985 2079 1028 2107 in-

243 2126 343 2154 stituit.

1113 1209 1162 1240 Ὧν
1183 1215 1343 1247 ἐπέστειλας
1356 1215 1390 1242 τὰ
1407 1215 1457 1250 μὲν
1475 1215 1535 1242 λίαν
1548 1217 1639 1252 ἥμερα
1651 1217 1698 1243 καὶ
1711 1217 1865 1252 φιλάνθρω-

1078 1267 1132 1291 πα,
1146 1258 1179 1285 τὰ
1194 1259 1223 1285 δὲ
1239 1260 1288 1287 οὐκ
1306 1260 1360 1295 ἔχω
1373 1260 1428 1296 (82)
1446 1261 1473 1287 τί
1488 1261 1578 1296 λέγειν
1589 1283 1596 1293 ,
1613 1262 1681 1297 πλὴν
1698 1263 1763 1298 ἡμῖν
1777 1262 1865 1297 λυπη-

1079 1304 1127 1340 ρά·
1140 1306 1187 1331 καὶ
1207 1305 1279 1340 μάλα
1290 1307 1403 1338 εἰκότως
1414 1327 1422 1338 ,
1435 1307 1473 1338 ὡς
1489 1308 1605 1343 ἐμαυτὸν
1620 1308 1714 1336 πείθω.
1733 1308 1795 1335 Εἴτε
1807 1308 1864 1344 γὰρ

1077 1350 1188 1383 δικαίως
1202 1351 1357 1385 ἐγκαλεῖται
1377 1353 1391 1378 ό
1407 1352 1520 1388 ἀδελφὸς
1531 1353 1609 1388 ἡμῶν
1623 1354 1670 1380 καὶ
1684 1354 1863 1389 συμπρεσϐύ-

1079 1405 1158 1432 ’τερος
1175 1397 1315 1432 Σακερδὼς
1339 1397 1414 1433 (85),
1434 1399 1502 1434 ὅπερ
1525 1399 1574 1425 οὑκ
1597 1399 1704 1435 οἴομαι,
1730 1399 1861 1434 λυπηρόν.

1083 1442 1145 1473 Πῶς
1158 1443 1214 1478 γὰρ
1233 1442 1279 1476 οὓς
1296 1444 1429 1480 τοσαύτην
1446 1444 1588 1472 εὐλάὸειαν
1603 1446 1649 1472 καὶ
1659 1445 1802 1477 τοσούτους
1818 1445 1864 1472 πό-

1080 1497 1142 1521 νους
1165 1489 1252 1522 οὕτως
1281 1491 1310 1516 ὲν
1335 1490 1432 1526 βραχεῖ
1450 1491 1645 1527 καταλυθῆναι;
1671 1491 1732 1518 Εἴτε
1752 1491 1862 1528 διαϐολὴ

1080 1534 1166 1561 ταῦτά
1181 1536 1239 1561 ἐστι
1258 1535 1334 1572 παρὰ
1346 1536 1401 1562 τῶν
1417 1536 1586 1572 φθονούντων
1603 1537 1676 1573 αὐτῷ
1694 1547 1862 1565 κατασκευα-

1081 1579 1173 1606 σθεῖσα
1188 1580 1260 1615 (84),
1280 1580 1418 1608 καὶτοῦτο
1432 1582 1558 1618 ἀνιαρὸν,
1577 1580 1606 1610 οὗ
1622 1584 1638 1618 ἡ
1659 1583 1780 1610 πολιτεία
1801 1591 1862 1610 συν-

1079 1626 1163 1660 ῆπται
1181 1634 1238 1658 σοι,
1265 1626 1358 1653 τοῦτον
1381 1627 1586 1663 ἁλλοτριοῦσθαι
1611 1630 1670 1660 ταῖς
1705 1630 1860 1665 ὲπηρείαις.

1083 1673 1135 1699 Ἦν
1155 1671 1201 1700 οὖν
1223 1674 1252 1700 ὲν
1268 1675 1323 1706 τοῖς
1340 1675 1456 1710 παροῦσι
1471 1675 1586 1711 ἀρίστην
1604 1676 1716 1712 γνώμην
1731 1675 1777 1702 καὶ
1791 1675 1863 1702 λυσι-

1079 1719 1242 1755 τελεστάτην
1256 1720 1340 1755 ἔγνων
1351 1740 1359 1753 ,
1378 1720 1479 1756 ταύτην
1496 1721 1639 1755 ἀπόδεξαι·
1656 1722 1737 1749 αὑτὸν
1753 1722 1863 1757 ἔπεμψά

1081 1774 1122 1792 σοι
1143 1765 1188 1792 τὸν
1210 1766 1343 1801 ἀδελφὺν,
1370 1767 1469 1801 μᾶλλον
1493 1767 1520 1794 δὲ
1547 1767 1710 1804 ὡρμημένον
1725 1767 1862 1804 προέπεμ-

1080 1812 1118 1847 ψα
1130 1812 1184 1848 (85)
1197 1833 1203 1845 ,
1221 1812 1256 1839 δι’
1272 1813 1353 1840 αὑτοῦ
1367 1815 1413 1856 καὶ
1428 1814 1458 1856 τὲ
1469 1814 1569 1841 λυποῦν
1586 1815 1797 1850 θεραπεύσαντα,
1814 1815 1862 1842 xa't

1081 1858 1168 1884 πάντα
1187 1858 1255 1894 μετὰ
1270 1850 1397 1894 ἀληθειᾶς
1423 1850 1612 1893 ἀναδιδάξοντα
1627 1861 1693 1897 (86).
1721 1861 1788 1897 Περὶ
1811 1861 1861 1896 μὲν

1080 1903 1135 1939 γὰρ
1148 1904 1202 1930 τῶν
1221 1904 1440 1940 ἀπολογήσασθαί
1460 1914 1542 1941 φησιν
1560 1906 1668 1941 ἕτοιμος
1683 1903 1752 1934 εἶναι
1764 1927 1772 1939 ,
1787 1906 1820 1933 τὰ
1832 1906 1860 1933 δὲ

1079 1950 1118 1982 ὡς
1143 1950 1228 1986 ψεύδη
1251 1951 1478 1984 κατεσκευᾶσθαι,
1504 1951 1598 1985 δεῖξαι.
1627 1952 1712 1979 Τοῦτο
1736 1952 1790 1988 γὰρ
1813 1954 1861 1980 καὶ

1079 1997 1155 2031 ἡμᾶς
1179 1996 1307 2030 ἔπεισεν,
1329 1996 1368 2030 ὡς
1395 1996 1470 2032 φόϐῳ
1498 1996 1554 2033 (87)
1579 1996 1646 2024 Θεοῦ
1673 1998 1736 2030 τοὺς
1766 1997 1860 2032 λόγους

1081 2040 1249 2076 ποιούμενον.

278 2202 336 2239 (78)
355 2203 411 2230 Kal
441 2203 521 2236 τούς.
539 2202 578 2230 lta
591 2201 737 2230 cod.2022
765 2208 817 2229 etc.
833 2202 862 2229 ln
893 2202 958 2230 edit.
981 2203 1026 2229 καὶ

1115 2202 1171 2237 (85)
1185 2203 1449 2237 Συμπρεσϐὐτερος
1464 2201 1625 2236 Σακερδώς.
1648 2202 1741 2230 Morel.
1755 2202 1860 2239 presby-

241 2239 301 2264 τήν.

269 2258 335 2308 Δέῆξὶ)
351 2272 410 2306 Πρὸ
430 2271 550 2308 adv-rane
572 2272 631 2298 τῶν
647 2271 757 2308 (uilior.
774 2271 890 2308 Montac.
907 2271 960 2307 πρὸ
972 2272 1025 2299 τῶν

243 2306 341 2339 ἄλλων,
357 2312 417 2334 ante
431 2307 495 2334 alia.
514 2307 572 2334 Non
589 2311 662 2334 recte
678 2306 771 2334 Morel.
788 2307 822 2334 ad
837 2306 969 2341 personas
983 2314 1027 2334 re-

243 2343 305 2375 fert,
327 2343 460 2377 Vertitque
475 2346 535 2368 ante
551 2343 617 2368 alios
629 2350 728 2377 omnes.
748 2341 808 2368 Mox
820 2361 828 2373 ,
845 2342 915 2368 idem
929 2341 1024 2369 Morel.

243 2378 306 2409 ἄνες
320 2377 394 2412 αὐτῷ
412 2377 462 2413 τὴν
477 2377 560 2412 ὀργὴν
574 2377 621 2403 καὶ
634 2376 732 2411 λύπην,
745 2377 813 2403 iram
826 2376 952 2404 adversus
967 2384 1026 2403 eum

244 2420 275 2439 ac
292 2413 441 2439 molestiam
454 2419 551 2438 coerce.

278 2447 334 2483 (80)
348 2447 495 2483 Κρύπτειν
504 2446 638 2483 βέλτιονξ.
656 2445 809 2480 Legendum
822 2446 949 2483 proponit
964 2445 1024 2483 Bill.

243 2481 509 2518 κρύπτεσθαι-ἄξιον,
526 2487 552 2518 et
566 2481 653 2518 paulo»
668 2486 809 2518 νοείτω-ο
831 2481 1026 2518 μακροθυμεζν,

245 2488 509 2521 κρυπτεσυαιμζιον,
526 2488 552 2508 et
566 2488 649 2542 lpaulo
668 2488 744 2516 post,
761 2489 809 2516 pro
831 2488 1024 2517 μακρουυμειν,

245 2516 482 2552 μακροθυμουντα,
501 2516 549 2543 sed
586 2524 628 2542 mc
648 2516 756 2552 lectioni
768 2524 822 2543 non
838 2516 930 2544 favent
945 2515 1024 2543 codd.

242 2551 342 2579 nostri.
363 2551 412 2578 nec
427 2551 545 2579 Montac.
563 2558 611 2578 nec
622 2551 744 2577 Comliel.

259 2586 335 2648 ἱ(81)
362 2587 436 2614 Alias
462 2585 588 2613 CCXVII.
615 2586 722 2620 Scripta
748 2585 828 2621 paulo
853 2590 916 2614 post
942 2593 1025 2622 supe-

270 2628 354 2648 orem.

243 2628 354 2648 ﬂorem.

280 2655 336 2691 (ΒΞ)
351 2655 497 2691 Οὐκγέχω.
513 2656 553 2682 lta
563 2655 625 2683 cod.
643 2655 719 2691 Reg.,
738 2655 832 2684 Morel.
852 2663 885 2684 ac
900 2655 1024 2684 Combef.

245 2692 275 2718 In
290 2690 355 2718 edit.
372 2690 431 2717 οὐδὲ
444 2691 508 2726 ἔχω.

1079 2242 1118 2265 ter
1134 2238 1242 2265 colleaa.

1115 2246 1273 2308 (ἔῖίμιὲἕξῷ
1300 2272 1584 2308 κατασκευασθεῖσα.
1613 2272 1651 2298 lta
1679 2272 1802 2301 Combef.
1830 2273 1858 2301 In

1078 2308 1144 2335 edit.
1161 2307 1233 2342 αὐτῷ
1248 2308 1332 2343 deest.
1349 2308 1419 2340 Mox,
1438 2308 1484 2334 καὶ
1501 2307 1579 2334 τοῦτο
1595 2308 1715 2343 ἀνιαρόν,
1729 2312 1782 2335 etc.
1796 2308 1858 2335 red-

1079 2343 1118 2369 dit
1132 2343 1225 2370 Morel.
1244 2352 1250 2370 :
1268 2342 1300 2369 Id
1316 2343 1396 2370 etiam
1414 2343 1538 2376 infestum
1554 2347 1604 2374 est,
1623 2343 1706 2369 virum
1721 2351 1856 2369 conversa-

1081 2379 1150 2405 tione
1166 2377 1211 2404 tibi
1223 2378 1469 2412 conjunctissimum
1484 2378 1596 2404 alienari
1614 2378 1774 2412 injuriarum
1789 2378 1858 2404 inso-

1080 2413 1171 2439 lentia.
1187 2413 1323 2440 CmnbeL:
1338 2414 1406 2440 hunc
1424 2413 1611 2440 malevolorum
1635 2413 1769 2439 calumnia
1784 2418 1859 2447 atque

1079 2447 1218 2482 fraudibus
1230 2448 1352 2474 alienari.

1115 2483 1170 2517 (85)
1184 2483 1372 2517 Προέπεμψα.
1386 2483 1507 2510 Montac.
1522 2487 1549 2510 et
1561 2482 1654 2510 Morel.
1668 2482 1856 2518 προσέπεμψα.

1079 2517 1177 2544 Reddit
1191 2518 1312 2554 Uombcf.
1334 2518 1504 2554 ὡρμημένον
1519 2517 1696 2554 προέπεμψαέ
1719 2525 1858 2552 properan-

1080 2558 1130 2579 tem
1145 2557 1169 2579 et
1185 2561 1201 2578 a
1216 2561 1243 2579 se
1256 2553 1392 2579 incitatum
1408 2553 1515 2579 deduxi.

1079 2587 1429 2648 δάὲῗῗζέῖὶναδιδάξοντα.
1449 2588 1488 2614 lta
1503 2587 1626 2615 Combef.
1641 2586 1671 2614 In
1685 2587 1749 2615 edit.
1768 2586 1856 2615 ἀναδι-

1095 2631 1205 2649 αεαντα.

1114 2640 1243 2690 ΓξῆΓὯς
1260 2657 1349 2692 φόϐῳ.
1365 2656 1483 2686 Montac.
1498 2662 1524 2685 et
1537 2657 1629 2686 Morel.
1646 2657 1684 2690 ὡς
1697 2657 1726 2684 ὲν
1739 2655 1821 2692 φόϐῳ.
