1931 3056
95 123 146 152 3m

291 191 376 218 ΣΚΑι.
404 190 601 225 ΟΜΟΦΡΟΝῘῼ
622 189 688 224 (88).

754 123 920 152 EPISTOLA
942 124 1070 152 CCXXII.

1671 130 1725 158 362

1135 191 1249 222 CCXXI.
1271 193 1530 223 liOh'lOPllllONlO.

134 261 191 288 Has
209 262 311 288 litteras
324 270 353 288 eo
372 266 485 296 tempore
500 261 589 293 datas,
605 270 656 296 quo
674 262 804 290 Sacerdos
819 263 973 294 uexabatur,
992 263 1031 289 his
1046 263 1165 297 epistolw
1179 263 1262 291 verbis
1275 268 1364 297 patet:
1381 264 1471 291 Suade
1488 263 1650 291 charissima
1670 264 1727 293 ﬁlio

96 303 192 325 nostro
209 296 350 326 Sacerdoti
372 306 405 324 ne
425 297 593 332 despondeat
609 297 740 327 animum.
756 303 809 325 etc.
829 297 935 332 Scripta
954 303 1042 325 autem
1057 298 1169 331 epistola
1189 298 1395 332 Homaplironia,
1417 302 1460 333 qni
1477 300 1544 333 forte
1558 307 1625 326 unus
1640 308 1653 325 e
1667 300 1726 333 pri-

96 333 213 359 moribus
225 333 420 368 ptocltotrophii
435 332 509 359 illius
523 333 688 360 administris
706 339 774 364 erat,
788 333 995 368 Gregoriumque
1012 334 1046 360 ad
1063 334 1123 368 festi
1140 333 1279 368 cujusdam
1291 335 1318 361 in
1329 343 1358 361 ea
1373 335 1429 361 loco
1442 332 1591 362 celebrandi
1605 332 1726 362 lmtitiam

95 369 236 395 inoitarat.

138 426 199 453 Ἐπὶ
219 427 269 462 τὴν
290 426 398 453 σύνοδον
413 427 488 462 ἡμᾶς
507 426 616 458 καλεῖς·

93 472 183 504 οὕτως
197 472 269 508 ἔχειν
285 472 332 499 τοῦ
358 471 495 508 σώματος,
521 471 591 498 ὥστε
609 472 735 507 παρεῖναι
753 471 817 506 ὑμῖν
838 470 886 497 καὶ

94 518 260 553 αὐτόκλητος
278 517 344 553 (89),
364 518 408 544 ἵνα
429 517 476 544 ἴδω
491 517 537 544 τὸν
558 517 631 553 ἱερὸν
649 514 723 543 οἷκον
741 515 818 552 ὑμῶν
829 535 837 548 ,
855 515 885 542 τὸ

94 563 215 601 Χριστοῦ
242 562 426 598 καταγώγιον,
458 563 506 598 τὴν
529 562 582 589 τῶν
602 562 687 596 ἁγίων
716 562 821 589 κλάδων
846 561 886 597 ῥι-

93 610 144 642 ζαν
164 609 232 644 (90),
251 609 302 644 τὴν
322 609 360 640 ὡς
374 608 482 644 ἀληθῶς
497 608 603 644 μητέρα
617 608 720 634 τέκνων
742 608 885 643 εὐφραινο-¹

95 653 180 689 μένην
199 661 229 679 τε
248 654 296 680 κα).
326 653 556 688 εὐφραινομένων.
587 650 652 679 Οἶδα
680 651 760 678 τοῦτο
778 652 825 679 κα).
836 651 884 678 πέ-

96 707 213 734 πεισμαι
242 701 270 725 ὲν
299 698 403 734 Κυρίῳ,
428 698 476 724 καὶ
498 698 542 725 διὰ
560 698 640 724 τοῦτο
669 697 739 732 λέγω
765 697 884 733 θαρρῶν,

93 746 142 772 καὶ
155 744 181 771 εἴ
193 753 218 771 τι
233 745 289 780 (91)
301 744 422 780 λυπηρὸν
438 744 486 770 νῦν
512 745 578 780 ἡμῖν
604 744 771 779 ἀπήντηκεν,
791 743 822 770 οὐ
848 743 884 779 μὴ

93 791 249 827 ἀποσὸεσθῇ
266 792 280 818 ό
306 791 402 826 λύχνος
417 790 465 818 τοῦ
487 791 606 827 Ἰσραὴλ,
626 790 678 817 κᾶν
699 791 758 822 ταῖς
787 789 886 826 αὔραις

92 838 140 864 τοῦ
154 837 272 873 πονηροῦ
297 837 457 873 ριπὶζηται·
475 837 535 864 οὐδὲ
555 838 572 871 ἡ
588 837 635 864 τοῦ
647 836 715 863 Θεοῦ
732 836 886 873 χρηστότης

93 884 141 910 ἐπὶ
164 883 254 910 πλεῖον
280 882 481 919 κρυφθήσεται,
508 883 541 918 ἣν
561 883 677 917 κρύπτει
706 884 762 913 τοῖς
791 882 887 917 (9060i)-

94 929 187 964 μένοις
221 927 302 954 αὐτὸν
334 927 424 961 λόγοις
455 927 586 962 ἀρρήτοις
615 925 788 961 οἰκονομίας,
826 924 887 952 ἀλλ’

94 974 322 1010 ὲνδοξασθήσεται
347 973 447 1009 μᾶλλον
469 973 516 999 κα).
534 972 757 1008 θαυμασθήσεται
775 971 820 999 διὰ
835 971 886 1006 τῆς

93 1020 232 1056 ὑμετέρας
248 1019 388 1055 ὑπομονῆς
402 1019 450 1045 καὶ
467 1017 518 1053 τῆς
539 1018 575 1053 μὴ
593 1017 826 1053 καταισχυνούσης
843 1016 886 1043 ἐλ-

93 1066 181 1098 πίδος.
204 1065 288 1092 Τοῦτο
311 1065 340 1092 δὲ
367 1064 495 1100 παραίνει
517 1064 564 1090 καὶ
591 1063 629 1098 τῷ
654 1063 811 1099 τιμιωτάτῳ
835 1063 886 1099 υἱῷ

92 1112 173 1149 ἡμῶν
201 1111 375 1147 Σακερδῶτι,
403 1111 485 1146 μηδὲν
520 1109 656 1145 ἀθυμεῖν,
682 1110 750 1145 μηδὲ
778 1109 887 1142 ἀνάξιον
903 1107 923 1133 Β

92 1157 191 1185 ἑαυτοῦ
208 1166 234 1183 τι
253 1157 368 1192 πάσχειν
388 1156 455 1192 (92),
475 1156 532 1182 ἀλλ’
552 1155 623 1182 οὕτω
644 1155 690 1182 τὸν
707 1156 803 1191 καιρὸν
824 1155 881 1182 δια⁵

92 1204 199 1236 θέσθαι,
217 1203 254 1235 ὡς
273 1203 431 1238 φιλοσοφίας
445 1202 511 1238 ὓλην
529 1202 563 1229 τὰ
579 1201 690 1238 λυπηρὰ
704 1201 806 1228 λαϐεῖν.
824 1202 884 1228 Ἔτι

92 1249 290 1285 θεραπενσάτω
304 1249 350 1275 τὸν
367 1249 533 1284 τιμιώτατον
560 1247 639 1284 ἡμῶν
661 1247 825 1274 ἐπίσκοπονο
844 1247 884 1275 ἔτι

93 1295 223 1333 ῥωννύτω
240 1296 302 1327 τοὺς
317 1294 458 1329 ἀδελφοὺς,
478 1295 522 1321 ἵνα
539 1295 658 1330 μάλιστα
674 1294 724 1329 μὲν
743 1293 781 1329 μὴ
800 1302 885 1320 κατα-

91 1341 161 1376 λυθῇ
172 1341 202 1367 τὺ
216 1340 296 1376 ἔργον
311 1340 389 1376 ἡμῶν
402 1340 416 1367 ὃ
433 1339 606 1375 προεθέμεθα
624 1340 653 1366 ὲν
665 1339 770 1375 Κυρίῳ,
788 1339 884 1366 τοσοῦ-

91 1387 138 1414 τόν
152 1396 181 1413 τε
196 1387 236 1419 ὃν,
253 1387 300 1414 καὶ
321 1386 391 1413 obrui
415 1385 587 1422 περιϐόητον.
605 1386 637 1412 Et
659 1385 687 1412 δὲ
714 1385 762 1422 μὴ,
777 1386 807 1412 τὸ
820 1386 885 1420 γοῦν

92 1434 213 1465 ἐπιεικὲς
235 1432 369 1468 δείξομεν,
394 1432 442 1459 κα).
467 1432 513 1458 τὸν
530 1431 628 1466 φθόνον
647 1433 794 1467 νικήσομεν
810 1432 884 1467 (95),

91 1480 131 1512 ὡς
147 1480 281 1516 μηδεμίαν
293 1478 438 1510 δεδωκότες
449 1478 510 1505 καθ’
522 1478 626 1505 ἑαυτῶν
635 1477 721 1513 λαϐὴν
735 1479 791 1510 τοῖς
802 1487 885 1514 πονη-

93 1527 152 1561 ροὶς
170 1526 291 1562 ματαίως
307 1525 363 1560 (94)
378 1526 444 1560 ἡμῖν
455 1523 655 1561 ὲχθραίνουσιν.

323 1604 408 1631 2m.
434 1604 556 1639 ΘΕΚΛῌ
585 1603 652 1639 (95).

639 424 695 460 ἐγὼ
713 424 741 451 δὲ
762 424 884 459 ηὐχόμην

973 421 1014 448 Ad
1037 421 1171 456 synodum
1201 429 1252 449 nos
1275 429 1378 449 vocas:
1394 422 1521 457 equidem
1549 429 1671 460 optarem
1689 427 1725 454 ita

938 467 1029 494 valere
1043 474 1160 502 corpore
1174 471 1202 494 ιιι
1216 467 1293 495 vobis
1313 467 1474 495 interessem
1493 469 1573 496 etiam
1591 471 1663 497 ulu-o
1678 479 1725 500 ac-

937 513 1047 544 cedens,
1063 517 1092 539 ut
1114 520 1222 540 sacram
1237 513 1322 540 aedem
1340 517 1459 540 vestram
1478 514 1607 547 viderem,
1623 516 1726 544 Christi

937 559 1116 590 domicilium,
1144 562 1302 586 sanctorum
1332 567 1470 586 ramorum
1494 560 1627 594 radicem,
1652 562 1726 588 illam

936 614 1031 634 revera
1051 611 1167 633 matrem
1193 606 1311 633 ﬁliorum
1332 606 1466 634 laetantem
1488 606 1499 621 ⁸
1520 611 1546 635 et
1565 607 1724 634 laetantium.

937 651 995 679 Hoc
1018 652 1093 686 novi,
1123 659 1154 678 ac
1181 659 1342 687 persuasum
1375 653 1463 680 habeo
1488 653 1516 680 in
1548 653 1672 686 Domino,
1699 658 1726 681 et

937 701 1081 732 propterea
1100 697 1163 724 dico
1176 697 1328 730 conlidens,
1343 697 1406 725 licet
1421 699 1485 734 quid
1503 699 1584 727 triste
1606 707 1679 726 nunc
1694 707 1726 727 ac

936 743 1082 771 molestum
1102 743 1182 771 nobis
1204 745 1366 775 occurrerit,
1390 745 1601 780 haudquaquam
1616 746 1723 774 exstin-

936 793 1034 824 guetur
1054 789 1164 816 lucerna
1180 789 1299 820 lsraelis,
1318 790 1427 817 etiamsi
1446 791 1509 817 mali
1528 791 1616 818 ventis
1632 790 1725 818 ﬂabel-

936 834 1010 862 letur
1028 845 1035 862 :
1056 843 1146 870 neque
1169 834 1215 862 Dei
1248 834 1357 862 bonitas
1377 836 1496 870 amplius
1528 836 1723 866 occultantur,

936 888 1018 916 quam
1038 881 1198 908 timentibus
1213 889 1242 908 se
1257 881 1403 909 abscondit
1418 883 1428 898 ³
1448 882 1599 910 rationibus
1613 883 1725 918 dispen-

937 926 1053 954 sationis
1067 927 1186 959 arcanis,
1203 926 1251 955 sed
1265 927 1352 962 magis
1367 927 1565 963 gloriticabitur
1590 933 1618 957 et
1639 929 1726 957 admi-

936 972 1037 1000 rationi
1057 973 1110 1000 erit
1132 981 1181 1008 per
1198 974 1357 1008 patientiam
1375 979 1493 1001 vestram
1510 979 1537 1002 et
1562 982 1648 1010 spem,
1665 982 1726 1010 quae

937 1027 991 1047 non
1009 1018 1152 1046 confundit
1168 1019 1200 1046 ¹⁰.
1219 1019 1275 1047 lloc
1294 1020 1377 1047 etiam
1393 1020 1478 1048 suade
1493 1020 1657 1048 charissinto
1671 1021 1725 1048 [ilio

938 1071 1033 1093 nostro
1060 1065 1215 1099 Sacerdoti,
1236 1075 1270 1095 ne
1292 1067 1462 1102 despondeat
1488 1067 1621 1100 animum,
1638 1075 1726 1102 neque

939 1112 1080 1147 indignum
1106 1120 1136 1139 se
1154 1112 1304 1147 quidquam
1325 1113 1468 1147 patiatur;
1491 1113 1538 1140 sed
1557 1113 1594 1139 ita
1615 1117 1725 1148 tempus

937 1157 1077 1192 disponat,
1094 1161 1124 1182 ut
1141 1157 1232 1184 tristia
1247 1164 1296 1191 pro
1310 1156 1490 1191 philosophiae
1507 1157 1632 1191 subjecto
1650 1157 1724 1183 acci-

938 1201 1003 1236 piat.
1021 1201 1061 1228 Ad
1086 1201 1143 1228 hazc
1167 1201 1325 1236 episcopum
1351 1205 1476 1228 nostrum
1504 1201 1623 1229 maxime
1639 1201 1725 1228 hono-

939 1247 1054 1274 randum
1070 1251 1164 1280 curet;
1181 1248 1247 1283 quin
1260 1247 1343 1274 etiam
1361 1246 1462 1274 fratres
1476 1247 1649 1280 corrobOret,
1664 1248 1725 1275 ideo

939 1294 1058 1322 maxime
1072 1302 1107 1321 ne
1125 1301 1195 1329 opus
1210 1297 1336 1321 nostrum
1352 1294 1427 1328 quod
1443 1294 1469 1320 in
1493 1293 1609 1321 Domino
1625 1301 1725 1329 propo-

938 1339 1045 1367 suimus
1071 1340 1231 1375 dissipetur,
1252 1347 1313 1367 cum
1335 1340 1405 1367 tanti
1428 1340 1559 1367 momenti
1578 1340 1623 1371 sit.
1641 1344 1668 1367 et
1687 1340 1725 1368 ita

939 1390 1126 1422 pervagatum.
1145 1385 1194 1414 Sin
1210 1387 1313 1418 minus.
1327 1386 1464 1422 aequitatis
1487 1385 1568 1422 184
1586 1387 1724 1421 specimen

939 1431 1075 1464 dabimus,
1089 1436 1116 1459 et
1144 1432 1257 1459 livorem
1277 1432 1436 1464 vincemus;
1455 1431 1555 1466 quippe
1574 1438 1636 1458 cum
1664 1431 1726 1459 nul-

938 1477 992 1504 lam
1009 1477 1143 1505 adversus
1165 1484 1217 1505 nos
1232 1484 1327 1505 ansam
1347 1476 1505 1504 dederimus
1523 1476 1654 1512 improbis

939 1531 1048 1551 cassum
1064 1531 1116 1551 nos
1131 1523 1195 1551 odio
1209 1522 1450 1559 prosequentibus.

1174 1601 1302 1629 CCXXII.
1322 1601 1480 1630 THECLE.

132 1671 216 1698 Irrita
228 1671 301 1706 fuere
317 1671 407 1697 omnia
426 1679 484 1705 quae
498 1670 578 1704 gessit
595 1670 751 1704 scripsitque
774 1669 927 1704 Gregorius.
944 1674 972 1696 ut
992 1669 1162 1706 Sacerdotem
1176 1669 1380 1697 citntﬂelladio
1393 1669 1428 1706 in
1443 1669 1558 1706 gratiam
1573 1669 1729 1706 reduceret;

92 1708 153 1742 ρὶιιδ
171 1703 239 1734 enim
253 1707 297 1748 ille
311 1703 446 1748 presbyter
458 1703 526 1744 inter
542 1703 692 1732 vexationes
706 1703 731 1732 et
748 1705 897 1732 calumnias
915 1706 1026 1732 interiit.
1047 1705 1170 1732 T/wctum
1183 1705 1240 1739 ejus
1257 1713 1374 1732 sororem
1387 1703 1557 1738 ltac’epistola
1574 1705 1728 1731 consolatur

91 1741 118 1769 et
132 1743 266 1777 utriusque
281 1741 373 1768 laudes
386 1741 564 1776 prosequitur.

132 1799 261 1834 Ὢρμησα
279 1799 327 1834 μὲν
341 1799 388 1825 καὶ
405 1798 487 1830 αὐτὸς
499 1798 568 1834 πρὸς
588 1797 638 1833 τὴν
659 1797 709 1832 σὴν
731 1796 884 1828 εὐλάϐειαν,

973 1795 1104 1831 Equidem
1132 1797 1190 1831 ipse
1213 1804 1324 1833 quoque
1349 1797 1384 1824 ad
1405 1799 1533 1833 pietatem
1552 1801 1626 1825 tuam
1643 1797 1727 1833 proli-

94 1844 195 1879 καίπερ
207 1843 382 1875 ἀσθενοῦντος
395 1844 461 1879 ἡμῖν
474 1843 521 1870 τοῦ
541 1843 678 1878 σώματος,
698 1841 883 1877 ἐπισκεψόμε-

92 1888 139 1921 νός
151 1897 181 1915 τε
202 1889 280 1924 ὁμοῦ,
299 1888 345 1915 καὶ
366 1888 416 1923 τῆς
442 1888 589 1924 καρτερίας
611 1887 831 1922 ἐπαινεσόμενος,
851 1886 883 1922 ἥν

92 1934 142 1963 ἰπὶ
158 1934 196 1970 τῷ
213 1935 269 1970 (96)
292 1935 495 1970 μακαριωτάτῳ
515 1934 622 1970 ἀδελφῷ
643 1943 690 1960 σου
712 1933 883 1968 φιλοσοφεῖς·

93 1980 175 2007 τοίτο
188 1981 242 2016 γὰρ
255 1981 305 2007 οὐκ
323 1980 483 2016 ἀμφὶΰολον.
502 1980 609 2016 Ἐπειδὴ
626 1980 654 2006 δὲ
671 1980 723 2006 ὑπό
744 1987 816 2011 τινος
837 1987 885 2005 πε-

95 2027 247 2063 ριστάσεως
267 2026 416 2062 ἐκωλύθην,
430 2027 588 2061 ἀναγκαίως
600 2024 682 2062 ἦλθον
693 2026 740 2052 ἐπὶ
752 2024 786 2051 τὰ
799 2025 886 2060 γράμ-

96 2081 181 2108 ματα,
201 2073 248 2100 καὶ
267 2073 497 2108 συμφιλοσοφήσω
521 2081 561 2099 σοι
582 2072 627 2099 διὰ
643 2072 766 2108 βραχέων
781 2072 815 2099 τὰ
841 2072 884 2100 σά.

95 2119 182 2145 Πόθεν
195 2120 209 2145 ὁ
221 2118 303 2150 καλὸς
325 2118 468 2154 Σακερδὼς
492 2119 568 2154 ἡμῖν,
585 2119 599 2145 ὁ
618 2118 728 2153 γνήσιος
753 2117 800 2144 τοῦ
817 2117 885 2144 Θεοῦ

95 2164 276 2199 παραστάτης
291 2164 338 2190 καὶ
354 2163 401 2191 νῦν
419 2164 465 2191 καὶ
481 2164 613 2199 πρότερον
626 2172 632 2195 ;
651 2164 683 2190 ὲκ
696 2163 775 2190 Θεοῦ.
789 2163 844 2190 Ποῦ
857 2163 885 2190 δὲ

94 2209 239 2245 Σακερδὼς
251 2209 316 2242 νῦν;
334 2210 400 2245 πρὸς
412 2209 494 2236 Θεόν·
516 2210 566 2236 οὐκ
588 2209 678 2244 ἀηδῶς
694 2209 884 2245 ὑποχωρήσας,

94 2254 125 2283 εὗ
141 2254 209 2288 οἶδα,
229 2256 269 2292 τῷ
296 2256 386 2292 φθόνῳ
425 2257 471 2283 καὶ
492 2257 548 2288 τοῖς
572 2255 619 2282 τοῦ
642 2255 760 2292 πονηροῦ
786 2255 885 2282 παλαί-

95 2309 191 2337 σμασι.
209 2300 293 2327 Πόθεν
312 2301 341 2327 δὲ
361 2302 458 2336 ἡμεῖς;
481 2302 531 2327 οὐκ
546 2301 665 2333 ὲκεῖθεν;
683 2300 735 2327 ποῦ
758 2300 786 2326 δὲ
806 2302 885 2336 ἡμεῖς

94 2347 284 2382 ἀναλύσομεν;
299 2347 329 2374 οὺ
344 2347 411 2382 πρὸς
427 2347 472 2374 τὸν
487 2348 568 2374 αὐτὸν
582 2347 738 2383 Δεσπότην;
758 2348 805 2374 κα).
829 2347 884 2374 εῑθε

96 2394 157 2431 μετ’
175 2394 236 2428 ἴσης
249 2394 298 2428 τῆς
320 2393 491 2429 παρρησίας)
513 2393 566 2419 Τοῦ
589 2393 673 2420 αὐτοῦ
696 2394 885 2428 προσκυνηταὶ

131 2474 144 2489 ⁸
162 2473 235 2500 Psal.
249 2481 316 2505 cam,
331 2473 357 2500 9.
410 2472 423 2487 ’π
439 2472 509 2500 l'sal.
521 2479 586 2504 ns,
599 2471 645 2498 ‘20.
684 2471 706 2487 '°
720 2470 799 2498 Rom.
815 2479 841 2502 v,
859 2470 886 2497 5.

937 1842 1004 1869 cisci
1035 1842 1165 1877 parabam
1179 1862 1186 1874 ,
1211 1842 1321 1870 etiamsi
1343 1843 1446 1879 alioqui
1467 1843 1576 1870 inlirma
1602 1843 1726 1878 corporis

937 1887 1103 1918 valetudine,
1116 1891 1173 1914 tum
1192 1891 1221 1915 ut
1236 1892 1262 1915 te
1277 1888 1435 1921 inviserem,
1457 1893 1514 1916 lum
1531 1893 1560 1916 ut
1575 1889 1727 1917 tolerantiae

938 1933 1016 1961 illius
1034 1935 1145 1961 nomine
1160 1934 1288 1962 laudibus
1301 1934 1437 1966 eﬂ‘errem.
1455 1942 1536 1969 quam
1547 1935 1582 1962 ob
1600 1935 1726 1963 beatissi-

938 1987 1013 2006 mum
1031 1979 1143 2007 fratrem
1168 1983 1246 2007 tuum
1265 1980 1381 2008 adhibes
1405 1989 1410 2006 :
1430 1989 1520 2016 neque
1536 1981 1609 2008 enim
1630 1981 1657 2008 id
1675 1981 1726 2008 du-

938 2025 1014 2052 bium
1026 2031 1081 2054 est.
1092 2026 1225 2058 Quoniam
1242 2031 1335 2054 autem
1352 2034 1419 2054 casu
1437 2028 1555 2061 quodam
1575 2028 1625 2055 lzoc
1635 2036 1725 2055 meum

937 2072 991 2100 iter
1006 2072 1167 2107 impeditqu
1190 2077 1242 2106 est,
1257 2073 1291 2101 ad
1306 2073 1413 2102 litteras
1431 2075 1525 2101 venire
1550 2082 1664 2101 necesse
1677 2074 1727 2101 ha-

937 2119 996 2150 bui,
1015 2123 1046 2146 ut
1073 2119 1106 2146 de
1123 2120 1177 2146 tuis
1199 2119 1282 2146 rebus
1306 2124 1394 2147 tecum
1419 2119 1515 2154 paucis
1539 2119 1725 2154 philosopher.

939 2164 1026 2197 Unde,
1038 2172 1142 2200 quaeso,
1155 2166 1306 2200 praeclarus
1323 2169 1417 2194 noster
1432 2166 1577 2198 Sacerdos.
1590 2166 1725 2200 sincerus,

937 2211 1060 2246 inquam,
1072 2211 1117 2238 ille
1131 2215 1158 2238 et
1173 2219 1246 2238 nunc
1259 2217 1284 2239 et
1296 2212 1374 2246 prius
1389 2211 1436 2239 Dei
1452 2215 1525 2239 astes
1540 2219 1573 2238 ac
1589 2212 1725 2244 minister.

938 2261 1028 2284 ortum
1045 2258 1146 2285 traxit?
1159 2257 1199 2285 Ex
1216 2258 1283 2286 Deo.
1304 2258 1356 2285 Ubi
1380 2263 1469 2285 autem
1491 2265 1564 2285 nunc
1576 2257 1728 2285 Sacerdos?

938 2303 1016 2338 Apud
1046 2303 1129 2331 Deum
1150 2312 1156 2330 :
1180 2309 1325 2340 postquam
1350 2305 1456 2332 scilicet
1485 2305 1558 2331 haud
1589 2304 1727 2332 illibenter

940 2349 1003 2382 (hoc
1018 2350 1101 2384 probe
1117 2351 1185 2386 scio)
1216 2351 1294 2378 livori
1324 2359 1385 2379 sese
1407 2359 1439 2378 ac
1449 2350 1549 2377 diaboli
1568 2350 1648 2377 luetis
1662 2351 1726 2378 sub-

939 2394 1025 2421 duxit.
1051 2394 1129 2423 Unde
1160 2397 1223 2423 item
1248 2405 1297 2424 nos
1320 2401 1411 2423 ortum
1446 2396 1593 2424 duximus?
1627 2397 1726 2424 Annon

134 2551 192 2585 (88)
210 2551 284 2577 Alias
301 2548 477 2585 CCXXXVRI.
496 2549 606 2585 Scripta
636 2547 732 2585 eodem
753 2551 884 2585 tempore.

942 2583 957 2585 ν
971 2547 1030 2585 ’(95)
1046 2546 1274 2585 Δεζξοίιενηριιιὶ-
1293 2547 1344 2585 for
1360 2548 1474 2585 φθόνον
1496 2549 1671 2584 νικήσομεν.
1689 2550 1727 2578 Ita

132 2583 398 2623 (δῇᾼὺζόκλητος.
414 2584 454 2623 ita
475 2585 537 2611 cod.
554 2583 621 2618 Reg.
637 2591 669 2610 ac
686 2583 780 2611 Morel.
797 2591 825 2610 ιη
838 2591 887 2610 no-

94 2619 144 2649 tis:
160 2621 232 2648 Edit.
248 2621 348 2647 habent
363 2619 536 2654 αὐτόκλητον.

135 2656 190 2692 (90)
210 2655 270 2692 Tth
285 2655 377 2690 ἁγίων
393 2651 515 2692 φαλάρων·
529 2653 629 2692 ﬁgura
640 2651 670 2692 In
690 2652 755 2692 illud
770 2651 887 2692 intendit

95 2687 223 2719 Pauli'ad
240 2687 318 2717 Rom'.
334 2698 373 2722 iu,
390 2690 433 2719 16.
451 2690 482 2716 Et
498 2691 515 2724 ή
530 2687 595 2724 ῥίζα
619 2688 694 2721 ἁγία,
715 2688 761 2714 καὶ
773 2688 798 2714 οἱ
817 2687 885 2714 κλά-

95 2727 148 2757 δοι,
167 2727 190 2753 εἰ
203 2726 283 2752 radix
299 2731 393 2752 sancta
407 2730 456 2758 est,
472 2725 551 2751 etiam
568 2724 647 2749 rami.

135 2762 190 2796 (9i)
205 2761 259 2788 Kal
272 2761 300 2787 εἴ
318 2769 355 2787 τι.
373 2757 495 2796 ltareod.
516 2758 583 2794 Reg.
596 2765 627 2785 ac
645 2757 740 2784 Morel.
753 2757 782 2784 in
800 2757 882 2785 notis.

96 2796 170 2824 Edit.
187 2798 288 2823 habent
299 2795 325 2821 εἴ
337 2804 363 2821 τι
378 2795 435 2823 και.

134 2832 189 2867 (9‘2)
209 2833 238 2858 Tt
257 2830 399 2865 πάσχειν.
414 2830 453 2857 lta
468 2830 530 2858 cod.
547 2832 574 2856 et
585 2828 618 2855 Β.
638 2827 669 2856 In
683 2826 749 2856 edit.
761 2835 786 2853 τι
797 2827 885 2855 deest.

236 2879 372 2910 Parnou.
389 2878 448 2908 Gn.
461 2876 624 2908 XXXVII.

942 2583 1022 2610 iidem
1040 2582 1120 2609 codd.
1137 2582 1166 2608 ln
1180 2581 1245 2608 edit.
1262 2581 1402 2617 δείξωμεν,
1418 2584 1465 2611 καὶ
1482 2585 1527 2611 τὸν
1541 2581 1636 2619 φθόνον
1649 2587 1727 2622 νική-

942 2625 1043 2652 σωμεν.

976 2652 1031 2690 (94)
1047 2651 1193 2690 Πονηροῖς
1203 2652 1343 2686 ματαίως.
1359 2652 1396 2680 lta
1405 2654 1465 2681 cod.
1481 2653 1509 2680 lu
1519 2655 1585 2682 edit.
1599 2657 1727 2690 πονηροῖς

940 2688 984 2714 κα).
998 2688 1128 2723 ματαίως.

976 2721 1032 2760 (95)
1050 2722 1130 2760 Alias
1144 2721 1221 2760 QC":
1234 2721 1342 2760 scripta
1356 2724 1450 2751 eodem
1471 2725 1580 2752 circiter
1592 2729 1724 2760 tempore.

973 2758 1030 2793 (96)
1052 2759 1104 2784 Ἢν
1118 2757 1167 2794 ἐαὶ
1186 2757 1235 2789 τῷ.
1261 2757 1306 2784 lta’
1319 2759 1380 2786 cod.
1413 2759 1478 2794 Reg.
1506 2761 1584 2788 “05.
1607 2757 1658 2788 Alii
1678 2767 1725 2788 σοί

939 2793 1014 2854 die?
1039 2793 1085 2833 ego
1112 2793 1165 2820 τῶν
1195 2795 1410 2830 μακαριωτάῖων
1439 2793 1570 2831 ἀδελφῶν.
1595 2798 1623 2823 ln
1646 2796 1728 2825 editis

939 2837 973 2854 ην
1006 2837 1019 2854 ν
1034 2836 1083 2854 τω.

939 2837 973 2863 ην
991 2836 1019 2854 εν
1034 2836 1083 2863 τῳ.

1552 2880 1586 2909 l2
