1931 3056
105 138 166 167 565.

770 135 935 165 EPISTOLA
954 135 1093 164 CCXXIII.

1677 139 1728 166 366

105 197 262 232 λογισμοὺς,
287 197 323 225 τὰ
349 197 473 224 ἐντεῦθεν
493 198 621 234 ὀδυνηρά,
641 199 704 224 ὅταν
724 198 807 233 λέγῃ·
833 198 892 223 ’Ότι

955 195 1036 226 iouis,
1054 195 1087 223 ad
1105 203 1165 230 qua:
1181 195 1361 230 cogitationes
1376 203 1440 223 suas
1462 196 1555 228 mittit,
1574 195 1655 230 hujus
1668 197 1729 223 vitze

105 243 264 278 ἐκρυψέμε
281 244 317 270 ἐν
325 244 428 278 σκηνῇ
445 245 538 272 αὐτοῦ
557 245 593 272 ἐν
605 245 699 280 ἡμέρᾳ
712 244 822 271 κακῶν.
837 245 894 271 Καὶ

105 288 156 315 οὐκ
169 289 325 316 ἀποτίθεται
342 290 421 325 μόνον
437 291 469 316 τὸ
488 290 620 324 ἀλγεινὸν,
638 292 702 318 ὅταν
726 290 830 326 μνησθῇ
847 290 892 316 τοῦ

105 333 184 367 Θεοῦ,
198 335 267 362 ἀλλὰ
280 336 327 363 καὶ
344 336 528 372 εὐφραίνεται.
552 337 722 372 Ἐμνήσθην
731 337 797 372 γὰρ,
815 338 896 373 φησὶ,

105 379 159 406 τοῦ
174 380 249 407 Θεοῦ
264 381 332 416 (12),
349 382 397 408 καὶ
411 382 593 416 εὐφράνθην.
613 382 737 417 ’Λλγοῦσι
750 384 796 409 καὶ
811 383 835 409 οἱ
852 383 891 418 τῷ

106 423 201 459 κόσμῳ
223 427 449 461 προστετηκότες,
471 429 518 454 καὶ
541 427 608 454 πολὺ
629 428 737 455 πλείονα
763 428 817 455 τῶν
833 428 893 463 Θεῷ

104 470 292 498 δουλευόντων.
318 472 387 498 Ἀλλ’
404 473 519 508 ἄμισθον
539 474 631 505 αὐτοῖς
650 475 681 500 τὸ
699 474 808 508 ἀλγεῖν·
827 475 893 509 ἡμῖν

105 516 135 542 δὲ
147 517 194 542 καὶ
210 516 240 543 τὸ
256 517 312 553 (15)
329 518 443 554 πάσχειν
459 519 602 555 ἔμμισθον,
621 520 685 548 ὃταν
703 521 749 547 διὰ
770 521 815 548 τὴν
829 522 894 548 Θεὸν

107 563 296 598 καρτερῶμεν.

140 691 209 728 Φέρε
226 693 280 728 γὰρ
293 693 557 730 ἀντισταθμήσωμεν
575 695 610 722 τὰ
628 696 738 732 λυπηρὰ
760 699 815 729 τοῖς
834 699 895 733 ἡδὲ-

108 747 148 771 σι,
171 739 269 766 καὶτὰ
289 739 409 775 παρόντα
429 741 486 772 τοῖς
508 741 651 776 μέλλουσι·
677 743 724 769 καὶ
745 742 805 769 οὐδὲ
829 744 895 770 πολ-

109 784 201 812 λοστὸν
228 785 310 821 μέρος
333 787 486 822 εὑρήσομεν
509 787 593 814 ταῦτα
624 788 748 815 ἐκείνων·
770 789 896 816 τοσοῦτον

109 831 273 867 ὑπερϐάλλει
295 832 330 858 τὰ
356 833 535 868 χρηστότερα.
565 834 655 861 Καλὸν
679 832 724 861 οὖν
750 835 895 871 φάρμακον

109 879 186 912 ἡμῖν,
201 878 264 904 ὅταν
282 867 450 914 ὀδυνώμεθα,
472 867 503 906 τό
520 888 551 914 γε
574 881 728 916 μεμνῆσθαι
747 867 815 917 (IlI-)-
828 882 895 910 Θεοῦ
911 867 932 894 Β

109 923 157 949 καὶ
170 922 223 948 τῶν
232 923 336 950 ἐκεῖθεν
357 923 482 956 ἐλπίδων,
498 925 545 952 καὶ
560 925 590 951 τὸ
604 925 650 952 τοῦ
666 926 748 953 Δαὸὶδ
770 928 896 962 πάσχειν,

109 967 138 993 ἐν
155 967 243 1002 θλίψει
256 968 453 996 πλατύνεσθαι·
472 970 519 997 καὶ
539 970 577 1006 μὴ
599 971 655 1007 (15)
671 974 896 1009 στενοχωρεῖσθαι

107 1013 164 1046 τοῖς
189 1012 338 1048 λογισμοῖς,
367 1015 434 1050 μηδὲ
455 1015 549 1051 ὥσπερ
574 1017 650 1052 νέφει
676 1020 709 1055 τῇ
743 1019 814 1056 λύπῃ
846 1029 896 1048 κα-

108 1057 274 1092 λύπτεσθαι,
301 1060 369 1087 ἀλλὰ
399 1061 461 1088 τότε
489 1062 545 1098 (16)
577 1063 695 1098 μάλιστα
717 1066 767 1100 τῆς
790 1066 898 1099 ἐλπίδος

109 1103 230 1139 ἔχεσθαι,
248 1106 296 1132 καὶ
313 1107 382 1142 πρὸς
404 1107 453 1143 τὴν
469 1108 575 1135 ἐκεῖθεν
595 1109 751 1139 διαῦλέπειν
766 1111 897 1149 (Πλμα-

109 1150 258 1186 καριότητα
278 1151 328 1187 τὴν
351 1152 535 1189 ἀποκειμένην
558 1157 614 1187 τοῖς
636 1144 897 1192 ὑπομένουσιίίιίλίᾶ-

108 1196 186 1224 λιστα
197 1198 218 1224 δ’
236 1198 268 1224 ἂν
286 1199 359 1225 οὕτω
375 1200 553 1237 πεισθείημεν
572 1203 748 1239 ἐγκαρτερεῖν
767 1206 824 1236 τοῖς
845 1205 898 1231 δει-

110 1244 177 1275 νοῖς,
195 1245 242 1271 καὶ
252 1244 322 1280 ὑπὲρ
334 1246 396 1278 τοὺς
409 1247 524 1279 πολλοὺς
541 1245 609 1275 εἶναι
632 1249 696 1276 ὅταν
717 1249 853 1286 ἀλγῶμεν,
874 1252 898 1278 εί

109 1289 328 1326 ἐνθυμηθειημεν
340 1291 366 1318 τί
382 1293 604 1329 ὲπηγγειλάμεθα
617 1295 656 1329 τῷ
664 1295 723 1331 Θεῷ
737 1296 803 1332 (18),
818 1298 864 1324 καὶ
873 1298 898 1324 τί

108 1335 264 1383 ἠλπίσαμεν
273 1337 317 1383 ὄεε
332 1337 476 1374 φιλοσοφίᾳ
487 1340 742 1383 προσέὸημενλιθ).
755 1342 897 1376 Πλουτεῖν;

108 1380 251 1416 εὐθυμεῖν;
270 1382 417 1417 εὐημερεῖν
430 1385 500 1411 κατὰ
514 1384 559 1411 τὸν
575 1385 631 1420 βίον
647 1380 756 1420 Αιῖοῠτον;
769 1388 785 1422 ἢ
802 1389 834 1414 ἐκ
846 1389 899 1415 τῶν

109 1426 238 1452 ἐναντίων
259 1426 315 1461 (20)
333 1427 487 1461 θλίϐεσθαις
514 1431 700 1464 κακοπαθείν;
725 1436 900 1469 στενοχωρεῖ-

111 1471 173 1498 σθαι
180 1480 188 1505 ;
196 1473 284 1500 πάντα
292 1473 407 1508 στέγειν,
417 1474 505 1501 πάντα
514 1476 659 1511 ὑπομένειν
665 1477 709 1504 διὰ
718 1479 766 1514 τὴν
773 1479 825 1506 τῶν
837 1480 900 1515 μελ-

109 1518 209 1546 λόντων
221 1519 339 1573 Ξλπίξω
354 1520 532 1573 regem-016a,
552 1523 602 1573 ot‘m
616 1524 708 1551 ἐκεῖνα
731 1526 898 1561 προσεδοκή-
912 1541 936 1573 c

111 1565 355 1602 σαμεν.Φο6οὖμσ.ι
369 1565 415 1593 οὖν
433 1567 470 1603 μὴ
486 1568 533 1594 καὶ
547 1568 596 1600 τὰς
613 1569 748 1606 συνθήκας
762 1572 812 1604 τὰς
831 1573 899 1607 πρὸς

110 1610 178 1637 Θεὸν
186 1610 357 1646 ψευδώμεθα,
375 1613 440 1639 ὅταν
451 1612 496 1639 καὶ
514 1613 600 1640 ταῦτα
614 1614 740 1651 ζητῶμεν
752 1615 834 1651 ἔχειν,
849 1618 899 1644 κά-

111 1656 189 1683 κεῖνα
203 1656 420 1693 ἐλπίζωμεν.Μὴ
431 1659 627 1695 καταλύσωμεν
641 1661 697 1697 (21)
707 1662 755 1698 τὴν
771 1672 901 1699 πραγμα-

110 1702 198 1735 τείαν,
215 1702 273 1729 ἀλλ’
288 1703 443 1738 ὲνέγκωμεν
464 1704 550 1731 ταῦτα
573 1706 644 1742 ὑπὲρ
658 1707 705 1733 τοῦ
722 1710 812 1743 τυχεῖν
827 1710 900 1736 ὲκεί-

112 1759 175 1778 νων.
198 1750 328 1785 Ἔθλιψαν
349 1751 421 1786 ἡμᾶς
440 1752 464 1777 οἱ
480 1750 623 1786 θλίψαντες
641 1753 709 1788 (22),
734 1754 851 1789 ἠνίασαν
874 1757 898 1782 οἱ

113 1796 357 1831 μεταχωρήσαντες
367 1803 374 1811 ’
392 1796 449 1823 ἀλλ’
462 1797 543 1832 ἡμεῖς
555 1798 707 1825 ἀδούλωτον
728 1801 784 1831 τοῖς
798 1800 898 1828 πάθεσι

110 1841 161 1876 τὴν
173 1841 260 1877 ψυχὴν
276 1841 450 1878 φυλάξωμεν.
467 1843 544 1870 Οὕτω
554 1844 608 1871 τῶν
629 1845 784 1872 λυπούντων
801 1848 899 1883 κρατή-

113 1895 197 1922 σομεν
208 1887 276 1922 (33).

113 1940 142 1962 at
153 1943 203 1963 nos
217 1937 338 1963 animum
354 1944 368 1964 a
382 1937 620 1972 perturbationum
637 1939 770 1968 servitute
785 1941 901 1970 liberum

112 1983 237 2010 molestis
255 1983 411 2017 superiores
422 1984 536 2011 erimus.

149 2029 268 2056 Κάκεῖνο
292 2029 386 2057 σκόπει
411 2030 455 2057 διὰ
478 2031 538 2057 τίνα
553 2031 610 2065 (οι)
630 2031 787 2068 θλιϐόμεθα.
805 2036 841 2061 Οὐ
857 2036 901 2063 διὰ

112 2075 177 2106 τοὺς
191 2076 391 2110 μεταστάνταςς
407 2077 440 2102 Τί
458 2077 479 2117 ο*
491 2076 524 2103 ἂν
539 2077 678 2110 ποιοῦντες
695 2080 808 2111 ἐκείνοις
823 2081 901 2117 χαρί-

113 2120 214 2147 σασθαι
236 2121 385 2157 όφθείημεν
407 2116 484 2158 (25);
511 2123 547 2149 Οὐ
580 2124 792 2160 καρτεροῦντεςς
816 2127 901 2153 Τοῦτο

169 2199 191 2215 ¹²
210 2198 283 2227 Psal.
309 2207 373 2228 xxvt
389 2219 398 2232 ,
423 2200 449 2228 5.
501 2200 520 2216 "
537 2199 609 2228 Psal.
625 2208 705 2228 Lxxvr
723 2222 731 2234 ,
751 2201 777 2229 4.

152 2277 208 2313 (12)
233 2277 320 2305 Ἀλλὰ
345 2277 402 2313 καλ
420 2278 617 2312 εὐφραίνεται.
642 2278 814 2313 Ἐμνήσθην
835 2278 900 2313 γὰρ,

114 2312 270 2349 φησὶίωῦ
284 2312 368 2349 gem").
380 2312 442 2340 Haec
457 2314 568 2340 deerant
581 2313 609 2341 in
625 2312 691 2341 edit.
710 2312 901 2349 Supplevimus

114 2347 151 2376 ex
168 2348 228 2374 cod.
245 2352 271 2374 et
291 2347 356 2382 Reg.

154 2383 208 2418 (ίό)
225 2383 310 2417 Ἡμῖν
322 2383 356 2409 δὲ
366 2383 415 2410 καὶ
428 2384 470 2410 τό.
486 2383 531 2410 Sic
543 2383 718 2418 iidemrcodd.
730 2384 761 2411 In
774 2384 840 2411 edit.
856 2384 904 2410 καί

117 2417 204 2445 deest.
226 2418 284 2444 Mox
301 2417 391 2449 iidem,
408 2418 450 2445 διὰ
473 2419 519 2445 τὸν
536 2418 611 2446 Θεόν.
628 2417 657 2446 In
674 2420 738 2446 edit.
756 2419 801 2446 τόν
816 2419 902 2446 deest.

157 2453 210 2489 (Μ)
228 2455 309 2489 Τόγγε
318 2453 496 2489 μεμνῆσθαι.
514 2455 550 2481 Ita
564 2455 625 2481 cod.
642 2455 721 2486 “05,
736 2461 768 2481 ac
779 2454 902 2481 Combel’.

116 2488 149 2515 In
159 2488 223 2515 edit.
243 2488 302 2514 τότε
319 2488 482 2524 μεμνῆσθαι..

155 2524 211 2558 (t5)
231 2523 283 2550 Kat
295 2523 347 2557 μή.
370 2523 513 2559 Ιιεινουάιι.
529 2528 658 2559 quatuor,
680 2524 756 2558 Palu,
773 2523 854 2554 1405.
871 2531 903 2551 ac

117 2558 242 2586 Comltel’.
259 2558 286 2584 In
305 2558 372 2586 edit.
385 2558 453 2585 ἀλλά
465 2568 518 2594 μοιξ

156 2594 211 2655 (16)
229 2593 316 2633 Ἀνιλὰ
327 2594 402 2634 τᾴτε.
421 2595 458 2620 Ita
467 2593 528 2620 cod.
540 2593 606 2629 Reg.
620 2594 699 2627 1405,
707 2593 769 2622 Par.
784 2601 816 2621 ac
823 2594 904 2621 Com-

119 2630 153 2657 be
168 2648 174 2654 .
193 2628 219 2655 In
235 2629 301 2655 edit.
318 2629 384 2655 ἀλλὰ
397 2629 436 2656 τό.

168 2648 174 2654 -
193 2636 219 2655 ΙΙΙ
235 2636 301 2655 calt.
318 2636 384 2655 αΑΛα
397 2636 436 2656 το.

157 2657 213 2699 (17)
232 2664 412 2699 Διαϐλέπειν.
433 2664 472 2691 Ita
496 2664 558 2691 cod.
570 2663 649 2699 Reg.,
666 2663 798 2696 Montem,
810 2663 903 2691 Morel.

118 2707 152 2727 ac
168 2698 290 2725 Cumbei‘.
308 2698 336 2725 In
354 2699 420 2726 edit.
439 2699 556 2733 βλέπειν.

157 2734 211 2768 (18)
230 2735 259 2760 Tl
280 2734 515 2769 ἐπηγγειλάμεθα
530 2733 569 2766 τῷ
589 2734 658 2767 Θεῷ.
680 2733 814 2761 Combef.:
834 2733 904 2767 Quid

118 2768 177 2797 Deo
190 2770 333 2795 voverimus
340 2772 352 2796 κ

170 2804 213 2838 19)
228 2804 426 2839 Προσέϐιιμεν.
456 2803 496 2832 lta
517 2804 576 2832 cod.
605 2811 636 2832 ac
655 2803 779 2833 Combel'.
794 2803 823 2831 ln
838 2803 903 2831 edit.

119 2839 345 2872 ποοσεὸαἱνομεν.

944 241 1107 268 acerbitates
1131 241 1261 272 occultat,
1278 248 1339 267 cum
1354 241 1391 267 ait
1415 249 1421 266 :
1441 241 1572 273 Quoniam
1591 241 1727 268 abscondit

944 293 985 312 me
1002 287 1030 312 in
1053 286 1224 312 tabernaculo
1241 295 1287 313 sua
1304 287 1329 312 in
1343 286 1384 313 die
1401 287 1531 313 malorum
1543 287 1574 313 ¹¹.
1596 287 1650 314 Nec
1663 295 1729 314 vero

944 330 1053 358 dolores
1077 331 1209 358 duntaxat
1229 334 1256 358 et
1278 331 1417 358 molestias
1439 331 1560 366 deponit,
1577 339 1639 358 cum
1656 331 1729 359 Deus

944 377 995 412 ipsi
1012 377 1039 403 in
1058 377 1149 403 animo
1164 381 1191 403 et
1210 376 1340 403 memoria
1357 383 1496 410 versatur;
1516 377 1564 404 sed
1578 377 1659 405 etiam
1681 385 1729 405 vo-

945 425 1048 460 luptate
1064 424 1192 450 aIIieitur.
1206 422 1308 450 Memor
1323 422 1363 456 fui
1383 422 1440 452 Dei.
1459 423 1556 458 inquit,
1574 428 1598 449 et
1613 423 1727 450 delecta-

946 475 987 497 tus
1002 478 1061 497 sum
1077 470 1108 496 ".
1125 469 1222 496 Dolent
1232 469 1313 496 etiam
1327 468 1374 503 qui
1390 468 1492 495 mundo
1503 476 1616 502 prorsus
1628 469 1731 497 addicti

945 520 1018 547 sunt,
1033 523 1065 542 ac
1078 514 1163 542 multo
1177 513 1287 549 quidem
1301 513 1428 548 amplius,
1445 521 1526 548 quam
1543 514 1589 548 qui
1606 513 1660 541 Deo
1671 521 1730 541 ser—

945 562 1032 588 viunt.
1051 561 1085 588 At
1096 561 1175 588 dolor
1197 560 1265 595 ipsis
1280 560 1404 587 mercede
1415 564 1491 587 caret
1509 563 1624 587 :contra
1642 561 1729 587 dolori

946 611 1040 633 nostro
1052 613 1160 633 .merces
1176 613 1226 632 sua
1244 609 1361 637 constat,
1377 612 1439 631 cum
1456 605 1502 632 Dei
1514 612 1597 632 causa
1610 606 1730 632 toleran-

946 653 1010 679 tiam
1027 652 1197 679 adhibemus.

980 698 1037 733 Age
1053 698 1126 725 enim
1147 698 1288 725 molestias
1312 706 1374 725 cum
1396 698 1592 732 voluptatibus,
1614 703 1641 725 et
1663 706 1731 732 pra:-

947 745 1035 772 sentia
1049 752 1112 772 cum
1128 744 1229 772 futuris
1246 744 1449 780 perpendamus
1463 754 1469 771 :
1488 751 1520 771 ac
1538 752 1570 772 ne
1589 744 1731 771 minimam

946 791 1057 826 quidem
1081 790 1179 818 horum
1202 793 1308 824 partem
1331 789 1377 816 illa
1393 797 1454 817 esse
1471 790 1640 824 reperiemus
1658 799 1664 817 :
1685 797 1732 816 us-

947 844 999 872 que
1012 836 1079 863 adeo
1100 835 1160 862 laeta
1177 839 1352 870 exsuperant.
1370 835 1549 863 Commodum
1569 843 1634 870 ergo
1651 836 1732 870 phar-

947 889 1055 908 macum
1074 881 1154 908 nobis
1174 880 1267 912 fuerit,
1287 888 1349 907 cum
1370 880 1397 907 in
1415 881 1509 908 dolore
1526 888 1633 913 sumus,
1647 881 1731 909 Deum

947 934 979 954 ac
996 926 1094 954 futurae
1117 927 1180 954 vitae
1201 933 1264 961 spes
1289 934 1314 953 ιιι
1338 926 1459 953 animum
1482 933 1628 959 revocare,
1651 930 1734 962 atque

947 972 1041 999 eodem
1057 971 1148 1003 modo,
1162 979 1218 1006 quo
1234 971 1331 1004 David,
1351 969 1432 1003 allici,
1450 971 1502 998 hoc
1524 975 1576 1004 est,
1597 971 1626 999 in
1646 972 1735 999 tribu-

947 1019 1050 1046 latione
1074 1019 1193 1051 dilatari,
1206 1026 1261 1045 non
1274 1022 1365 1045 autem
1385 1018 1582 1053 cogitationum
1601 1019 1734 1054 angustiis

948 1065 1045 1100 premi,
1061 1072 1111 1091 nec
1124 1071 1253 1096 maerore,
1269 1068 1399 1099 tanquam
1412 1064 1496 1096 nube,
1511 1064 1622 1095 obduci.
1638 1072 1734 1091 verum

948 1115 1005 1137 tum
1030 1109 1147 1137 maxime
1172 1109 1231 1144 spei
1255 1109 1399 1141 inhaerere,
1424 1113 1505 1144 atque
1531 1109 1564 1136 ad
1594 1109 1734 1136 caelestem

948 1155 1155 1187 beatitudinem,
1181 1162 1242 1190 qum
1257 1154 1303 1187 iis,
1323 1155 1370 1189 qui
1385 1162 1430 1181 res
1449 1154 1529 1190 186
1543 1154 1674 1182 adversas
1687 1162 1735 1189 pa—

949 1201 1025 1228 tienti
1042 1200 1136 1227 animo
1151 1199 1251 1231 ferunt,
1265 1200 1406 1227 recondita
1420 1205 1473 1232 est,
1489 1199 1631 1227 oculorum
1648 1199 1735 1227 aciem

950 1245 1174 1274 intendereJIac
1191 1249 1281 1273 autem
1296 1246 1470 1280 potissimum
1495 1246 1599 1273 ratione
1614 1246 1735 1272 adduce-

950 1302 1020 1326 mur,
1036 1298 1066 1320 ut
1079 1301 1169 1321 rerum
1187 1293 1350 1322 acerbitates
1360 1301 1439 1329 aequo
1452 1294 1543 1321 animo
1554 1293 1734 1328 perferamus.

950 1344 1033 1375 atque
1046 1347 1109 1367 cum
1126 1340 1153 1366 in
1166 1339 1260 1367 dolore
1271 1347 1423 1372 versamur,
1440 1347 1522 1374 supra
1532 1340 1628 1374 vulgus
1643 1346 1737 1366 assur-

950 1394 1057 1420 gamus,
1075 1386 1100 1414 si
1119 1386 1185 1421 quid
1212 1386 1266 1414 Deo
1284 1386 1502 1421 promiserimus,
1526 1390 1553 1412 et
1571 1386 1646 1420 quid,
1673 1393 1737 1412 cum

951 1433 984 1460 ad
1008 1433 1208 1468 philosophiam
1230 1432 1434 1462 accederemus,
1458 1439 1505 1466 spe
1529 1432 1607 1459 nobis
1626 1432 1737 1459 tinxeri-

951 1487 1023 1512 mus,
1043 1479 1205 1514 cogitemus.
1225 1478 1322 1506 Utrum
1342 1478 1440 1513 Opibus
1461 1478 1610 1510 abundare,
1633 1478 1694 1504 lmto
1710 1483 1738 1505 et

952 1525 1032 1552 hilari
1045 1525 1138 1552 animo
1151 1533 1222 1558 esse,
1236 1529 1317 1560 atque
1335 1525 1362 1551 in
1376 1524 1427 1551 hac
1440 1524 1494 1551 vita
1505 1523 1610 1557 ﬂorere,
1627 1531 1660 1550 an
1674 1532 1738 1550 con-

952 1576 993 1597 tra
1010 1571 1114 1602 vexari,
1128 1570 1265 1602 atllictari,
1279 1570 1376 1605 premi,
1393 1574 1420 1598 et
1436 1573 1546 1604 propter
1556 1577 1646 1596 rerum
1662 1568 1737 1596 tutu-

951 1624 1044 1643 rarum
1067 1624 1143 1651 spem
1165 1617 1259 1644 omnia
1286 1614 1408 1650 perferre
1433 1622 1464 1642 ac
1490 1614 1647 1642 sustinere?
1675 1614 1739 1641 Hinc

953 1663 1094 1694 nimirum,
1107 1670 1163 1690 non
1183 1666 1274 1690 autem
1290 1663 1345 1694 illa,
1362 1661 1591 1696 exspectavimus.
1604 1660 1739 1694 Quocirca

952 1717 1059 1740 vereor,
1076 1717 1110 1736 ne
1131 1713 1211 1744 pacta
1234 1716 1343 1744 quoque
1358 1715 1421 1735 cum
1438 1707 1494 1735 Deo
1509 1707 1576 1734 inita
1593 1707 1738 1737 violemus,

952 1763 1013 1783 cum
1027 1760 1054 1782 et
1068 1755 1125 1782 hazc
1140 1754 1240 1782 habere
1253 1754 1405 1786 studemus,
1420 1757 1447 1781 et
1461 1753 1507 1780 illa
1522 1760 1674 1788 speramus.
1688 1752 1738 1784 Ne,

952 1808 1055 1837 qumso,
1075 1801 1288 1836 negotiationem
1313 1800 1497 1828 dissolvamus
1516 1807 1522 1825 :
1549 1808 1644 1827 verum
1668 1800 1738 1832 haec,

952 1851 982 1874 ut
996 1847 1051 1873 illis
1063 1846 1212 1881 potiemur,
1229 1844 1362 1872 feramus.
1375 1844 1540 1872 Afﬂixeruut
1551 1852 1602 1872 nos
1617 1845 1738 1880 affligere-

953 1901 1013 1925 tes;
1033 1892 1268 1919 contristaverunt
1284 1898 1335 1919 nos
1355 1898 1388 1918 ex
1413 1890 1541 1918 humanis
1565 1891 1714 1925 migrantes
1731 1898 1738 1916 :

921 1947 948 1971 et
966 1944 1116 1970 immunem
1130 1947 1336 1968 conservemus.
1348 1938 1385 1965 Ita
1404 1939 1530 1966 tristibus
1547 1939 1630 1966 rebus
1660 1944 1741 1973 atque

990 2034 1061 2066 Quin
1085 2032 1150 2059 illud
1179 2038 1291 2066 quoque
1312 2029 1470 2060 considera,
1496 2030 1530 2056 ob
1551 2037 1611 2064 qua-
1629 2030 1741 2058 direxe-

955 2087 1029 2106 mur.
1045 2079 1143 2105 Annon
1161 2082 1274 2112 propter
1293 2083 1353 2103 eos.
1377 2075 1423 2109 qui
1447 2082 1479 2102 ex
1501 2075 1552 2102 hac
1567 2076 1623 2102 vita
1641 2077 1742 2112 migra-

955 2125 1035 2152 runt?
1051 2124 1222 2157 Quibusnam
1247 2126 1338 2149 autem
1361 2121 1494 2156 operibus
1516 2122 1671 2149 videbimur
1688 2124 1742 2152 illis

990 2278 1046 2311 (20)
1065 2278 1116 2305 Ἐκ
1133 2277 1192 2304 τῶν
1201 2278 1355 2305 ἐναντίων.
1370 2277 1407 2305 Ita
1420 2277 1480 2305 eod.
1496 2277 1562 2313 Reg.
1574 2283 1602 2306 et
1616 2278 1740 2307 Combet.

955 2313 982 2340 In
1001 2314 1068 2340 edit.
1084 2315 1116 2340 ὲκ
1126 2313 1173 2339 τοῦ
1188 2313 1320 2339 ἐναντίου.

999 2348 1045 2383 ει)
1062 2349 1110 2382 Μὴ
1125 2348 1352 2382 καταλύσωμεν.
1367 2347 1440 2374 Bill.:
1457 2347 1495 2375 Ne
1510 2348 1645 2375 deleamus

1002 2382 1045 2419 22)
1064 2385 1095 2410 Ol
1110 2384 1283 2417 θλίψαντες.
1300 2383 1337 2410 Ita
1357 2383 1418 2410 cod.
1432 2383 1498 2419 Reg.
1509 2388 1540 2419 ret
1559 2382 1591 2410 R.
1613 2391 1645 2410 ac
1661 2383 1743 2410 Com-

953 2417 1009 2446 bel‘.
1026 2417 1053 2445 In
1069 2418 1135 2446 edit.
1150 2420 1174 2444 οἱ
1190 2419 1365 2453 μισήσαντες,
1380 2419 1450 2452 quod
1466 2417 1537 2445 BNL:
1554 2418 1606 2450 Qui
1627 2427 1674 2445 nos
1699 2419 1740 2444 in.-

954 2454 1023 2480 uisos
1038 2452 1195 2480 habuerunt.
1219 2452 1291 2483 Mox.

1311 2453 1425 2487 ἠνίασαν
1439 2453 1466 2488 oi
1473 2486 1480 2488 Α
1486 2453 1740 2488 μεταχωρήσαντες.

957 2488 1002 2515 Sic
1022 2489 1102 2515 iidem
1121 2488 1200 2515 codd.
1216 2495 1248 2514 ac
1265 2487 1387 2514 Combet‘.
1403 2489 1436 2514 At
1457 2486 1574 2514 Mentae.
1600 2486 1630 2514 et
1646 2488 1742 2515 Morel.

955 2523 1068 2558 ἠνίασαν
1081 2523 1154 2558 ἡμᾶς
1172 2524 1197 2549 oi
1218 2524 1472 2558 μεταχωρήσαντες.
1488 2521 1550 2549 Haec
1566 2522 1592 2549 in
1615 2523 1679 2551 edit.
1695 2524 1744 2550 de-

957 2563 1046 2585 erant.
1062 2558 1127 2591 ρυλε
1140 2558 1248 2592 quidem
1261 2558 1316 2585 duo
1331 2558 1404 2584 dicta
1419 2561 1484 2584 sunt
1499 2558 1526 2584 in
1541 2558 1667 2584 solatiqu
1684 2565 1742 2585 ma-

958 2597 1052 2625 tronae,
1069 2593 1148 2625 cujus
1163 2593 1209 2619 lilii
1226 2597 1313 2619 morte
1333 2593 1432 2620 sublati
1447 2592 1563 2619 fuerant.

993 2628 1050 2663 (‘23)
1067 2627 1129 2663 Τῶν
1145 2627 1326 2663 λυπούντων
1348 2626 1546 2661 κρατήσομεν.
1567 2627 1603 2653 Ita
1617 2627 1741 2655 Combet'.

958 2667 984 2690 et
1001 2663 1059 2690 Bill.
1080 2662 1126 2696 qui
1154 2663 1235 2690 vertit
1251 2672 1256 2689 :
1281 2662 1324 2688 Ita
1340 2663 1384 2697 ﬁet
1400 2666 1428 2689 ut
1451 2670 1494 2689 eos
1510 2662 1554 2696 qui
1572 2663 1645 2689 nobis
1663 2663 1743 2689 mole-

958 2699 1038 2726 stiam
1053 2698 1183 2729 exhibent,
1194 2697 1399 2734 superemusun
1415 2697 1479 2734 edit.
1499 2698 1689 2734 κρατήσωμεν.

994 2734 1049 2767 (24)
1063 2733 1114 2760 Διά
1127 2733 1204 2760 τινα.
1220 2732 1342 2760 Combef.
1356 2732 1399 2759 διὰ
1412 2732 1495 2765 τίνας,
1516 2732 1623 2767 ᾳιιίιιᾱιιι
1634 2733 1697 2764 sint,
1711 2732 1743 2761 ob

976 2777 1032 2798 uos,
1050 2772 1102 2795 etc.

957 2777 1251 2836 qugbieixcnplaarwm
1263 2803 1432 2837 ὀφθείημεν.
1448 2802 1485 2829 Ita
1497 2802 1558 2830 cod.
1574 2810 1601 2830 et
1618 2802 1742 2830 Combef.

959 2839 989 2864 In
1006 2839 1071 2866 edit.
1087 2838 1280 2874 χαρισαίμεθα,
1294 2838 1366 2874 quod
1382 2838 1453 2868 BNL:
1466 2837 1586 2866 Gratiam
1599 2838 1630 2865 ab
1646 2839 1677 2865 iis
1700 2839 1733 2865 iu~
