1931 3056
179 131 229 158 .167

780 131 808 157 S.
829 129 991 157 GREGORH
1011 129 1181 157 TllEOLOCI

1749 127 1802 156 368

182 190 350 227 gratiﬁcari?
375 198 467 218 annon
492 190 555 217 forti
578 197 670 217 animo
696 188 881 218 sustine‘ntes?
908 190 963 217 lloc

1019 189 1062 217 οὖν
1077 190 1167 222 αὐτοῖς
1186 189 1377 224 χαρισώμεθα·
1399 188 1445 215 καὶ
1459 187 1513 223 γὰρ
1526 187 1655 222 πείθομαι
1676 185 1726 218 τὰς
1748 187 1804 214 τῶν

182 237 264 271 igitur
279 237 307 263 itt
318 244 413 264 eorum
429 238 546 272 gratiam
565 235 698 263 faciamus
716 246 721 263 :
743 237 878 272 siquidem
899 236 964 263 illud

181 289 343 315 persuasum
361 282 457 314 habeo,
476 286 633 310 sanctorum
655 281 760 309 animas
786 290 830 309 res
858 286 966 309 nostras

182 323 296 354 sentire.
317 327 420 355 Pratter
436 329 540 361 omnia,
560 333 587 356 et
599 333 661 355 ante
674 328 777 360 omnia,
794 327 860 355 illud
874 328 967 355 nobis-

180 380 243 399 cum
268 378 437 408 reputemus,
459 373 608 400 absurdum
631 377 658 401 et
680 377 877 408 praeposterum
893 380 966 406 esse,

181 426 242 445 cum
258 419 333 446 nulla
348 420 500 447 necessitas
521 425 598 455 urget
614 420 803 455 philosophari
818 427 824 444 :
844 419 872 446 in
891 420 967 446 cala-

181 465 321 493 ntitatibns
346 468 438 492 autent
465 466 647 501 philosophiae
670 470 798 500 expertes
822 467 965 500 appa‘rere,

180 517 235 536 non
259 513 349 536 autent
373 510 542 538 multitudini
557 511 710 546 exemplum
732 510 803 541 ﬁeri,
820 516 849 537 ut
863 511 966 545 gratia-

181 562 240 582 rum
255 555 374 583 actionis
389 556 415 582 in
430 556 512 583 rebus
533 556 601 583 laetis
621 560 648 583 et
666 556 809 590 iucundis.
829 556 867 583 ita
884 556 966 583 etiam

180 600 333 628 tolerantiae
362 600 388 627 in
421 602 553 636 gravibus
579 605 607 629 et
643 601 763 629 acerbis.
793 601 857 638 llam
885 609 967 637 porro

180 645 282 677 scribo,
303 653 358 673 non
375 651 403 673 ut
424 648 597 682 ignorantem
614 647 726 675 doceam
739 668 746 680 ,
761 647 809 675 sed
827 652 857 675 ut
878 648 967 675 scien~

180 693 232 716 tem
249 690 438 718 submoneam.
452 691 524 719 Deus
539 697 630 720 autem
640 693 853 725 consolationis,
873 697 929 720 tum
941 697 966 721 te

179 743 194 760 a
211 735 415 765 calamitatibus
431 737 546 765 illatsam
563 738 714 770 custodiat,
733 742 790 765 tum
807 738 887 766 nobis
900 746 967 766 con-

178 781 267 813 cedat,
285 786 314 809 ut
336 783 464 817 pietatem
482 788 557 810 tuam
573 792 683 811 rursum
696 784 848 818 videamus,
869 792 967 819 resque

179 827 244 862 ipsae
259 828 338 856 nobis
364 829 443 856 ﬁdem
462 829 574 861 faciant.
599 831 721 858 laborem
739 836 863 858 nostrum
881 831 967 858 baud—

1018 236 1102 269 ἁγίων
1115 235 1204 270 ψυχὰς
1215 234 1429 270 θεῶν’-ἡμετέρων
1440 233 1622 260 αἰσθάνεσθαι.
1645 233 1706 259 Ἐπὶ
1725 233 1804 266 πᾶσι,

1018 283 1064 309 καὶ
1080 282 1132 317 πρὸ
1146 279 1364 312 πάντων,’ὲκεϊνο
1379 279 1559 315 λογιζώμεθα,
1575 280 1616 306 ὅτι
1632 279 1687 305 τῶν
1694 279 1804 306 ἀτόπων

1017 328 1100 361 ἐστὶν,
1115 327 1167 360 ἔξω
1184 327 1235 363 μὲν
1253 327 1303 362 τῆς
1321 326 1442 361 ἀνάγκης
1457 326 1513 360 (26)
1538 326 1709 360 φιλοσοφεῖν·
1728 325 1757 351 ἐν
1773 324 1804 351 δὲ

1017 376 1073 406 τοῖς
1088 373 1201 401 πάθεσιν
1223 373 1400 408 ἀφιλοσόφους
1421 371 1573 406 φαίνεσθαι,
1596 370 1663 397 ἀλλὰ
1688 370 1725 406 μὴ
1747 371 1804 402 τοῖς

1018 420 1124 451 πολλοῖς
1139 419 1223 446 τύπον
1236 418 1368 453 γίνεσθαι,
1386 417 1480 452 ὥσπερ
1492 418 1542 452 τῆς
1556 418 1584 443 ὲν
1603 418 1659 448 τοῖς
1674 416 1804 451 εὐθύμοις

1017 466 1200 502 εὐχαριστίας,
1232 464 1302 492 οὕτω
1322 465 1370 492 καὶ
1393 464 1442 499 τῆς
1465 464 1494 490 ἐν
1513 465 1569 495 τοῖς
1591 463 1686 494 δεινοῖς
1705 470 1805 497 καρτε-

1018 511 1155 553 ρίαςνΚαὶ
1171 510 1258 537 ταῦτα
1269 510 1324 546 (27)
1342 509 1451 545 γράφω,
1471 509 1519 544 οὐχ
1539 508 1576 539 ὼς
1596 507 1745 542 ἀγνοοῦσαν
1763 507 1805 533 δι-

1017 558 1133 590 δάσκων,
1161 558 1217 583 ἀλλ’
1236 557 1274 588 ὡς
1294 555 1479 590 ἐπισταμένην
1502 554 1718 590 ὑπομιμνήσκων
1735 553 1804 588 (28).

1023 601 1052 628 '0
1063 602 1092 628 δὲ
1106 602 1170 632 Θεὸς
1181 601 1230 636 τῆς
1249 600 1456 635 παρακλήσεως,
1479 599 1508 624 σέ
1530 607 1559 624 τε
1580 597 1702 634 ἄτρωτον
1723 597 1804 631 φυλά-

1018 648 1072 680 ξειε
1090 649 1146 679 τοῖς
1167 647 1273 677 πάθεσι,
1295 646 1342 672 καὶ
1360 646 1426 680 ἡμῖν
1445 653 1477 678 γε
1495 644 1638 679 χαρίσαιτο
1652 643 1706 678 (29)
1723 642 1804 669 πάλιν

1019 694 1082 720 ἰδεῖν
1096 702 1143 720 σου
1159 693 1209 728 τὴν
1220 692 1373 723 εὐλάϐειαν,
1389 691 1436 717 καὶ
1451 690 1496 717 διὰ
1513 689 1569 716 τῶν
1590 689 1679 725 ἔργων
1694 688 1805 722 πεισθῆ-

1016 748 1070 770 ναι,
1087 739 1128 765 ὅτι
1143 739 1158 764 ὸ
1170 738 1252 769 κόπος
1270 736 1348 772 ἡμῶν
1364 737 1414 762 οὐκ
1438 736 1478 767 εἰς
1502 734 1580 761 κενὸν
1604 734 1721 768 ἐγένετο,
1745 732 1802 760 ἀλλ’

1017 785 1100 820 ἐσμέν
1112 793 1138 810 τι
1151 783 1225 819 παρὰ
1240 783 1281 809 σοὶ
1293 783 1372 809 πλέον
1386 781 1441 808 τῶν
1454 781 1542 808 αλλων
1552 789 1558 795 ”
1572 780 1610 812 ὡς
1623 780 1674 815 τῆς
1688 779 1804 814 θλίψεως

1017 831 1246 866 ὲκοινωνήσαμεν,
1261 829 1332 856 οὕτω
1354 828 1463 863 καὶτῆς
1489 826 1648 862 φιλοσοφίας
1675 826 1804 854 κοινωνὸν

178 881 316 909 quaquam
329 876 439 903 inanem
461 880 488 903 et
501 876 611 903 irritum
625 877 718 908 fuisse.
731 885 827 904 verum
843 884 894 904 nos
907 884 963 903 tua-

1019 876 1157 907 λαὸόντες·
1172 875 1186 902 ὃ
1202 876 1271 910 τάχα
1293 876 1325 910 τῇ
1351 874 1431 909 πολιᾷ
1449 873 1529 909 ἡμῶν
1553 873 1650 908 ταύτῃ,
1678 874 1726 900 καὶ
1748 874 1805 905 τοῖς

176 919 273 952 jorem,
288 928 369 956 quam
386 922 464 954 alios,
484 923 674 950 auctoritatem
691 923 763 958 apud
780 927 806 951 te
821 923 962 955 obtinere;

1017 922 1087 950 κατὰ
1106 922 1170 948 Θεὸν
1179 922 1311 956 καμάτοις
1331 921 1479 955 ὀφείλεται.

178 968 269 1000 atque,
287 971 317 993 ut
329 974 380 995 nos
397 968 424 994 in
446 968 611 996 calamitatis
624 969 784 998 societatem
800 974 890 998 tecum
911 970 1048 998 venimus.
1066 970 1102 996 ita
1116 969 1238 996 vicissim
1250 972 1276 996 te
1311 969 1390 1003 187
1420 968 1602 1003 philosophiae
1634 974 1664 994 ac
1699 966 1804 1002 patien-

177 1013 222 1040 tia:
235 1014 338 1041 sociam
363 1016 523 1050 accepisse:
547 1017 620 1052 quod
637 1017 748 1052 quidem
766 1017 884 1046 fortasse
900 1018 964 1044 huic
984 1020 1087 1045 nostra:
1119 1017 1242 1050 canitiei,
1278 1023 1310 1043 ac
1332 1016 1378 1043 Dei
1398 1023 1481 1044 causa
1504 1014 1642 1050 susceptis
1664 1013 1806 1041 laboribus

177 1061 293 1088 debetur

398 1108 500 1136 CCXXI
507 1109 535 1137 V.
557 1109 740 1139 AFRICANO.

1229 1107 1313 1133 ΣΚΔ’.
1330 1105 1505 1140 ΑΦΡΙΚΔΝῼ
1521 1104 1590 1140 (50).

176 1152 231 1180 Cur
244 1161 295 1180 non
312 1154 390 1193 adeat
407 1156 563 1193 Αίζξςαημτῃ
580 1156 718 1184 adversam
742 1162 869 1184 causatur
883 1155 1069 1193 valetudinem.
1082 1154 1164 1193 ﬁnito
1180 1152 1233 1193 38$
1251 1152 1335 1193 serius
1350 1152 1456 1192 scripta
1470 1159 1521 1177 non
1537 1155 1575 1193 est
1596 1150 1650 1176 Ita-c
1662 1150 1805 1193 Διερὶσιοίιι;

299 1187 601 1223 δίιμιξιιεγη’Νἱσοόιιιιιε,
618 1200 664 1226 per
679 1201 755 1227 quem
770 1193 837 1219 hanc
852 1192 981 1227 Africano
995 1189 1099 1224 scripsit
1117 1187 1270 1223 Gregorius,
1283 1187 1331 1213 hoc
1347 1187 1402 1220 ipso
1415 1194 1483 1213 anno
1496 1191 1614 1213 mortuus
1630 1190 1679 1212 est.

210 1234 381 1268 Quibusnam
404 1238 488 1266 rebus
511 1239 574 1274 equi
599 1241 720 1268 maxime
746 1240 883 1276 gaudent?
908 1248 963 1268 non

176 1281 288 1308 dubium
312 1283 379 1317 quin
402 1284 490 1318 equis.
513 1284 619 1317 Quibus
643 1286 758 1320 ειμιίίπῖ
780 1287 880 1322 aquilis
899 1294 964 1321 pro-

176 1325 257 1353 fecto.
278 1326 426 1355 Graculum
449 1336 532 1363 porro
556 1331 670 1364 graculo
686 1331 808 1358 assidere
822 1332 881 1366 ipsa
896 1339 966 1367 quo-

175 1381 229 1407 que
245 1375 376 1408 parmmia
392 1375 481 1402 docet.
498 1375 599 1403 Eodem
615 1377 730 1411 proinde
745 1378 827 1405 modo
842 1378 962 1405 Atticum

175 1427 286 1454 quoque
296 1419 395 1448 Atticis
408 1421 542 1448 obiectari
556 1425 621 1456 puta
637 1430 643 1448 :
658 1426 685 1450 et
698 1423 843 1457 probitatis
858 1423 962 1451 studio-

176 1471 237 1491 sum
259 1464 320 1498 ejus
345 1469 469 1492 amatore
493 1470 520 1493 et
542 1467 675 1494 antistite.
699 1466 765 1494 Nam
782 1468 962 1503 miltipraases

176 1509 245 1536 nihil
260 1509 334 1536 aliud
351 1518 414 1538 esse
430 1511 551 1544 videtur,
568 1519 649 1546 quam
666 1513 778 1541 virtutis
799 1513 920 1548 adjutor,
937 1519 965 1542 et

175 1555 238 1582 vitii
246 1555 441 1590 adversarius;
457 1558 516 1584 sive
531 1558 709 1585 incruentum
725 1559 866 1594 imperium
879 1566 964 1595 gerat,

177 1604 206 1627 ut
228 1609 288 1634 nos,
316 1602 374 1629 sive
392 1602 430 1634 id,
451 1603 525 1638 quod
545 1604 666 1639 gladium
682 1608 709 1631 et
731 1604 821 1632 lorum
839 1606 964 1640 junctum

176 1647 264 1674 habet.
296 1648 427 1676 (.‘ruorem
461 1650 533 1677 enim
568 1651 617 1677 tibi
647 1651 760 1679 minime
793 1651 963 1687 adjiciemus,

175 1693 277 1728 quippe
293 1701 372 1726 quem
389 1695 490 1725 virtute
512 1696 655 1731 imperium
669 1702 761 1725 tenere
778 1698 893 1730 scimus,
909 1706 965 1726 non

175 1740 201 1766 vi
217 1738 357 1770 cohibere,
380 1747 411 1766 ac
433 1745 506 1768 metu
523 1742 626 1776 potius,
648 1750 729 1778 qualn
753 1743 896 1778 suppliciis
912 1744 965 1770 im—

175 1785 276 1819 probos
291 1792 437 1820 coercere;
463 1795 524 1822 qua;
544 1788 655 1822 quidem
681 1790 777 1824 optimi
797 1790 905 1825 imperii
921 1791 965 1818 lex

173 1834 226 1857 est.
245 1830 293 1858 His
312 1831 405 1867 itaque
425 1832 458 1860 de
476 1834 569 1862 causis
589 1842 754 1870 magnopere
773 1836 882 1871 quidem
897 1844 964 1864 con-

174 1884 298 1911 gressum
323 1881 399 1904 tuunt
416 1879 588 1913 expetebam,
604 1887 636 1907 ac
664 1889 737 1908 nunc
753 1881 834 1908 etiam
855 1886 964 1916 expeto.

174 1921 276 1949 Vcrntn
302 1923 366 1958 quia
395 1931 442 1958 per
466 1927 608 1952 adversam
636 1926 820 1953 valetudinem
848 1926 876 1953 id
897 1927 964 1953 mihi

173 1969 304 2003 consequi
327 1977 381 1996 non
397 1969 469 2000 licet,
484 1970 645 1998 necessario
659 1971 692 1997 ad
706 1971 815 2002 litteras
836 1972 916 2005 veni;
937 1978 965 2000 et

173 2012 246 2047 quod
270 2012 523 2041 connumlissimum
550 2017 603 2046 est,
623 2019 650 2041 te
673 2023 721 2050 per
742 2015 829 2043 virutn
845 2017 963 2043 amicutn

172 2061 200 2084 et
221 2057 384 2084 familiarem
417 2065 449 2084 ac
469 2063 617 2093 cognatum
634 2059 736 2092 saluto,
763 2060 814 2087 hoc
843 2064 896 2092 est,
916 2068 964 2095 per

173 2102 366 2130 cbarissimum
396 2103 463 2130 tnilti
475 2103 648 2135 Nicobulum,
677 2106 724 2140 qui
746 2110 772 2132 et
793 2113 835 2133 me
851 2106 921 2141 apud
937 2111 963 2133 te

172 2149 316 2176 excusabit
349 2149 402 2184 (vir
426 2153 517 2190 autem
543 2155 586 2178 est
617 2150 669 2178 ﬁde
696 2151 805 2186 dignus,
834 2153 858 2179 si
887 2151 964 2186 quis—

1049 1238 1126 1264 Τίσιν
1147 1238 1223 1263 ἵπποι
1247 1236 1364 1271 μάλιστα
1384 1235 1524 1270 χαίρουσι;
1544 1234 1623 1268 δῆλον
1645 1234 1682 1265 ὡς
1699 1234 1803 1266 ἵπποις.

1020 1283 1106 1310 Ἀετοὶ
1132 1282 1160 1309 δὲ
1176 1282 1263 1315 τίσινς
1289 1282 1339 1308 οὐκ
1361 1281 1451 1312 ἄλλοις
1474 1281 1491 1316 ἢ
1518 1281 1616 1312 ἀετοῖς.
1645 1280 1756 1306 Κολοιδν
1775 1280 1806 1306 δὲ

1016 1331 1077 1357 ποτὶ
1092 1329 1147 1364 (51)
1162 1329 1265 1357 κολοιὸν
1280 1327 1392 1360 ἱζάνειν,
1405 1327 1512 1362 καὶτῆς
1524 1327 1673 1363 παροιμίας
1683 1327 1803 1359 ἀκούεις.

1016 1376 1093 1403 Οὕτω
1109 1376 1140 1411 δὴ
1160 1375 1206 1402 καὶ
1220 1374 1342 1401 Ἀττικὸν
1357 1374 1487 1406 Ἀττικοῖς
1495 1374 1550 1400 οἷον
1569 1374 1689 1409 χαίρειν,
1703 1373 1805 1400 καὶτὸν

1015 1421 1216 1456 καλοκαγαθίας
1228 1421 1457 1457 μεταποιούμενον
1475 1420 1514 1455 τῷ
1525 1420 1627 1455 ταύτης
1646 1421 1748 1456 ἐραστῇ
1758 1420 1806 1446 καὶ

1016 1466 1260 1503 προστάτῃ.Τοῦτο
1270 1466 1405 1502 γὰρ(52)ό
1417 1467 1509 1501 ἄρχων
1528 1464 1596 1492 εἷναί
1609 1475 1653 1502 μοι
1668 1467 1807 1500 φαίνεται,

979 1503 1001 1533 c
1018 1513 1113 1549 βοηθὸς
1129 1514 1230 1549 ἀρετῆς
1255 1513 1302 1540 καὶ
1318 1513 1521 1548 ἀνταγωνιστὴς
1545 1513 1655 1544 κακίας,
1679 1512 1732 1539 κᾶν
1754 1513 1805 1548 τὴν

1017 1559 1184 1594 ἀναίμακτον
1193 1559 1263 1594 ἄρχῃ
1273 1558 1358 1594 ἀρχὴν
1368 1558 1436 1593 (55),
1454 1558 1580 1594 καθάπερ
1588 1559 1679 1593 ἡμεῖς,
1695 1558 1746 1585 κᾶν
1754 1558 1808 1594 τὴν

1019 1604 1086 1639 μετὰ
1101 1604 1192 1638 ξίφους
1206 1604 1254 1630 καὶ
1265 1603 1427 1639 τελαμῶνος.
1440 1600 1514 1638 Αἷμα
1528 1603 1582 1638 γὰρ
1592 1603 1652 1630 οὐδέ
1666 1612 1707 1629 σοι
1721 1609 1809 1638 προσ-

1017 1650 1147 1686 θήσομεν,
1165 1650 1250 1686 ἀρετῇ
1265 1648 1416 1685 κρατοῦντα
1430 1649 1658 1683 γινώσκοντες,οὺ
1675 1648 1721 1685 βίᾳ
1738 1649 1807 1676 καθ-

1017 1696 1158 1731 είργοντα,
1183 1695 1228 1722 καὶ
1251 1695 1326 1730 φόϐῳ
1343 1695 1443 1730 μᾶλλον
1459 1695 1475 1730 ἦ
1493 1694 1566 1730 ἔργῳ
1580 1694 1727 1727 κολάζοντα
1741 1695 1806 1727 τοὺς

1017 1742 1128 1773 κακοὺς,
1143 1742 1212 1777 ὅπερ
1226 1741 1275 1776 τῆς
1286 1741 1399 1777 ἀρίστης
1412 1742 1473 1777 ὅρος
1484 1741 1581 1777 ἀρχῆς,
1599 1741 1648 1767 Διὰ
1662 1741 1694 1776 δὴ
1706 1741 1805 1773 ταῦτα,

1018 1788 1118 1824 σφόδρα
1139 1788 1188 1823 μὲν
1208 1788 1239 1814 τὸ
1256 1788 1305 1822 τῆς
1326 1788 1468 1822 συντυχίας
1489 1786 1666 1819 ὲσπουδάζετό
1685 1796 1740 1823 μοι,
1758 1787 1807 1814 καὶ

1016 1833 1063 1860 νῦν
1089 1833 1128 1859 ἔτι
1158 1831 1346 1863 σπουδάζεται.
1374 1831 1432 1858 Οὐκ
1458 1831 1526 1866 ἔχων
1554 1831 1583 1857 δὲ
1609 1831 1683 1862 ὅπως
1709 1831 1806 1858 τούτου

1016 1878 1124 1914 τύχοιμι
1140 1878 1184 1904 διὰ
1200 1878 1249 1913 τὴν
1266 1877 1432 1913 ἀρρωστίαν,
1446 1878 1602 1912 ἀναγκαίως
1619 1875 1701 1913 ἦλθον
1712 1878 1757 1904 ἐπὶ
1770 1878 1806 1903 τὰ.

1015 1924 1169 1959 γράμματα
1177 1923 1243 1959 (54),
1258 1923 1304 1950 καὶ
1317 1923 1347 1950 τὸ
1357 1923 1511 1955 κάλλιστον.
1524 1923 1565 1949 ὃτι
1576 1922 1805 1958 προσφθέγγομαί

1016 1978 1046 1996 σε
1059 1969 1092 1995 δι’
1109 1968 1204 2004 ἀνδρὸς
1219 1969 1275 2004 (55)
1291 1969 1391 1995 οἰκείου
1413 1969 1460 1996 καὶ
1482 1968 1559 2004 φίλου
1579 1968 1627 1994 καὶ
1645 1968 1806 2002 συγγενοῦς,

1014 2015 1061 2042 τοῦ
1072 2015 1236 2050 τιμιωτάτου
1252 2015 1340 2041 πάντα
1358 2015 1419 2050 ἐμοὶ
1436 2015 1613 2046 Νικοϐούλου,
1628 2014 1658 2046 ὃς
1675 2015 1719 2041 καὶ
1733 2014 1804 2040 ἁπο-

1015 2060 1159 2096 λογήσεταί
1172 2069 1214 2086 σοι
1226 2060 1290 2096 περὶ
1303 2060 1380 2096 ἡμῶν
1393 2061 1558 2096 (ἀξιόπιστος
1569 2061 1597 2087 δὲ
1607 2062 1620 2087 ὸ
1632 2060 1712 2096 ἀνὴρ,
1725 2059 1806 2095 εἴπερ

1015 2106 1092 2138 ἄλλος
1105 2115 1156 2138 τις,
1176 2107 1225 2133 ὅσα
1239 2107 1272 2141 δὴ
1289 2107 1340 2141 ἐμὲ
1354 2106 1520 2142 γινώσκειν),
1538 2108 1584 2133 καὶ
1600 2107 1633 2133 δι’
1645 2107 1724 2142 ἡμῶν
1739 2107 1805 2132 tau-

1014 2152 1060 2178 τὸν
1073 2152 1202 2186 γνωρίσει
1219 2154 1251 2188 τῇ
1272 2154 1305 2188 σῇ
1321 2152 1479 2188 τελειότητι.

173 2201 255 2228 quam
281 2194 360 2227 alius,
386 2200 517 2229 quantum
540 2196 650 2230 quidem
667 2197 726 2231 ipse
744 2198 901 2232 cognosco),
921 2202 948 2224 et
971 2205 1018 2233 per
1052 2206 1102 2225 nos
1139 2206 1199 2226 sese
1216 2199 1381 2233 prazstantite
1403 2204 1456 2226 tum
1470 2199 1636 2227 noscendum
1662 2200 1802 2234 praebebit.

171 2287 236 2314 ituri
255 2296 356 2327 stultus.
374 2287 435 2315 Mox
449 2289 543 2332 i‘idrt‘itlll,
558 2291 588 2316 οὑ
603 2291 853 2332 συγκαρτεροῖέντες
868 2293 960 2332 μεθ-οὺ

1019 2291 1064 2318 lem
1080 2290 1258 2332 qnt‘vrit._lloc
1276 2291 1447 2325 proverbium
1466 2291 1694 2332 quemadmodpm
1706 2299 1733 2321 et
1749 2295 1803 2332 alia

172 2323 380 2361 καρτεροῦντες,
395 2324 541 2361 quodBill.
553 2323 653 2353 vertil':
672 2323 766 2361 A'r‘mo'n
780 2323 875 2353 illatas
889 2327 959 2361 inju-

172 2356 228 2395 rias
246 2356 412 2386 tolerantes?
431 2359 478 2386 sed
505 2367 656 2395 perperam,
680 2356 741 2388 ct‘ttn
759 2370 849 2389 sermo
875 2356 961 2390 sit'dc

171 2391 267 2419 dolore
280 2401 313 2419 ex
327 2401 440 2420 suorum
455 2391 542 2421 obitu.

208 2427 425 2466 (goleé'wpa‘r
440 2429 495 2462 τῆς
508 2429 652 2465 ἀνάγκης.
668 2430 705 2458 ita
721 2431 777 2459 fere
789 2433 868 2466 epist.
885 2440 959 2460 xxxn

171 2462 206 2490 ad
220 2462 398 2498 Philagrium.

208 2498 263 2532 (Ἥ)
280 2499 335 2525 Καὶ
353 2498 455 2525 ταῦτα.
475 2498 512 2526 Ita
528 2501 588 2528 cod.
602 2500 630 2527 In
646 2501 710 2528 edit.
725 2502 771 2529 καί
782 2501 868 2529 deest.

209 2533 265 2568 (ἳὸ)
284 2534 535 2568 ἰ”πομιμνήσκιυν,
556 2536 593 2562 Ita
618 2536 679 2563 cod.
703 2536 764 2564 Par.
783 2541 809 2564 et
828 2537 906 2564 1405.
928 2536 957 2564 ιη

173 2567 238 2608 edit.
257 2567 481 2608 ᾁναμιμνῇσκιυν.
503 2570 561 2608 Mox
580 2579 639 2605 pro.
655 2572 669 2597 ὀ
683 2571 711 2598 δὲ
732 2573 798 2604 Θεὸς
821 2573 879 2608 τῆς,
904 2576 957 2601 etc.

172 2602 365 2641 θυεμ-μυδηό
381 2602 408 2630 δὲ
421 2605 485 2636 Θεος
500 2602 598 2641 πάσης.

207 2638 264 2699 (29)
285 2639 370 2679 Ἡμῖν
381 2648 414 2673 γε
425 2638 589 2674 χαρίσαιτο.
610 2640 648 2668 Ita
665 2641 725 2671 cod.
742 2641 808 2676 Reg.
829 2649 861 2668 ac
878 2642 959 2669 Com-

170 2671 206 2701 be
220 2694 226 2700 .
244 2673 270 2700 In
283 2675 348 2702 edit.
361 2675 480 2702 ναοίσαι.
501 2676 539 2701 τό.

209 2679 226 2700 l.
244 2679 270 2700 In
283 2679 348 2702 edit.
361 2679 480 2736 χῗρισαι,
501 2679 539 2701 τό.

209 2709 264 2742 (50;
280 2710 354 2738 Alius
374 2709 464 2736 .‘LVI.
484 2710 589 2745 Scripta
609 2711 714 2739 incerto
729 2716 869 2746 tempore;
891 2711 962 2739 forte

171 2747 265 2771 tanien
280 2750 341 2772 ante
361 2754 424 2772 ann.
443 2746 505 2772 585.

208 2779 263 2814 (51)
284 2781 410 2816 Κολοιὸν
423 2780 457 2806 δὲ
472 2781 550 2812 ποι-ι’,
566 2784 619 2807 etc.
649 2780 705 2809 Hoc
738 2780 834 2814 adagio
855 2780 960 2816 signiti-

171 2818 261 2849 catur,
285 2814 408 2842 homines
436 2816 557 2849 ejusdem
584 2815 651 2842 artis
672 2821 698 2842 et
715 2814 960 2843 conditionis'vilm

171 2848 287 2877 libenter
309 2850 390 2878 simul
408 2848 527 2884 versari;
554 2851 624 2879 unde
646 2851 711 2878 illud
735 2861 740 2878 :
761 2851 863 2878 Similis
887 2851 960 2878 simi-

1013 2326 1143 2353 nnnnnlla
1170 2326 1204 2352 ab
1225 2327 1276 2353 ltoc
1291 2331 1401 2353 auctore
1428 2331 1568 2360 usurpata,
1587 2328 1621 2354 ab
1645 2328 1759 2356 Erastno
1774 2331 1802 2358 in

1013 2361 1181 2389 doctissimis
1203 2361 1256 2388 illis
1273 2361 1441 2388 Cbiliadibus
1455 2363 1666 2395 praetermissum
1687 2369 1739 2392 est.
1756 2365 1802 2393 Sic

1014 2396 1079 2423 Bill.
1089 2397 1124 2423 At
1141 2401 1214 2423 certe
1227 2397 1268 2423 vir
1287 2397 1386 2426 bonus.
1401 2397 1464 2423 duttt
1491 2397 1547 2423 haec
1575 2399 1705 2425 scriberet
1715 2419 1722 2430 ,
1736 2400 1802 2426 dor-

1015 2431 1130 2469 tttitavit.
1147 2431 1277 2469 Erasmus
1295 2431 1367 2469 enim
1383 2432 1465 2469 refert
1478 2432 1604 2469 adagium
1621 2433 1728 2467 Semper
1737 2443 1802 2469 gra-

1016 2467 1090 2493 culus
1118 2466 1216 2493 assidet
1244 2467 1369 2501 graculo;
1399 2467 1464 2501 qttin
1487 2470 1514 2494 et
1534 2467 1607 2495 huttc
1630 2466 1696 2495 citat
1711 2466 1800 2497 locum

1011 2501 1146 2539 Gregorii.
1165 2501 1244 2528 Errat
1260 2505 1351 2539 tamen
1363 2502 1427 2529 dum
1447 2502 1504 2529 bam
1518 2502 1642 2530 Eudoxio
1656 2505 1802 2539 scripsisse

1010 2536 1169 2571 Gregorium
1187 2537 1295 2563 asserit.

1122 2571 1213 2610 Τοῦτο
1226 2571 1292 2606 γάρ.
1317 2571 1472 2610 Montac._et
1490 2571 1587 2610 Morel.
1598 2573 1685 2610 τούτῳ
1700 2575 1763 2610 γάρ.

1047 2607 1102 2641 (55)
1127 2607 1355 2646 ’ᾼναίμιικτοἈη
1368 2607 1473 2641 ἀρχήν.
1492 2608 1524 2634 Ἡ
1541 2607 1707 2643 ἀναίμακτος
1718 2607 1801 2670 ἀρχή.

1047 2643 1190 2668 rlesiasltca
1206 2647 1337 2670 potestas:
1359 2644 1375 2670 'h
1387 2643 1457 2670 ὰογὴ
1476 2643 1544 2670 μετὰ
1556 2644 1647 2670 Ξίφους
1658 2645 1704 2670 καὶ
1721 2654 1749 2670 τε
1768 2654 1801 2670 α-

1013 2643 1190 2678 ρσςιεδίαειίεα
1205 2647 1337 2678 potestas;
1359 2644 1376 2677 ὴ
1387 2643 1458 2678 ἁρχὴ
1475 2643 1544 2677 μετὰ
1556 2644 1647 2677 ξίφους
1658 2645 1704 2670 καὶ
1721 2643 1802 2671 τελέ-

1018 2676 1119 2715 μῶνοξἱ
1130 2676 1429 2715 secularix._l‘erperan_i
1445 2676 1527 2715 igitur
1546 2676 1687 2713 legendum
1703 2687 1803 2715 propo-

1015 2716 1083 2748 nunt
1095 2712 1214 2748 Molitac.
1231 2715 1258 2739 et
1270 2711 1364 2748 Morel.
1376 2711 1500 2748 καθαπερ
1517 2711 1604 2748 ὑμεῖς.

1052 2747 1108 2782 (54)
1130 2746 1199 2785 Ἐπὶ.
1221 2747 1257 2774 τὰ
1283 2747 1446 2782 γράμματα.
1480 2746 1518 2775 Ita
1536 2746 1608 2776 L‘od.
1631 2749 1702 2777 Edit.
1728 2749 1802 2785 πρά-

1014 2790 1116 2816 γματα,
1135 2790 1175 2808 m
1190 2782 1272 2816 ipsas.

1049 2817 1104 2855 (55)
1125 2818 1164 2855 Δις
1179 2817 1298 2855 ἀτί-δρᾷς.
1313 2816 1379 2844 Cod.
1396 2817 1440 2845 διὰ
1455 2818 1575 2845 τοιούτου
1592 2818 1697 2855 ἀνδρὸς.
1715 2818 1802 2847 Paulo

1014 2851 1094 2884 infra,
1112 2852 1173 2880 cod.
1185 2852 1218 2879 τὰ
1235 2852 1320 2878 πάντα
1337 2860 1391 2886 μοι.
