1937 3055
73 160 133 191 575

747 161 915 190 EPISTOLA
933 159 1072 189 CCXXXI.

1634 157 1687 186 57d

75 218 150 253 Πρὸς
168 217 195 244 τε
213 217 305 252 βλέπει
326 226 371 253 μοι
395 218 424 244 τὸ
446 218 636 254 παράδειγμα;
649 215 703 244 Ἦν
718 218 784 252 ἡμῖν
798 216 865 252 πρὸς

936 215 1071 242 bsolvunt.
1094 214 1231 247 Quorsum
1254 213 1319 241 mihi
1336 216 1442 248 spectat
1462 213 1513 239 hoc
1529 211 1702 246 exemplum?

75 262 210 297 ἀλλήλους
228 263 304 296 φιλία
325 262 432 298 καθαρά
451 272 480 289 τε
499 263 545 290 καὶ
560 263 651 294 ἄδολος
669 263 795 298 (πρᾶγμα
812 261 866 288 τῶν

77 308 201 335 σπανίων
213 307 261 334 νῦν
272 307 399 343 μάλιστα,
411 309 457 335 καὶ
466 310 530 344 παρ’
540 309 640 343 ὀλίγοις
650 307 865 344 εὑρισκόμενον),

77 355 127 380 διαὶ
150 353 250 389 ταύτην
275 355 340 388 ἡμῖν
366 353 452 380 ἐποίει
477 353 538 381 οὔτε
561 354 704 389 συγγένεια
730 353 865 383 τοσοῦτον,

78 399 142 426 οὔτε
158 399 284 426 κοινωνία
294 399 433 435 πατρίδος,
444 398 516 430 οὔτε,
527 399 541 425 ὅ
553 408 634 434 φησιν
647 399 779 434 Ὅμηρος,
796 399 867 432 ὁμη-

79 445 164 479 λικίη
178 444 325 478 ἐρατεινὴ,
341 445 401 471 ὅσον
416 445 582 480 ὁμοτροπία,
597 444 643 470 καὶ
661 444 692 470 τὸ
708 445 764 475 τοῖς
778 443 869 474 αὐτοῖς

81 490 198 526 χαίρειν·
213 489 229 516 ὃ
246 490 362 525 μάλιστα
378 490 496 525 πήγνυσι
510 490 559 522 τὰς
577 489 677 524 φιλίας,
694 489 742 516 ’καὶ
761 488 869 524 βεϐαιο-

82 536 166 571 τέρας
183 534 340 570 ἐργάζεται.
356 535 413 561 Νῦν
428 535 475 561 καὶ
490 535 525 561 τὰ
544 535 608 570 γένη
629 534 793 561 συνάπτεται
811 533 871 568 (σὺν

83 581 144 616 Θεῷ
156 581 183 607 δὲ
194 582 208 607 ὁ
220 581 319 615 λόγος),
336 581 379 607 ἵνα
395 582 427 616 τῇ
444 580 520 616 φιλίᾳ
534 580 676 616 προσθήκη
690 580 812 616 γένηται,
825 580 871 606 καὶ

85 626 185 662 μᾶλλον
200 623 277 662 ὦμεν
291 625 346 661 (59)
363 625 494 661 ἀλλήλων.
516 625 573 652 Καὶ
588 625 666 652 τοῦτο
684 625 871 661 πραγματεύε-

83 681 130 698 ται
148 671 202 706 (60)
220 671 324 706 φίλτρῳ
333 671 430 706 δικαίῳ
447 670 551 705 βοηθῶν
566 671 579 696 ὁ
594 670 669 702 Θεός.
685 671 749 705 Ἔχε
764 668 811 697 οὖν
826 670 872 697 καὶ

85 718 159 752 ἡμᾶς
174 716 219 743 διὰ
236 716 283 742 τοῦ
300 715 469 750 γλυκυτάτου
484 715 543 741 υίοῦ
561 715 640 750 ἡμῶν
659 715 810 750 Εὐφημίου’
826 715 873 741 καὶ

86 763 184 797 ἔχομεν
202 761 272 796 ὑμᾶς
282 760 325 787 διὰ.
341 761 390 796 τῆς
405 760 577 794 γλυκυτάτης
593 760 726 796 Θυγατρὸς
739 760 826 795 ὑμῶν.
837 760 874 786 Τὸ

85 808 116 835 δὲ
127 808 199 842 ἑξῆς,
213 807 263 833 οὐκ
274 804 331 833 οἶδα
344 806 414 841 ὑπὲρ
425 806 496 837 τίνος
513 805 623 841 μᾶλλον,
635 806 652 841 ἢ
667 806 720 832 τίνι
730 805 872 840 διαλεχθῶ,

87 853 158 888 ὑπὲρ
172 851 218 878 τοῦ
233 851 293 878 νέου
307 852 339 886 τῇ
357 851 477 886 ὑμετέρᾳ
494 851 631 886 τιμιότητι
647 851 714 886 (61),
729 851 745 886 ἢ
764 851 803 886 τῷ
819 851 875 886 νέῳ

917 261 982 288 Erat
1003 260 1082 295 190
1100 260 1157 294 jam
1174 260 1245 287 inter
1267 267 1318 287 nos
1340 266 1407 293 pura
1430 258 1595 292 minimeque
1611 257 1701 284 fucata

917 306 1037 333 amicitia
1067 306 1121 340 (res
1139 312 1205 332 sane
1227 312 1300 331 nunc
1323 303 1474 339 praesertim
1491 311 1565 336 rara.
1587 310 1702 337 qumque

919 352 947 379 in
966 351 1061 386 paucis
1082 350 1260 384 inveniatur),
1285 353 1366 384 atque
1381 349 1452 376 hanc
1470 349 1560 380 nobis,
1577 356 1630 375 non
1646 353 1701 375 lam

919 397 1058 432 cognatio.
1072 400 1100 423 et
1115 396 1269 423 communis
1285 396 1384 430 patria,
1401 398 1427 421 et
1442 399 1470 421 ut
1488 393 1597 420 Homeri
1612 392 1703 420 verbis

919 446 992 473 utar,
1015 441 1138 468 amabilis
1164 445 1272 468 (elatum
1298 440 1437 475 aequalitas
1455 438 1597 470 elliciebat,
1621 445 1703 472 quam

920 496 1026 516 morum
1048 487 1210 519 similitudo,
1233 487 1361 522 quodque
1383 485 1478 513 iisdem
1500 484 1583 511 rebus
1602 483 1704 518 gaude-

921 541 1031 566 remus;
1051 532 1124 568 quod
1141 532 1250 567 quidem
1266 531 1403 558 amicitias
1418 530 1535 557 maxime
1560 536 1706 564 coagmen-

921 583 972 611 tat,
994 579 1182 613 lirmioresque
1198 577 1298 605 reddit.
1318 576 1396 604 Nunc
1415 583 1523 611 quoque
1543 581 1641 609 genera
1658 581 1706 601 co-

922 625 1050 659 pulantur
1073 624 1187 659 (faveat
1214 623 1294 651 velim
1319 622 1383 649 huic
1406 621 1528 650 sermoni
1552 619 1645 655 Deus),
1676 623 1707 646 ut

923 678 1000 697 amor
1018 673 1115 697 noster
1136 670 1336 697 incrementum
1356 667 1456 702 capiat,
1477 666 1619 701 magisque
1638 665 1708 692 alter

924 715 1037 743 alterius
1057 715 1154 743 simus.
1183 715 1272 749 Atque
1297 713 1324 740 id
1349 713 1405 748 agit
1429 719 1462 739 ac
1484 712 1596 739 molitur
1624 710 1706 743 Deus,

922 762 996 796 justo
1019 762 1105 788 amori
1128 768 1206 796 opem
1226 760 1327 788 ferens.
1345 759 1541 793 Quamobrem,
1561 763 1589 785 et
1611 762 1640 785 lu
1656 765 1708 784 nos

925 813 974 841 per
986 806 1180 833 suavissimum
1193 805 1277 832 ﬁlium
1291 809 1414 832 nostrum
1428 802 1608 838 Enphemium
1623 802 1707 829 habe:

924 853 952 879 et
972 858 1022 879 nos
1045 851 1109 879 item
1127 859 1175 886 per
1197 850 1390 878 suavissimam
1415 849 1495 876 ﬁliani
1519 853 1638 876 vestram
1661 856 1709 875 vos

88 885 155 933 περ).
177 895 264 930 ὑμῶν.
284 885 382 922 Εὔνοια
403 895 458 930 γὰρ
481 885 583 930 πατρὸς
597 885 707 927 τέκνοις
732 885 872 930 δμότιμοέ.

936 896 1065 924 ιιὼοιιιιιε.
1080 885 1158 929 Quod
1169 900 1260 923 autem
1270 895 1405 930 sequitur,
1415 895 1503 921 utrius
1515 894 1606 928 potius
1614 901 1708 925 causa,

89 942 163 977 Πλὴν
182 940 333 976 ἐπεύχομαι
351 940 415 974 ὑμῖν
434 939 480 965 ἐπὶ
497 940 580 966 παντὶ
603 939 732 975 βελτίστῳ
751 940 877 974 γενέσθαι

88 988 139 1023 τὴν
156 986 296 1020 συζυγίαν,
313 985 360 1012 καὶ
370 985 429 1011 οἵαν
443 984 527 1016 εἰκὸς,
543 984 610 1011 Θεοῦ
625 985 850 1020 συναρμόζοντος.

929 945 977 968 aut
995 941 1029 969 ad
1046 949 1126 977 quem
1149 941 1256 977 loquar,
1281 949 1336 968 non
1358 940 1433 972 novi,
1455 948 1553 976 nempe
1566 940 1711 975 juvenisne

929 994 1013 1014 causa
1030 987 1063 1014 ad
1079 990 1198 1014 vestram
1213 986 1413 1022 praestantiam,
1425 993 1459 1012 an
1473 989 1563 1013 vestra
1578 993 1661 1013 causa
1677 984 1711 1012 ad

87 1034 236 1069 juvenem?
256 1032 344 1060 Patris
366 1032 439 1059 enim
471 1032 661 1060 benevolentia
678 1040 729 1068 par
759 1041 822 1068 erga
838 1034 950 1063 liberos.
973 1035 1108 1063 (laterum
1142 1034 1169 1062 id
1187 1035 1263 1063 vobis
1286 1039 1368 1070 opto,
1385 1039 1415 1061 ut
1437 1034 1488 1062 hoc
1509 1033 1710 1062 matrimonium

91 1088 173 1115 quam
181 1081 282 1116 optime
295 1079 384 1111 cedat,
398 1083 480 1115 atque
494 1085 532 1107 Ita
547 1082 577 1107 ut
594 1088 644 1115 par
657 1085 709 1114 est,
724 1088 786 1108 cum
802 1081 874 1109 Deus
892 1082 919 1109 id
932 1083 1053 1117 copulat.

277 1157 359 1183 ΣΛΑ’.
377 1157 520 1192 amulo
531 1158 609 1192 ΦΙΛῼ
624 1157 692 1192 (62).

1103 1158 1243 1187 CCXXXI.
1264 1159 1308 1188 ΕΙ]
1313 1158 1411 1187 SEBlO
1429 1158 1545 1187 AMICO.

94 1235 203 1264 Festina
217 1234 359 1263 admodum
374 1240 412 1262 est
427 1234 481 1263 haec
503 1236 615 1273 epistola
629 1236 746 1273 quamvis
762 1244 778 1262 a
793 1237 848 1264 viro
865 1237 957 1273 morbo
978 1237 1116 1265 laborante
1131 1238 1240 1272 scripta,
1254 1237 1368 1266 Eusebio
1390 1238 1422 1265 de
1437 1239 1517 1273 hujus
1531 1239 1583 1273 ﬁlii
1597 1237 1713 1272 nuptiis;

583 1271 760 1298 benedictione
774 1276 798 1298 et
817 1272 884 1300 votis
901 1273 1061 1300 solemnibus
1081 1271 1225 1300 clauditur.

128 1348 251 1375 Εὐὼπιον
259 1349 276 1384 ἡ
287 1348 401 1384 φιλτάτη
409 1348 465 1383 (65)
473 1368 480 1380 ,
492 1348 539 1375 καὶ
549 1348 584 1382 γά
589 1357 639 1384 μου
647 1349 754 1384 καιρὸς,
767 1349 813 1376 καὶ
821 1349 881 1384 βίου

94 1395 214 1429 κρηπὶς,
236 1394 282 1420 καὶ
304 1393 428 1429 πατέρων
447 1393 526 1428 εὐχαὶ
549 1393 753 1430 πληρούμεναι.
784 1393 881 1430 Ἡμεῖς

94 1439 124 1465 δὲ
140 1439 271 1473 ἄπεσμεν,
297 1437 345 1470 οὓς
362 1438 478 1474 μάλιστα
495 1439 620 1474 παρεῖναι
637 1439 685 1465 καὶ
704 1438 881 1473 συνεύχεσθαι

95 1484 199 1511 δίκαιον
216 1482 260 1519 ἦν.
277 1484 332 1511 Καί
348 1493 389 1510 τοι
406 1485 453 1511 καὶ
471 1484 638 1521 ὑπεσχόμην,
652 1484 683 1511 τὸ
695 1485 750 1520 γὰρ
763 1483 882 1516 ἐλπίζειν

95 1530 168 1566 ὑπῆν
180 1530 218 1565 τῷ
233 1530 334 1556 ποθεῖν·
352 1530 442 1557 ἱκανον
457 1530 510 1565 γὰρ
526 1530 566 1561 εἰς
581 1530 688 1566 ἀπάτην
705 1530 761 1565 (64)
774 1530 805 1557 τὸ
820 1530 883 1565 βού-

97 1576 200 1603 λεσθαι.
215 1577 270 1603 Καὶ
284 1576 412 1608 πολλάκις
425 1576 474 1611 μὲν
487 1576 621 1611 ὁρμήσας,
631 1575 761 1608 πολλάκις
771 1575 800 1602 δὲ
815 1584 882 1602 κατ-

96 1623 224 1658 οκνήσας,
241 1622 317 1653 τέλος
337 1622 456 1658 ἡττήθην
472 1622 518 1657 τῆς
546 1621 700 1657 ἀρρωστίας
713 1622 781 1656 (65).
792 1621 884 1648 Ἀλλοι

100 1667 149 1703 μὲν
165 1666 212 1694 οὖν
228 1667 396 1695 καλείτωσαν
417 1667 522 1703 ἔρωτας
540 1667 644 1703 (ἐπειδὴ
662 1668 779 1703 γαμικὸν
793 1667 841 1694 καὶ
854 1667 885 1693 τὸ

99 1713 237 1750 παίζειν),
264 1715 310 1741 καὶ
333 1713 467 1749 παρθένου
493 1714 591 1746 κάλλος
613 1714 816 1750 γραφέτωσαν,
839 1714 887 1740 καὶ

99 1758 216 1794 νυμφίου
236 1758 316 1794 χάριν
333 1758 572 1794 ἀντεγειρέτωσαν,
590 1758 637 1785 καὶ
652 1758 823 1793 βαλλέτωσαν
841 1759 885 1785 λό-

99 1813 159 1838 γοις
173 1804 242 1839 μετὰ
262 1803 316 1830 τῶν
338 1804 426 1831 ἀνθῶν
449 1804 504 1839 (66)
522 1804 570 1835 τὰς
593 1804 741 1836 παστάδας.
767 1803 837 1838 Ἐγὼ
858 1804 887 1830 δὲ

101 1849 166 1884 ὑμῖν
178 1849 306 1884 προσᾴσω
315 1849 371 1884 (67)
382 1849 428 1876 τδν
438 1849 504 1885 ἐμὸν
513 1849 700 1885 ἐπιθαλάμιον.
712 1849 888 1885 Εὐλογήσαι

102 1893 179 1928 ὑμᾶς
190 1895 296 1929 Κύριος
308 1895 342 1921 ὲκ
357 1894 442 1928 Σιὼν,
457 1895 504 1922 καὶ
521 1895 599 1927 αὐτὸς
615 1895 734 1930 ἁρμόσαι
746 1895 796 1930 τὴν
810 1895 890 1927 συζυ-

103 1939 175 1973 γίαν,
193 1940 242 1966 καὶ
267 1939 342 1973 ιδοις
360 1940 444 1973 υἱοὺς
462 1940 522 1967 τῶν
543 1940 616 1968 υἱῶν
639 1947 709 1973 σου,
730 1941 760 1966 οὐ
781 1940 848 1967 πολὺ
865 1941 888 1967 δ’

103 1986 200 2017 εἰπεῖν,
212 1986 252 2012 ὅτι
266 1985 312 2012 καὶ
323 1986 492 2021 κρείσσονας.
505 1986 592 2013 Τοῦτο
604 1986 652 2013 καὶ
662 1985 755 2022 παρὼν
769 1986 889 2021 ἐπηυξά-

106 2039 160 2066 μην
186 2031 219 2057 ἂν
243 2031 318 2066 ὑμῖν,
329 2031 376 2058 καὶ
400 2031 446 2058 νῦν
472 2032 635 2067 ἐπεύχομαι.
658 2031 747 2059 Tam
773 2031 801 2058 δὲ
825 2031 890 2067 ὑμῖν

106 2077 221 2112 μελέτω,
243 2077 290 2104 καὶ
313 2077 484 2112 στεφανούτω
503 2078 605 2113 πατὴρ,
621 2077 659 2109 ὡς
678 2077 789 2113 ηὔξατο.
806 2076 891 2104 Τοῦτο

105 2123 161 2158 γὰρ
175 2123 222 2150 καὶ
232 2124 258 2150 ετ
268 2131 319 2150 που
334 2123 432 2158 γάμοις
446 2123 683 2160 παραγεγόναμεν,
701 2122 889 2158 ὲτυπώσαμεν·

106 2169 217 2196 ἐκείνων
228 2169 278 2204 μὲν
287 2167 357 2196 εἶναι
368 2170 430 2202 τοὺς
444 2170 599 2204 στεφάνους,
613 2171 629 2205 ὴ
634 2169 691 2205 μῶν
701 2169 730 2196 δὲ
741 2169 788 2201 τὰς
799 2169 890 2204 εὐχὰς,

107 2215 141 2248 ἃς
156 2213 214 2242 οἶδα
228 2215 264 2251 μὴ
280 2215 372 2247 τόποις
388 2215 560 2251 ὁριζομένας.

969 1350 1069 1385 Evopia
1084 1351 1283 1384 amantissima,
1298 1355 1325 1378 et
1338 1351 1458 1378 nubendi
1479 1354 1596 1385 tempus,
1611 1354 1638 1377 et
1654 1350 1716 1377 vitae

933 1395 1153 1429 fundamentum,
1175 1400 1203 1424 et
1219 1401 1365 1431 parentum
1385 1400 1447 1424 vota
1465 1396 1581 1431 expleta.
1597 1395 1652 1423 Nos
1666 1403 1715 1422 au-

933 1443 988 1467 tem
1000 1440 1142 1472 absumus,
1161 1448 1231 1475 quos
1251 1441 1371 1468 maxime
1391 1440 1487 1468 adesse
1506 1447 1538 1467 ac
1557 1440 1637 1467 simul
1652 1443 1715 1466 vota

935 1485 1026 1513 facere
1053 1486 1207 1520 oportebat.
1235 1485 1308 1518 Quin
1334 1486 1361 1513 id
1389 1493 1497 1521 quoque
1527 1485 1715 1520 promiseram,

936 1529 1069 1565 siquidem
1092 1530 1236 1566 cupiditati
1255 1539 1318 1566 spes
1342 1531 1453 1559 suberat
1471 1540 1478 1558 :
1499 1538 1625 1567 magnam
1643 1531 1717 1558 enim

935 1575 969 1602 ad
991 1575 1141 1604 fallendum
1164 1576 1220 1603 vim
1239 1576 1321 1604 habet
1336 1577 1436 1612 aliquid
1458 1576 1535 1604 velle.
1553 1576 1642 1611 Atque
1660 1576 1719 1612 ipse

934 1621 1056 1657 quidem,
1080 1629 1142 1649 cum
1169 1629 1240 1656 saepe
1262 1622 1399 1658 proﬁcisci
1423 1629 1574 1657 parassem.
1593 1629 1625 1649 ac
1648 1629 1719 1656 saepe

935 1674 1044 1694 rursum
1058 1671 1205 1695 cunctatus
1221 1675 1321 1701 essem,
1336 1668 1445 1695 tandem
1469 1675 1485 1694 a
1496 1667 1591 1695 morbo
1607 1675 1720 1702 supera-

937 1717 981 1741 tus
998 1720 1069 1740 sum.
1085 1713 1137 1740 Alii
1153 1713 1236 1748 igitur
1245 1720 1354 1740 amores
1369 1716 1468 1740 vocent
1490 1712 1719 1748 (quandoquidem

937 1758 1039 1793 nuptiis
1058 1761 1261 1786 consentaneus
1285 1762 1327 1785 est
1355 1758 1454 1794 lusus),
1482 1765 1514 1785 ac
1529 1758 1643 1794 virginis
1660 1757 1721 1793 pul-

937 1804 1118 1832 chritudinem
1135 1805 1258 1840 pingant,
1283 1804 1432 1839 sponsique
1447 1807 1617 1831 venustatem
1643 1803 1721 1831 vicis-

938 1850 989 1877 sim
1006 1850 1142 1883 attollant,
1156 1850 1362 1885 thalamumque
1377 1853 1406 1877 ut
1425 1848 1550 1881 ﬁoribus,
1565 1850 1601 1876 ita
1620 1855 1722 1876 sermoo

937 1896 1020 1923 nibus
1041 1900 1232 1931 conspergant.
1257 1895 1314 1931 Ego
1331 1903 1395 1923 vero
1410 1895 1532 1930 nuptiale
1555 1902 1643 1922 meum
1659 1901 1721 1921 car-

938 1949 1000 1968 men
1028 1942 1107 1969 vobis
1133 1943 1254 1970 aceinam
1273 1949 1281 1968 :
1304 1941 1448 1968 Benedicat
1472 1949 1516 1968 eos
1536 1940 1665 1967 Dominus
1690 1947 1723 1966 ex

940 1986 1046 2020 Sion";
1061 1991 1143 2022 atque
1160 1987 1217 2022 ipse
1228 1987 1431 2014 matrimonium
1448 1987 1594 2014 concinnet
1610 1993 1616 2011 :
1634 1985 1669 2011 Et
1681 1985 1707 2012 vi

940 2033 1002 2060 deas
1021 2033 1219 2067 ﬁlios-ﬁliorum
1234 2037 1339 2059 tuorum
1357 2033 1388 2065 “;
1402 2040 1470 2067 pene
1494 2031 1598 2062 addidi,
1615 2034 1642 2058 te
1654 2037 1723 2066 quo:

940 2087 994 2114 que
1009 2079 1137 2107 meliores
1163 2087 1196 2106 ac
1213 2079 1426 2115 praistantiores.
1453 2077 1511 2105 Hoc
1533 2082 1560 2105 et
1583 2076 1671 2108 vobis,
1700 2076 1724 2103 si

942 2125 1077 2158 adessem,
1099 2133 1238 2159 orassem;
1262 2129 1290 2152 et
1311 2133 1386 2152 nunc
1412 2128 1488 2160 opto.
1513 2124 1616 2151 Cretera
1633 2126 1724 2149 autem

941 2171 1021 2198 vobis
1046 2177 1120 2198 cura:
1135 2171 1199 2202 sint,
1214 2177 1246 2197 ac
1259 2173 1336 2205 pater
1348 2169 1430 2196 ﬁliam
1447 2169 1523 2196 vittis
1539 2168 1675 2197 redimiat.
1694 2170 1726 2193 ut

905 2212 1059 2250 D-optavit.
1076 2215 1134 2243 Hoc
1153 2216 1237 2248 enim,
1261 2219 1289 2244 et
1312 2215 1392 2244 sicuti
1418 2215 1522 2250 nuptiis
1540 2213 1724 2246 interfuimus,

109 2262 339 2296 pnescripsimus;
374 2270 471 2297 nempe
506 2263 627 2298 ipsorum
662 2269 777 2290 coronas
791 2269 861 2295 esse,
883 2266 1008 2290 nostrum
1040 2267 1132 2291 autem
1151 2271 1213 2292 esse
1234 2271 1340 2299 preces,
1364 2270 1433 2298 quas
1455 2263 1513 2290 scio
1532 2262 1600 2290 locis
1613 2259 1725 2289 minime

108 2309 234 2338 deﬁnitas
244 2318 276 2337 ac
290 2310 525 2346 circumscriptas.

160 2398 182 2415 "
208 2398 279 2428 Psai.
297 2407 400 2432 cxxvn,
417 2400 443 2427 5.
482 2400 504 2416 ιδ
522 2400 588 2427 ibid.
604 2399 633 2427 6.

145 2486 201 2523 (59)
220 2487 345 2515 Μᾶλλον
368 2485 455 2523 ὦμεν.
481 2487 534 2514 Pro
566 2484 640 2523 ὦμεν
669 2486 729 2515 Bill.
764 2485 891 2521 proponit

111 2522 239 2557 ἐρῶμεν,
274 2531 370 2558 nosque
391 2522 483 2550 mutuo
512 2522 609 2558 majori
636 2531 724 2550 amore
751 2529 893 2557 prosequa-

111 2565 179 2583 mur.

146 2592 202 2627 (60)
215 2592 458 2629 Πραγμᾳτεύεζαι.
473 2593 540 2621 Cod.
557 2591 792 2629 πραγματεύηται,
816 2596 893 2625 atque

110 2627 139 2654 id
151 2631 211 2660 agat
228 2635 258 2653 ac
269 2627 395 2654 moliatur
411 2628 488 2655 Deus.

147 2659 202 2697 (61)
224 2662 376 2696 Τιμιότητι.
391 2663 519 2690 Nonnulli
529 2662 610 2690 codd.
625 2669 657 2690 ac
670 2660 791 2697 Con-hei.
803 2659 893 2697 λογιό-

110 2695 182 2741 Ξηίςι,
200 2696 233 2723 ad
249 2695 548 2741 uestram‘taeunaiam.
572 2697 644 2730 Mox,
662 2705 711 2733 pro
727 2696 790 2731 περὶ
806 2695 892 2730 ὑμῶν,

111 2731 170 2758 Diu.
189 2731 315 2766 proponit
329 2731 399 2766 ὑπὲρ
415 2733 502 2768 ὑμῶν.
662 2731 672 2733 ’

148 2766 204 2802 (62)
226 2767 299 2795 Alias
332 2765 448 2796 CLXXI.
486 2767 592 2804 Scripta
619 2767 712 2796 eodem
737 2764 806 2793 forte
825 2769 895 2793 tem-

112 2809 186 2836 pore.

1046 2483 1182 2525 Εςὺώπιον
1194 2482 1213 2516 ἡ
1228 2480 1366 2517 φιλτάτη.
1378 2479 1439 2506 Bill.
1455 2478 1555 2514 Eoopia
1570 2479 1609 2506 lui
1623 2485 1726 2506 amore;

1005 2528 1017 2545 ε
1030 2527 1097 2546 mw.

943 2527 1098 2589 πῶἱῗῗίῗέ
1116 2552 1243 2586 ἀπάτην.
1268 2551 1337 2578 Cod.
1353 2550 1434 2582 2022,
1449 2554 1476 2577 et
1486 2548 1519 2576 Β.
1543 2549 1583 2580 είς
1605 2548 1729 2584 ἀγάπην,

941 2589 976 2615 ad
991 2588 1144 2615 amandum.

977 2623 1032 2656 (65)
1063 2622 1209 2656 Ἠττήθην
1230 2621 1283 2655 τῆς
1311 2619 1486 2656 ἀρῤωστίας.
1519 2618 1724 2647 Combeﬁsius:

940 2658 1033 2685 Morbo
1047 2658 1178 2685 succubui.

976 2693 1031 2728 (66)
1048 2692 1140 2728 Μετὰη
1151 2690 1336 2728 τῷνλᾷνθῶν.
1354 2690 1393 2717 Ita
1410 2688 1473 2717 cod.
1497 2692 1524 2717 et
1552 2687 1676 2717 Combef.
1696 2688 1727 2716 In

941 2725 1008 2756 edit.
1023 2725 1094 2756 μετὰ
1109 2727 1162 2753 τῶν
1177 2725 1290 2753 ἀνθέων.

978 2737 1008 2755 ιι.
1046 2737 1094 2754 ετα
1109 2737 1162 2753 των
1177 2737 1290 2753 ανυεων.

978 2737 1205 2834 (67ἶηροσᾲσω.
1217 2761 1255 2789 Ita
1269 2760 1330 2789 cod.
1346 2760 1424 2793 “05,
1439 2767 1470 2788 ac
1480 2759 1603 2788 Combef.
1617 2757 1647 2786 In
1662 2759 1727 2787 edit.

978 2807 1018 2825 ὶοσ
1039 2805 1100 2824 σων.

948 2805 1100 2834 προσᾳσων.
