1937 3055
73 133 136 164 57')

280 195 359 222 ΣΛιιι.
381 196 584 233 ΟΔΥΜΙΠΑΝῼ
605 198 683 233 (80').

752 138 921 168 EPISTULA
941 140 1092 168 CCXXXV‘.

1653 143 1708 173 3.75

1133 201 1298 229 CCXXXIV.
1316 202 1524 231 OLYMPIANO.

119 253 314 296 Olympianuf‘,
339 255 419 296 jnd'ex
444 256 564 290 optimus
583 260 610 283 et
633 262 728 284 orator
753 258 1006 296 eloquentissimus,
1032 260 1206 295 Cappadocia:
1228 261 1378 295 prmfectus.
1406 262 1501 288 librum
1524 261 1708 296 Epistolarum

78 289 237 331 Aristotelis
252 298 270 330 ιι
281 289 405 331 Gregorio
421 289 564 331 acceperat,
581 300 656 331 quem
666 295 784 327 exposcit
798 294 950 329 Gregorius,
965 289 1148 331 signi/iamque
1161 296 1202 323 his
1214 289 1310 323 litteris
1326 305 1352 323 se
1366 289 1488 331 recipere,
1505 304 1536 322 ne
1546 289 1601 323 iam
1618 299 1709 324 incor—

75 325 158 358 rupti
171 324 274 359 judicis
291 330 390 352 tentata
401 334 416 351 a
430 334 456 352 se
466 324 602 361 integritas
613 324 730 356 dicatur.

117 380 158 406 Τδ
177 380 290 407 πυκτίον
303 381 371 416 ὅπερ
395 380 509 415 εἴληφας
529 383 594 417 παρ’
611 382 702 417 ἡμῶν,
721 383 770 414 τὰς
798 382 870 416 Ἀρι-

958 381 1069 409 Librum
1086 390 1165 418 quem
1184 390 1198 409 a
1219 383 1298 410 nobis
1318 384 1466 418 accepisti,
1485 393 1539 419 quo
1553 387 1707 415 Aristotelis

80 427 228 458 στοτέλους
261 426 447 458 Ἐπιστολὰς,
476 426 612 462 ἐδυνάμην
640 427 690 463 μὲν
716 427 753 463 μὴ
775 428 873 454 ἀνακο-

81 472 231 507 μίσασθαι,
256 472 323 498 ἀλλὰ
342 472 416 508 παρὰ
434 473 474 499 σοὶ
501 473 591 508 μένειν
618 474 709 506 ἐᾶσαι,
734 473 818 508 λογίῳ
841 481 871 499 τε

79 518 172 554 δῶρον
187 518 296 549 οἰκεῖον,
311 518 358 545 καὶ
374 519 465 553 φιλίας
482 519 631 554 ὑπόμνημα
653 519 747 551 δεξιόν.
777 520 821 551 Ὠς
839 519 872 546 ἂν

79 563 110 590 δὲ
134 564 172 599 μὴ
189 564 297 600 γραφὴν
313 564 468 600 ἀπενέγκῃς
491 565 552 592 καθ’
571 567 587 600 ἡ
593 565 650 601 μῶν
665 567 714 601 τῆς
731 567 770 597 είς
784 566 871 601 ἀρχὴν

81 610 261 645 παρανομίας
278 610 324 635 καὶ
344 609 458 645 ὕϐρεως,
477 610 514 642 ὡς
536 611 582 638 καὶ
604 611 696 647 ῥήτωρ
714 611 769 645 (81)
787 610 871 637 δεινό-

80 664 167 686 τατος
183 656 229 682 καὶ
245 655 374 691 δικαστὴς
388 656 507 691 ἄριστος,
528 657 568 684 ὅτι
589 657 753 692 διαφθείρειν
769 658 872 692 ἐπιχει-

82 699 187 735 ροῦμεν
208 699 337 735 δικαστὴν
351 700 437 732 οὕτως
453 700 601 733 ἀνάλωτον,
624 701 671 727 καὶ
687 702 787 733 παντὸς
803 702 872 736 ὑψη-

81 745 193 780 λότερον
209 745 362 781 λήμματος,
381 746 473 781 ἡκέτω
496 747 577 773 πάλιν
592 747 657 782 ἡμῖν
675 747 689 773 ὃ
702 746 868 782 δεδώκαμεν.

80 790 188 818 Μισθὺν
207 791 235 817 δὲ
252 791 385 826 ζητοῦμεν
401 792 475 827 παρὰ
492 792 544 827 τῆς
561 793 610 828 σῆς
626 793 791 828 λογιότητος,
808 792 877 819 ἄλλο

84 837 135 871 μὲν
152 836 238 868 οὐδὲν,
253 837 290 871 (τί
305 837 358 872 γὰρ
375 837 407 863 ἂν
423 838 470 864 καὶ
484 837 558 873 δοίης
574 839 640 873 ἡμῖν
667 835 698 865 τὸ
717 838 783 874 μηδὲ
799 838 871 873 ἔχειν

82 881 302 917 φιλοσοφοῦσινς)
322 883 387 909 αὐτὸ
405 883 434 910 δὲ
450 883 480 910 τὺ
496 883 680 910 ἐπιστέλλειν
699 884 742 910 ἵνα
758 892 799 910 σοι
823 883 871 910 καὶ

82 929 153 964 πρὸς
170 929 248 964 λόγον
293 929 323 955 τὺ
336 929 387 964 τῆς
400 929 570 961 ἀντιδόσεως,
590 931 639 965 τὴν
650 931 696 957 ἐπὶ
710 931 769 962 ταῖς
790 929 870 956 Ἐπι-

81 975 211 1008 στολαῑς
222 975 301 1011 χάριν
313 975 346 1002 δι’
362 975 511 1002 ἐπιστολῶν
524 975 668 1004 διαλύοντι.

282 1095 364 1124 ΣΛΕν.
384 1096 583 1131 ΔΔΔΜΑΝΤΙῼ
603 1095 681 1133 (81⁸).

925 427 1050 462 Epistolw
1076 429 1270 462 continentur,
1288 421 1409 464 poteram
1429 431 1537 464 quidem
1558 439 1610 458 non
1638 433 1709 460 reci-

923 480 996 506 pere,
1015 481 1107 500 verum
1131 481 1214 507 penes
1232 479 1257 501 te
1273 474 1438 509 relinquere,
1465 483 1566 502 munus
1581 477 1708 504 videlicet

923 518 1030 545 erudito
1044 520 1103 545 viro
1115 524 1207 553 aptum
1219 540 1225 551 ,
1241 523 1268 546 et
1282 520 1455 546 commodum
1475 521 1601 548 amicitiae
1620 523 1708 549 moni-

923 569 1055 600 mentum.
1079 564 1179 592 Verum
1201 573 1252 597 ue,
1271 570 1300 592 ut
1314 571 1407 593 orator
1428 566 1670 601 eloquentissimus
1681 572 1710 596 et

921 610 1004 645 judex
1021 610 1151 644 optimus,
1168 610 1321 645 iniquitatis
1340 614 1367 638 et
1384 611 1554 638 contumelia:
1577 613 1708 641 adversus

924 656 1092 691 praefecturae
1109 656 1269 691 dignitatem
1291 655 1419 684 admissa:
1437 657 1527 684 dicam
1543 658 1624 685 uobis
1654 659 1708 685 im-

924 701 1031 735 pingas,
1057 700 1130 734 quod
1159 703 1213 726 tam
1234 700 1369 735 integrum
1388 704 1415 726 et
1431 699 1619 735 incorruptum
1633 700 1707 735 judi—

924 753 982 774 cem
1001 750 1083 780 atque
1099 747 1172 772 omni
1189 749 1294 780 quaestu
1313 745 1517 778 sublimiorem,
1534 752 1709 780 corrumpere

924 796 1072 823 tentamus,
1093 790 1186 818 redeat
1205 790 1238 817 ad
1254 798 1304 817 nos
1317 790 1343 817 id
1360 790 1431 825 quod
1451 791 1586 819 dedimus.
1605 787 1723 818 lllerce-‘

923 838 983 864 dem
999 841 1088 864 autem
1103 845 1118 863 ιι
1129 840 1166 868 te,
1182 836 1241 863 viro
1257 835 1377 868 erudito,
1394 836 1496 862 nullam
1518 836 1597 863 aliam
1613 842 1708 871 postu-

924 882 1022 914 lamus,
1032 881 1109 916 (quid
1121 882 1195 908 enim
1211 881 1291 909 nobis
1303 881 1393 914 dares,
1411 881 1509 916 quibus
1524 882 1593 908 nihil
1609 882 1709 909 habere

923 927 1014 955 studio
1037 931 1079 954 est
1090 927 1111 963 τ)
1127 934 1209 962 quam
1226 927 1278 954 hoc
1304 927 1409 961 ipsum,
1425 931 1454 953 ut
1472 927 1505 954 ad
1521 935 1571 955 nos
1590 927 1706 955 scribas.

885 991 906 1018 Β
923 975 969 1002 Sic
983 975 1056 1002 enim
1077 981 1154 1009 aequa
1174 974 1222 1000 tibi
1239 974 1425 1001 remuneratio
1438 973 1508 1006 erit,
1527 973 1708 1008 Epistolarum

920 1020 1084 1048 beneficium
1099 1027 1148 1054 per
1161 1020 1293 1055 epistolas
1305 1019 1476 1047 dissolventi.

1128 1096 1282 1126 CCXXXV.
1297 1096 1505 1125 ADAMANTIO.

122 1163 265 1202 Rhetorica:
288 1163 368 1202 libros
386 1164 532 1202 postulanti
552 1164 724 1195 Adamantio.
747 1165 838 1202 scribit
854 1165 996 1200 Gregorius
1014 1166 1136 1200 petendos
1160 1167 1248 1199 potius
1268 1174 1352 1192 sacra:
1365 1165 1508 1201 Scriptura!
1527 1166 1606 1194 libros
1622 1173 1710 1202 utpote

84 1199 208 1237 utiliores
227 1203 250 1225 et
271 1199 492 1237 aptiores._tll_ittit
508 1204 595 1226 tamen
611 1207 674 1234 quos
684 1200 874 1237 postulauerat,
893 1199 1019 1236 quotquot
1035 1202 1118 1227 tineas
1135 1206 1159 1227 et
1175 1209 1260 1228 mures
1273 1199 1429 1236 e/fugerunt.
1448 1207 1583 1237 "tenetque
1598 1203 1630 1229 iis
1641 1199 1708 1231 ιὲιιηι

83 1234 210 1271 prmclure
224 1241 345 1271 usurum.
360 1234 383 1261 si
399 1234 444 1271 Dei
461 1238 558 1271 metus.
576 1242 655 1271 quem
667 1235 701 1262 ab
716 1235 843 1263 omnibus
858 1241 884 1263 et
899 1234 998 1271 ubique
1010 1237 1062 1262 coli
1076 1240 1193 1271 oportet,
1209 1234 1488 1270 srtpet-etraltitatcm.
1504 1234 1634 1264 Si'miuus
1646 1239 1706 1271 plli-

84 1269 246 1307 losttplticttrn
263 1269 422 1307 ddamantio
446 1270 566 1307 uideatur
585 1269 655 1303 quod
677 1270 790 1303 pretium
809 1271 936 1298 librorum
956 1269 1252 1306 ‘postulethregoriua’
1271 1271 1407 1305 respondet
1426 1279 1434 1298 :
1451 1271 1491 1298 Tu
1507 1273 1574 1299 mihi
1590 1269 1708 1307 pretium

85 1305 171 1335 solve,
189 1304 368 1338 objectionem
386 1309 475 1331 autem
494 1305 600 1331 solvent
616 1311 760 1339 pauperes.

121 1374 210 1405 Δίτεῑς
226 1373 282 1408 (8Ξ)
298 1374 400 1400 πυκτία
424 1375 490 1409 παρ’
504 1373 582 1409 ἡμῶν
597 1375 639 1406 είς
663 1374 810 1410 ῥητορικὴν
826 1374 872 1400 ἀν-

84 1419 214 1454 ηὸἀσκων
228 1419 307 1455 (82'),
324 1419 356 1454 ἢν
365 1421 385 1454 ,ἡ
391 1421 450 1455 μεῖς
459 1420 655 1456 κατελύσαμεν,
666 1421 698 1446 ἐκ
713 1420 780 1446 Θεοῦ
788 1429 817 1446 τε
826 1420 874 1446 καὶ

85 1466 129 1492 διὰ
148 1465 214 1492 Θεὸν
232 1464 288 1492 ἄνω
311 1465 464 1497 νεύσαντες.
486 1466 594 1502 Ἐπειδὴ
618 1467 701 1502 ἐχρῆν
719 1475 784 1493 ποτε
802 1466 872 1492 παύ-

87 1511 185 1538 σασθαι
202 1511 347 1543 παίζοντας
363 1512 447 1546 ἡμᾶς,
465 1512 511 1538 καὶ
531 1511 565 1538 τὰ
583 1511 730 1547 μειρακίων
748 1511 871 1546 ψελλιζοο

87 1556 194 1592 μένους,
211 1556 259 1583 καὶ
274 1556 340 1592 πρὸς
354 1556 402 1591 τὴν
421 1555 549 1592 ἀληθινὴν
564 1556 699 1591 ἀνακύψαι
718 1557 869 1588 παίδευσιν,

86 1601 134 1629 καὶ
147 1601 238 1628 δοῦναι
250 1601 289 1636 τῷ
305 1602 383 1636 Λόγῳ
398 1603 461 1633 τοὺς
477 1602 571 1636 λόγους
587 1603 656 1637 μετὰ
669 1602 724 1629 τῶν
735 1602 833 1634 ἄλλων,
852 1602 871 1629 ἆ

87 1655 152 1673 ποτε
172 1647 292 1682 εἴχομεν.
309 1647 424 1674 Κάλλιον
441 1647 490 1682 μὲν
506 1647 530 1673 εἰ
548 1647 640 1678 θεῖκὰς
663 1647 737 1682 ᾔτεις
751 1647 869 1682 βίϐλους,

86 1692 155 1719 ἀλλὰ
180 1692 217 1728 μὴ
240 1692 356 1724 ταύτας·
374 1693 435 1719 ἐπεὶ
459 1693 506 1720 καὶ
529 1692 753 1728 λυσιτελεστέρας
768 1701 808 1720 σοι
824 1693 870 1719 καὶ

86 1738 252 1772 οἰκειοτέρας
276 1737 383 1769 ἐκείνας
405 1737 525 1773 οἴδαμεν.
558 1738 667 1773 Ἐπειδὴ
684 1738 712 1764 δὲ
729 1739 765 1765 τὰ
786 1738 870 1773 χείρω

87 1783 150 1817 νικᾷ
169 1782 214 1808 καὶ
241 1782 414 1816 μεταπείθειν
439 1783 488 1809 οὐκ
514 1783 597 1814 ἐστιν,
617 1783 671 1809 ίδού
699 1791 741 1809 σοι
766 1784 812 1810 καὶ
835 1783 870 1810 τὰ

88 1828 189 1855 πυκτία
204 1829 268 1864 παρ’
283 1828 361 1863 ἡμῶν
377 1829 448 1864 ἆπερ
461 1829 549 1860 αἰτεῖς
570 1828 697 1863 (85),ὃσα
708 1829 772 1860 τοὺς
787 1829 869 1863 σῆτας

87 1872 208 1909 διέφυγε,
230 1873 277 1899 καὶ
299 1873 344 1900 τὸν
366 1873 478 1905 καπνὸν,
503 1873 573 1908 ὑπὲρ
587 1870 617 1900 οὒ
637 1874 789 1905 κατέκειτο,
802 1873 869 1900 καθ-

89 1919 160 1954 άπερ
184 1920 240 1949 τοῖς
265 1920 401 1950 ναυτικοῖς
428 1918 463 1945 τὰ
496 1919 612 1953 πηδάλια
638 1919 705 1955 (85⁸)
731 1919 800 1955 μετὰ
824 1920 870 1946 τὸν

88 1963 172 1990 πλοῦν
195 1964 242 1990 καὶ
266 1963 315 1998 τὴν
341 1963 425 1999 ὥραν.
454 1964 490 1990 Σὺ
509 1964 537 1990 δέ
553 1973 598 1999 μοι
614 1965 805 1999 προεισένεγκε
821 1965 871 2000 τῆς

90 2008 247 2044 σοφιστικῆς
271 2009 309 2044 μὴ
335 2009 521 2052 μικρολόγωῆ
547 2010 614 2045 μηδὲ
633 2010 777 2046 ἀμυδρῶς,
802 2010 870 2037 ἀλλὰ

89 2055 137 2082 καὶ
157 2054 216 2081 λίαν
237 2055 426 2087 ἐπιδεικτικῶς
450 2056 497 2082 καὶ
521 2056 672 2090 γενναίως,
697 2056 789 2092 ἐπειδὴ
825 2057 871 2083 καὶ

90 2100 186 2127 πολλοῦ
203 2100 276 2132 ἄξιον
292 2100 356 2135 ὑμῖν
383 2101 406 2127 ot
425 2101 610 2136 Κυναίγειροι,
625 2102 672 2128 καὶ
687 2103 711 2128 oi
728 2101 869 2137 Καλλίμα-

90 2154 141 2181 χοι,
160 2146 207 2172 καὶ
221 2146 255 2172 τὰ
278 2146 394 2182 τρόπαια
409 2146 546 2181 Μαραῦών
561 2156 590 2173 τε
616 2147 662 2174 καὶ
678 2148 809 2182 Σαλαμὶς,
824 2149 869 2183 ὑφ’

960 1373 1057 1401 Libros
1071 1381 1085 1400 a
1101 1373 1181 1401 nobis
1197 1374 1278 1409 petis,
1291 1374 1325 1401 ad
1335 1373 1486 1401 rhetoricen
1512 1375 1708 1409 repubescens.

924 1426 1006 1453 qualn
1020 1426 1071 1445 uos
1086 1418 1251 1453 abjecimus,
1268 1427 1330 1446 cum
1350 1419 1442 1445 divino
1464 1419 1597 1446 instinctu
1613 1428 1644 1446 ac
1661 1419 1708 1447 Dei

924 1471 1008 1491 causa
1032 1464 1059 1491 in
1083 1465 1182 1492 ctelum
1211 1464 1307 1492 oculos
1331 1465 1479 1492 ereximus.
1499 1463 1638 1499 Siquidem
1658 1474 1708 1493 nos

925 1508 1072 1543 aliquando
1091 1509 1200 1536 tandem
1219 1509 1298 1536 tinem
1326 1510 1446 1541 ludendi,
1464 1517 1495 1537 ac
1520 1510 1615 1545 puerili
1632 1518 1708 1538 more

922 1554 1092 1581 balbutiendi
1114 1555 1203 1583 facere
1217 1555 1360 1590 oportebat
1372 1575 1379 1586 ,
1399 1559 1480 1590 atque
1493 1556 1526 1582 ad
1537 1563 1629 1583 veram
1645 1564 1708 1584 eru-

922 1600 1052 1627 ditionem
1066 1601 1189 1635 aspirare
1199 1621 1205 1633 ,
1224 1608 1255 1627 ac
1273 1599 1363 1628 Verbo
1378 1609 1519 1628 sermones
1531 1609 1583 1628 una
1597 1610 1659 1629 cum
1673 1603 1707 1630 iis

921 1646 1059 1678 omnibus,
1075 1654 1136 1681 quae
1155 1647 1294 1681 quondam
1309 1646 1488 1680 habebamus,
1509 1648 1613 1675 muneri
1629 1648 1706 1675 dare.

920 1690 959 1717 Ac
977 1691 1118 1724 pulchrius
1136 1691 1247 1725 quidem
1273 1689 1395 1722 faceres,
1425 1691 1448 1718 si
1473 1691 1580 1719 divinos
1601 1692 1705 1725 libros,

920 1744 975 1763 non
998 1740 1088 1763 autem
1107 1736 1157 1763 hos
1174 1740 1299 1770 peteres;
1323 1735 1543 1771 quandoquidem
1562 1737 1623 1764 illos
1638 1745 1706 1772 quo-

921 1790 974 1816 que
988 1781 1036 1809 tibi
1052 1782 1174 1809 utiliores
1191 1786 1272 1816 atque
1292 1782 1412 1816 aptiores
1434 1790 1494 1810 esse
1505 1783 1619 1810 scimus.
1634 1783 1707 1815 Quo-

921 1828 994 1854 niam
1015 1833 1104 1854 autem
1128 1828 1264 1855 deteriora
1287 1828 1444 1864 superiores
1459 1833 1551 1863 partes
1569 1829 1706 1862 obtinent,

921 1882 972 1901 nec
992 1882 1007 1900 a
1025 1874 1159 1901 sententia
1172 1873 1269 1901 deduci
1285 1879 1378 1909 potes,
1397 1882 1431 1901 en
1446 1875 1530 1903 libros
1548 1883 1595 1902 eos
1619 1883 1634 1902 a
1657 1883 1706 1902 nc-

923 1920 963 1946 bis
988 1919 1084 1951 habes,
1116 1927 1184 1954 quos
1214 1920 1348 1954 postulas,
1374 1928 1440 1953 eos,
1468 1920 1591 1955 inquam,
1611 1928 1706 1948 omnes

921 1966 966 2000 qui
990 1965 1079 1992 tineas
1104 1966 1258 2000 etl'ugerunt
1285 1965 1445 2001 fumumque
1458 1974 1540 2001 supra
1561 1974 1641 2001 quem
1659 1967 1705 1993 siti

921 2015 1011 2043 erant,
1029 2011 1258 2046 quemadmodum
1273 2012 1365 2039 nautis
1379 2012 1565 2046 gubernacula
1581 2016 1642 2047 post
1657 2021 1706 2039 ua-

922 2056 1084 2091 vigationem
1109 2064 1141 2084 ae
1156 2057 1301 2091 navigandi
1326 2062 1443 2092 tempus.
1462 2057 1502 2085 Tu
1526 2066 1590 2085 vero
1610 2059 1704 2092 sophi-

922 2102 1009 2129 sticen
1031 2101 1130 2129 adhibe
1146 2121 1152 2132 .
1178 2110 1232 2129 non
1259 2105 1362 2130 minute
1383 2103 1461 2138 193
1479 2107 1505 2130 et
1522 2103 1629 2138 ignave.
1657 2105 1704 2131 scd

921 2155 1052 2182 perquam
1087 2147 1230 2175 ambitiose
1259 2155 1292 2174 ac
1316 2147 1423 2175 fortiter
1449 2156 1456 2174 :
1483 2149 1706 2184 quandoquidem

90 2186 128 2217 ὧν
147 2190 224 2217 αὐτοί
246 2199 276 2216 τε
299 2191 456 2225 εὐδαίμονες
479 2189 547 2218 εἶναι
570 2192 704 2226 νομίζετε,
721 2193 766 2219 καὶ
783 2195 869 2219 ποιεῖν

925 2192 993 2226 apud
1014 2200 1062 2220 vos
1082 2200 1190 2227 quoque
1210 2193 1350 2228 magnoin
1369 2193 1472 2221 honore
1488 2201 1520 2220 ac
1538 2195 1626 2228 pretio
1640 2199 1705 2223 sunt

89 2237 151 2268 τοὺς
166 2237 251 2269 νέους.
263 2236 355 2263 Ταῦτα
366 2237 414 2271 μὲν
425 2238 464 2268 είς
478 2237 604 2263 τοσοῦτον
617 2238 757 2270 παιςέσθω
767 2238 833 2273 (84),
846 2239 870 2265 εί

90 2282 136 2308 καὶ
151 2281 202 2314 ἔξω
217 2281 265 2308 τοῦ
280 2282 375 2317 καιροῦ
389 2282 436 2309 καὶ
451 2283 500 2317 τῆς
515 2284 652 2319 ἡμετέρας
669 2285 869 2320 προαιρέσεως·

90 2326 146 2354 ἀλλ’
163 2328 194 2353 ὲκ
216 2327 266 2361 τῆς
282 2327 399 2358 παλαιᾶς
416 2327 567 2362 συνηθείας.
585 2328 617 2354 Σὲ
638 2329 666 2354 δὲ
687 2329 728 2364 εἴη
745 2329 793 2355 καὶ
806 2330 872 2365 κτή-

91 2373 186 2399 σασθαι
212 2372 308 2403 ταῦτα,
328 2374 375 2400 καὶ
398 2373 551 2409 χρήσασθαι
570 2375 609 2405 είς
631 2374 712 2401 καλὸν
733 2377 790 2407 τοῖς
805 2384 871 2411 κτη-

90 2420 166 2446 θεῖσι.
184 2420 281 2455 Χρήσῃ
292 2419 320 2446 δὲ
335 2419 415 2452 οὕτω,
430 2419 477 2446 τοῦ
491 2420 562 2446 Θείου
577 2421 660 2455 φόϐου
675 2421 805 2454 νικῶντος
820 2423 870 2458 τὴν

92 2466 254 2502 ματαιότητα
276 2465 315 2500 (ὃν
339 2466 405 2492 πᾶσι
426 2465 472 2492 καὶ
493 2466 629 2501 πανταχοῦ
643 2467 794 2502 τιμητέον),
809 2468 870 2494 ὅσον

125 2554 190 2587 (80')
208 2555 281 2590 Alias
301 2554 403 2590 CLXV.
417 2554 523 2590 Scripta
552 2555 656 2582 incerto
683 2559 815 2590 tempore.
835 2571 870 2578 --

97 2589 286 2623 Ὀλυμπιανῴ
300 2589 366 2617 Cod.
380 2590 468 2625 1405,
480 2589 540 2615 Ὀλυ
546 2590 630 2625 μπίῳ.

126 2625 178 2659 (8|)
201 2625 261 2660 '99
275 2625 324 2651 καὶ
338 2624 446 2658 prium.
461 2624 501 2660 lta
515 2624 596 2651 iidem
612 2625 726 2652 codd.et
740 2626 785 2652 alii
801 2633 870 2660 quo-

91 2666 149 2696 rum
159 2659 481 2696 auctoritatedelevinrus
491 2659 515 2696 ῥ.
530 2660 635 2696 ΙηΔειΙίι.
644 2661 682 2691 ὼς
690 2661 737 2687 καὶ
744 2662 758 2686 ὁ
766 2659 867 2696 ῥήτωρ.

136 2694 278 2730 δί’)ΑΙίιιξ
298 2693 545 2730 ΟΧΩΙΧηΞεηίριιι
563 2693 668 2730 incerto
684 2693 813 2730 tempore.

136 2729 178 2763 82)
196 2728 300 2761 Αιτεῖς.
320 2728 357 2756 ita
381 2729 455 2760 cod.,
483 2728 614 2760 Moutac.,
629 2728 816 2762 Morel.,'iiill.
837 2737 870 2757 ac

91 2763 211 2799 Combef.
228 2763 255 2790 In
269 2764 335 2790 edit.
349 2764 433 2799 ᾑτεις.

125 2797 189 2832 (82')
209 2797 487 2832 ’Arnb’a’miiorﬁod.
506 2798 586 2833 1405,
601 2799 717 2827 Montac.
733 2803 760 2828 et
774 2798 866 2828 Morel.

93 2831 250 2859 ἀναὸαίνων.

111 2840 175 2860 ναοα
178 2840 239 2860 ινων
242 2854 250 2862 .

921 2237 1053 2273 Cynaegiri
1069 2243 1095 2265 et
1113 2238 1290 2270 Callimachi,
1307 2246 1339 2266 ac
1355 2239 1524 2267 Marathonis
1541 2244 1568 2267 ct
1584 2240 1704 2267 Salami-

921 2291 964 2310 ms
981 2283 1116 2318 trophaeo:
1132 2283 1168 2310 ob
1183 2292 1244 2318 quae
1266 2288 1292 2312 et
1312 2284 1405 2312 felices
1419 2293 1469 2312 vos
1485 2286 1558 2320 ipsos
1572 2294 1633 2313 esse
1646 2286 1702 2313 exi-

921 2327 1053 2360 stimatis,
1071 2331 1099 2354 et
1114 2327 1270 2356 felicitatem
1291 2328 1512 2357 adolescentibus
1523 2330 1628 2357 aderre.
1653 2332 1703 2360 At-

921 2381 974 2407 que
996 2374 1054 2402 haee
1077 2375 1141 2409 joco
1166 2375 1241 2402 dicta
1269 2375 1336 2408 sint,
1352 2376 1485 2404 etiamsia
1499 2380 1621 2411 tempore
1634 2381 1661 2403 et
1688 2385 1703 2403 a

921 2424 1016 2447 nostro
1031 2421 1159 2448 instituto
1174 2422 1276 2453 aliena,
1291 2425 1318 2447 at
1332 2429 1364 2448 ex
1376 2422 1460 2449 veteri
1476 2426 1569 2450 nostra
1587 2429 1703 2449 consue-

920 2464 1024 2491 tudine.
1052 2464 1112 2492 Ti-bi
1139 2469 1228 2493 autem
1258 2465 1316 2493 haec
1338 2465 1454 2501 adipisci
1477 2466 1620 2502 contingat
1641 2486 1650 2499 ,
1675 2470 1703 2494 et

956 2554 1011 2589 (85)
1030 2556 1122 2589 Ἀπερ
1148 2555 1248 2587 αἰτεῖς.
1274 2556 1313 2582 lta
1328 2555 1365 2582 id.
1392 2556 1455 2583 cod.
1477 2559 1505 2584 et
1527 2555 1648 2584 Combef.
1670 2555 1701 2583 In

920 2591 985 2617 edit.
1000 2591 1069 2625 ἅπερ
1082 2589 1183 2625 ζητεῖς.

955 2625 1021 2658 (85‘)
1040 2625 1102 2657 Τοῖς
1118 2625 1269 2660 Ῑαυτικοῗς
1285 2625 1322 2652 τὰ
1337 2625 1478 2659 πηδάλια.
1499 2625 1574 2653 Hanc
1591 2633 1702 2660 compa-

919 2660 1103 2696 rationeurab
1114 2659 1235 2696 (Hesiodo
1246 2661 1379 2688 mutuavit
1391 2660 1549 2696 Gregorius.
1570 2660 1635 2689 Vide
1648 2659 1700 2688 no-

919 2699 962 2722 tas
976 2693 1009 2720 ad
1023 2694 1166 2728 epistolam
1183 2702 1220 2722 χι.

955 2729 1010 2764 (84)
1023 2730 1075 2761 Εἰς
1091 2729 1237 2756 τοσοῦτον
1255 2729 1409 2760 παιζέσθω.
1426 2730 1493 2758 Cod.
1512 2731 1580 2758 “05
1598 2731 1699 2758 πεπαί-

919 2764 986 2799 χθω.
1002 2765 1030 2801 l_|_i
1048 2771 1085 2801 eo»
1096 2763 1247 2801 cod.~tleest
1261 2766 1336 2801 ἡμῖν,
1353 2766 1424 2800 quod
1437 2766 1535 2793 habent
1545 2767 1610 2793 editi
1623 2766 1700 2793 Mon-

919 2798 986 2837 ta_c.,
1005 2798 1098 2837 lliorel.
1114 2803 1141 2837 et
1159 2798 1288 2837 Combefl'
1301 2801 1341 2837 είς
1356 2798 1482 2829 τοσοῦτον
1496 2801 1647 2837 πεπαίχοω.
1669 2801 1698 2829 ιιι

920 2834 984 2861 edit.
1000 2835 1039 2865 είς
1053 2833 1178 2861 τοσοῦτον
1193 2835 1258 2870 ἡμῖν
1270 2835 1418 2868 παιζέσοω.
