1937 3055
71 175 119 201 581
750 173 919 202 EPISTOLA
938 173 1041 202 CCXL.

1638 171 1692 200 582

69 232 105 257 δι’
119 231 217 258 ἑαυτοῦ
231 231 276 258 τὸν
291 231 345 258 τῶν
362 231 401 267 (1)
415 231 538 266 ἀγγέλων
552 231 640 267 χορόν.
661 231 753 258 Πάντα
766 233 851 258 ταῦτα

907 231 1060 266 tugelorum
1075 230 1176 258 chorus
1188 233 1343 265 augeretur.
1366 229 1442 262 Haec,
1462 230 1584 265 inquam,
1609 236 1693 266 atquo

70 276 161 303 καὶτὰ
177 276 289 303 τοιαῦτα
305 277 390 312 χαρᾶς
402 277 449 303 καὶ
456 277 623 313 εὐφροσύνης
633 277 743 312 ἀφορμὴ
752 276 791 310 (2)
799 277 855 307 τοῖς

70 322 141 356 πρὸς
155 322 205 358 τὴν
220 322 349 357 ἀλήθειαν
367 322 492 357 βλέπουσι
506 322 576 349 κατὰ
590 323 619 349 τὸ
636 322 799 356 Εὐαγγέλιον
813 322 856 356 γί-

69 375 158 395 νεται.
181 368 289 403 Ἐπειδὴ
305 368 333 394 δὲ
349 368 476 404 συνήθειά
490 376 532 400 τις
549 369 699 404 ἐκράτησεν
713 367 784 395 ὥστε
809 368 856 395 καὶ

71 413 282 450 σκυθρωπάζειν
298 414 344 440 ἐπὶ
359 415 393 450 τῇ
424 415 587 449 μεταστάσει
609 413 663 441 τῶν
686 414 782 448 ἁγίων,
809 414 856 440 καὶ

70 459 124 494 τῆς
139 460 215 494 παρὰ
229 459 284 486 τῶν
308 460 457 494 ἀγαπητῶν
483 459 680 495 παρακλήσεως
704 459 854 493 ἀξιοῦσθαι,

70 505 168 532 τούτου
181 506 262 532 ἕνεκα
282 505 444 540 σκυθρωπὸν
460 505 508 540 μέν
526 514 552 532 τι
576 505 623 532 καὶ
647 505 779 540 κατηφὲς,
793 505 855 531 οὔτε

70 550 188 586 λαλῆσαι
211 550 414 586 καταδεχόμεθα
430 551 478 586 (5),
505 550 566 577 οὔτε
589 551 652 586 ὑμῖν
675 550 856 586 συμϐουλεύο-

71 605 124 632 μεν
145 597 272 631 ὑποσχεῖν
288 596 338 628 τὰς
352 597 438 628 ἀκοὰς
461 598 516 628 τοῖς
538 596 668 628 τοιούτοις
689 596 743 623 τῶν
757 596 853 630 λόγων.

70 641 129 676 Τὴν
151 641 179 667 δὲ
202 641 427 676 χρεωστουμὲνην
444 641 615 677 παράκλησιν
634 641 854 676 ἀποπληροῦμεν,

69 687 101 713 ὲν
124 686 163 721 τῷ
191 685 389 721 συμϐουλεῦσαι
412 686 449 722 (4)
475 687 508 722 τῇ
532 686 689 722 κοσμιότητι
703 686 790 721 ὑμῶν,
811 687 856 713 ἀεὶ

70 733 139 769 πρὸς
162 733 264 759 ἐκεῖνον
282 733 402 768 βλέπειν,
416 733 460 760 διά
481 733 528 760 τοῦ
551 734 619 768 πρὸς
632 733 761 768 ἀλλήλους
777 734 853 768 ὀρᾷν.

69 778 155 805 Τοῦτο
168 779 224 815 γὰρ
238 779 384 814 εὐχόμεθα,
406 779 522 806 ἕκαστον
546 779 593 805 καὶ
609 779 726 814 ἑκάστην
747 779 786 814 τῷ
804 779 854 815 βίῳ

68 824 117 850 τοῦ
151 825 285 860 μακαρίου
316 825 509 860 μορφωθῆναι,
537 824 608 851 ὥστε
636 825 700 851 ὅταν
725 824 854 860 ἀλλήλους

68 869 161 904 ὁρᾶτε,
177 869 405 906 πληροφορείσθω
428 871 509 905 ὑμᾶς,
534 870 575 896 ὅτι
592 869 631 904 τῷ
644 870 746 896 ἐκείνου
769 879 853 905 χαρα-

69 916 150 950 κτῆρι
158 915 332 947 ὲνατενίζετε.
344 915 496 951 Μορφούτω
508 914 557 950 τὴν
567 915 638 950 ζωὴν
649 915 725 950 ὑμῶν
735 915 764 942 τὺ
781 915 852 942 ὲκεί-

68 969 115 987 νου
124 960 284 996 καθαρὸν,τὸ
291 960 434 996 ἀόργητον,
441 963 458 996 ἡ
467 960 731 996 ταπεινοφροσύνη,ἡ
740 961 853 996 ἐνεργὴς

67 1002 213 1038 φιλοσοφία
223 1004 273 1039 (5),
281 1004 311 1030 τὸ
322 1004 365 1031 άεὶ
384 1005 450 1040 πρὸς
462 1005 507 1031 τὸν
517 1004 582 1032 Θεὸν
592 1006 791 1040 συντεταμένην
804 1005 853 1041 τὴν

66 1047 157 1083 ψυχὴν
171 1049 252 1083 ἔχειν,
270 1049 300 1076 τὸ
317 1049 354 1085 μὴ
370 1049 437 1085 πρὸς
452 1050 501 1081 τὰς
523 1050 630 1082 ἀπάτας
645 1050 693 1076 τοῦ
719 1050 776 1085 βίου
792 1051 853 1077 τού-

66 1101 116 1120 Ιιπου
144 1093 354 1129 μετεωρίζεσθαι
376 1095 432 1130 (6)·
455 1095 498 1122 ἴνα
517 1095 604 1122 ταῦτα
624 1096 653 1122 ἐν
674 1095 797 1131 ἀλλήλοις
813 1096 851 1130 (7)

67 1138 224 1173 βλέποντες,
244 1139 275 1165 τὺ
296 1140 400 1166 ἐκείνου
426 1140 596 1175 μνημόσυνον
621 1141 651 1168 ὲν
672 1141 778 1172 ἑαυτοῖς
801 1141 853 1174 ζω-

66 1185 241 1220 γραφήσητε,
258 1185 304 1212 καὶ
319 1185 379 1212 οὔτε
395 1187 506 1219 ἐκεῖνος,
521 1185 582 1212 οὔτε
603 1186 681 1222 ὑμεῖς
701 1187 731 1213 ὲν
746 1187 853 1223 θανάτῳ

66 1230 229 1265 γενήσησθε.
254 1231 299 1258 Ἐν
317 1231 370 1268 γὰρ
385 1232 423 1267 τῷ
441 1232 565 1268 ὑμετέρῳ
586 1232 635 1268 βίῳ
653 1234 777 1265 κάκεῖνος
798 1233 852 1266 ζῶν

66 1275 215 1308 διαπαντὸς
228 1277 454 1312 ἐπιδειχθήσεται,
469 1278 516 1304 καὶ
531 1279 609 1313 ὑμεῖς
623 1278 667 1305 διὰ
685 1279 734 1314 τῆς
746 1279 852 1314 ἀγαθῆς

68 1318 217 1351 πολιτείας,
243 1319 293 1355 τῆς
319 1320 366 1347 τοῦ
395 1320 509 1348 θανάτου
535 1323 675 1354 κοινωνίας
697 1323 852 1359 ἀλλοτρίους

67 1365 181 1396 ἑαυτοὺς
203 1366 397 1402 καταστήσετε.
424 1367 609 1403 Ἐῤῥωμένους
623 1369 704 1403 ὑμᾶς,
721 1369 793 1406 ψυχῇ
807 1371 853 1396 καὶ

69 1409 176 1444 σώματι
201 1411 404 1446 προκόπτοντας
421 1412 471 1448 (8),
487 1414 516 1439 ὲν
529 1414 561 1448 τῇ
577 1413 687 1448 δυνάμει
705 1414 752 1440 τοῦ
774 1415 851 1449 ἁγίου

69 1455 227 1490 Πνεύματος
239 1457 254 1483 ό
269 1456 369 1492 Κύριος
380 1458 510 1490 σκεπάζοι
523 1458 561 1494 (9)
574 1459 762 1494 μεμνημένους
773 1459 852 1495 ἡμῶν

68 1501 98 1527 ὲν
112 1502 171 1532 ταῖς
187 1503 351 1537 προσευχαῖς

278 1602 360 1629 me.
385 1603 547 1640 ΕΠΙΦΑΝΙῼ
566 1604 633 1641 (ιο).

906 276 958 303 alia
975 274 1111 310 ejusmodi
1128 294 1135 307 ,
1154 275 1189 302 iis
1206 295 1213 307 ,
1239 275 1288 309 qui
1304 282 1340 302 ex
1364 275 1506 310 Evangelii
1528 278 1692 312 praescripto

906 321 1050 355 conjeclos
1066 321 1094 348 in
1119 320 1263 347 veritatem
1289 320 1386 347 oculos
1414 321 1514 347 habent
1541 322 1633 355 gaudii
1657 331 1691 351 ac

906 367 1005 394 laetitiae
1017 369 1205 401 argumentum
1216 365 1366 393 exsistunt.
1376 365 1509 398 Quoniam
1521 370 1610 393 autem
1622 375 1691 396 usus

905 411 1017 447 quidam
1037 415 1064 438 et
1079 410 1254 438 consuetudo
1271 410 1323 437 hoc
1340 410 1474 442 obtinuit,
1487 414 1518 437 ut
1530 411 1564 438 ob
1578 417 1690 439 sancto-

906 465 966 484 rum
990 457 1114 484 virorum
1139 464 1172 484 ex
1195 456 1248 482 hac
1269 456 1325 483 vita
1353 456 1509 484 discessum
1527 460 1554 484 et
1572 464 1691 486 mmrore

906 502 1072 534 alliciamur,
1083 506 1111 530 et
1129 502 1164 529 ab
1178 502 1223 533 iis,
1235 501 1282 536 qui
1301 502 1377 529 chari
1394 502 1474 530 nobis
1491 506 1573 536 sunt,
1589 511 1690 531 conso-

906 549 1036 575 lationem
1057 548 1248 583 accipiamus;
1267 555 1329 575 eam
1345 548 1381 575 ob
1402 555 1514 575 causam
1532 549 1612 576 triste
1629 551 1690 585 qui-

905 593 966 621 dem
992 602 1024 621 ae
1051 599 1178 621 maestum
1198 593 1313 628 aliquid,
1345 601 1395 620 nec
1417 594 1492 629 loqui
1510 596 1689 629 sustinemus,

905 647 965 671 nec,
983 643 1015 666 ut
1037 639 1195 674 huiusmodi
1216 639 1393 666 sermonibus
1416 646 1498 668 aures
1521 640 1689 676 subjiciatis,

905 689 1031 713 auctores
1047 685 1124 712 vobis
1140 692 1246 712 sumus.
1269 684 1305 711 At
1318 693 1383 712 vero
1395 692 1446 719 eo,
1461 685 1535 720 quod
1547 687 1689 722 debemus,

904 730 1100 758 consolationis
1123 738 1238 757 munere
1257 730 1417 766 fungimur,
1438 731 1505 758 illud
1520 732 1628 760 scilicet
1640 741 1690 761 vos

904 779 1065 808 monentes,
1090 779 1120 802 ut
1140 782 1189 810 per
1209 779 1335 802 mutuum
1357 780 1481 802 vestrum
1510 782 1688 812 conspectum

905 829 1012 856 semper
1026 829 1087 848 eum
1103 824 1166 848 ante
1180 821 1278 847 oculos
1298 820 1467 855 propositum
1481 821 1614 849 habeatis.
1631 821 1688 849 Hoc

903 868 976 894 enim
1000 870 1127 901 optamus
1143 885 1151 898 ,
1174 871 1203 893 ut
1227 868 1346 901 quisque
1366 869 1393 893 et
1421 874 1535 901 qumque
1550 866 1584 893 ad
1615 867 1688 894 beati

868 907 889 934 Β
904 913 977 940 ilius
992 912 1045 939 viri
1061 912 1146 939 vitam
1165 919 1224 940 sese
1237 916 1403 946 componant
1418 932 1426 944 ,
1447 912 1486 938 ita
1500 916 1541 944 ut,
1558 912 1623 939 dum
1639 920 1689 940 vos

903 957 1020 985 invicem
1036 957 1213 992 conspicitis,
1231 957 1298 984 illud
1311 957 1388 985 vobis
1403 964 1565 992 persuasum
1577 957 1623 990 sit,
1638 965 1689 985 vos

903 1004 991 1040 ipsius
1016 1008 1097 1032 notas
1127 1011 1160 1031 ac
1189 1004 1304 1031 formam
1327 1003 1440 1032 intueri.
1462 1004 1588 1032 Vestram
1604 1004 1688 1031 vitam

902 1050 1030 1078 informet
1044 1050 1131 1086 ipsius
1147 1050 1264 1085 puritas,
1279 1049 1388 1083 lenitas,
1406 1050 1555 1083 humilitas,
1572 1054 1686 1078 actuosa

901 1096 1084 1131 philosophia,
1112 1099 1244 1131 perpetua
1267 1095 1350 1122 animi
1369 1095 1402 1122 ad
1428 1095 1512 1122 Deum
1537 1096 1688 1128 contentio,

902 1147 953 1167 nec
967 1140 1002 1166 ad
1018 1140 1100 1174 hujus
1128 1140 1190 1168 vita:
1220 1139 1333 1168 fraudes
1358 1139 1489 1175 suspendi
1514 1147 1546 1167 ac
1560 1140 1687 1167 distrahi.

903 1184 949 1212 Sic
961 1184 1035 1212 enim
1051 1185 1107 1217 ﬁet,
1123 1188 1153 1212 ut
1166 1185 1224 1212 haec
1241 1183 1288 1211 alii
1307 1184 1334 1211 in
1350 1185 1413 1211 aliis
1435 1185 1631 1220 perspicientes
1647 1185 1689 1220 ip-

901 1231 961 1258 sius
980 1231 1181 1258 monimentum
1214 1231 1241 1257 in
1265 1230 1343 1258 vobis
1371 1230 1438 1265 ipsis
1460 1231 1614 1265 elﬁngatis.
1636 1239 1688 1259 nec

901 1280 948 1303 aut
962 1276 1071 1308 ille,aut
1085 1283 1133 1302 vos
1143 1275 1169 1302 in
1184 1280 1270 1302 morte
1283 1275 1352 1302 sitis.
1376 1275 1442 1303 Nam
1460 1280 1488 1303 et
1501 1275 1547 1303 ille
1559 1275 1587 1302 in
1596 1281 1688 1305 vestra

901 1321 956 1348 vita
968 1326 1100 1356 perpetuo
1109 1321 1203 1348 vivens
1212 1321 1383 1354 ostendetur,
1391 1326 1418 1348 et
1428 1321 1507 1357 195
1517 1329 1566 1350 vos
1576 1330 1688 1350 rursum

901 1375 950 1402 per
974 1367 1089 1402 probam
1105 1371 1132 1394 et
1152 1366 1296 1394 honestam
1315 1367 1378 1394 vitae
1393 1369 1528 1395 rationem
1548 1375 1564 1394 a
1588 1369 1688 1397 mortis

901 1412 1067 1440 commercio
1087 1412 1194 1440 alienos
1210 1420 1260 1440 vos
1278 1411 1408 1440 reddctis.
1423 1412 1512 1440 Sanos
1539 1420 1588 1441 vos
1601 1417 1628 1441 et
1643 1414 1688 1440 iu—

900 1458 1022 1485 columes
1036 1477 1043 1489 ,
1059 1461 1141 1492 atque
1167 1461 1193 1485 et
1219 1457 1311 1484 animo
1325 1463 1352 1485 et
1371 1465 1488 1493 corpore
1499 1458 1685 1493 proﬁcientes.

900 1504 1043 1538 nostrique
1058 1503 1085 1530 in
1101 1503 1231 1538 precibus
1242 1504 1341 1532 vestris
1351 1511 1486 1533 memores
1498 1523 1507 1538 ,
1524 1505 1551 1532 in
1566 1504 1687 1541 Spiritus

899 1549 993 1578 sancti
1008 1549 1110 1576 virtute
1124 1548 1258 1577 Dominus
1271 1553 1406 1586 protegat.

1105 1604 1271 1633 CCXXXIX.
1292 1604 1485 1633 EPIPHANIO.

69 1656 247 1691 Epiphaniam
261 1660 450 1698 quemdam_ad
470 1662 593 1689 amicitia
608 1667 749 1696 certamen,
764 1671 795 1690 ac
814 1663 909 1690 litteris
926 1663 997 1691 ultro
1018 1664 1135 1698 citroque
1148 1663 1282 1690 mittendis
1300 1663 1490 1696 dimicandum,
1509 1663 1596 1697 festive
1610 1670 1686 1698 pror-

347 1704 392 1722 sua
398 1696 519 1730 juvenem
537 1703 659 1731 provocat
674 1705 761 1731 senex,
779 1707 854 1733 seque
867 1698 979 1726 Nestore
995 1698 1077 1725 nihilo
1093 1696 1202 1733 spondet
1217 1699 1388 1733 ignaviorem.

103 1748 187 1784 Νόμῳ
207 1750 395 1785 προκαλοῦμαι
418 1751 516 1787 νόμον,
540 1753 585 1779 τὸν
610 1753 754 1781 κελεύοντα
772 1756 852 1790 τιμᾶ-

68 1792 133 1819 σθαι
145 1793 249 1829 πατέρα
262 1794 328 1829 (Η),
346 1794 385 1830 τῷ
400 1795 536 1824 κελεύοντι
553 1797 726 1826 διδάσκεσθαι
742 1800 848 1831 παῖδας.

68 1838 126 1865 Νῦν
140 1839 189 1874 μὲν
205 1837 251 1866 οὖν
265 1840 319 1874 (1‘2)
337 1840 488 1876 ὲξηγοῦμαί
511 1851 551 1869 σοι
569 1843 637 1878 πρὸς
654 1844 689 1870 τά
707 1845 849 1877 κάλλιστα,

67 1884 116 1910 καὶ
138 1880 192 1911 οἷον
214 1884 303 1917 δεξιὰν
324 1886 415 1920 φιλίας
439 1887 516 1922 δέχου
539 1888 573 1915 τά
596 1889 756 1925 γράμματα.
772 1891 803 1918 El
821 1891 850 1917 δὲ

66 1929 240 1965 ἀντεπιθείης
255 1930 321 1967 (15),
337 1933 384 1959 καὶ
405 1933 534 1965 πολλάκις
552 1934 630 1961 τοῦτο
651 1937 738 1963 ποιεῖν
754 1936 849 1972 βουλη-

67 1974 154 2010 θείης,
174 1976 238 2008 ίσως
258 1978 379 2012 ποιήσεις
397 1979 444 2006 καὶ
464 1979 578 2016 γέροντα
600 1982 752 2018 αἰχμητὴν,
772 1983 848 2010 οὐδὲν

65 2021 114 2048 τοῦ
128 2021 262 2058 Νέστορος
275 2024 479 2060 ἀγεννέστερον.

295 2122 359 2148 ΣΜι.
383 2123 535 2160 ΜΕΛΕΤΙῼ
553 2125 617 2161 (it).

937 1753 1008 1789 Lege
1025 1754 1112 1789 legem
1127 1762 1257 1790 provoco,
1275 1762 1306 1782 ca
1321 1755 1451 1782 nimirum
1463 1763 1524 1790 quae
1539 1755 1608 1784 lilios
1621 1764 1685 1784 eru-

902 1799 963 1827 dire
977 1799 1066 1834 jubet,
1078 1807 1138 1827 eam
1155 1808 1216 1835 quae
1234 1800 1304 1836 patri
1329 1802 1463 1829 honorem
1485 1802 1586 1829 habere
1601 1802 1687 1838 impe-

901 1848 953 1871 rat.
971 1844 1049 1871 Nunc
1070 1845 1154 1880 igitur
1173 1844 1207 1871 ad
1225 1852 1270 1872 res
1292 1845 1516 1880 praeclarissimas
1531 1845 1626 1872 ducem
1643 1853 1686 1873 me

901 1890 951 1917 tibi
974 1890 1104 1925 praebeo:
1125 1897 1158 1917 ac
1178 1891 1252 1917 velut
1277 1891 1406 1918 amicitiae
1429 1891 1551 1918 dextram
1579 1891 1685 1920 litteras

900 1939 1011 1963 nostras
1026 1936 1131 1971 accipe.
1148 1935 1226 1968 Quod
1243 1936 1266 1963 si
1279 1936 1411 1972 impetum
1428 1940 1523 1964 contra
1540 1935 1635 1968 facias,
1653 1945 1686 1964 ac

900 1988 972 2016 saepe
984 1980 1010 2008 id
1024 1980 1114 2008 facere
1131 1980 1159 2007 in
1176 1981 1302 2008 animum
1318 1981 1448 2014 inducas,
1465 1982 1582 2009 fortasse
1592 1989 1684 2009 senem

900 2033 1009 2061 quoque
1024 2033 1174 2060 pugnacem
1191 2025 1300 2057 reddes,
1330 2024 1446 2053 Nestore
1461 2025 1550 2052 nihilo
1563 2025 1686 2060 ignavio-

900 2079 968 2099 rem.

1146 2126 1247 2155 CCXL.
1275 2126 1438 2154 MELETIO.

102 2175 165 2218 Non
176 2175 304 2218 absimilis
316 2179 462 2212 argumenti
483 2185 521 2218 est
532 2181 654 2218 epistola,
666 2191 718 2217 qua
733 2182 880 2215 Meletium,
894 2184 1043 2212 studiorum
1059 2183 1203 2218 aliquando
1215 2184 1325 2215 socium,
1341 2183 1376 2211 ad
1386 2183 1552 2211 scribendum
1564 2185 1662 2211 excitat
1673 2193 1684 2217 ;

63 2211 380 2255 desidiam‘exprobrans,
396 2222 472 2241 suam
491 2211 848 2255 ipse{aletur,'anticmnque
861 2211 988 2247 lt'ortruturr
999 2224 1027 2246 ut
1043 2211 1138 2246 litteris
1155 2219 1276 2253 deinceps
1291 2211 1410 2246 ostendat
1426 2219 1487 2255 quid
1502 2220 1541 2246 illi
1554 2228 1602 2247 sua
1613 2211 1684 2247 cura;

62 2247 100 2272 ait
116 2247 244 2274 amicitia.

101 2301 172 2328 Οὔτε
191 2301 325 2336 ἐδεξάμην
346 2309 392 2327 σου
418 2301 568 2337 γράμματα
583 2303 639 2337 (15)
663 2302 781 2335 πώποτε,
805 2313 850 2331 το-

65 2347 163 2378 σοῦτος
186 2347 214 2380 ἐξ
231 2343 262 2373 οὗ
286 2347 380 2382 χρόνος
404 2346 469 2382 ἤδη,
492 2347 553 2378 πῶς
572 2348 638 2380 οἴει,
663 2349 766 2375 ποθῶν·
788 2349 849 2376 οὔτε

101 2412 140 2446 (l)
158 2413 197 2438 Δι’
214 2412 323 2439 ἑαυτοῦ
347 2412 400 2438 τὸν
421 2412 489 2440 τῶν.
516 2412 562 2440 Sic
581 2413 674 2441 iidem.
691 2414 719 2442 In
734 2415 799 2443 edit.
815 2416 848 2443 δι’

62 2448 147 2475 αὑτοῦ
165 2447 228 2473 τῶν.

101 2483 152 2521 (2)
163 2481 299 2521 Ἁςξορμή.
315 2480 502 2521 Vocem_hap_c
514 2482 639 2512 addimus
649 2492 682 2512 ex
693 2485 754 2513 cod.
765 2486 845 2521 1405,

60 2522 90 2546 et
107 2517 169 2544 aliis
183 2517 306 2551 pluribus
319 2517 541 2545 auctoritatibus.

111 2552 138 2588 5)
156 2551 388 2588 Καταδεχόιέεθα.
405 2551 472 2588 Cod.
487 2552 633 2588 δυνάμεθα.

111 2585 140 2622 4)
155 2585 399 2623 Συμϐοολρῦρνιιι,
411 2587 448 2614 Ita
465 2585 620 2623 cod..f405,
642 2589 770 2623 Montac.,
787 2591 846 2619 Mo-

63 2621 115 2648 rel.
135 2629 167 2648 ac
182 2621 305 2648 Cotnbel‘.
326 2622 353 2648 ln
367 2622 433 2650 edit.
451 2622 653 2656 συμϐουλεύειν.

100 2656 140 2693 (5)
171 2655 308 2693 Ἐνεργὴς
330 2655 504 2693 φιλοσοφία.
534 2658 571 2684 lla
598 2660 682 2687 codex
707 2659 788 2693 2022,
813 2668 846 2688 ac

63 2691 247 2718 Coinbelisius
263 2691 309 2725 qui
330 2692 370 2719 sic
383 2693 466 2723 vertit,
480 2691 552 2719 hunc
570 2693 658 2720 locum
674 2704 681 2721 :
696 2691 808 2722 Strenuo
820 2701 845 2723 et

63 2727 134 2761 acris
155 2725 330 2760 philosophia.
345 2725 414 2754 Editi
434 2727 553 2761 ἐνεργός.

100 2760 391 2798 (6)-Μετεωρίζειζθαιν.
412 2760 546 2798 Conibel.:
571 2761 626 2790 Nec
642 2763 676 2790 ad
687 2764 744 2798 ejus
755 2766 846 2792 δατηιί

64 2795 174 2831 fraudes
187 2797 282 2822 animis
296 2797 384 2830 eﬂ'erri
399 2796 600 2831 aciusolescere.

100 2830 139 2866 (7)
167 2831 214 2857 Ἑν
238 2831 394 2865 aeuum.
421 2830 460 2858 Ita
480 2831 540 2859 cod.
567 2833 658 2860 Morel.
673 2840 704 2860 ac
721 2833 841 2863 Combel'.

939 2307 1027 2335 Tanto
1047 2309 1104 2343 jam
1129 2313 1251 2344 tempore
1272 2317 1323 2337 nec
1340 2309 1410 2337 ullas
1433 2317 1448 2336 a
1465 2313 1492 2337 te
1511 2310 1615 2338 litteras
1637 2318 1683 2338 ac-

903 2351 973 2385 cepi,
993 2352 1113 2384 tametsi,
1130 2357 1159 2380 ut
1179 2356 1271 2388 putas,
1290 2354 1316 2381 id
1337 2359 1487 2388 expetens:
1508 2362 1559 2382 nec
1572 2355 1630 2390 ipse
1646 2354 1680 2382 ad

901 2416 995 2452 sicque
1011 2418 1076 2453 legit
1088 2418 1150 2445 Bill.
1164 2418 1192 2445 In
1206 2419 1272 2447 edit.
1289 2420 1318 2446 ἐν
1331 2419 1431 2451 ἄλλοις.

936 2453 974 2487 (8)
994 2454 1231 2487 Προκόπτοντας.
1246 2454 1285 2481 Ita
1305 2455 1377 2486 cod.,
1400 2454 1493 2482 Morel.
1507 2461 1539 2481 ac
1556 2453 1679 2482 Combef.

900 2485 1003 2523 Vitiose
1016 2485 1043 2514 in
1057 2488 1123 2515 edit.
1139 2485 1301 2523 προκὸπτον.

935 2522 973 2557 (9)
992 2523 1144 2553 Σκεπάζοι.
1161 2522 1208 2550 ⁷Ιιε
1231 2524 1305 2556 cod.,
1327 2523 1422 2552 Morel.
1447 2531 1479 2551 ac
1501 2523 1623 2551 Combel'.
1647 2523 1678 2551 In

899 2556 964 2583 edit.
982 2558 1115 2584 σκεπάῑη.

936 2565 964 2583 ιι,
982 2565 1115 2584 σκεπαιη.

1187 2593 1293 2628 Scripta
1307 2593 1409 2620 incerto
1424 2597 1557 2628 tempore.

935 2625 990 2661 (li)
1017 2625 1158 2660 Τιμᾶσθαι
1177 2625 1298 2656 πατέρα.
1315 2628 1382 2656 Cod.
1401 2625 1489 2659 i405;
1506 2633 1533 2655 et
1553 2627 1675 2656 Combel'.

899 2661 1029 2696 πατέρας,
1044 2667 1173 2696 parentes.

934 2694 989 2732 (i2)
1008 2694 1072 2723 Νῦν
1085 2696 1144 2732 μὲν
1158 2695 1224 2724 οὖν.
1242 2696 1287 2725 Sic
1303 2698 1394 2732 iidem.
1410 2697 1440 2724 In
1452 2697 1517 2724 edit.
1527 2694 1573 2724 οὖν
1588 2697 1674 2724 deest.

923 2731 989 2768 1(15)
1013 2731 1215 2768 Ἀντεξιιθείης.
1234 2733 1273 2759 Ita
1290 2733 1352 2760 cod.
1372 2731 1438 2768 Reg.
1457 2737 1485 2760 et
1501 2732 1622 2760 Combel‘.
1644 2732 1675 2760 in

897 2767 962 2793 edit.
977 2767 1184 2795 ἀντεπιτιθειης.

933 2776 962 2792 Ιῑ.
977 2776 1139 2793 αντεπιτιῠει
1161 2776 1184 2795 εἴ.

1000 2801 1081 2842 _i_\li_as
1098 2776 1211 2842 ῼΧΊΙῙΑΙΙΙ.
1233 2801 1340 2842 §cripta
1353 2802 1600 2842 incertotempore.

932 2837 986 2871 (15)
996 2836 1054 2863 Σοῦ
1060 2835 1221 2873 πράμματα.
1232 2835 1377 2865 Montac.et
1385 2837 1478 2866 Morel.
1489 2835 1535 2864 σοῦ
1544 2837 1671 2874 γράμμα.
