1937 3055
32 117 87 146 585
712 115 880 145 EPlSTOLA
896 115 939 144 CC
945 116 1031 144 XIJIV.
1614 117 1667 146 386

31 179 173 214 genuinus,
193 178 238 205 sed
251 178 432 214 supposititius
443 181 483 214 est
498 176 577 209 fetus.
592 177 648 214 Fas
662 178 697 205 sit
712 178 799 205 dicere
811 186 870 205 eum
884 177 1070 214 Petaoio(25‘)
1083 185 1090 203 :
1108 176 1143 204 Ut
1157 177 1231 205 enim
1243 185 1400 214 germanam
1415 186 1477 206 esse
1494 186 1548 206 non
1563 183 1668 214 putem,

32 213 108 249 cogit
125 218 182 250 tum
200 214 262 249 styli
277 213 483 250 dissimilitudo,
497 218 554 240 tum
569 213 706 250 pedestris
723 214 797 250 illius
815 221 848 240 ac
859 213 987 250 plebeius
1004 214 1296 250 sermo._»minimeque
1310 213 1475 250 Nazianzeni
1499 213 1668 250 elegantiam

31 255 61 276 et
70 247 259 283 'grandilatetn
278 249 412 275 redoleas.
428 247 613 275 Tillemontius
628 257 728 283 quoque
740 248 808 275 hanc
822 247 963 281 epistolam
976 257 1027 274 non
1041 256 1096 275 esse
1108 248 1228 283 Gregorii
1243 249 1389 279 existimat.
1403 258 1448 276 nec
1460 247 1669 284 eloquentissimi

32 285 134 318 stylum
149 284 270 320 oratoris
277 283 468 320 redolereuimo
478 284 572 320 ineptis
589 283 737 320 rationibus
749 284 904 320 vocibusque
914 284 971 317 ipso
984 283 1100 318 indignis
1113 288 1228 320 scatere.
1243 284 1368 310 observat
1385 284 1477 311 doctus
1498 283 1582 314 Cotel.
1600 285 1668 320 (24),
1700 306 1702 308 τ

33 319 177 352 epistolam
193 320 226 345 ad
247 318 389 354 Euagrium
408 319 537 354 Tlteologo
564 319 645 346 tribui
662 320 688 345 in
704 327 753 346 ms.
773 318 849 354 Regio
866 319 935 346 1789
951 319 1021 346 circa
1038 320 1117 353 linem
1134 319 1307 353 qutestionum
1324 320 1471 346 Annslasii.
1499 320 1591 347 Verum
1604 318 1629 348 et
1642 321 1671 348 in

31 355 114 382 editis
129 354 246 389 ejusdem
261 355 399 381 Anastasii
414 354 604 388 quaestionibus
624 354 724 381 Basilio
738 354 831 381 eadem
843 354 1004 389 ascribitur,
1019 354 1153 389 multoque
1174 355 1254 381 etiam
1273 354 1437 388 probabilius
1461 356 1489 382 in
1513 364 1562 382 ms.
1579 356 1670 382 itidem

35 389 116 425 Regio
139 388 215 420 1472,
228 390 340 425 itemque
353 389 474 416 Gwsareo
496 390 566 424 apud
579 389 747 416 Lamberium
763 389 816 425 706
834 388 957 425 Gregorio
978 388 1100 425 Nysseno
1116 389 1253 421 tribuitur,
1267 394 1291 416 et
1309 395 1434 425 tanquam
1450 390 1525 417 illius
1539 390 1670 418 laudatur

34 424 243 460 ab’Eutltymio.
263 424 401 460 Panopliae
417 425 503 458 prima
520 430 603 458 parte,
625 425 709 460 titulo
721 424 844 451 secundo.
861 424 1025 460 A'Grtjgorio
1050 424 1222 451 Nazianzeno
1243 425 1369 458 scriptam
1388 426 1456 452 Imm:
1472 434 1522 452 non
1541 435 1596 453 esse
1614 427 1670 457 epi-

33 462 134 487 stolam
153 459 196 487 s’at
217 468 276 487 cum
294 460 356 486 viris
374 459 457 486 doctis
480 460 621 494 affirmare.
640 459 724 495 [Adde
738 460 807 495 quod
827 468 908 495 neque
924 459 1033 487 Nicetas
1052 460 1174 495 eamdem
1187 460 1333 487 orationent
1352 465 1479 495 tanquam
1500 459 1670 489 Nazianzeni

34 497 118 530 [etum
133 497 269 531 agnovisse
279 495 391 525 videtur.
409 496 454 530 qui
467 504 526 522 eam
541 494 657 522 videlicet
673 496 701 522 in
712 494 768 522 suis
784 494 981 523 commentariis
995 494 1176 531 prwterierit.]

71 555 179 591 Σφόδρα
201 564 232 582 τε
255 554 390 589 θαυμάξω
416 556 464 582 καὶ
485 554 546 582 λίαν
571 554 759 590 ἑκπλήττομαι
781 555 830 591 τῆς

920 554 1102 583 Vehementer
1116 559 1142 582 te
1157 554 1293 590 suspicio,
1308 562 1340 582 ac
1355 562 1532 591 summopere
1551 555 1670 591 pruden-

33 601 244 638 νηιραλιότητος,
263 610 290 628 κ.
305 610 331 629 τ.
346 601 372 628 λ.

845 593 868 623 Β
884 601 948 628 tiam
966 605 1040 628 tuam
1057 602 1190 633 admiror,
1207 605 1260 629 etc.

446 649 510 677 Vide
524 649 593 677 inter
607 657 686 684 opera
700 650 786 677 sancti
804 649 924 685 Gregorii
946 649 1062 686 Nysseni
1078 658 1140 678 mox
1153 649 1265 677 edenda.

486 791 663 822 MONITUM
683 791 724 821 IN
745 791 975 828 SEQUENTEM
995 791 1220 822 EPISTOLAM.

594 853 726 884 (Ouum.
742 854 795 880 Yet.
806 853 877 879 Patr.
893 853 1017 885 Bibliotlt.,
1030 856 1048 878 t.
1063 853 1117 885 Vl.)

77 928 155 991 1?]
165 927 318 963 Sequentem
326 928 465 962 epistolam
476 927 613 956 Basilisstc
628 928 783 962 inscriptam
794 936 826 955 ea;
841 927 1013 960 amplissima:
1025 928 1127 956 Veneta:
1136 927 1166 956 S.
1178 928 1266 956 Marci
1274 929 1436 957 bibliotltecte
1447 930 1534 957 codice
1546 930 1673 963 LXXXI,

77 966 84 989 i
117 965 132 991 '.
146 964 266 991 Greaorii
278 963 445 990 Nazianzeni
461 963 588 991 epistolas
601 963 651 990 231
670 964 796 991 continet.
811 964 879 990 eruit
897 963 926 990 V.
939 963 970 991 ϐ.
987 964 1117 991 Antonius
1129 964 1310 991 Bonaiovanni
1321 973 1352 991 ac
1364 964 1458 991 Latine
1473 966 1603 991 redditam
1616 968 1673 991 mtt-

38 966 84 998 qui
102 963 266 998 SfGregorii
278 963 445 990 Nazianzeni
461 963 588 997 epistolas
601 963 651 990 231
670 964 796 993 continet.
811 964 879 990 eruit
897 963 926 990 V.
939 963 970 991 ϐ.
987 964 1117 999 Antonius
1129 964 1310 999 Bongiovanni
1321 973 1352 991 ac
1364 964 1458 991 Latine
1473 966 1603 993 redditam
1616 968 1675 993 vul-

36 1000 110 1033 gavit
121 1007 190 1027 anno
207 999 276 1026 1754
292 999 319 1025 in
336 1006 412 1033 opere
425 999 467 1025 cui
482 999 596 1025 titulus:
614 999 742 1026 Memorio
760 1007 807 1034 per
819 999 924 1026 servire
936 999 980 1026 all‘
996 998 1241 1026 lstorialetlerarta
1249 1000 1364 1032 d‘ltalia,
1383 1005 1402 1027 ι.
1415 1000 1466 1031 ιγ,
1480 1009 1508 1034 p.
1526 1009 1566 1033 ιιι,
1582 1009 1607 1034 p.
1627 1002 1672 1029 55.

39 1035 91 1062 Est
104 1035 131 1062 in
141 1034 230 1062 codice
242 1035 355 1068 epistola
370 1033 430 1062 186.
443 1033 480 1061 De
487 1034 562 1066 cujus
575 1034 680 1069 quidem
695 1034 814 1069 epistola:
824 1035 974 1070 integritate
989 1043 1075 1065 nemo,
1090 1040 1118 1061 ut
1130 1035 1242 1066 videtur,
1254 1035 1317 1069 jure
1330 1036 1458 1070 ambigat.
1473 1033 1496 1062 si
1508 1033 1636 1065 sermonis
1646 1038 1674 1065 in

38 1071 134 1105 primis
145 1070 302 1105 elegantiam
315 1071 558 1105 sententiarumque
568 1070 725 1104 gravitatem
742 1074 848 1103 spectet.
865 1070 954 1104 Neque
967 1078 1061 1097 novum
1070 1075 1197 1104 prwterea
1211 1071 1347 1098 Basiliam:
1359 1079 1452 1098 nomen
1465 1071 1534 1104 apud
1551 1071 1674 1100 Nazian—

39 1079 134 1105 prtmts
145 1078 302 1105 elegantiam
315 1078 558 1130 sententiarumque
568 1078 725 1104 gravttatem
742 1078 848 1103 spectet.
865 1078 954 1104 neque
967 1078 1061 1097 novum
1070 1078 1197 1104 prmerea
1211 1078 1347 1098 uastttsstu
1359 1079 1452 1098 nomen
1465 1078 1533 1104 apud
1551 1078 1673 1100 tvaztan-

39 1114 146 1141 aenum.
166 1106 224 1132 lJuo
238 1106 307 1141 enim
315 1105 435 1132 carmina
449 1104 510 1139 [une
529 1105 571 1131 ria
586 1109 708 1141 prostant
723 1105 792 1141 inter
810 1113 842 1141 ea
855 1113 913 1141 qua;
931 1105 958 1131 in
975 1106 1058 1132 lucem
1075 1106 1168 1132 extulit
1180 1105 1357 1137 Muralorius,
1378 1115 1489 1141 quorum
1512 1108 1623 1134 alterutri
1646 1108 1673 1135 in

40 1140 190 1168 Eusebium
204 1144 231 1168 et
242 1140 413 1172 Basilissam,
427 1140 541 1167 alterum
549 1140 581 1176 in
593 1139 739 1174 Georgium
753 1139 890 1167 Basilissa:
902 1140 1013 1176 fratrem
1030 1141 1119 1167 videas
1134 1146 1247 1168 exarata
1276 1140 1370 1176 (carm.
1383 1139 1447 1168 olim
1461 1141 1495 1168 46
1508 1147 1532 1168 ιιι
1546 1143 1589 1173 50,
1605 1151 1674 1170 nunc

41 1176 105 1206 121,
122 1176 184 1207 122,
205 1183 232 1210 p.
252 1175 341 1212 “759);
365 1180 394 1202 ut
417 1175 527 1212 proinde
540 1175 615 1212 ltaud
639 1175 771 1212 immerito
789 1176 850 1212 quis
873 1175 1009 1212 conjiciat
1024 1176 1184 1203 Basilissam
1205 1177 1322 1204 carmine
1338 1185 1353 1203 a
1373 1176 1500 1212 Gregorio
1514 1178 1674 1205 celebratam

40 1211 162 1238 eamdem
179 1211 302 1248 camilla
317 1219 373 1238 esse
386 1212 429 1238 cui
449 1211 561 1248 epistola
576 1211 636 1248 Ilaec»
649 1210 813 1248 inscribitur.
824 1210 962 1248 _Gttterutn
977 1210 1125 1248 Tlteologus
1147 1211 1231 1239 eidem
1246 1212 1360 1246 fortasse
1381 1210 1518 1240 Baiilisste
1538 1214 1675 1248 scripserit

42 1248 78 1273 ad
94 1255 173 1283 quam
193 1255 225 1274 ea
238 1246 295 1281 ipsa
311 1251 466 1281 tempestate
479 1246 562 1273 aliam
575 1246 648 1272 dedit
666 1246 805 1280 epistolant
819 1245 960 1282 Gregorius
976 1245 1001 1272 Ν
1004 1245 1124 1281 ῃδεεηίιιδ.

288 1304 374 1331 ΣΜΔ’.
394 1303 574 1339 ΒΑΣΙΛΙΣΣῌ

1106 1303 1243 1332 CCXLIV.
1264 1304 1466 1332 BASlLlSStE.

79 1350 111 1377 Εἰ
127 1350 164 1386 μὴ
176 1350 303 1385 περιττὸν
317 1349 366 1385 τὴν
377 1349 513 1377 πονοῦσαν
525 1350 631 1385 ὲγεῖραι
643 1348 712 1384 πρὸς
727 1348 834 1380 πόνους.

922 1349 956 1377 Ni
976 1358 1213 1386 supervacaneum
1231 1351 1358 1379 videatur
1381 1356 1408 1379 te
1429 1353 1502 1379 ultro
1517 1351 1574 1387 jam
1597 1352 1676 1381 labo-

41 1397 94 1425 οὐκ
109 1397 227 1432 ὀκνήσω,
242 1397 292 1432 τῆς
313 1396 406 1431 κοινῆς
421 1396 514 1423 ἕνεκεν
531 1395 692 1429 ἀσφαλείας,
711 1395 785 1426 ὅπως
801 1395 834 1421 ἂν

43 1444 176 1478 δύνωμαι,
195 1442 245 1478 τήν
267 1442 317 1478 σὴν
337 1441 490 1478 ἐπιρρῶσαι
513 1440 688 1477 προθυμίαν,
707 1441 737 1467 οὐ
763 1440 835 1468 κατά

45 1488 205 1524 προσθήκην
219 1487 321 1523 ἑτέρων
339 1487 430 1516 τινῶν.
448 1487 464 1522 ἢ
483 1486 567 1519 ξένων
583 1486 835 1522 παραγγελμάτων,

45 1535 115 1562 ἀλλὰ
131 1535 198 1570 πρὸς
213 1533 364 1569 ὑπόμνησιν
379 1533 433 1560 τῶν
448 1534 514 1569 ἡμῖν
527 1541 558 1560 τε
577 1532 708 1564 πολλάκις
720 1532 835 1569 εἰρημέ-

45 1590 109 1613 νων,
122 1582 168 1608 καὶ
180 1580 221 1607 σοὶ
235 1580 356 1615 συνήθως
367 1579 585 1616 ὲκπονουμένων.
593 1579 686 1607 Ταῦτα
699 1580 728 1606 δέ
742 1580 832 1606 ἐστιν·

45 1628 123 1662 ἄγειν
139 1627 189 1662 τὴν
200 1626 289 1663 ψυχὴν
304 1627 360 1653 τῶν
375 1626 506 1662 λυπηρῶν
519 1626 658 1662 ἀνωτέραν
671 1627 704 1662 τῇ
720 1626 784 1662 περὶ
799 1626 835 1653 τὰ

44 1675 180 1711 κράτιστα
198 1672 340 1708 διατριϐῇ,
360 1672 519 1708 ἀποκρίνειν
544 1672 595 1708 τῆς
620 1672 741 1705 διανοίας
763 1673 834 1705 πᾶν,

44 1721 107 1747 ὅσον
119 1719 219 1755 ἀρετῆς
233 1718 384 1754 ἀλλότριον,
400 1718 506 1754 καὶτῆς
522 1718 572 1754 σῆς
588 1718 697 1751 ἀνάξιον
710 1718 835 1754 γνώμης,

45 1766 195 1793 συντείνειν
211 1764 311 1800 ἑαυτὴν
330 1764 399 1800 πρὸς
419 1764 562 1791 εὐσέὸειαν
577 1764 623 1791 καὶ
647 1765 736 1791 πᾶσαν
755 1765 837 1791 εὐκο-

47 1812 146 1847 σμίαν,
164 1810 305 1838 λεπτύνειν
321 1810 367 1836 τὸν
383 1809 446 1836 νοῦν
468 1810 508 1841 εις
525 1810 555 1836 τὸ
573 1810 657 1845 μηδὲν
673 1811 742 1846 μήτε
761 1810 838 1845 δέχε-

46 1859 111 1885 σθαι
126 1857 194 1893 μήτε
211 1857 320 1893 φρονεῖν
337 1856 526 1888 ἀνεξέταστον,
543 1855 689 1891 κρατύνειν
707 1856 757 1892 τὴν
770 1855 837 1891 φρό-

45 1913 125 1941 νησιν
148 1904 220 1931 κατὰ
244 1904 334 1931 πάντα
360 1902 472 1938 καιρὸν,
492 1902 540 1929 καὶ
563 1901 652 1929 πάντα
675 1902 775 1937 τρόπον
798 1901 838 1937 τῷ

47 1949 223 1986 προσομιλεῖν
247 1949 280 1976 ἀν
305 1950 364 1979 ταῖς
386 1947 440 1975 τῶν
464 1947 654 1982 προλαϐόντων
685 1946 837 1982 ὑποθήκαις

45 1995 139 2026 ὁσίων,
157 1993 318 2030 προτάττειν
334 1993 425 2029 πάσης
440 1991 591 2027 ἀπεχθείας
613 1992 661 2018 καὶ
678 1991 770 2026 φιλίας
785 1990 836 2027 τὴν

886 1401 994 1425 rantem
1020 1397 1054 1425 ad
1082 1397 1191 1425 labores
1215 1397 1349 1431 incitare,
1372 1401 1448 1425 tuum
1464 1398 1491 1425 in
1518 1397 1589 1425 hanc
1616 1406 1676 1427 rem

887 1443 980 1471 alacre
1003 1443 1125 1471 studium
1150 1450 1201 1478 pro
1222 1443 1295 1471 virili
1323 1444 1488 1471 conﬁrmare
1521 1446 1676 1473 communis

886 1489 1014 1517 utilitatis
1035 1489 1125 1525 gratia
1153 1497 1209 1517 non
1235 1489 1390 1517 recusabo:
1411 1497 1466 1517 non
1491 1490 1544 1517 alia
1565 1491 1676 1526 quidem

887 1534 968 1571 plane
983 1542 1055 1562 nova
1072 1535 1120 1562 tibi
1135 1535 1240 1562 monita
1256 1535 1377 1567 tradens.
1390 1535 1438 1562 sed
1457 1543 1488 1563 ea
1507 1543 1678 1563 commemo-

887 1589 970 1614 rans,
985 1589 1047 1616 quae
1061 1588 1133 1616 saepe
1155 1580 1295 1613 diximus,
1321 1581 1349 1608 in
1370 1581 1472 1617 quibus
1494 1588 1623 1610 exercere
1649 1586 1677 1610 te

886 1627 1006 1654 maxime
1031 1627 1210 1655 consuevisti.
1228 1627 1267 1654 Ea
1295 1630 1379 1654 sunt:
1404 1627 1527 1654 animum
1551 1627 1678 1655 alllictio-

886 1673 968 1702 nibus
979 1674 1150 1709 superiorem
1165 1675 1345 1707 constituere,
1358 1674 1541 1709 magnanimis
1553 1674 1582 1701 in
1593 1674 1677 1703 rebus

886 1719 1043 1746 versando:
1064 1726 1209 1747 secernere
1221 1726 1236 1745 ει
1255 1723 1347 1746 mente
1367 1722 1414 1746 tua
1431 1719 1565 1754 quidquid
1581 1727 1597 1746 a
1612 1720 1675 1748 vir-

888 1769 945 1793 tute
960 1765 997 1793 sit
1009 1765 1141 1797 alienum,
1156 1764 1304 1801 animaque
1322 1770 1368 1792 tuo
1383 1773 1498 1800 prorsus
1511 1765 1674 1802 indignum:

887 1812 1060 1847 temetipsam
1082 1812 1115 1839 ad
1131 1812 1259 1847 pietatem
1278 1815 1306 1839 et
1322 1811 1538 1840 moderationem
1567 1820 1676 1840 omnem

887 1865 1072 1892 componere:
1091 1861 1168 1885 tuam
1184 1865 1284 1885 acuere
1298 1861 1430 1891 mentem,
1446 1866 1480 1886 ne
1492 1857 1558 1893 quid
1574 1859 1678 1894 ample-

888 1906 993 1934 ctatur,
1015 1909 1084 1930 neve
1103 1902 1169 1937 quid
1189 1903 1301 1938 cogitet,
1322 1902 1395 1937 quod
1419 1910 1472 1930 non
1498 1903 1581 1930 fuerit
1596 1907 1678 1932 antea

888 1947 1147 1984 benediscussum:
1168 1950 1194 1973 te
1216 1950 1349 1981 tuumque
1371 1946 1493 1974 animum
1515 1948 1588 1974 otnni
1609 1951 1679 1976 tem-

889 1999 956 2028 pore
970 1996 998 2020 et
1014 1993 1105 2020 modis
1122 1992 1251 2020 omnibus
1266 1993 1441 2023 conﬁrmare,
1456 1997 1614 2020 sanctorum
1630 1994 1678 2029 qui

47 2041 117 2076 πρὸς
131 2041 193 2072 τοὺς
207 2040 324 2072 οἰκείους
340 2039 386 2066 καὶ
404 2038 496 2071 ξένους
511 2037 695 2072 δικαιοσύνην,
712 2037 834 2064 σύνοικον

890 2046 939 2066 nos
962 2045 1148 2073 praecessere,
1173 2038 1277 2065 monita
1303 2039 1535 2073 contemplanda:
1560 2040 1625 2067 odio
1651 2044 1679 2068 et

47 2086 120 2122 ἔχειν
136 2086 183 2112 καὶ
204 2085 346 2120 συνόμιλον
362 2084 478 2111 πάντοτε
494 2083 544 2119 τὴν
559 2082 747 2118 σωφροσύνην,
761 2083 838 2118 ἐρρι-

47 2132 174 2169 ζωμένην
186 2131 339 2167 είλικρινῶς
356 2131 388 2166 τῇ
401 2130 486 2165 ψυχῇ,
501 2129 548 2156 καὶ
559 2129 667 2163 παγίως
682 2128 836 2164 ἱδρυμένην,

50 2179 89 2215 μή
107 2177 341 2214 συμμεταϐάλλειν
358 2176 404 2202 τὸν
416 2176 517 2211 τρόπον
527 2177 588 2207 ταῖς
600 2174 772 2209 ἀνωμαλίαις
790 2174 838 2200 τοῦ

49 2225 109 2260 βίου
123 2224 170 2251 καὶ
185 2223 357 2259 μεταϐολαῖς.
373 2221 442 2248 Οὖτε
456 2221 511 2257 γὰρ
526 2222 555 2247 ὲν
574 2220 655 2256 πενίᾳ
665 2220 695 2246 τὺ
711 2221 839 2256 φρόνημα

47 2270 96 2297 τοῦ
109 2270 165 2305 βίου
179 2269 332 2296 συστέλλειν
343 2266 559 2304 εὐπρεπὲς,οὖτε
571 2267 600 2294 ἐν
610 2267 754 2302 περιουσίᾳ
768 2266 839 2302 μέγα

49 2317 158 2351 φρονεῖν
178 2315 313 2350 ἀσφαλές·
340 2313 380 2340 διὸ
403 2313 435 2349 δὴ
455 2313 600 2349 κράτιστον
622 2313 716 2339 ἀσκεῖν
737 2313 765 2339 ὲν
789 2312 840 2348 μὲν

47 2363 106 2392 τοῖς
120 2361 249 2396 τέρπουσι
270 2360 321 2395 τήν
338 2358 512 2394 ἐγκράτειαν,
533 2359 561 2384 ὲν
583 2358 612 2384 δὲ
634 2359 691 2389 τοῖς
707 2357 840 2393 λυπηροῖς

46 2406 99 2442 τὴν
113 2405 270 2442 καρτερίαν,
285 2404 453 2440 ἀμνημονεῖν
468 2403 519 2439 τῆς
534 2403 652 2434 παλαιᾶς
669 2403 839 2438 περιουσίας,

48 2453 135 2479 αἰτεῖν
147 2451 195 2487 τὴν
213 2451 390 2486 αὐτάρκειαν,
406 2449 531 2485 στέργειν
551 2449 581 2475 τὸ
597 2449 746 2484 διδόμενον,
763 2449 840 2476 ἐλπί-

49 2499 108 2532 ζειν
123 2498 154 2525 τὸ
171 2497 283 2532 βέλτιον,
304 2497 351 2523 καὶ
366 2496 460 2532 φέρειν
476 2495 572 2532 πράως
585 2494 634 2531 τὴν
653 2494 700 2522 τοῦ
716 2495 841 2530 σώματος

48 2544 216 2581 ἀρρωστίαν,
230 2543 276 2569 ἐπὶ
294 2542 388 2578 μηδενὶ
409 2541 615 2577 μεμψιμοιρεῖν,
633 2540 699 2576 μηδὲ
716 2540 840 2575 σχετλιά-

49 2591 118 2622 ζειν,
130 2589 187 2616 ἀλλ’
212 2589 372 2624 εὐχάριστον
389 2586 458 2614 εἷναι
475 2587 541 2622 περὶ
565 2587 614 2621 τὴν
633 2586 777 2622 Πρόνοιαν,
790 2586 840 2622 ὅση

49 2645 93 2668 τις
109 2636 162 2671 εῖη,
174 2635 222 2662 καὶ
236 2634 369 2670 κρύπτειν
388 2633 519 2664 πολλάκις
531 2632 582 2664 τὰς
596 2632 686 2664 αίτίας
700 2631 754 2658 ’τῶν
769 2641 842 2666 γινο-

53 2683 151 2718 μένων,
173 2680 230 2708 ἀλλ’
247 2681 297 2707 οὐκ
315 2679 426 2715 ἀμελεῖν
444 2678 491 2706 τοῦ
513 2678 581 2714 πρὸς
603 2677 697 2710 ἀξίαν,
718 2677 786 2713 πρὸς
807 2678 841 2713 ἢν

49 2725 214 2754 ἀποδιδοῦσα
242 2725 308 2760 (24³)
326 2724 434 2759 λογίζου
450 2724 515 2759 πρὶν
532 2723 650 2756 ἐξειπεῖν
662 2722 692 2748 τὸ
712 2722 838 2756 λεκτέον,

96 2794 339 2831 ᾖξ’)έηξιεινειοιιιἶ
345 2793 356 2820 1
370 2791 465 2827 Dogm.
480 2791 570 2831 Tlteol.
590 2798 614 2819 ο.
624 2790 654 2831 ρ,
668 2790 681 2826 §
697 2790 836 2831 5,p.157.

49 2872 69 2895 υ
87 2826 232 2894 ίξέἆτυιιι.
257 2829 292 2857 111
313 2826 478 2856 Monument.
497 2827 598 2855 Eccles.
621 2826 706 2854 Gnec.
720 2826 749 2854 in
767 2829 834 2859 not.,

889 2085 1017 2112 amicitia:
1037 2085 1112 2112 omni
1129 2084 1258 2120 prtel‘erre
1270 2085 1406 2119 justitiam
1423 2085 1634 2121 aequitatemque
1649 2087 1679 2114 in

889 2135 952 2159 tuos
968 2134 996 2158 et
1010 2134 1176 2158 extraneos:
1195 2130 1404 2165 temperantiam
1419 2130 1499 2166 198
1510 2131 1680 2159 incessanter

889 2177 990 2208 colere,
1006 2184 1067 2212 quae
1082 2176 1184 2204 solidas
1201 2176 1228 2203 in
1242 2176 1364 2203 animam
1383 2176 1491 2204 radices
1512 2181 1584 2212 agat,
1598 2177 1679 2213 eique

889 2222 968 2250 ﬁrma
989 2227 1016 2250 et
1032 2222 1085 2249 ﬁsa
1106 2229 1215 2257 semper
1238 2221 1360 2249 lmreat:
1382 2229 1437 2250 non
1452 2223 1633 2256 committere,
1648 2227 1679 2250 ut

889 2269 924 2296 ad
952 2270 1067 2304 hujusce
1094 2270 1157 2296 vitae
1187 2269 1393 2297 vicissitudines
1419 2270 1679 2305 immutationesque

890 2316 972 2344 simul
992 2315 1173 2344 immolentur
1189 2319 1216 2343 et
1234 2323 1334 2343 mores.
1350 2314 1416 2342 Nam
1433 2323 1495 2342 cum
1515 2315 1542 2342 in
1562 2323 1680 2351 pauper-

889 2365 946 2389 tate
976 2369 1008 2390 ac
1034 2362 1146 2390 miseria
1174 2361 1262 2397 frangi
1285 2362 1408 2389 animum
1431 2366 1510 2396 turpe
1534 2367 1595 2395 est,
1619 2366 1677 2390 tum

890 2414 981 2434 rerum
994 2407 1116 2434 omnium
1129 2405 1305 2434 afﬂuentibus
1316 2407 1404 2442 copiis
1415 2407 1564 2434 insolenter
1575 2407 1676 2440 eﬁ'erri,

891 2452 1002 2487 minime
1028 2457 1127 2480 tututn.
1145 2452 1231 2485 Quam
1255 2453 1290 2480 ob
1319 2461 1376 2480 rem
1401 2452 1615 2488 pulcherrimum
1635 2457 1680 2481 est

890 2497 1021 2525 secundis
1039 2497 1066 2524 in
1082 2497 1165 2525 rebus
1181 2504 1310 2524 exercere
1331 2497 1529 2524 continentiam
1541 2501 1570 2524 et
1585 2496 1679 2524 mode-

891 2545 1042 2577 rationem;
1059 2545 1086 2571 in
1103 2544 1227 2572 adversis
1240 2547 1337 2571 contra
1357 2551 1412 2578 pne
1427 2551 1456 2571 se
1477 2542 1549 2571 ferre
1570 2543 1678 2578 patien-

891 2591 957 2618 tiam
983 2595 1067 2626 atque
1091 2590 1286 2618 constantiam.
1308 2589 1418 2618 Veteris
1444 2594 1573 2625 praeterea
1590 2589 1679 2617 abun-

891 2637 991 2664 dantiae
1014 2636 1140 2664 oblivisci
1169 2636 1267 2669 decet;
1293 2643 1415 2671 quaerere
1434 2639 1566 2670 quantum
1592 2635 1676 2662 victui

892 2687 934 2710 sat
951 2690 1012 2710 esse
1034 2683 1144 2717 possit;
1160 2682 1259 2709 oblatis
1285 2681 1476 2715 acquiescere;
1494 2688 1604 2716 sperare
1619 2688 1678 2708 me-

895 2729 980 2762 liora;
1000 2728 1135 2763 patienter
1152 2726 1223 2754 lerre
1246 2727 1371 2763 corporis
1389 2725 1581 2759 inﬁrmitates;
1603 2725 1677 2752 nulla

927 2795 1226 2832 (25'):Artp8t50170'a.
1250 2794 1380 2823 Fortasse
1394 2794 1539 2830 legendum
1562 2792 1678 2821 ἀποὸλέ-

893 2840 991 2859 πουσα.
1010 2830 1202 2859 Bouotovnm.
