  <div class='ocr_page' id='page_1' title='image "/cluster/home/n/w/nwhite01/storage/ocr_20150623/37/njp.32101077772562/217.png"; bbox 0 0 1937 3055; ppageno 0'>
   <div class='ocr_carea' id='block_1_1' title="bbox 260 133 314 162">
    <p class='ocr_par' dir='ltr' id='par_1_1' title="bbox 260 133 314 162">
     <span class='ocr_line' id='line_1_1' title="bbox 260 133 314 162; baseline 0 0"><span class='ocrx_word' id='word_1_1' title='bbox 260 133 314 162; x_wconf 74' lang='lat'><strong>581</strong></span> 
     </span>
    </p>
   </div>
   <div class='ocr_carea' id='block_1_2' title="bbox 882 132 1294 162">
    <p class='ocr_par' dir='ltr' id='par_1_2' title="bbox 882 132 1294 162">
     <span class='ocr_line' id='line_1_2' title="bbox 882 132 1294 162; baseline 0.002 -3"><span class='ocrx_word' id='word_1_2' title='bbox 882 132 910 160; x_wconf 88' lang='lat' dir='ltr'><strong>S.</strong></span> <span class='ocrx_word' id='word_1_3' title='bbox 932 132 1096 161; x_wconf 79' lang='lat' dir='ltr'><strong>GREGORII</strong></span> <span class='ocrx_word' id='word_1_4' title='bbox 1116 133 1294 162; x_wconf 77' lang='lat' dir='ltr'><strong>THEOLOGI</strong></span> 
     </span>
    </p>
   </div>
   <div class='ocr_carea' id='block_1_3' title="bbox 1844 134 1904 163">
    <p class='ocr_par' dir='ltr' id='par_1_3' title="bbox 1844 134 1904 163">
     <span class='ocr_line' id='line_1_3' title="bbox 1844 134 1904 163; baseline -0.017 0"><span class='ocrx_word' id='word_1_5' title='bbox 1844 134 1904 163; x_wconf 76' lang='grc'><strong>588</strong></span> 
     </span>
    </p>
   </div>
   <div class='ocr_carea' id='block_1_4' title="bbox 260 187 1053 228">
    <p class='ocr_par' dir='ltr' id='par_1_4' title="bbox 260 187 1045 224">
     <span class='ocr_line' id='line_1_4' title="bbox 260 187 1045 224; baseline -0.004 -5"><span class='ocrx_word' id='word_1_6' title='bbox 260 191 296 219; x_wconf 91' lang='lat' dir='ltr'><strong>de</strong></span> <span class='ocrx_word' id='word_1_7' title='bbox 316 197 347 218; x_wconf 90' lang='lat' dir='ltr'><strong>re</strong></span> <span class='ocrx_word' id='word_1_8' title='bbox 371 188 520 224; x_wconf 82' lang='lat' dir='ltr'><strong>conqueri,</strong></span> <span class='ocrx_word' id='word_1_9' title='bbox 547 195 636 224; x_wconf 86' lang='lat' dir='ltr'><strong>neque</strong></span> <span class='ocrx_word' id='word_1_10' title='bbox 656 187 768 220; x_wconf 85' lang='lat' dir='ltr'><strong>dolere,</strong></span> <span class='ocrx_word' id='word_1_11' title='bbox 788 188 839 216; x_wconf 86' lang='lat' dir='ltr'><strong>sed</strong></span> <span class='ocrx_word' id='word_1_12' title='bbox 853 188 1045 222; x_wconf 73' lang='lat' dir='ltr'><strong>Providentiae,</strong></span> 
     </span>
    </p>
   </div>
   <div class='ocr_carea' id='block_1_5' title="bbox 1106 187 1904 228">
    <p class='ocr_par' dir='ltr' id='par_1_5' title="bbox 1106 189 1904 228">
     <span class='ocr_line' id='line_1_5' title="bbox 1106 189 1904 228; baseline 0.005 -12"><span class='ocrx_word' id='word_1_13' title='bbox 1106 190 1153 217; x_wconf 72' lang='grc' dir='ltr'>καὶ</span> <span class='ocrx_word' id='word_1_14' title='bbox 1180 190 1234 226; x_wconf 85' lang='grc' dir='ltr'><strong>πρὸ</strong></span> <span class='ocrx_word' id='word_1_15' title='bbox 1259 189 1306 216; x_wconf 78' lang='grc' dir='ltr'><strong>τοῦ</strong></span> <span class='ocrx_word' id='word_1_16' title='bbox 1333 189 1436 226; x_wconf 77' lang='grc' dir='ltr'>πρᾶξαι</span> <span class='ocrx_word' id='word_1_17' title='bbox 1456 190 1486 216; x_wconf 84' lang='grc' dir='ltr'><strong>τὸ</strong></span> <span class='ocrx_word' id='word_1_18' title='bbox 1513 191 1667 226; x_wconf 73' lang='grc' dir='ltr'>πρακτέον²</span> <span class='ocrx_word' id='word_1_19' title='bbox 1693 190 1765 218; x_wconf 72' lang='grc' dir='ltr'><strong>οὕτω</strong></span> <span class='ocrx_word' id='word_1_20' title='bbox 1786 191 1846 228; x_wconf 85' lang='grc' dir='ltr'><strong>γὰρ</strong></span> <span class='ocrx_word' id='word_1_21' title='bbox 1877 193 1904 220; x_wconf 82' lang='grc' dir='ltr'><strong>δ’</strong></span> 
     </span>
    </p>
   </div>
   <div class='ocr_carea' id='block_1_6' title="bbox 259 234 1049 272">
    <p class='ocr_par' dir='ltr' id='par_1_6' title="bbox 259 234 1049 272">
     <span class='ocr_line' id='line_1_6' title="bbox 259 234 1049 272; baseline 0 -9"><span class='ocrx_word' id='word_1_22' title='bbox 259 235 503 272; x_wconf 75' lang='lat' dir='ltr'><strong>quantulacunque</strong></span> <span class='ocrx_word' id='word_1_23' title='bbox 531 234 640 262; x_wconf 87' lang='lat' dir='ltr'><strong>demum</strong></span> <span class='ocrx_word' id='word_1_24' title='bbox 656 235 703 266; x_wconf 91' lang='lat' dir='ltr'><strong>sit,</strong></span> <span class='ocrx_word' id='word_1_25' title='bbox 719 235 819 269; x_wconf 80' lang='lat' dir='ltr'><strong>gratias</strong></span> <span class='ocrx_word' id='word_1_26' title='bbox 843 242 941 270; x_wconf 78' lang='lat' dir='ltr'><strong>agere;</strong></span> <span class='ocrx_word' id='word_1_27' title='bbox 956 239 1049 271; x_wconf 77' lang='lat' dir='ltr'><strong>tegere</strong></span> 
     </span>
    </p>
   </div>
   <div class='ocr_carea' id='block_1_7' title="bbox 261 280 1045 319">
    <p class='ocr_par' dir='ltr' id='par_1_7' title="bbox 261 280 1045 319">
     <span class='ocr_line' id='line_1_7' title="bbox 261 280 1045 319; baseline -0.004 -8"><span class='ocrx_word' id='word_1_28' title='bbox 261 290 334 319; x_wconf 73' lang='lat' dir='ltr'><strong>saepe</strong></span> <span class='ocrx_word' id='word_1_29' title='bbox 348 288 447 309; x_wconf 83' lang='lat' dir='ltr'><strong>causas</strong></span> <span class='ocrx_word' id='word_1_30' title='bbox 468 288 579 312; x_wconf 89' lang='lat' dir='ltr'><strong>eorum,</strong></span> <span class='ocrx_word' id='word_1_31' title='bbox 595 287 656 315; x_wconf 67' lang='lat' dir='ltr'><strong>quae</strong></span> <span class='ocrx_word' id='word_1_32' title='bbox 681 280 763 313; x_wconf 85' lang='lat' dir='ltr'><strong>Iiant;</strong></span> <span class='ocrx_word' id='word_1_33' title='bbox 785 280 900 308; x_wconf 90' lang='lat' dir='ltr'><strong>minime</strong></span> <span class='ocrx_word' id='word_1_34' title='bbox 918 288 982 308; x_wconf 84' lang='lat' dir='ltr'><strong>vero</strong></span> <span class='ocrx_word' id='word_1_35' title='bbox 997 288 1045 308; x_wconf 84' lang='lat' dir='ltr'><strong>ne-</strong></span> 
     </span>
    </p>
   </div>
   <div class='ocr_carea' id='block_1_8' title="bbox 264 325 1050 364">
    <p class='ocr_par' dir='ltr' id='par_1_8' title="bbox 264 325 1050 364">
     <span class='ocr_line' id='line_1_8' title="bbox 264 325 1050 364; baseline -0.001 -9"><span class='ocrx_word' id='word_1_36' title='bbox 264 328 361 364; x_wconf 75' lang='lat' dir='ltr'><strong>gligas,</strong></span> <span class='ocrx_word' id='word_1_37' title='bbox 377 326 449 363; x_wconf 91' lang='lat' dir='ltr'><strong>quod</strong></span> <span class='ocrx_word' id='word_1_38' title='bbox 464 330 517 354; x_wconf 77' lang='lat' dir='ltr'><strong>tua:</strong></span> <span class='ocrx_word' id='word_1_39' title='bbox 532 326 674 361; x_wconf 71' lang='lat' dir='ltr'><strong>dignitatis</strong></span> <span class='ocrx_word' id='word_1_40' title='bbox 691 327 736 358; x_wconf 88' lang='lat' dir='ltr'><strong>sit,</strong></span> <span class='ocrx_word' id='word_1_41' title='bbox 753 325 787 353; x_wconf 90' lang='lat' dir='ltr'><strong>ad</strong></span> <span class='ocrx_word' id='word_1_42' title='bbox 804 334 886 361; x_wconf 90' lang='lat' dir='ltr'><strong>quam</strong></span> <span class='ocrx_word' id='word_1_43' title='bbox 903 327 946 353; x_wconf 79' lang='lat' dir='ltr'><strong>fac</strong></span> <span class='ocrx_word' id='word_1_44' title='bbox 961 326 1050 361; x_wconf 87' lang='lat' dir='ltr'><strong>respi-</strong></span> 
     </span>
    </p>
   </div>
   <div class='ocr_carea' id='block_1_9' title="bbox 261 371 1052 408">
    <p class='ocr_par' dir='ltr' id='par_1_9' title="bbox 261 371 1052 408">
     <span class='ocr_line' id='line_1_9' title="bbox 261 371 1052 408; baseline -0.004 -7"><span class='ocrx_word' id='word_1_45' title='bbox 261 374 330 406; x_wconf 86' lang='lat' dir='ltr'><strong>cias,</strong></span> <span class='ocrx_word' id='word_1_46' title='bbox 348 377 494 408; x_wconf 77' lang='lat' dir='ltr'><strong>antequam</strong></span> <span class='ocrx_word' id='word_1_47' title='bbox 510 372 660 407; x_wconf 88' lang='lat' dir='ltr'><strong>quidquam</strong></span> <span class='ocrx_word' id='word_1_48' title='bbox 677 371 755 398; x_wconf 89' lang='lat' dir='ltr'><strong>dicas</strong></span> <span class='ocrx_word' id='word_1_49' title='bbox 772 376 819 399; x_wconf 87' lang='lat' dir='ltr'><strong>aut</strong></span> <span class='ocrx_word' id='word_1_50' title='bbox 833 379 909 406; x_wconf 75' lang='lat' dir='ltr'><strong>agas.</strong></span> <span class='ocrx_word' id='word_1_51' title='bbox 924 373 964 398; x_wconf 89' lang='lat' dir='ltr'><strong>lta</strong></span> <span class='ocrx_word' id='word_1_52' title='bbox 979 371 1052 399; x_wconf 81' lang='lat' dir='ltr'><strong>enirn</strong></span> 
     </span>
    </p>
   </div>
   <div class='ocr_carea' id='block_1_10' title="bbox 262 418 1052 454">
    <p class='ocr_par' dir='ltr' id='par_1_10' title="bbox 262 418 1052 454">
     <span class='ocr_line' id='line_1_10' title="bbox 262 418 1052 454; baseline -0.001 -8"><span class='ocrx_word' id='word_1_53' title='bbox 262 419 319 453; x_wconf 73' lang='lat' dir='ltr'><strong>(let,</strong></span> <span class='ocrx_word' id='word_1_54' title='bbox 336 423 366 446; x_wconf 88' lang='lat' dir='ltr'><strong>ttt</strong></span> <span class='ocrx_word' id='word_1_55' title='bbox 386 419 489 446; x_wconf 85' lang='lat' dir='ltr'><strong>nullius</strong></span> <span class='ocrx_word' id='word_1_56' title='bbox 505 422 532 445; x_wconf 89' lang='lat' dir='ltr'><strong>te</strong></span> <span class='ocrx_word' id='word_1_57' title='bbox 557 418 622 445; x_wconf 87' lang='lat' dir='ltr'><strong>dicti</strong></span> <span class='ocrx_word' id='word_1_58' title='bbox 639 425 729 453; x_wconf 88' lang='lat' dir='ltr'><strong>neque</strong></span> <span class='ocrx_word' id='word_1_59' title='bbox 747 418 810 445; x_wconf 81' lang='lat' dir='ltr'><strong>facti</strong></span> <span class='ocrx_word' id='word_1_60' title='bbox 827 427 947 452; x_wconf 89' lang='lat' dir='ltr'><strong>unquam</strong></span> <span class='ocrx_word' id='word_1_61' title='bbox 966 418 1052 454; x_wconf 79' lang='lat' dir='ltr'><strong>pomi-</strong></span> 
     </span>
    </p>
   </div>
   <div class='ocr_carea' id='block_1_11' title="bbox 261 463 1054 492">
    <p class='ocr_par' dir='ltr' id='par_1_11' title="bbox 261 463 1054 492">
     <span class='ocr_line' id='line_1_11' title="bbox 261 463 1054 492; baseline -0.001 -1"><span class='ocrx_word' id='word_1_62' title='bbox 261 469 325 492; x_wconf 90' lang='lat' dir='ltr'><strong>teat.</strong></span> <span class='ocrx_word' id='word_1_63' title='bbox 339 463 425 491; x_wconf 82' lang='lat' dir='ltr'><strong>Velim</strong></span> <span class='ocrx_word' id='word_1_64' title='bbox 439 463 479 490; x_wconf 91' lang='lat' dir='ltr'><strong>sic</strong></span> <span class='ocrx_word' id='word_1_65' title='bbox 493 463 635 491; x_wconf 81' lang='lat' dir='ltr'><strong>existimes</strong></span> <span class='ocrx_word' id='word_1_66' title='bbox 650 466 676 490; x_wconf 85' lang='lat' dir='ltr'><strong>te</strong></span> <span class='ocrx_word' id='word_1_67' title='bbox 693 470 748 490; x_wconf 90' lang='lat' dir='ltr'><strong>non</strong></span> <span class='ocrx_word' id='word_1_68' title='bbox 765 463 888 490; x_wconf 78' lang='lat' dir='ltr'><strong>externis</strong></span> <span class='ocrx_word' id='word_1_69' title='bbox 907 463 1054 491; x_wconf 87' lang='lat' dir='ltr'><strong>indumen-</strong></span> 
     </span>
    </p>
   </div>
   <div class='ocr_carea' id='block_1_12' title="bbox 262 508 1054 544">
    <p class='ocr_par' dir='ltr' id='par_1_12' title="bbox 262 508 1054 544">
     <span class='ocr_line' id='line_1_12' title="bbox 262 508 1054 544; baseline -0.001 -7"><span class='ocrx_word' id='word_1_70' title='bbox 262 510 298 538; x_wconf 87' lang='lat' dir='ltr'><strong>tis</strong></span> <span class='ocrx_word' id='word_1_71' title='bbox 313 509 449 537; x_wconf 87' lang='lat' dir='ltr'><strong>decorari.</strong></span> <span class='ocrx_word' id='word_1_72' title='bbox 465 508 607 536; x_wconf 83' lang='lat' dir='ltr'><strong>Genuinas</strong></span> <span class='ocrx_word' id='word_1_73' title='bbox 623 517 655 536; x_wconf 88' lang='lat' dir='ltr'><strong>ac</strong></span> <span class='ocrx_word' id='word_1_74' title='bbox 668 508 771 537; x_wconf 88' lang='lat' dir='ltr'><strong>solidas</strong></span> <span class='ocrx_word' id='word_1_75' title='bbox 781 516 849 542; x_wconf 88' lang='lat' dir='ltr'><strong>opes</strong></span> <span class='ocrx_word' id='word_1_76' title='bbox 863 509 972 540; x_wconf 86' lang='lat' dir='ltr'><strong>habeto.</strong></span> <span class='ocrx_word' id='word_1_77' title='bbox 986 517 1054 544; x_wconf 90' lang='lat' dir='ltr'><strong>pau-</strong></span> 
     </span>
    </p>
   </div>
   <div class='ocr_carea' id='block_1_13' title="bbox 261 553 1053 589">
    <p class='ocr_par' dir='ltr' id='par_1_13' title="bbox 261 553 1053 589">
     <span class='ocr_line' id='line_1_13' title="bbox 261 553 1053 589; baseline -0.001 -7"><span class='ocrx_word' id='word_1_78' title='bbox 261 563 357 582; x_wconf 88' lang='lat' dir='ltr'><strong>carum</strong></span> <span class='ocrx_word' id='word_1_79' title='bbox 377 562 470 582; x_wconf 89' lang='lat' dir='ltr'><strong>rerum</strong></span> <span class='ocrx_word' id='word_1_80' title='bbox 487 553 666 589; x_wconf 75' lang='lat' dir='ltr'><strong>indigentiam</strong></span> <span class='ocrx_word' id='word_1_81' title='bbox 688 558 770 589; x_wconf 89' lang='lat' dir='ltr'><strong>atque</strong></span> <span class='ocrx_word' id='word_1_82' title='bbox 786 554 983 588; x_wconf 77' lang='lat' dir='ltr'><strong>frugalitatem.</strong></span> <span class='ocrx_word' id='word_1_83' title='bbox 1001 554 1053 581; x_wconf 81' lang='grc'><strong>50--</strong></span> 
     </span>
    </p>
   </div>
   <div class='ocr_carea' id='block_1_14' title="bbox 262 600 1053 636">
    <p class='ocr_par' dir='ltr' id='par_1_14' title="bbox 262 600 1053 636">
     <span class='ocr_line' id='line_1_14' title="bbox 262 600 1053 636; baseline -0.001 -8"><span class='ocrx_word' id='word_1_84' title='bbox 262 601 323 628; x_wconf 75' lang='lat' dir='ltr'><strong>lidze</strong></span> <span class='ocrx_word' id='word_1_85' title='bbox 336 601 435 636; x_wconf 88' lang='lat' dir='ltr'><strong>quippe</strong></span> <span class='ocrx_word' id='word_1_86' title='bbox 451 601 553 627; x_wconf 73' lang='lat' dir='ltr'><strong>divitia:</strong></span> <span class='ocrx_word' id='word_1_87' title='bbox 564 608 620 627; x_wconf 92' lang='lat' dir='ltr'><strong>non</strong></span> <span class='ocrx_word' id='word_1_88' title='bbox 634 601 662 627; x_wconf 91' lang='lat' dir='ltr'><strong>in</strong></span> <span class='ocrx_word' id='word_1_89' title='bbox 675 607 708 627; x_wconf 93' lang='lat' dir='ltr'><strong>eo</strong></span> <span class='ocrx_word' id='word_1_90' title='bbox 721 600 781 627; x_wconf 70' lang='lat' dir='ltr'><strong>sita:</strong></span> <span class='ocrx_word' id='word_1_91' title='bbox 793 604 869 634; x_wconf 85' lang='lat' dir='ltr'><strong>sunt,</strong></span> <span class='ocrx_word' id='word_1_92' title='bbox 882 600 954 636; x_wconf 90' lang='lat' dir='ltr'><strong>quod</strong></span> <span class='ocrx_word' id='word_1_93' title='bbox 969 601 1053 627; x_wconf 86' lang='lat' dir='ltr'><strong>multa</strong></span> 
     </span>
    </p>
   </div>
   <div class='ocr_carea' id='block_1_15' title="bbox 262 646 1054 683">
    <p class='ocr_par' dir='ltr' id='par_1_15' title="bbox 262 646 1054 683">
     <span class='ocr_line' id='line_1_15' title="bbox 262 646 1054 683; baseline -0.003 -8"><span class='ocrx_word' id='word_1_94' title='bbox 262 647 422 683; x_wconf 77' lang='lat' dir='ltr'><strong>possideas;</strong></span> <span class='ocrx_word' id='word_1_95' title='bbox 449 647 496 674; x_wconf 91' lang='lat' dir='ltr'><strong>sed</strong></span> <span class='ocrx_word' id='word_1_96' title='bbox 515 647 542 673; x_wconf 93' lang='lat' dir='ltr'><strong>in</strong></span> <span class='ocrx_word' id='word_1_97' title='bbox 568 647 639 679; x_wconf 86' lang='lat' dir='ltr'><strong>hoc,</strong></span> <span class='ocrx_word' id='word_1_98' title='bbox 664 646 739 681; x_wconf 90' lang='lat' dir='ltr'><strong>quod</strong></span> <span class='ocrx_word' id='word_1_99' title='bbox 765 647 849 674; x_wconf 89' lang='lat' dir='ltr'><strong>rebus</strong></span> <span class='ocrx_word' id='word_1_100' title='bbox 876 647 971 674; x_wconf 90' lang='lat' dir='ltr'><strong>multis</strong></span> <span class='ocrx_word' id='word_1_101' title='bbox 999 654 1054 674; x_wconf 91' lang='lat' dir='ltr'><strong>non</strong></span> 
     </span>
    </p>
   </div>
   <div class='ocr_carea' id='block_1_16' title="bbox 262 692 1054 729">
    <p class='ocr_par' dir='ltr' id='par_1_16' title="bbox 262 692 1054 729">
     <span class='ocr_line' id='line_1_16' title="bbox 262 692 1054 729; baseline 0.001 -9"><span class='ocrx_word' id='word_1_102' title='bbox 262 701 354 729; x_wconf 71' lang='lat' dir='ltr'><strong>egeas.</strong></span> <span class='ocrx_word' id='word_1_103' title='bbox 379 692 437 720; x_wconf 81' lang='lat' dir='ltr'><strong>Hoc</strong></span> <span class='ocrx_word' id='word_1_104' title='bbox 454 693 527 720; x_wconf 88' lang='lat' dir='ltr'><strong>enim</strong></span> <span class='ocrx_word' id='word_1_105' title='bbox 551 693 578 720; x_wconf 95' lang='lat' dir='ltr'><strong>in</strong></span> <span class='ocrx_word' id='word_1_106' title='bbox 600 696 627 720; x_wconf 88' lang='lat' dir='ltr'><strong>te</strong></span> <span class='ocrx_word' id='word_1_107' title='bbox 652 693 711 728; x_wconf 90' lang='lat' dir='ltr'><strong>ipsa</strong></span> <span class='ocrx_word' id='word_1_108' title='bbox 740 697 798 725; x_wconf 82' lang='lat' dir='ltr'><strong>est;</strong></span> <span class='ocrx_word' id='word_1_109' title='bbox 825 692 893 720; x_wconf 89' lang='lat' dir='ltr'><strong>illud</strong></span> <span class='ocrx_word' id='word_1_110' title='bbox 918 693 947 720; x_wconf 91' lang='lat' dir='ltr'><strong>in</strong></span> <span class='ocrx_word' id='word_1_111' title='bbox 972 693 1054 721; x_wconf 86' lang='lat' dir='ltr'><strong>rebus</strong></span> 
     </span>
    </p>
   </div>
   <div class='ocr_carea' id='block_1_17' title="bbox 261 737 1054 773">
    <p class='ocr_par' dir='ltr' id='par_1_17' title="bbox 261 737 1054 773">
     <span class='ocr_line' id='line_1_17' title="bbox 261 737 1054 773; baseline 0.003 -8"><span class='ocrx_word' id='word_1_112' title='bbox 261 737 391 765; x_wconf 78' lang='lat' dir='ltr'><strong>externis.</strong></span> <span class='ocrx_word' id='word_1_113' title='bbox 417 737 471 764; x_wconf 87' lang='lat' dir='ltr'><strong>Fac</strong></span> <span class='ocrx_word' id='word_1_114' title='bbox 491 739 614 764; x_wconf 86' lang='lat' dir='ltr'><strong>animum</strong></span> <span class='ocrx_word' id='word_1_115' title='bbox 630 745 781 773; x_wconf 87' lang='lat' dir='ltr'><strong>componas</strong></span> <span class='ocrx_word' id='word_1_116' title='bbox 799 738 941 773; x_wconf 66' lang='lat' dir='ltr'><strong>aequitate,</strong></span> <span class='ocrx_word' id='word_1_117' title='bbox 963 746 1054 767; x_wconf 89' lang='lat' dir='ltr'><strong>mores</strong></span> 
     </span>
    </p>
   </div>
   <div class='ocr_carea' id='block_1_18' title="bbox 262 783 1055 820">
    <p class='ocr_par' dir='ltr' id='par_1_18' title="bbox 262 783 1055 820">
     <span class='ocr_line' id='line_1_18' title="bbox 262 783 1055 820; baseline 0.001 -10"><span class='ocrx_word' id='word_1_118' title='bbox 262 783 406 815; x_wconf 84' lang='lat' dir='ltr'><strong>modestia.</strong></span> <span class='ocrx_word' id='word_1_119' title='bbox 425 783 547 818; x_wconf 76' lang='lat' dir='ltr'><strong>linguam</strong></span> <span class='ocrx_word' id='word_1_120' title='bbox 570 783 809 820; x_wconf 86' lang='lat' dir='ltr'><strong>breviloquentia;</strong></span> <span class='ocrx_word' id='word_1_121' title='bbox 824 787 907 819; x_wconf 86' lang='lat' dir='ltr'><strong>atque</strong></span> <span class='ocrx_word' id='word_1_122' title='bbox 922 784 960 810; x_wconf 86' lang='lat' dir='ltr'><strong>ita</strong></span> <span class='ocrx_word' id='word_1_123' title='bbox 975 792 1055 816; x_wconf 85' lang='lat' dir='ltr'><strong>cura,</strong></span> 
     </span>
    </p>
   </div>
   <div class='ocr_carea' id='block_1_19' title="bbox 262 830 1056 865">
    <p class='ocr_par' dir='ltr' id='par_1_19' title="bbox 262 830 1056 865">
     <span class='ocr_line' id='line_1_19' title="bbox 262 830 1056 865; baseline 0.003 -9"><span class='ocrx_word' id='word_1_124' title='bbox 262 834 293 857; x_wconf 90' lang='lat' dir='ltr'><strong>ut</strong></span> <span class='ocrx_word' id='word_1_125' title='bbox 307 837 390 857; x_wconf 85' lang='lat' dir='ltr'><strong>ornes</strong></span> <span class='ocrx_word' id='word_1_126' title='bbox 407 834 488 864; x_wconf 84' lang='lat' dir='ltr'><strong>caput</strong></span> <span class='ocrx_word' id='word_1_127' title='bbox 510 830 699 865; x_wconf 83' lang='lat' dir='ltr'><strong>operimentis,</strong></span> <span class='ocrx_word' id='word_1_128' title='bbox 715 830 865 865; x_wconf 85' lang='lat' dir='ltr'><strong>supercilia</strong></span> <span class='ocrx_word' id='word_1_129' title='bbox 884 831 1056 859; x_wconf 83' lang='lat' dir='ltr'><strong>contractio-</strong></span> 
     </span>
    </p>
   </div>
   <div class='ocr_carea' id='block_1_20' title="bbox 1106 234 1902 272">
    <p class='ocr_par' dir='ltr' id='par_1_20' title="bbox 1106 234 1902 272">
     <span class='ocr_line' id='line_1_20' title="bbox 1106 234 1902 272; baseline 0.004 -12"><span class='ocrx_word' id='word_1_130' title='bbox 1106 234 1183 261; x_wconf 75' lang='grc' dir='ltr'>ἔσται</span> <span class='ocrx_word' id='word_1_131' title='bbox 1197 243 1244 268; x_wconf 51' lang='grc' dir='ltr'>,σοι</span> <span class='ocrx_word' id='word_1_132' title='bbox 1266 235 1320 261; x_wconf 76' lang='grc' dir='ltr'><strong>πᾶν</strong></span> <span class='ocrx_word' id='word_1_133' title='bbox 1333 235 1364 261; x_wconf 79' lang='grc' dir='ltr'>τὸ</span> <span class='ocrx_word' id='word_1_134' title='bbox 1382 234 1474 270; x_wconf 75' lang='grc' dir='ltr'>ῥηθὲν,</span> <span class='ocrx_word' id='word_1_135' title='bbox 1492 234 1509 270; x_wconf 83' lang='grc' dir='ltr'><strong>ἢ</strong></span> <span class='ocrx_word' id='word_1_136' title='bbox 1526 235 1648 270; x_wconf 82' lang='grc' dir='ltr'>πραχθὲν</span> <span class='ocrx_word' id='word_1_137' title='bbox 1671 235 1902 272; x_wconf 80' lang='grc' dir='ltr'><strong>ἀμεταμέλητον.</strong></span> 
     </span>
    </p>
   </div>
   <div class='ocr_carea' id='block_1_21' title="bbox 1105 279 1904 317">
    <p class='ocr_par' dir='ltr' id='par_1_21' title="bbox 1105 279 1904 317">
     <span class='ocr_line' id='line_1_21' title="bbox 1105 279 1904 317; baseline 0.005 -12"><span class='ocrx_word' id='word_1_138' title='bbox 1105 279 1290 315; x_wconf 81' lang='grc' dir='ltr'>Εὒσχημονεῖν</span> <span class='ocrx_word' id='word_1_139' title='bbox 1313 279 1380 315; x_wconf 81' lang='grc' dir='ltr'>ήγοῦ</span> <span class='ocrx_word' id='word_1_140' title='bbox 1405 279 1442 316; x_wconf 85' lang='grc' dir='ltr'><strong>μὴ</strong></span> <span class='ocrx_word' id='word_1_141' title='bbox 1463 281 1519 312; x_wconf 81' lang='grc' dir='ltr'><strong>τοῖς</strong></span> <span class='ocrx_word' id='word_1_142' title='bbox 1539 280 1638 312; x_wconf 74' lang='grc' dir='ltr'><strong>ἔξωθεν</strong></span> <span class='ocrx_word' id='word_1_143' title='bbox 1661 281 1904 317; x_wconf 83' lang='grc' dir='ltr'>προκαλύμμασῑ,</span> 
     </span>
    </p>
   </div>
   <div class='ocr_carea' id='block_1_22' title="bbox 1105 324 1902 362">
    <p class='ocr_par' dir='ltr' id='par_1_22' title="bbox 1105 324 1902 362">
     <span class='ocr_line' id='line_1_22' title="bbox 1105 324 1902 362; baseline 0.003 -11"><span class='ocrx_word' id='word_1_144' title='bbox 1105 324 1219 352; x_wconf 83' lang='grc' dir='ltr'>πλοῦτον</span> <span class='ocrx_word' id='word_1_145' title='bbox 1241 327 1335 360; x_wconf 68' lang='grc' dir='ltr'>νόμιςε</span> <span class='ocrx_word' id='word_1_146' title='bbox 1371 326 1482 361; x_wconf 86' lang='grc' dir='ltr'>γνήσιον</span> <span class='ocrx_word' id='word_1_147' title='bbox 1515 327 1563 352; x_wconf 75' lang='grc' dir='ltr'>καὶ</span> <span class='ocrx_word' id='word_1_148' title='bbox 1589 325 1696 361; x_wconf 80' lang='grc' dir='ltr'>βέῦαιον</span> <span class='ocrx_word' id='word_1_149' title='bbox 1725 326 1775 362; x_wconf 79' lang='grc' dir='ltr'><strong>τὴν</strong></span> <span class='ocrx_word' id='word_1_150' title='bbox 1804 326 1902 360; x_wconf 82' lang='grc' dir='ltr'>ὀλιγό-</span> 
     </span>
    </p>
   </div>
   <div class='ocr_carea' id='block_1_23' title="bbox 1105 371 1903 407">
    <p class='ocr_par' dir='ltr' id='par_1_23' title="bbox 1105 371 1903 407">
     <span class='ocr_line' id='line_1_23' title="bbox 1105 371 1903 407; baseline 0 -10"><span class='ocrx_word' id='word_1_151' title='bbox 1105 371 1195 398; x_wconf 81' lang='grc' dir='ltr'>δειαν·</span> <span class='ocrx_word' id='word_1_152' title='bbox 1212 371 1242 398; x_wconf 84' lang='grc' dir='ltr'>οὒ</span> <span class='ocrx_word' id='word_1_153' title='bbox 1257 372 1312 406; x_wconf 82' lang='grc' dir='ltr'>γὰρ</span> <span class='ocrx_word' id='word_1_154' title='bbox 1328 372 1357 397; x_wconf 84' lang='grc' dir='ltr'>ὲν</span> <span class='ocrx_word' id='word_1_155' title='bbox 1380 371 1419 406; x_wconf 81' lang='grc' dir='ltr'><strong>τῷ</strong></span> <span class='ocrx_word' id='word_1_156' title='bbox 1442 371 1526 398; x_wconf 87' lang='grc' dir='ltr'>πολλὰ</span> <span class='ocrx_word' id='word_1_157' title='bbox 1546 371 1697 407; x_wconf 84' lang='grc' dir='ltr'>κεκτῆσθαι</span> <span class='ocrx_word' id='word_1_158' title='bbox 1713 372 1744 398; x_wconf 87' lang='grc' dir='ltr'><strong>τὸ</strong></span> <span class='ocrx_word' id='word_1_159' title='bbox 1767 371 1903 398; x_wconf 82' lang='grc' dir='ltr'><strong>πλουτεῖν</strong></span> 
     </span>
    </p>
   </div>
   <div class='ocr_carea' id='block_1_24' title="bbox 1106 416 1902 453">
    <p class='ocr_par' dir='ltr' id='par_1_24' title="bbox 1106 416 1902 453">
     <span class='ocr_line' id='line_1_24' title="bbox 1106 416 1902 453; baseline 0.003 -11"><span class='ocrx_word' id='word_1_160' title='bbox 1106 417 1164 443; x_wconf 77' lang='grc' dir='ltr'>ἐστι</span> <span class='ocrx_word' id='word_1_161' title='bbox 1184 416 1310 451; x_wconf 76' lang='grc' dir='ltr'>βεϐαίως,</span> <span class='ocrx_word' id='word_1_162' title='bbox 1329 416 1397 443; x_wconf 79' lang='grc' dir='ltr'>ἀλλὰ</span> <span class='ocrx_word' id='word_1_163' title='bbox 1413 416 1452 451; x_wconf 83' lang='grc' dir='ltr'><strong>τῷ</strong></span> <span class='ocrx_word' id='word_1_164' title='bbox 1475 417 1512 452; x_wconf 83' lang='grc' dir='ltr'><strong>μὴ</strong></span> <span class='ocrx_word' id='word_1_165' title='bbox 1532 417 1638 444; x_wconf 83' lang='grc' dir='ltr'>πολλῶν</span> <span class='ocrx_word' id='word_1_166' title='bbox 1655 417 1769 444; x_wconf 78' lang='grc' dir='ltr'><strong>δεῖσθαι.</strong></span> <span class='ocrx_word' id='word_1_167' title='bbox 1787 417 1827 444; x_wconf 82' lang='grc' dir='ltr'><strong>Τὸ</strong></span> <span class='ocrx_word' id='word_1_168' title='bbox 1847 418 1902 453; x_wconf 86' lang='grc' dir='ltr'><strong>μὲν</strong></span> 
     </span>
    </p>
   </div>
   <div class='ocr_carea' id='block_1_25' title="bbox 1105 462 1902 499">
    <p class='ocr_par' dir='ltr' id='par_1_25' title="bbox 1105 462 1902 499">
     <span class='ocr_line' id='line_1_25' title="bbox 1105 462 1902 499; baseline 0.003 -11"><span class='ocrx_word' id='word_1_169' title='bbox 1105 462 1160 498; x_wconf 84' lang='grc' dir='ltr'>γὰρ</span> <span class='ocrx_word' id='word_1_170' title='bbox 1176 462 1222 488; x_wconf 74' lang='grc' dir='ltr'><strong>ἐπὶ</strong></span> <span class='ocrx_word' id='word_1_171' title='bbox 1246 462 1304 494; x_wconf 72' lang='grc' dir='ltr'>σοὶ,</span> <span class='ocrx_word' id='word_1_172' title='bbox 1317 462 1347 490; x_wconf 82' lang='grc' dir='ltr'><strong>τὺ</strong></span> <span class='ocrx_word' id='word_1_173' title='bbox 1365 463 1394 490; x_wconf 82' lang='grc' dir='ltr'><strong>δὲ</strong></span> <span class='ocrx_word' id='word_1_174' title='bbox 1419 463 1472 489; x_wconf 84' lang='grc' dir='ltr'><strong>τῶν</strong></span> <span class='ocrx_word' id='word_1_175' title='bbox 1493 463 1601 496; x_wconf 65' lang='grc' dir='ltr'><strong>ἔξωθεν.</strong></span> <span class='ocrx_word' id='word_1_176' title='bbox 1626 463 1753 498; x_wconf 81' lang='grc' dir='ltr'><strong>Ῥύθμιζε</strong></span> <span class='ocrx_word' id='word_1_177' title='bbox 1779 463 1827 490; x_wconf 80' lang='grc' dir='ltr'><strong>τὸν</strong></span> <span class='ocrx_word' id='word_1_178' title='bbox 1849 465 1902 499; x_wconf 87' lang='grc' dir='ltr'><strong>μὲν</strong></span> 
     </span>
    </p>
   </div>
   <div class='ocr_carea' id='block_1_26' title="bbox 1105 507 1903 545">
    <p class='ocr_par' dir='ltr' id='par_1_26' title="bbox 1105 507 1903 545">
     <span class='ocr_line' id='line_1_26' title="bbox 1105 507 1903 545; baseline 0.003 -11"><span class='ocrx_word' id='word_1_179' title='bbox 1105 508 1206 543; x_wconf 77' lang='grc' dir='ltr'>τρόπον</span> <span class='ocrx_word' id='word_1_180' title='bbox 1222 508 1369 545; x_wconf 73' lang='grc' dir='ltr'><strong>ἐπιεικείᾳ,</strong></span> <span class='ocrx_word' id='word_1_181' title='bbox 1381 509 1412 535; x_wconf 85' lang='grc' dir='ltr'>τὺ</span> <span class='ocrx_word' id='word_1_182' title='bbox 1423 509 1452 535; x_wconf 83' lang='grc' dir='ltr'><strong>δὲ</strong></span> <span class='ocrx_word' id='word_1_183' title='bbox 1466 507 1531 544; x_wconf 78' lang='grc' dir='ltr'><strong>ἦθος</strong></span> <span class='ocrx_word' id='word_1_184' title='bbox 1546 509 1690 545; x_wconf 81' lang='grc' dir='ltr'>ἀταραξίᾳ,</span> <span class='ocrx_word' id='word_1_185' title='bbox 1701 509 1750 545; x_wconf 84' lang='grc' dir='ltr'><strong>τὴν</strong></span> <span class='ocrx_word' id='word_1_186' title='bbox 1764 509 1794 536; x_wconf 84' lang='grc' dir='ltr'><strong>δὲ</strong></span> <span class='ocrx_word' id='word_1_187' title='bbox 1809 509 1903 544; x_wconf 80' lang='grc' dir='ltr'><strong>γλῶτ-</strong></span> 
     </span>
    </p>
   </div>
   <div class='ocr_carea' id='block_1_27' title="bbox 1106 554 1902 591">
    <p class='ocr_par' dir='ltr' id='par_1_27' title="bbox 1106 554 1902 591">
     <span class='ocr_line' id='line_1_27' title="bbox 1106 554 1902 591; baseline 0.003 -11"><span class='ocrx_word' id='word_1_188' title='bbox 1106 563 1155 581; x_wconf 85' lang='grc' dir='ltr'>ταν</span> <span class='ocrx_word' id='word_1_189' title='bbox 1170 554 1346 590; x_wconf 79' lang='grc' dir='ltr'>βραχυλογίᾳ.</span> <span class='ocrx_word' id='word_1_190' title='bbox 1362 554 1413 582; x_wconf 84' lang='grc' dir='ltr'>Διὰ</span> <span class='ocrx_word' id='word_1_191' title='bbox 1432 555 1461 582; x_wconf 81' lang='grc' dir='ltr'><strong>δὲ</strong></span> <span class='ocrx_word' id='word_1_192' title='bbox 1478 555 1581 582; x_wconf 84' lang='grc' dir='ltr'>τούτων</span> <span class='ocrx_word' id='word_1_193' title='bbox 1598 556 1695 591; x_wconf 84' lang='grc' dir='ltr'>κόσμει</span> <span class='ocrx_word' id='word_1_194' title='bbox 1709 556 1759 591; x_wconf 84' lang='grc' dir='ltr'><strong>τὴν</strong></span> <span class='ocrx_word' id='word_1_195' title='bbox 1771 555 1902 591; x_wconf 84' lang='grc' dir='ltr'>κεφαλὴν</span> 
     </span>
    </p>
   </div>
   <div class='ocr_carea' id='block_1_28' title="bbox 1106 600 1901 637">
    <p class='ocr_par' dir='ltr' id='par_1_28' title="bbox 1106 600 1901 637">
     <span class='ocr_line' id='line_1_28' title="bbox 1106 600 1901 637; baseline 0.001 -11"><span class='ocrx_word' id='word_1_196' title='bbox 1106 600 1146 636; x_wconf 80' lang='grc' dir='ltr'>τῷ</span> <span class='ocrx_word' id='word_1_197' title='bbox 1161 601 1282 632; x_wconf 80' lang='grc' dir='ltr'><strong>σκέπειν,</strong></span> <span class='ocrx_word' id='word_1_198' title='bbox 1296 601 1346 633; x_wconf 77' lang='grc' dir='ltr'><strong>τὰς</strong></span> <span class='ocrx_word' id='word_1_199' title='bbox 1365 601 1392 628; x_wconf 79' lang='grc' dir='ltr'><strong>δὲ</strong></span> <span class='ocrx_word' id='word_1_200' title='bbox 1411 601 1497 637; x_wconf 82' lang='grc' dir='ltr'>ὀφρῦς</span> <span class='ocrx_word' id='word_1_201' title='bbox 1515 601 1554 637; x_wconf 81' lang='grc' dir='ltr'><strong>τῷ</strong></span> <span class='ocrx_word' id='word_1_202' title='bbox 1570 601 1790 637; x_wconf 72' lang='grc' dir='ltr'>κατεσταλμένας</span> <span class='ocrx_word' id='word_1_203' title='bbox 1811 601 1901 636; x_wconf 74' lang='grc' dir='ltr'>ἔχειν,</span> 
     </span>
    </p>
   </div>
   <div class='ocr_carea' id='block_1_29' title="bbox 1106 647 1900 683">
    <p class='ocr_par' dir='ltr' id='par_1_29' title="bbox 1106 647 1900 683">
     <span class='ocr_line' id='line_1_29' title="bbox 1106 647 1900 683; baseline -0.001 -9"><span class='ocrx_word' id='word_1_204' title='bbox 1106 649 1169 680; x_wconf 86' lang='grc' dir='ltr'><strong>τοὺς</strong></span> <span class='ocrx_word' id='word_1_205' title='bbox 1189 648 1218 675; x_wconf 80' lang='grc' dir='ltr'><strong>δὲ</strong></span> <span class='ocrx_word' id='word_1_206' title='bbox 1236 647 1392 683; x_wconf 82' lang='grc' dir='ltr'>ὀφθαλμοὺς</span> <span class='ocrx_word' id='word_1_207' title='bbox 1411 648 1450 683; x_wconf 85' lang='grc' dir='ltr'><strong>τῷ</strong></span> <span class='ocrx_word' id='word_1_208' title='bbox 1472 649 1603 680; x_wconf 84' lang='grc' dir='ltr'><strong>συνιδεῖν,</strong></span> <span class='ocrx_word' id='word_1_209' title='bbox 1621 649 1669 674; x_wconf 75' lang='grc' dir='ltr'>καὶ</span> <span class='ocrx_word' id='word_1_210' title='bbox 1687 648 1809 683; x_wconf 85' lang='grc' dir='ltr'><strong>κοσμίως</strong></span> <span class='ocrx_word' id='word_1_211' title='bbox 1834 647 1900 682; x_wconf 82' lang='grc' dir='ltr'><strong>βλέ-</strong></span> 
     </span>
    </p>
   </div>
   <div class='ocr_carea' id='block_1_30' title="bbox 1107 693 1901 730">
    <p class='ocr_par' dir='ltr' id='par_1_30' title="bbox 1107 693 1901 730">
     <span class='ocr_line' id='line_1_30' title="bbox 1107 693 1901 730; baseline -0.004 -9"><span class='ocrx_word' id='word_1_212' title='bbox 1107 703 1179 726; x_wconf 82' lang='grc' dir='ltr'>πειν,</span> <span class='ocrx_word' id='word_1_213' title='bbox 1197 694 1228 721; x_wconf 80' lang='grc' dir='ltr'><strong>τὸ</strong></span> <span class='ocrx_word' id='word_1_214' title='bbox 1241 695 1270 721; x_wconf 87' lang='grc' dir='ltr'><strong>δὲ</strong></span> <span class='ocrx_word' id='word_1_215' title='bbox 1289 694 1376 729; x_wconf 86' lang='grc' dir='ltr'><strong>στόμα</strong></span> <span class='ocrx_word' id='word_1_216' title='bbox 1391 694 1430 729; x_wconf 82' lang='grc' dir='ltr'><strong>τῷ</strong></span> <span class='ocrx_word' id='word_1_217' title='bbox 1445 694 1528 729; x_wconf 84' lang='grc' dir='ltr'>μηδὲν</span> <span class='ocrx_word' id='word_1_218' title='bbox 1548 694 1680 730; x_wconf 81' lang='grc' dir='ltr'>ἀπρεπῶς</span> <span class='ocrx_word' id='word_1_219' title='bbox 1699 693 1802 727; x_wconf 84' lang='grc' dir='ltr'><strong>λαλεῖν,</strong></span> <span class='ocrx_word' id='word_1_220' title='bbox 1816 693 1853 719; x_wconf 85' lang='grc' dir='ltr'><strong>τὰ</strong></span> <span class='ocrx_word' id='word_1_221' title='bbox 1870 693 1901 719; x_wconf 77' lang='grc' dir='ltr'>δὲ</span> 
     </span>
    </p>
   </div>
   <div class='ocr_carea' id='block_1_31' title="bbox 1107 737 1901 776">
    <p class='ocr_par' dir='ltr' id='par_1_31' title="bbox 1107 737 1901 776">
     <span class='ocr_line' id='line_1_31' title="bbox 1107 737 1901 776; baseline -0.004 -9"><span class='ocrx_word' id='word_1_222' title='bbox 1107 737 1164 767; x_wconf 79' lang='grc' dir='ltr'><strong>ὦτα</strong></span> <span class='ocrx_word' id='word_1_223' title='bbox 1179 740 1217 776; x_wconf 82' lang='grc' dir='ltr'>τῷ</span> <span class='ocrx_word' id='word_1_224' title='bbox 1231 740 1304 776; x_wconf 81' lang='grc' dir='ltr'>μόνῳ</span> <span class='ocrx_word' id='word_1_225' title='bbox 1314 741 1370 772; x_wconf 79' lang='grc' dir='ltr'>τοῖς</span> <span class='ocrx_word' id='word_1_226' title='bbox 1385 740 1540 772; x_wconf 80' lang='grc' dir='ltr'>σπουδαίοις</span> <span class='ocrx_word' id='word_1_227' title='bbox 1553 740 1674 776; x_wconf 84' lang='grc' dir='ltr'><strong>ὑπέχειν,</strong></span> <span class='ocrx_word' id='word_1_228' title='bbox 1691 739 1801 774; x_wconf 82' lang='grc' dir='ltr'>σύμπαν</span> <span class='ocrx_word' id='word_1_229' title='bbox 1820 739 1850 765; x_wconf 84' lang='grc' dir='ltr'><strong>δὲ</strong></span> <span class='ocrx_word' id='word_1_230' title='bbox 1867 739 1901 764; x_wconf 86' lang='grc' dir='ltr'>τὸ</span> 
     </span>
    </p>
   </div>
   <div class='ocr_carea' id='block_1_32' title="bbox 1108 783 1900 821">
    <p class='ocr_par' dir='ltr' id='par_1_32' title="bbox 1108 783 1900 821">
     <span class='ocr_line' id='line_1_32' title="bbox 1108 783 1900 821; baseline -0.004 -9"><span class='ocrx_word' id='word_1_231' title='bbox 1108 785 1254 821; x_wconf 71' lang='grc' dir='ltr'>πρόσωπον</span> <span class='ocrx_word' id='word_1_232' title='bbox 1266 785 1307 820; x_wconf 85' lang='grc' dir='ltr'><strong>τῷ</strong></span> <span class='ocrx_word' id='word_1_233' title='bbox 1326 785 1356 819; x_wconf 78' lang='grc' dir='ltr'><strong>ἐξ</strong></span> <span class='ocrx_word' id='word_1_234' title='bbox 1377 784 1468 817; x_wconf 70' lang='grc' dir='ltr'>αἰδοῦς</span> <span class='ocrx_word' id='word_1_235' title='bbox 1486 784 1622 821; x_wconf 84' lang='grc' dir='ltr'>χρώματι.</span> <span class='ocrx_word' id='word_1_236' title='bbox 1641 785 1685 811; x_wconf 83' lang='grc' dir='ltr'>Ἐν</span> <span class='ocrx_word' id='word_1_237' title='bbox 1699 785 1766 811; x_wconf 81' lang='grc' dir='ltr'>πᾶσι</span> <span class='ocrx_word' id='word_1_238' title='bbox 1784 784 1825 815; x_wconf 82' lang='grc' dir='ltr'><strong>δὲ,</strong></span> <span class='ocrx_word' id='word_1_239' title='bbox 1849 783 1900 810; x_wconf 79' lang='grc' dir='ltr'>καὶ</span> 
     </span>
    </p>
   </div>
   <div class='ocr_carea' id='block_1_33' title="bbox 1107 829 1899 866">
    <p class='ocr_par' dir='ltr' id='par_1_33' title="bbox 1107 829 1899 866">
     <span class='ocr_line' id='line_1_33' title="bbox 1107 829 1899 866; baseline -0.004 -9"><span class='ocrx_word' id='word_1_240' title='bbox 1107 831 1152 858; x_wconf 82' lang='grc' dir='ltr'><strong>διὰ</strong></span> <span class='ocrx_word' id='word_1_241' title='bbox 1166 831 1274 858; x_wconf 78' lang='grc' dir='ltr'>πάντων</span> <span class='ocrx_word' id='word_1_242' title='bbox 1297 831 1418 865; x_wconf 74' lang='grc' dir='ltr'>φύλασσε</span> <span class='ocrx_word' id='word_1_243' title='bbox 1441 831 1558 866; x_wconf 76' lang='grc' dir='ltr'>σεαυτὴν</span> <span class='ocrx_word' id='word_1_244' title='bbox 1571 830 1731 865; x_wconf 83' lang='grc' dir='ltr'>ἀμόλυντον,</span> <span class='ocrx_word' id='word_1_245' title='bbox 1755 829 1853 864; x_wconf 87' lang='grc' dir='ltr'>ὥσπερ</span> <span class='ocrx_word' id='word_1_246' title='bbox 1871 837 1899 854; x_wconf 81' lang='grc' dir='ltr'>τι</span> 
     </span>
    </p>
   </div>
   <div class='ocr_carea' id='block_1_34' title="bbox 262 872 1053 911">
    <p class='ocr_par' dir='ltr' id='par_1_34' title="bbox 262 876 1053 910">
     <span class='ocr_line' id='line_1_34' title="bbox 262 876 1053 910; baseline 0 -6"><span class='ocrx_word' id='word_1_247' title='bbox 262 884 308 908; x_wconf 88' lang='lat' dir='ltr'><strong>ne,</strong></span> <span class='ocrx_word' id='word_1_248' title='bbox 323 877 419 904; x_wconf 86' lang='lat' dir='ltr'><strong>oculos</strong></span> <span class='ocrx_word' id='word_1_249' title='bbox 435 876 559 904; x_wconf 81' lang='lat' dir='ltr'><strong>modesto</strong></span> <span class='ocrx_word' id='word_1_250' title='bbox 578 876 691 908; x_wconf 87' lang='lat' dir='ltr'><strong>intuitu,</strong></span> <span class='ocrx_word' id='word_1_251' title='bbox 714 884 763 903; x_wconf 91' lang='lat' dir='ltr'><strong>ora</strong></span> <span class='ocrx_word' id='word_1_252' title='bbox 787 877 897 904; x_wconf 91' lang='lat' dir='ltr'><strong>decenti</strong></span> <span class='ocrx_word' id='word_1_253' title='bbox 916 885 1053 910; x_wconf 79' lang='lat' dir='ltr'><strong>sermone,</strong></span> 
     </span>
    </p>
   </div>
   <div class='ocr_carea' id='block_1_35' title="bbox 1106 872 1899 911">
    <p class='ocr_par' dir='ltr' id='par_1_35' title="bbox 1107 872 1899 911">
     <span class='ocr_line' id='line_1_35' title="bbox 1107 872 1899 911; baseline -0.006 -9"><span class='ocrx_word' id='word_1_254' title='bbox 1107 876 1252 911; x_wconf 81' lang='grc' dir='ltr'>κειμήλιον</span> <span class='ocrx_word' id='word_1_255' title='bbox 1273 875 1421 910; x_wconf 72' lang='grc' dir='ltr'><strong>ἄψαυστον.</strong></span> <span class='ocrx_word' id='word_1_256' title='bbox 1446 874 1556 910; x_wconf 80' lang='grc' dir='ltr'>Κόσμος</span> <span class='ocrx_word' id='word_1_257' title='bbox 1569 873 1624 909; x_wconf 85' lang='grc' dir='ltr'>γὰρ</span> <span class='ocrx_word' id='word_1_258' title='bbox 1644 874 1757 904; x_wconf 79' lang='grc' dir='ltr'>οἰκεῖος,</span> <span class='ocrx_word' id='word_1_259' title='bbox 1780 872 1899 907; x_wconf 81' lang='grc' dir='ltr'>πρέπων</span> 
     </span>
    </p>
   </div>
   <div class='ocr_carea' id='block_1_36' title="bbox 263 923 1055 957">
    <p class='ocr_par' dir='ltr' id='par_1_36' title="bbox 263 923 1055 957">
     <span class='ocr_line' id='line_1_36' title="bbox 263 923 1055 957; baseline 0 -7"><span class='ocrx_word' id='word_1_260' title='bbox 263 930 344 950; x_wconf 82' lang='lat' dir='ltr'><strong>aures</strong></span> <span class='ocrx_word' id='word_1_261' title='bbox 370 923 478 950; x_wconf 83' lang='lat' dir='ltr'><strong>honesti</strong></span> <span class='ocrx_word' id='word_1_262' title='bbox 502 923 636 950; x_wconf 77' lang='lat' dir='ltr'><strong>duntaxat</strong></span> <span class='ocrx_word' id='word_1_263' title='bbox 667 924 804 951; x_wconf 88' lang='lat' dir='ltr'><strong>sermonis</strong></span> <span class='ocrx_word' id='word_1_264' title='bbox 832 923 945 957; x_wconf 90' lang='lat' dir='ltr'><strong>auditu;</strong></span> <span class='ocrx_word' id='word_1_265' title='bbox 969 927 1055 951; x_wconf 88' lang='lat' dir='ltr'><strong>totatn</strong></span> 
     </span>
    </p>
   </div>
   <div class='ocr_carea' id='block_1_37' title="bbox 262 968 1056 1004">
    <p class='ocr_par' dir='ltr' id='par_1_37' title="bbox 262 968 1056 1004">
     <span class='ocr_line' id='line_1_37' title="bbox 262 968 1056 1004; baseline -0.001 -8"><span class='ocrx_word' id='word_1_266' title='bbox 262 969 381 1004; x_wconf 88' lang='lat' dir='ltr'><strong>denique</strong></span> <span class='ocrx_word' id='word_1_267' title='bbox 395 968 492 996; x_wconf 78' lang='lat' dir='ltr'><strong>faciem</strong></span> <span class='ocrx_word' id='word_1_268' title='bbox 508 976 541 995; x_wconf 92' lang='lat' dir='ltr'><strong>eo</strong></span> <span class='ocrx_word' id='word_1_269' title='bbox 557 968 661 1000; x_wconf 89' lang='lat' dir='ltr'><strong>colore,</strong></span> <span class='ocrx_word' id='word_1_270' title='bbox 676 968 723 1003; x_wconf 93' lang='lat' dir='ltr'><strong>qui</strong></span> <span class='ocrx_word' id='word_1_271' title='bbox 741 968 938 996; x_wconf 85' lang='lat' dir='ltr'><strong>verecundiam</strong></span> <span class='ocrx_word' id='word_1_272' title='bbox 953 976 1009 1003; x_wconf 68' lang='lat' dir='ltr'><strong>pra:</strong></span> <span class='ocrx_word' id='word_1_273' title='bbox 1026 976 1056 995; x_wconf 92' lang='lat' dir='ltr'><strong>se</strong></span> 
     </span>
    </p>
   </div>
   <div class='ocr_carea' id='block_1_38' title="bbox 263 1014 1055 1049">
    <p class='ocr_par' dir='ltr' id='par_1_38' title="bbox 263 1014 1055 1049">
     <span class='ocr_line' id='line_1_38' title="bbox 263 1014 1055 1049; baseline -0.001 -7"><span class='ocrx_word' id='word_1_274' title='bbox 263 1014 392 1042; x_wconf 82' lang='lat' dir='ltr'><strong>ferat.-ln</strong></span> <span class='ocrx_word' id='word_1_275' title='bbox 417 1014 547 1042; x_wconf 86' lang='lat' dir='ltr'><strong>omnibus</strong></span> <span class='ocrx_word' id='word_1_276' title='bbox 565 1019 656 1041; x_wconf 87' lang='lat' dir='ltr'><strong>autem</strong></span> <span class='ocrx_word' id='word_1_277' title='bbox 679 1018 706 1041; x_wconf 91' lang='lat' dir='ltr'><strong>et</strong></span> <span class='ocrx_word' id='word_1_278' title='bbox 728 1022 776 1049; x_wconf 89' lang='lat' dir='ltr'><strong>per</strong></span> <span class='ocrx_word' id='word_1_279' title='bbox 788 1014 881 1042; x_wconf 87' lang='lat' dir='ltr'><strong>omnia</strong></span> <span class='ocrx_word' id='word_1_280' title='bbox 906 1014 949 1041; x_wconf 80' lang='lat' dir='ltr'><strong>fac</strong></span> <span class='ocrx_word' id='word_1_281' title='bbox 970 1018 1055 1042; x_wconf 87' lang='lat' dir='ltr'><strong>temet</strong></span> 
     </span>
    </p>
   </div>
   <div class='ocr_carea' id='block_1_39' title="bbox 261 1059 1053 1095">
    <p class='ocr_par' dir='ltr' id='par_1_39' title="bbox 261 1059 1053 1095">
     <span class='ocr_line' id='line_1_39' title="bbox 261 1059 1053 1095; baseline -0.001 -8"><span class='ocrx_word' id='word_1_282' title='bbox 261 1061 351 1095; x_wconf 83' lang='lat' dir='ltr'><strong>ipsam</strong></span> <span class='ocrx_word' id='word_1_283' title='bbox 381 1060 513 1087; x_wconf 86' lang='lat' dir='ltr'><strong>intactam</strong></span> <span class='ocrx_word' id='word_1_284' title='bbox 541 1060 704 1092; x_wconf 88' lang='lat' dir='ltr'><strong>custodias,</strong></span> <span class='ocrx_word' id='word_1_285' title='bbox 735 1059 775 1087; x_wconf 89' lang='lat' dir='ltr'><strong>uti</strong></span> <span class='ocrx_word' id='word_1_286' title='bbox 806 1067 864 1087; x_wconf 90' lang='lat' dir='ltr'><strong>rem</strong></span> <span class='ocrx_word' id='word_1_287' title='bbox 892 1060 1053 1094; x_wconf 85' lang='lat' dir='ltr'><strong>pretiosam.</strong></span> 
     </span>
    </p>
   </div>
   <div class='ocr_carea' id='block_1_40' title="bbox 262 1106 1054 1141">
    <p class='ocr_par' dir='ltr' id='par_1_40' title="bbox 262 1106 1054 1141">
     <span class='ocr_line' id='line_1_40' title="bbox 262 1106 1054 1141; baseline -0.001 -8"><span class='ocrx_word' id='word_1_288' title='bbox 262 1106 462 1134; x_wconf 82' lang='lat' dir='ltr'><strong>Ornamentum</strong></span> <span class='ocrx_word' id='word_1_289' title='bbox 490 1106 564 1134; x_wconf 90' lang='lat' dir='ltr'><strong>enim</strong></span> <span class='ocrx_word' id='word_1_290' title='bbox 592 1106 738 1133; x_wconf 84' lang='lat' dir='ltr'><strong>mulierum</strong></span> <span class='ocrx_word' id='word_1_291' title='bbox 762 1106 922 1141; x_wconf 85' lang='lat' dir='ltr'><strong>proprium,</strong></span> <span class='ocrx_word' id='word_1_292' title='bbox 958 1106 1054 1140; x_wconf 83' lang='lat' dir='ltr'><strong>eisque</strong></span> 
     </span>
    </p>
   </div>
   <div class='ocr_carea' id='block_1_41' title="bbox 263 1152 1056 1187">
    <p class='ocr_par' dir='ltr' id='par_1_41' title="bbox 263 1152 1056 1187">
     <span class='ocr_line' id='line_1_41' title="bbox 263 1152 1056 1187; baseline -0.001 -7"><span class='ocrx_word' id='word_1_293' title='bbox 263 1153 380 1180; x_wconf 77' lang='lat' dir='ltr'><strong>maxime</strong></span> <span class='ocrx_word' id='word_1_294' title='bbox 395 1153 562 1180; x_wconf 87' lang='lat' dir='ltr'><strong>conveniens</strong></span> <span class='ocrx_word' id='word_1_295' title='bbox 573 1157 615 1180; x_wconf 91' lang='lat' dir='ltr'><strong>est</strong></span> <span class='ocrx_word' id='word_1_296' title='bbox 631 1152 828 1184; x_wconf 88' lang='lat' dir='ltr'><strong>sanctimonia,</strong></span> <span class='ocrx_word' id='word_1_297' title='bbox 844 1152 962 1180; x_wconf 85' lang='lat' dir='ltr'><strong>castitas</strong></span> <span class='ocrx_word' id='word_1_298' title='bbox 973 1156 1056 1187; x_wconf 88' lang='lat' dir='ltr'><strong>atque</strong></span> 
     </span>
    </p>
   </div>
   <div class='ocr_carea' id='block_1_42' title="bbox 1107 917 1899 956">
    <p class='ocr_par' dir='ltr' id='par_1_42' title="bbox 1107 917 1899 956">
     <span class='ocr_line' id='line_1_42' title="bbox 1107 917 1899 956; baseline -0.006 -8"><span class='ocrx_word' id='word_1_299' title='bbox 1107 920 1226 956; x_wconf 80' lang='grc' dir='ltr'>γυναιξὶ,</span> <span class='ocrx_word' id='word_1_300' title='bbox 1250 921 1400 956; x_wconf 79' lang='grc' dir='ltr'><strong>σεμνότης,</strong></span> <span class='ocrx_word' id='word_1_301' title='bbox 1423 920 1578 953; x_wconf 84' lang='grc' dir='ltr'><strong>εὐστάθεια,</strong></span> <span class='ocrx_word' id='word_1_302' title='bbox 1598 918 1769 956; x_wconf 84' lang='grc' dir='ltr'>σωφροσύνη.</span> <span class='ocrx_word' id='word_1_303' title='bbox 1782 917 1899 954; x_wconf 78' lang='grc' dir='ltr'>Τρυφὴν</span> 
     </span>
    </p>
   </div>
   <div class='ocr_carea' id='block_1_43' title="bbox 1108 963 1898 1003">
    <p class='ocr_par' dir='ltr' id='par_1_43' title="bbox 1108 963 1898 1003">
     <span class='ocr_line' id='line_1_43' title="bbox 1108 963 1898 1003; baseline -0.006 -9"><span class='ocrx_word' id='word_1_304' title='bbox 1108 967 1203 1002; x_wconf 79' lang='grc' dir='ltr'>νόμιζε</span> <span class='ocrx_word' id='word_1_305' title='bbox 1228 967 1376 1003; x_wconf 81' lang='grc' dir='ltr'>καλλίστην</span> <span class='ocrx_word' id='word_1_306' title='bbox 1402 966 1469 1002; x_wconf 79' lang='grc' dir='ltr'><strong>ὁμοῦ</strong></span> <span class='ocrx_word' id='word_1_307' title='bbox 1496 966 1544 993; x_wconf 77' lang='grc' dir='ltr'>καὶ</span> <span class='ocrx_word' id='word_1_308' title='bbox 1567 966 1688 1001; x_wconf 77' lang='grc' dir='ltr'><strong>ῥᾴστην,</strong></span> <span class='ocrx_word' id='word_1_309' title='bbox 1707 965 1756 1000; x_wconf 80' lang='grc' dir='ltr'><strong>τὴν</strong></span> <span class='ocrx_word' id='word_1_310' title='bbox 1777 963 1898 1000; x_wconf 80' lang='grc' dir='ltr'><strong>χρειώδη</strong></span> 
     </span>
    </p>
   </div>
   <div class='ocr_carea' id='block_1_44' title="bbox 1106 1009 1898 1050">
    <p class='ocr_par' dir='ltr' id='par_1_44' title="bbox 1106 1009 1898 1050">
     <span class='ocr_line' id='line_1_44' title="bbox 1106 1009 1898 1050; baseline -0.008 -9"><span class='ocrx_word' id='word_1_311' title='bbox 1106 1015 1225 1050; x_wconf 78' lang='grc' dir='ltr'>τροφήν-</span> <span class='ocrx_word' id='word_1_312' title='bbox 1250 1013 1320 1048; x_wconf 74' lang='grc' dir='ltr'>αὕτη</span> <span class='ocrx_word' id='word_1_313' title='bbox 1335 1013 1389 1049; x_wconf 83' lang='grc' dir='ltr'>γὰρ</span> <span class='ocrx_word' id='word_1_314' title='bbox 1413 1013 1460 1039; x_wconf 76' lang='grc' dir='ltr'>καὶ</span> <span class='ocrx_word' id='word_1_315' title='bbox 1475 1012 1536 1039; x_wconf 83' lang='grc' dir='ltr'>καθ’</span> <span class='ocrx_word' id='word_1_316' title='bbox 1563 1011 1660 1047; x_wconf 77' lang='grc' dir='ltr'>ἑαυτὴν</span> <span class='ocrx_word' id='word_1_317' title='bbox 1685 1009 1814 1044; x_wconf 69' lang='grc' dir='ltr'>ἐπαινετὴ</span> <span class='ocrx_word' id='word_1_318' title='bbox 1826 1030 1833 1041; x_wconf 94' lang='grc'><strong>,</strong></span> <span class='ocrx_word' id='word_1_319' title='bbox 1850 1009 1898 1035; x_wconf 80' lang='grc' dir='ltr'>καὶ</span> 
     </span>
    </p>
   </div>
   <div class='ocr_carea' id='block_1_45' title="bbox 1108 1055 1899 1097">
    <p class='ocr_par' dir='ltr' id='par_1_45' title="bbox 1108 1055 1899 1097">
     <span class='ocr_line' id='line_1_45' title="bbox 1108 1055 1899 1097; baseline -0.009 -10"><span class='ocrx_word' id='word_1_320' title='bbox 1108 1061 1177 1097; x_wconf 83' lang='grc' dir='ltr'>πρὸς</span> <span class='ocrx_word' id='word_1_321' title='bbox 1189 1061 1235 1087; x_wconf 76' lang='grc' dir='ltr'><strong>τὸν</strong></span> <span class='ocrx_word' id='word_1_322' title='bbox 1249 1061 1278 1086; x_wconf 79' lang='grc' dir='ltr'>ὲν</span> <span class='ocrx_word' id='word_1_323' title='bbox 1294 1059 1454 1096; x_wconf 72' lang='grc' dir='ltr'>σωφροσύνῃ</span> <span class='ocrx_word' id='word_1_324' title='bbox 1471 1059 1533 1094; x_wconf 78' lang='grc' dir='ltr'>βίον,</span> <span class='ocrx_word' id='word_1_325' title='bbox 1541 1058 1646 1094; x_wconf 79' lang='grc' dir='ltr'>αἱρετὴ,</span> <span class='ocrx_word' id='word_1_326' title='bbox 1657 1057 1705 1084; x_wconf 78' lang='grc' dir='ltr'>καὶ</span> <span class='ocrx_word' id='word_1_327' title='bbox 1718 1056 1786 1092; x_wconf 72' lang='grc' dir='ltr'>πρὸς</span> <span class='ocrx_word' id='word_1_328' title='bbox 1801 1055 1899 1090; x_wconf 85' lang='grc' dir='ltr'>ὑγείαν</span> 
     </span>
    </p>
   </div>
   <div class='ocr_carea' id='block_1_46' title="bbox 1106 1100 1899 1142">
    <p class='ocr_par' dir='ltr' id='par_1_46' title="bbox 1106 1100 1899 1142">
     <span class='ocr_line' id='line_1_46' title="bbox 1106 1100 1899 1142; baseline -0.009 -9"><span class='ocrx_word' id='word_1_329' title='bbox 1106 1107 1217 1142; x_wconf 69' lang='grc' dir='ltr'>ἀρίστη,</span> <span class='ocrx_word' id='word_1_330' title='bbox 1238 1106 1286 1132; x_wconf 81' lang='grc' dir='ltr'>καὶ</span> <span class='ocrx_word' id='word_1_331' title='bbox 1297 1105 1480 1141; x_wconf 80' lang='grc' dir='ltr'>συμμετρίαν,</span> <span class='ocrx_word' id='word_1_332' title='bbox 1499 1104 1546 1131; x_wconf 78' lang='grc' dir='ltr'>καὶ</span> <span class='ocrx_word' id='word_1_333' title='bbox 1560 1104 1609 1140; x_wconf 85' lang='grc' dir='ltr'><strong>τὴν</strong></span> <span class='ocrx_word' id='word_1_334' title='bbox 1625 1103 1709 1139; x_wconf 76' lang='grc' dir='ltr'>ἄλλην</span> <span class='ocrx_word' id='word_1_335' title='bbox 1735 1100 1899 1136; x_wconf 78' lang='grc' dir='ltr'>εὐκοσμίαν,</span> 
     </span>
    </p>
   </div>
   <div class='ocr_carea' id='block_1_47' title="bbox 1108 1150 1520 1186">
    <p class='ocr_par' dir='ltr' id='par_1_47' title="bbox 1108 1150 1520 1186">
     <span class='ocr_line' id='line_1_47' title="bbox 1108 1150 1520 1186; baseline -0.005 -8"><span class='ocrx_word' id='word_1_336' title='bbox 1108 1152 1155 1178; x_wconf 74' lang='grc' dir='ltr'><strong>καὶ</strong></span> <span class='ocrx_word' id='word_1_337' title='bbox 1172 1151 1297 1178; x_wconf 80' lang='grc' dir='ltr'>παιδείαν</span> <span class='ocrx_word' id='word_1_338' title='bbox 1315 1151 1366 1177; x_wconf 80' lang='grc' dir='ltr'><strong>οὐκ</strong></span> <span class='ocrx_word' id='word_1_339' title='bbox 1382 1150 1520 1186; x_wconf 79' lang='grc' dir='ltr'>ἀνόνητος.</span> 
     </span>
    </p>
   </div>
   <div class='ocr_carea' id='block_1_48' title="bbox 262 1191 1899 1233">
    <p class='ocr_par' dir='ltr' id='par_1_48' title="bbox 262 1191 1899 1233">
     <span class='ocr_line' id='line_1_48' title="bbox 262 1191 1899 1233; baseline -0.004 -8"><span class='ocrx_word' id='word_1_340' title='bbox 262 1198 406 1226; x_wconf 85' lang='lat' dir='ltr'><strong>modestia.</strong></span> <span class='ocrx_word' id='word_1_341' title='bbox 429 1197 547 1225; x_wconf 86' lang='lat' dir='ltr'><strong>Delicias</strong></span> <span class='ocrx_word' id='word_1_342' title='bbox 568 1198 771 1233; x_wconf 85' lang='lat' dir='ltr'><strong>pulcherrimas</strong></span> <span class='ocrx_word' id='word_1_343' title='bbox 788 1197 870 1225; x_wconf 89' lang='lat' dir='ltr'><strong>simul</strong></span> <span class='ocrx_word' id='word_1_344' title='bbox 892 1202 919 1224; x_wconf 92' lang='lat' dir='ltr'><strong>et</strong></span> <span class='ocrx_word' id='word_1_345' title='bbox 942 1200 1103 1232; x_wconf 87' lang='lat' dir='ltr'><strong>comparatu</strong></span> <span class='ocrx_word' id='word_1_346' title='bbox 1128 1196 1272 1223; x_wconf 83' lang='lat' dir='ltr'><strong>facillimas</strong></span> <span class='ocrx_word' id='word_1_347' title='bbox 1293 1195 1388 1222; x_wconf 91' lang='lat' dir='ltr'><strong>ducito</strong></span> <span class='ocrx_word' id='word_1_348' title='bbox 1429 1194 1562 1229; x_wconf 76' lang='lat' dir='ltr'><strong>frugalem</strong></span> <span class='ocrx_word' id='word_1_349' title='bbox 1596 1194 1718 1225; x_wconf 86' lang='lat' dir='ltr'><strong>victum;</strong></span> <span class='ocrx_word' id='word_1_350' title='bbox 1751 1192 1797 1220; x_wconf 84' lang='lat' dir='ltr'><strong>hic</strong></span> <span class='ocrx_word' id='word_1_351' title='bbox 1823 1191 1899 1219; x_wconf 90' lang='lat' dir='ltr'><strong>enim</strong></span> 
     </span>
    </p>
   </div>
   <div class='ocr_carea' id='block_1_49' title="bbox 265 1238 1899 1279">
    <p class='ocr_par' dir='ltr' id='par_1_49' title="bbox 265 1238 1899 1279">
     <span class='ocr_line' id='line_1_49' title="bbox 265 1238 1899 1279; baseline -0.004 -8"><span class='ocrx_word' id='word_1_352' title='bbox 265 1252 329 1271; x_wconf 88' lang='lat' dir='ltr'><strong>cum</strong></span> <span class='ocrx_word' id='word_1_353' title='bbox 350 1244 408 1279; x_wconf 86' lang='lat' dir='ltr'><strong>ipse</strong></span> <span class='ocrx_word' id='word_1_354' title='bbox 431 1252 481 1279; x_wconf 86' lang='lat' dir='ltr'><strong>per</strong></span> <span class='ocrx_word' id='word_1_355' title='bbox 494 1252 524 1272; x_wconf 91' lang='lat' dir='ltr'><strong>se</strong></span> <span class='ocrx_word' id='word_1_356' title='bbox 547 1244 693 1272; x_wconf 74' lang='lat' dir='ltr'><strong>laudabilis</strong></span> <span class='ocrx_word' id='word_1_357' title='bbox 717 1251 768 1277; x_wconf 87' lang='lat' dir='ltr'><strong>est,</strong></span> <span class='ocrx_word' id='word_1_358' title='bbox 795 1248 851 1270; x_wconf 92' lang='lat' dir='ltr'><strong>tum</strong></span> <span class='ocrx_word' id='word_1_359' title='bbox 872 1243 906 1270; x_wconf 91' lang='lat' dir='ltr'><strong>ad</strong></span> <span class='ocrx_word' id='word_1_360' title='bbox 927 1243 1066 1271; x_wconf 88' lang='lat' dir='ltr'><strong>moderate</strong></span> <span class='ocrx_word' id='word_1_361' title='bbox 1085 1242 1230 1270; x_wconf 87' lang='lat' dir='ltr'><strong>vivendum</strong></span> <span class='ocrx_word' id='word_1_362' title='bbox 1256 1241 1399 1278; x_wconf 86' lang='lat' dir='ltr'><strong>optabilis,</strong></span> <span class='ocrx_word' id='word_1_363' title='bbox 1421 1244 1478 1268; x_wconf 90' lang='lat' dir='ltr'><strong>tum</strong></span> <span class='ocrx_word' id='word_1_364' title='bbox 1500 1240 1583 1268; x_wconf 87' lang='lat' dir='ltr'><strong>saluti</strong></span> <span class='ocrx_word' id='word_1_365' title='bbox 1602 1239 1720 1267; x_wconf 78' lang='lat' dir='ltr'><strong>maxime</strong></span> <span class='ocrx_word' id='word_1_366' title='bbox 1739 1238 1899 1269; x_wconf 81' lang='lat' dir='ltr'><strong>conferens,</strong></span> 
     </span>
    </p>
   </div>
   <div class='ocr_carea' id='block_1_50' title="bbox 262 1286 1483 1326">
    <p class='ocr_par' dir='ltr' id='par_1_50' title="bbox 262 1286 1483 1326">
     <span class='ocr_line' id='line_1_50' title="bbox 262 1286 1483 1326; baseline -0.002 -9"><span class='ocrx_word' id='word_1_367' title='bbox 262 1294 291 1317; x_wconf 84' lang='lat' dir='ltr'><strong>et</strong></span> <span class='ocrx_word' id='word_1_368' title='bbox 305 1289 416 1326; x_wconf 74' lang='lat' dir='ltr'><strong>reliquae</strong></span> <span class='ocrx_word' id='word_1_369' title='bbox 436 1291 624 1326; x_wconf 75' lang='lat' dir='ltr'><strong>temperantia:</strong></span> <span class='ocrx_word' id='word_1_370' title='bbox 638 1296 664 1317; x_wconf 87' lang='lat' dir='ltr'><strong>et</strong></span> <span class='ocrx_word' id='word_1_371' title='bbox 688 1290 829 1318; x_wconf 71' lang='lat' dir='ltr'><strong>modestia:</strong></span> <span class='ocrx_word' id='word_1_372' title='bbox 849 1295 986 1324; x_wconf 63' lang='lat' dir='ltr'><strong>rectaque</strong></span> <span class='ocrx_word' id='word_1_373' title='bbox 1006 1289 1161 1324; x_wconf 65' lang='lat' dir='ltr'><strong>disciplinae</strong></span> <span class='ocrx_word' id='word_1_374' title='bbox 1178 1296 1233 1316; x_wconf 93' lang='lat' dir='ltr'><strong>non</strong></span> <span class='ocrx_word' id='word_1_375' title='bbox 1250 1288 1366 1316; x_wconf 68' lang='lat' dir='ltr'><strong>inutibis.</strong></span> <span class='ocrx_word' id='word_1_376' title='bbox 1478 1286 1483 1291; x_wconf 89' lang='grc'><strong>“</strong></span> 
     </span>
    </p>
   </div>
   <div class='ocr_carea' id='block_1_51' title="bbox 274 1383 1893 1400">
    <p class='ocr_par' dir='ltr' id='par_1_51' title="bbox 274 1383 1893 1400">
     <span class='ocr_line' id='line_1_51' title="bbox 274 1383 1893 1400; baseline -0.001 0"><span class='ocrx_word' id='word_1_377' title='bbox 274 1383 1893 1400; x_wconf 54' lang='lat' dir='ltr'><em>W</em></span> 
     </span>
    </p>
   </div>
   <div class='ocr_carea' id='block_1_52' title="bbox 932 1470 1222 1517">
    <p class='ocr_par' dir='ltr' id='par_1_52' title="bbox 932 1470 1222 1517">
     <span class='ocr_line' id='line_1_52' title="bbox 932 1470 1222 1517; baseline 0 -1"><span class='ocrx_word' id='word_1_378' title='bbox 932 1470 1222 1517; x_wconf 88' lang='lat' dir='ltr'><strong>MONITUM</strong></span> 
     </span>
    </p>
   </div>
   <div class='ocr_carea' id='block_1_53' title="bbox 734 1577 1416 1612">
    <p class='ocr_par' dir='ltr' id='par_1_53' title="bbox 734 1577 1416 1612">
     <span class='ocr_line' id='line_1_53' title="bbox 734 1577 1416 1612; baseline 0.001 -1"><span class='ocrx_word' id='word_1_379' title='bbox 734 1579 784 1612; x_wconf 89' lang='lat' dir='ltr'><strong>DE</strong></span> <span class='ocrx_word' id='word_1_380' title='bbox 805 1579 940 1610; x_wconf 84' lang='lat' dir='ltr'><strong>SANCTI</strong></span> <span class='ocrx_word' id='word_1_381' title='bbox 958 1577 1146 1610; x_wconf 79' lang='lat' dir='ltr'><strong>GREGOBII</strong></span> <span class='ocrx_word' id='word_1_382' title='bbox 1166 1579 1416 1612; x_wconf 86' lang='lat' dir='ltr'><strong>TESTAMENTO</strong></span> 
     </span>
    </p>
   </div>
   <div class='ocr_carea' id='block_1_54' title="bbox 307 1742 1895 1783">
    <p class='ocr_par' dir='ltr' id='par_1_54' title="bbox 307 1742 1895 1783">
     <span class='ocr_line' id='line_1_54' title="bbox 307 1742 1895 1783; baseline 0.001 -9"><span class='ocrx_word' id='word_1_383' title='bbox 307 1743 480 1780; x_wconf 70' lang='lat'><strong>199200</strong></span> <span class='ocrx_word' id='word_1_384' title='bbox 502 1743 621 1774; x_wconf 90' lang='lat' dir='ltr'><strong>Prodiit</strong></span> <span class='ocrx_word' id='word_1_385' title='bbox 644 1743 780 1783; x_wconf 88' lang='lat' dir='ltr'><strong>primum</strong></span> <span class='ocrx_word' id='word_1_386' title='bbox 798 1743 905 1774; x_wconf 74' lang='lat' dir='ltr'><strong>Graece</strong></span> <span class='ocrx_word' id='word_1_387' title='bbox 920 1744 1154 1774; x_wconf 73' lang='lat' dir='ltr'><strong>Testamentum</strong></span> <span class='ocrx_word' id='word_1_388' title='bbox 1171 1743 1255 1774; x_wconf 87' lang='lat' dir='ltr'><strong>istud</strong></span> <span class='ocrx_word' id='word_1_389' title='bbox 1270 1752 1354 1775; x_wconf 86' lang='lat' dir='ltr'><strong>anno</strong></span> <span class='ocrx_word' id='word_1_390' title='bbox 1368 1742 1454 1781; x_wconf 83' lang='lat'><strong>1583,</strong></span> <span class='ocrx_word' id='word_1_391' title='bbox 1470 1745 1620 1775; x_wconf 71' lang='lat' dir='ltr'><strong>Barnabas</strong></span> <span class='ocrx_word' id='word_1_392' title='bbox 1638 1744 1789 1775; x_wconf 85' lang='lat' dir='ltr'><strong>Brissonii</strong></span> <span class='ocrx_word' id='word_1_393' title='bbox 1809 1753 1895 1783; x_wconf 86' lang='lat' dir='ltr'><strong>cura,</strong></span> 
     </span>
    </p>
   </div>
   <div class='ocr_carea' id='block_1_55' title="bbox 265 1783 1897 1823">
    <p class='ocr_par' dir='ltr' id='par_1_55' title="bbox 265 1783 1897 1823">
     <span class='ocr_line' id='line_1_55' title="bbox 265 1783 1897 1823; baseline 0.001 -8"><span class='ocrx_word' id='word_1_394' title='bbox 265 1785 321 1815; x_wconf 85' lang='lat' dir='ltr'><strong>lib.</strong></span> <span class='ocrx_word' id='word_1_395' title='bbox 332 1794 376 1815; x_wconf 86' lang='lat' dir='ltr'><strong>vn</strong></span> <span class='ocrx_word' id='word_1_396' title='bbox 387 1785 430 1814; x_wconf 82' lang='lat' dir='ltr'><strong>De</strong></span> <span class='ocrx_word' id='word_1_397' title='bbox 438 1783 594 1823; x_wconf 75' lang='lat' dir='ltr'><strong>famulis,</strong></span> <span class='ocrx_word' id='word_1_398' title='bbox 607 1792 678 1823; x_wconf 80' lang='lat' dir='ltr'><strong>pag.</strong></span> <span class='ocrx_word' id='word_1_399' title='bbox 690 1783 792 1813; x_wconf 85' lang='lat' dir='ltr'><strong>760.J.</strong></span> <span class='ocrx_word' id='word_1_400' title='bbox 806 1791 880 1813; x_wconf 89' lang='lat' dir='ltr'><strong>vero</strong></span> <span class='ocrx_word' id='word_1_401' title='bbox 892 1783 1088 1820; x_wconf 84' lang='lat' dir='ltr'><strong>Sirmondus,</strong></span> <span class='ocrx_word' id='word_1_402' title='bbox 1101 1783 1180 1814; x_wconf 84' lang='lat' dir='ltr'><strong>duos</strong></span> <span class='ocrx_word' id='word_1_403' title='bbox 1196 1787 1304 1815; x_wconf 85' lang='lat' dir='ltr'><strong>nactus</strong></span> <span class='ocrx_word' id='word_1_404' title='bbox 1320 1784 1554 1823; x_wconf 76' lang='lat' dir='ltr'><strong>antiquissimos</strong></span> <span class='ocrx_word' id='word_1_405' title='bbox 1568 1784 1722 1823; x_wconf 68' lang='lat' dir='ltr'><strong>Yaticante</strong></span> <span class='ocrx_word' id='word_1_406' title='bbox 1732 1784 1897 1816; x_wconf 81' lang='lat' dir='ltr'><strong>bibliothe-</strong></span> 
     </span>
    </p>
   </div>
   <div class='ocr_carea' id='block_1_56' title="bbox 265 1823 1053 1862">
    <p class='ocr_par' dir='ltr' id='par_1_56' title="bbox 265 1823 1053 1859">
     <span class='ocr_line' id='line_1_56' title="bbox 265 1823 1053 1859; baseline -0.003 -4"><span class='ocrx_word' id='word_1_407' title='bbox 265 1833 312 1855; x_wconf 62' lang='lat' dir='ltr'><strong>cae</strong></span> <span class='ocrx_word' id='word_1_408' title='bbox 322 1824 458 1859; x_wconf 68' lang='lat' dir='ltr'><strong>t~odices,</strong></span> <span class='ocrx_word' id='word_1_409' title='bbox 465 1823 549 1854; x_wconf 90' lang='lat' dir='ltr'><strong>idem</strong></span> <span class='ocrx_word' id='word_1_410' title='bbox 555 1823 897 1853; x_wconf 76' lang='lat' dir='ltr'><strong>TestamentumGt-aece</strong></span> <span class='ocrx_word' id='word_1_411' title='bbox 908 1823 1053 1853; x_wconf 79' lang='lat' dir='ltr'><strong>accuratit</strong></span> 
     </span>
    </p>
   </div>
   <div class='ocr_carea' id='block_1_57' title="bbox 1106 1823 1895 1862">
    <p class='ocr_par' dir='ltr' id='par_1_57' title="bbox 1106 1823 1895 1862">
     <span class='ocr_line' id='line_1_57' title="bbox 1106 1823 1895 1862; baseline 0.001 -9"><span class='ocrx_word' id='word_1_412' title='bbox 1106 1824 1237 1854; x_wconf 76' lang='lat' dir='ltr'><strong>:tLatine</strong></span> <span class='ocrx_word' id='word_1_413' title='bbox 1252 1824 1407 1855; x_wconf 87' lang='lat' dir='ltr'><strong>redditum</strong></span> <span class='ocrx_word' id='word_1_414' title='bbox 1418 1823 1562 1862; x_wconf 79' lang='lat' dir='ltr'><strong>vulgavit.</strong></span> <span class='ocrx_word' id='word_1_415' title='bbox 1577 1824 1647 1854; x_wconf 90' lang='lat' dir='ltr'><strong>Suis</strong></span> <span class='ocrx_word' id='word_1_416' title='bbox 1665 1824 1895 1854; x_wconf 81' lang='lat' dir='ltr'><strong>etiamAnna/i-</strong></span> 
     </span>
    </p>
   </div>
   <div class='ocr_carea' id='block_1_58' title="bbox 267 1862 1897 1902">
    <p class='ocr_par' dir='ltr' id='par_1_58' title="bbox 267 1862 1897 1902">
     <span class='ocr_line' id='line_1_58' title="bbox 267 1862 1897 1902; baseline 0.001 -8"><span class='ocrx_word' id='word_1_417' title='bbox 267 1864 324 1894; x_wconf 80' lang='lat' dir='ltr'><strong>bus</strong></span> <span class='ocrx_word' id='word_1_418' title='bbox 342 1863 474 1894; x_wconf 82' lang='lat' dir='ltr'><strong>inseruit</strong></span> <span class='ocrx_word' id='word_1_419' title='bbox 488 1862 639 1893; x_wconf 86' lang='lat' dir='ltr'><strong>Baronius</strong></span> <span class='ocrx_word' id='word_1_420' title='bbox 654 1862 727 1902; x_wconf 77' lang='lat'><strong>(25),</strong></span> <span class='ocrx_word' id='word_1_421' title='bbox 741 1862 781 1892; x_wconf 82' lang='lat' dir='ltr'><strong>ab</strong></span> <span class='ocrx_word' id='word_1_422' title='bbox 800 1862 1030 1902; x_wconf 85' lang='lat' dir='ltr'><strong>objectionibus</strong></span> <span class='ocrx_word' id='word_1_423' title='bbox 1049 1863 1250 1900; x_wconf 85' lang='lat' dir='ltr'><strong>vindicatum,</strong></span> <span class='ocrx_word' id='word_1_424' title='bbox 1269 1863 1459 1902; x_wconf 88' lang='lat' dir='ltr'><strong>scholiisque</strong></span> <span class='ocrx_word' id='word_1_425' title='bbox 1474 1863 1671 1894; x_wconf 80' lang='lat' dir='ltr'><strong>illustratum.</strong></span> <span class='ocrx_word' id='word_1_426' title='bbox 1694 1864 1773 1894; x_wconf 88' lang='lat' dir='ltr'><strong>Sunt</strong></span> <span class='ocrx_word' id='word_1_427' title='bbox 1791 1867 1897 1896; x_wconf 79' lang='lat' dir='ltr'><strong>tamen</strong></span> 
     </span>
    </p>
   </div>
   <div class='ocr_carea' id='block_1_59' title="bbox 267 1902 1895 1944">
    <p class='ocr_par' dir='ltr' id='par_1_59' title="bbox 267 1902 1895 1944">
     <span class='ocr_line' id='line_1_59' title="bbox 267 1902 1895 1944; baseline 0 -10"><span class='ocrx_word' id='word_1_428' title='bbox 267 1903 322 1944; x_wconf 89' lang='lat' dir='ltr'><strong>qui</strong></span> <span class='ocrx_word' id='word_1_429' title='bbox 338 1903 481 1944; x_wconf 80' lang='lat' dir='ltr'><strong>dubitent</strong></span> <span class='ocrx_word' id='word_1_430' title='bbox 501 1911 540 1944; x_wconf 69' lang='lat' dir='ltr'><strong>an</strong></span> <span class='ocrx_word' id='word_1_431' title='bbox 559 1902 716 1944; x_wconf 80' lang='lat' dir='ltr'><strong>sincerum</strong></span> <span class='ocrx_word' id='word_1_432' title='bbox 726 1902 769 1944; x_wconf 9' lang='lat' dir='ltr'><strong>qsit</strong></span> <span class='ocrx_word' id='word_1_433' title='bbox 781 1902 923 1944; x_wconf 72' lang='lat' dir='ltr'><strong>Gregorii</strong></span> <span class='ocrx_word' id='word_1_434' title='bbox 938 1905 1187 1944; x_wconf 78' lang='lat' dir='ltr'><strong>monumentum.</strong></span> <span class='ocrx_word' id='word_1_435' title='bbox 1204 1903 1272 1944; x_wconf 80' lang='lat' dir='ltr'><strong>Hos</strong></span> <span class='ocrx_word' id='word_1_436' title='bbox 1278 1903 1518 1944; x_wconf 16' lang='lat' dir='ltr'><strong>interrAndreas</strong></span> <span class='ocrx_word' id='word_1_437' title='bbox 1531 1903 1658 1944; x_wconf 68' lang='lat' dir='ltr'><strong>Bivetus</strong></span> <span class='ocrx_word' id='word_1_438' title='bbox 1681 1902 1771 1942; x_wconf 75' lang='lat'><strong>(25“),</strong></span> <span class='ocrx_word' id='word_1_439' title='bbox 1786 1912 1825 1933; x_wconf 77' lang='lat' dir='ltr'><strong>ex</strong></span> <span class='ocrx_word' id='word_1_440' title='bbox 1837 1904 1895 1934; x_wconf 89' lang='lat' dir='ltr'><strong>he-</strong></span> 
     </span>
    </p>
   </div>
   <div class='ocr_carea' id='block_1_60' title="bbox 265 1941 1896 1982">
    <p class='ocr_par' dir='ltr' id='par_1_60' title="bbox 265 1941 1896 1982">
     <span class='ocr_line' id='line_1_60' title="bbox 265 1941 1896 1982; baseline -0.001 -8"><span class='ocrx_word' id='word_1_441' title='bbox 265 1941 437 1974; x_wconf 81' lang='lat' dir='ltr'><strong>terodoxis.</strong></span> <span class='ocrx_word' id='word_1_442' title='bbox 461 1954 475 1970; x_wconf 90' lang='lat'>«</span> <span class='ocrx_word' id='word_1_443' title='bbox 500 1942 535 1972; x_wconf 89' lang='lat' dir='ltr'><strong>Id</strong></span> <span class='ocrx_word' id='word_1_444' title='bbox 558 1950 633 1972; x_wconf 84' lang='lat' dir='ltr'><strong>sane</strong></span> <span class='ocrx_word' id='word_1_445' title='bbox 657 1941 870 1982; x_wconf 70' lang='lat' dir='ltr'><strong>mihimirum</strong></span> <span class='ocrx_word' id='word_1_446' title='bbox 895 1941 994 1982; x_wconf 87' lang='lat' dir='ltr'><strong>visum</strong></span> <span class='ocrx_word' id='word_1_447' title='bbox 1014 1942 1199 1981; x_wconf 83' lang='lat' dir='ltr'><strong>est,inquit,</strong></span> <span class='ocrx_word' id='word_1_448' title='bbox 1214 1943 1240 1972; x_wconf 88' lang='lat' dir='ltr'><strong>si</strong></span> <span class='ocrx_word' id='word_1_449' title='bbox 1254 1942 1330 1973; x_wconf 89' lang='lat' dir='ltr'><strong>illud</strong></span> <span class='ocrx_word' id='word_1_450' title='bbox 1352 1943 1390 1973; x_wconf 85' lang='lat' dir='ltr'><strong>sit</strong></span> <span class='ocrx_word' id='word_1_451' title='bbox 1409 1942 1550 1981; x_wconf 83' lang='lat' dir='ltr'><strong>Gregorii</strong></span> <span class='ocrx_word' id='word_1_452' title='bbox 1563 1941 1795 1973; x_wconf 86' lang='lat' dir='ltr'><strong>Testamentum</strong></span> <span class='ocrx_word' id='word_1_453' title='bbox 1811 1944 1896 1982; x_wconf 87' lang='lat' dir='ltr'><strong>quod</strong></span> 
     </span>
    </p>
   </div>
   <div class='ocr_carea' id='block_1_61' title="bbox 265 1980 1896 2021">
    <p class='ocr_par' dir='ltr' id='par_1_61' title="bbox 265 1980 1896 2021">
     <span class='ocr_line' id='line_1_61' title="bbox 265 1980 1896 2021; baseline 0 -8"><span class='ocrx_word' id='word_1_454' title='bbox 265 1982 433 2021; x_wconf 80' lang='lat' dir='ltr'><strong>theologus</strong></span> <span class='ocrx_word' id='word_1_455' title='bbox 452 1985 568 2018; x_wconf 86' lang='lat' dir='ltr'><strong>tantus,</strong></span> <span class='ocrx_word' id='word_1_456' title='bbox 593 1985 624 2012; x_wconf 83' lang='lat' dir='ltr'><strong>et</strong></span> <span class='ocrx_word' id='word_1_457' title='bbox 646 1981 693 2012; x_wconf 88' lang='lat' dir='ltr'><strong>vir</strong></span> <span class='ocrx_word' id='word_1_458' title='bbox 711 1980 790 2021; x_wconf 83' lang='lat' dir='ltr'><strong>adeo</strong></span> <span class='ocrx_word' id='word_1_459' title='bbox 814 1984 951 2017; x_wconf 87' lang='lat' dir='ltr'><strong>sanctus,</strong></span> <span class='ocrx_word' id='word_1_460' title='bbox 967 1981 999 2011; x_wconf 90' lang='lat' dir='ltr'><strong>in</strong></span> <span class='ocrx_word' id='word_1_461' title='bbox 1015 1980 1182 2021; x_wconf 73' lang='lat' dir='ltr'><strong>postremae</strong></span> <span class='ocrx_word' id='word_1_462' title='bbox 1202 1982 1369 2013; x_wconf 85' lang='lat' dir='ltr'><strong>voluntatis</strong></span> <span class='ocrx_word' id='word_1_463' title='bbox 1386 1980 1561 2019; x_wconf 79' lang='lat' dir='ltr'><strong>testatione,</strong></span> <span class='ocrx_word' id='word_1_464' title='bbox 1586 1991 1626 2012; x_wconf 91' lang='lat' dir='ltr'><strong>ne</strong></span> <span class='ocrx_word' id='word_1_465' title='bbox 1650 1982 1744 2012; x_wconf 88' lang='lat' dir='ltr'><strong>verbo</strong></span> <span class='ocrx_word' id='word_1_466' title='bbox 1768 1980 1896 2021; x_wconf 80' lang='lat' dir='ltr'><strong>quidem</strong></span> 
     </span>
    </p>
   </div>
   <div class='ocr_carea' id='block_1_62' title="bbox 266 2020 1895 2061">
    <p class='ocr_par' dir='ltr' id='par_1_62' title="bbox 266 2020 1895 2061">
     <span class='ocr_line' id='line_1_62' title="bbox 266 2020 1895 2061; baseline 0.001 -9"><span class='ocrx_word' id='word_1_467' title='bbox 266 2020 402 2061; x_wconf 77' lang='lat' dir='ltr'><strong>attigerit</strong></span> <span class='ocrx_word' id='word_1_468' title='bbox 419 2022 512 2052; x_wconf 76' lang='lat' dir='ltr'><strong>vitam</strong></span> <span class='ocrx_word' id='word_1_469' title='bbox 532 2024 722 2061; x_wconf 66' lang='lat' dir='ltr'><strong>anteactam,</strong></span> <span class='ocrx_word' id='word_1_470' title='bbox 733 2020 825 2061; x_wconf 77' lang='lat' dir='ltr'><strong>fidem</strong></span> <span class='ocrx_word' id='word_1_471' title='bbox 843 2024 874 2051; x_wconf 88' lang='lat' dir='ltr'><strong>et</strong></span> <span class='ocrx_word' id='word_1_472' title='bbox 888 2020 1032 2059; x_wconf 77' lang='lat' dir='ltr'><strong>dogmata</strong></span> <span class='ocrx_word' id='word_1_473' title='bbox 1047 2030 1118 2060; x_wconf 66' lang='lat' dir='ltr'><strong>quea</strong></span> <span class='ocrx_word' id='word_1_474' title='bbox 1134 2021 1294 2058; x_wconf 87' lang='lat' dir='ltr'><strong>docuerat,</strong></span> <span class='ocrx_word' id='word_1_475' title='bbox 1311 2022 1344 2052; x_wconf 88' lang='lat' dir='ltr'><strong>in</strong></span> <span class='ocrx_word' id='word_1_476' title='bbox 1359 2030 1473 2060; x_wconf 82' lang='lat' dir='ltr'><strong>genere</strong></span> <span class='ocrx_word' id='word_1_477' title='bbox 1488 2021 1597 2053; x_wconf 82' lang='lat' dir='ltr'><strong>saltem</strong></span> <span class='ocrx_word' id='word_1_478' title='bbox 1612 2030 1677 2052; x_wconf 89' lang='lat' dir='ltr'><strong>non</strong></span> <span class='ocrx_word' id='word_1_479' title='bbox 1690 2020 1895 2053; x_wconf 77' lang='lat' dir='ltr'><strong>conﬁrmave-</strong></span> 
     </span>
    </p>
   </div>
   <div class='ocr_carea' id='block_1_63' title="bbox 266 2059 1897 2107">
    <p class='ocr_par' dir='ltr' id='par_1_63' title="bbox 266 2059 1897 2107">
     <span class='ocr_line' id='line_1_63' title="bbox 266 2059 1897 2107; baseline 0 -15"><span class='ocrx_word' id='word_1_480' title='bbox 266 2059 398 2107; x_wconf 47' lang='lat' dir='ltr'><strong>ritfillo</strong></span> <span class='ocrx_word' id='word_1_481' title='bbox 412 2062 597 2107; x_wconf 49' lang='lat' dir='ltr'><strong>praesertim</strong></span> <span class='ocrx_word' id='word_1_482' title='bbox 615 2059 889 2107; x_wconf 49' lang='lat' dir='ltr'><strong>Iturbulentissimo</strong></span> <span class='ocrx_word' id='word_1_483' title='bbox 910 2059 1067 2107; x_wconf 65' lang='lat' dir='ltr'><strong>tempore,</strong></span> <span class='ocrx_word' id='word_1_484' title='bbox 1083 2069 1197 2107; x_wconf 73' lang='lat' dir='ltr'><strong>neque</strong></span> <span class='ocrx_word' id='word_1_485' title='bbox 1214 2059 1461 2107; x_wconf 20' lang='lat' dir='ltr'><strong>animamisuam</strong></span> <span class='ocrx_word' id='word_1_486' title='bbox 1480 2062 1545 2106; x_wconf 78' lang='lat' dir='ltr'><strong>Deo</strong></span> <span class='ocrx_word' id='word_1_487' title='bbox 1571 2061 1834 2092; x_wconf 84' lang='lat' dir='ltr'><strong>commendaverit</strong></span> <span class='ocrx_word' id='word_1_488' title='bbox 1856 2062 1897 2092; x_wconf 87' lang='lat' dir='ltr'><strong>de</strong></span> 
     </span>
    </p>
   </div>
   <div class='ocr_carea' id='block_1_64' title="bbox 266 2099 1896 2141">
    <p class='ocr_par' dir='ltr' id='par_1_64' title="bbox 266 2099 1896 2141">
     <span class='ocr_line' id='line_1_64' title="bbox 266 2099 1896 2141; baseline -0.001 -9"><span class='ocrx_word' id='word_1_489' title='bbox 266 2099 494 2141; x_wconf 82' lang='lat' dir='ltr'><strong>temporalibus</strong></span> <span class='ocrx_word' id='word_1_490' title='bbox 519 2101 585 2141; x_wconf 82' lang='lat' dir='ltr'><strong>suis</strong></span> <span class='ocrx_word' id='word_1_491' title='bbox 615 2100 707 2131; x_wconf 88' lang='lat' dir='ltr'><strong>bonis</strong></span> <span class='ocrx_word' id='word_1_492' title='bbox 734 2099 909 2141; x_wconf 43' lang='lat' dir='ltr'><strong>sollicitus;</strong></span> <span class='ocrx_word' id='word_1_493' title='bbox 923 2100 957 2130; x_wconf 84' lang='lat' dir='ltr'><strong>In</strong></span> <span class='ocrx_word' id='word_1_494' title='bbox 975 2099 1041 2139; x_wconf 75' lang='lat' dir='ltr'><strong>quo</strong></span> <span class='ocrx_word' id='word_1_495' title='bbox 1061 2100 1265 2141; x_wconf 82' lang='lat' dir='ltr'><strong>etsi_eluceat</strong></span> <span class='ocrx_word' id='word_1_496' title='bbox 1286 2101 1465 2131; x_wconf 82' lang='lat' dir='ltr'><strong>sollicitudo</strong></span> <span class='ocrx_word' id='word_1_497' title='bbox 1485 2101 1552 2141; x_wconf 85' lang='lat' dir='ltr'><strong>ejus</strong></span> <span class='ocrx_word' id='word_1_498' title='bbox 1570 2109 1641 2138; x_wconf 74' lang='lat' dir='ltr'><strong>erga</strong></span> <span class='ocrx_word' id='word_1_499' title='bbox 1661 2109 1815 2141; x_wconf 82' lang='lat' dir='ltr'><strong>pauperes</strong></span> <span class='ocrx_word' id='word_1_500' title='bbox 1831 2110 1896 2131; x_wconf 86' lang='lat' dir='ltr'><strong>non</strong></span> 
     </span>
    </p>
   </div>
   <div class='ocr_carea' id='block_1_65' title="bbox 267 2139 1898 2210">
    <p class='ocr_par' dir='ltr' id='par_1_65' title="bbox 267 2139 1898 2210">
     <span class='ocr_line' id='line_1_65' title="bbox 267 2139 1898 2180; baseline 0 -9"><span class='ocrx_word' id='word_1_501' title='bbox 267 2139 422 2180; x_wconf 47' lang='lat' dir='ltr'><strong>vulg-aris;</strong></span> <span class='ocrx_word' id='word_1_502' title='bbox 438 2141 470 2171; x_wconf 90' lang='lat' dir='ltr'><strong>in</strong></span> <span class='ocrx_word' id='word_1_503' title='bbox 497 2140 575 2171; x_wconf 84' lang='lat' dir='ltr'><strong>tanti</strong></span> <span class='ocrx_word' id='word_1_504' title='bbox 596 2142 701 2171; x_wconf 86' lang='lat' dir='ltr'><strong>tamen</strong></span> <span class='ocrx_word' id='word_1_505' title='bbox 724 2139 866 2178; x_wconf 82' lang='lat' dir='ltr'><strong>episcopi</strong></span> <span class='ocrx_word' id='word_1_506' title='bbox 886 2140 1085 2170; x_wconf 85' lang='lat' dir='ltr'><strong>Testamento</strong></span> <span class='ocrx_word' id='word_1_507' title='bbox 1103 2139 1187 2170; x_wconf 80' lang='lat' dir='ltr'><strong>aliud</strong></span> <span class='ocrx_word' id='word_1_508' title='bbox 1201 2140 1279 2179; x_wconf 87' lang='lat' dir='ltr'><strong>quid</strong></span> <span class='ocrx_word' id='word_1_509' title='bbox 1301 2149 1365 2171; x_wconf 91' lang='lat' dir='ltr'><strong>non</strong></span> <span class='ocrx_word' id='word_1_510' title='bbox 1390 2139 1508 2171; x_wconf 73' lang='lat' dir='ltr'><strong>in&#39;uriti</strong></span> <span class='ocrx_word' id='word_1_511' title='bbox 1529 2139 1669 2171; x_wconf 31' lang='lat' dir='ltr'><strong>circums’</strong></span> <span class='ocrx_word' id='word_1_512' title='bbox 1687 2139 1774 2170; x_wconf 84' lang='lat' dir='ltr'><strong>eetus</strong></span> <span class='ocrx_word' id='word_1_513' title='bbox 1798 2140 1898 2171; x_wconf 84' lang='lat' dir='ltr'><strong>lector</strong></span> 
     </span>
     <span class='ocr_line' id='line_1_66' title="bbox 267 2149 1895 2210; baseline 0 0"><span class='ocrx_word' id='word_1_514' title='bbox 267 2180 474 2210; x_wconf 81' lang='lat' dir='ltr'><strong>reuulsiverit.</strong></span> <span class='ocrx_word' id='word_1_515' title='bbox 502 2191 515 2206; x_wconf 84' lang='lat'><strong>»</strong></span> <span class='ocrx_word' id='word_1_516' title='bbox 538 2180 695 2210; x_wconf 85' lang='lat' dir='ltr'><strong>Hactenus</strong></span> <span class='ocrx_word' id='word_1_517' title='bbox 716 2179 854 2209; x_wconf 79' lang='lat' dir='ltr'><strong>Rivetus.</strong></span> <span class='ocrx_word' id='word_1_518' title='bbox 875 2179 953 2208; x_wconf 91' lang='lat' dir='ltr'><strong>Sunt</strong></span> <span class='ocrx_word' id='word_1_519' title='bbox 975 2179 1066 2209; x_wconf 83' lang='lat' dir='ltr'><strong>etiam</strong></span> <span class='ocrx_word' id='word_1_520' title='bbox 1087 2187 1125 2209; x_wconf 83' lang='lat' dir='ltr'><strong>ex</strong></span> <span class='ocrx_word' id='word_1_521' title='bbox 1151 2180 1276 2210; x_wconf 87' lang='lat' dir='ltr'><strong>nostris.</strong></span> <span class='ocrx_word' id='word_1_522' title='bbox 1300 2180 1354 2210; x_wconf 87' lang='lat' dir='ltr'><strong>aui</strong></span> <span class='ocrx_word' id='word_1_523' title='bbox 1365 2188 1405 2210; x_wconf 83' lang='lat' dir='ltr'><strong>an</strong></span> <span class='ocrx_word' id='word_1_524' title='bbox 1420 2150 1592 2210; x_wconf 62' lang='lat' dir='ltr'><strong>lletzitimum</strong></span> <span class='ocrx_word' id='word_1_525' title='bbox 1611 2179 1650 2210; x_wconf 87' lang='lat' dir='ltr'><strong>sit</strong></span> <span class='ocrx_word' id='word_1_526' title='bbox 1663 2149 1895 2210; x_wconf 51' lang='lat' dir='ltr'><strong>gestamentum</strong></span> 
     </span>
    </p>
   </div>
   <div class='ocr_carea' id='block_1_66' title="bbox 266 2179 1895 2220">
    <p class='ocr_par' dir='ltr' id='par_1_66' title="bbox 266 2179 1895 2220">
     <span class='ocr_line' id='line_1_67' title="bbox 266 2179 1895 2220; baseline -0.001 -9"><span class='ocrx_word' id='word_1_527' title='bbox 266 2179 474 2220; x_wconf 88' lang='lat' dir='ltr'><strong>requisiverit.</strong></span> <span class='ocrx_word' id='word_1_528' title='bbox 495 2191 515 2220; x_wconf 55' lang='lat'><strong>)3</strong></span> <span class='ocrx_word' id='word_1_529' title='bbox 538 2180 695 2220; x_wconf 72' lang='lat' dir='ltr'><strong>llaclenus</strong></span> <span class='ocrx_word' id='word_1_530' title='bbox 716 2179 854 2220; x_wconf 66' lang='lat' dir='ltr'><strong>Rivetus.</strong></span> <span class='ocrx_word' id='word_1_531' title='bbox 875 2179 953 2220; x_wconf 77' lang='lat' dir='ltr'><strong>Sunt</strong></span> <span class='ocrx_word' id='word_1_532' title='bbox 975 2179 1066 2209; x_wconf 83' lang='lat' dir='ltr'><strong>etiam</strong></span> <span class='ocrx_word' id='word_1_533' title='bbox 1087 2187 1125 2209; x_wconf 83' lang='lat' dir='ltr'><strong>ex</strong></span> <span class='ocrx_word' id='word_1_534' title='bbox 1141 2180 1276 2220; x_wconf 77' lang='lat' dir='ltr'><strong>nostris,</strong></span> <span class='ocrx_word' id='word_1_535' title='bbox 1300 2180 1354 2220; x_wconf 91' lang='lat' dir='ltr'><strong>qui</strong></span> <span class='ocrx_word' id='word_1_536' title='bbox 1365 2188 1405 2220; x_wconf 81' lang='lat' dir='ltr'><strong>an</strong></span> <span class='ocrx_word' id='word_1_537' title='bbox 1420 2179 1592 2220; x_wconf 83' lang='lat' dir='ltr'><strong>legitimum</strong></span> <span class='ocrx_word' id='word_1_538' title='bbox 1611 2179 1650 2220; x_wconf 82' lang='lat' dir='ltr'><strong>sit</strong></span> <span class='ocrx_word' id='word_1_539' title='bbox 1663 2179 1895 2220; x_wconf 78' lang='lat' dir='ltr'><strong>Testamentum</strong></span> 
     </span>
    </p>
   </div>
   <div class='ocr_carea' id='block_1_67' title="bbox 268 2217 1895 2258">
    <p class='ocr_par' dir='ltr' id='par_1_67' title="bbox 268 2217 1895 2258">
     <span class='ocr_line' id='line_1_68' title="bbox 268 2217 1895 2258; baseline -0.001 -8"><span class='ocrx_word' id='word_1_540' title='bbox 268 2217 428 2250; x_wconf 78' lang='lat' dir='ltr'><strong>dubitent.</strong></span> <span class='ocrx_word' id='word_1_541' title='bbox 449 2231 462 2246; x_wconf 90' lang='lat'><strong>«</strong></span> <span class='ocrx_word' id='word_1_542' title='bbox 490 2218 599 2248; x_wconf 90' lang='lat' dir='ltr'><strong>Nullus</strong></span> <span class='ocrx_word' id='word_1_543' title='bbox 625 2221 730 2248; x_wconf 81' lang='lat' dir='ltr'><strong>tamen</strong></span> <span class='ocrx_word' id='word_1_544' title='bbox 753 2217 916 2258; x_wconf 80' lang='lat' dir='ltr'><strong>dubitandi</strong></span> <span class='ocrx_word' id='word_1_545' title='bbox 941 2217 1042 2255; x_wconf 84' lang='lat' dir='ltr'><strong>locus,</strong></span> <span class='ocrx_word' id='word_1_546' title='bbox 1060 2222 1094 2248; x_wconf 90' lang='lat' dir='ltr'><strong>ut</strong></span> <span class='ocrx_word' id='word_1_547' title='bbox 1119 2218 1162 2248; x_wconf 85' lang='lat' dir='ltr'><strong>ait</strong></span> <span class='ocrx_word' id='word_1_548' title='bbox 1188 2219 1234 2249; x_wconf 91' lang='lat' dir='ltr'><strong>vir</strong></span> <span class='ocrx_word' id='word_1_549' title='bbox 1253 2217 1713 2255; x_wconf 29' lang='lat' dir='ltr'><strong>doc-tissimus’Tillemontius;</strong></span> <span class='ocrx_word' id='word_1_550' title='bbox 1738 2218 1895 2258; x_wconf 69' lang='lat' dir='ltr'><strong>nullaeque</strong></span> 
     </span>
    </p>
   </div>
   <div class='ocr_carea' id='block_1_68' title="bbox 268 2257 1896 2298">
    <p class='ocr_par' dir='ltr' id='par_1_68' title="bbox 268 2257 1896 2298">
     <span class='ocr_line' id='line_1_69' title="bbox 268 2257 1896 2298; baseline 0 -9"><span class='ocrx_word' id='word_1_551' title='bbox 268 2259 458 2298; x_wconf 84' lang='lat' dir='ltr'><strong>objiciuntur</strong></span> <span class='ocrx_word' id='word_1_552' title='bbox 472 2258 619 2298; x_wconf 82' lang='lat' dir='ltr'><strong>rationes,</strong></span> <span class='ocrx_word' id='word_1_553' title='bbox 636 2266 706 2296; x_wconf 65' lang='lat' dir='ltr'><strong>quze</strong></span> <span class='ocrx_word' id='word_1_554' title='bbox 718 2266 790 2298; x_wconf 69' lang='lat' dir='ltr'><strong>non</strong></span> <span class='ocrx_word' id='word_1_555' title='bbox 802 2257 870 2298; x_wconf 80' lang='lat' dir='ltr'><strong>levi</strong></span> <span class='ocrx_word' id='word_1_556' title='bbox 888 2266 984 2298; x_wconf 79' lang='lat' dir='ltr'><strong>opera</strong></span> <span class='ocrx_word' id='word_1_557' title='bbox 996 2258 1129 2298; x_wconf 78' lang='lat' dir='ltr'><strong>possint</strong></span> <span class='ocrx_word' id='word_1_558' title='bbox 1144 2258 1282 2289; x_wconf 85' lang='lat' dir='ltr'><strong>refutari.</strong></span> <span class='ocrx_word' id='word_1_559' title='bbox 1302 2271 1314 2286; x_wconf 83' lang='lat'>»</span> <span class='ocrx_word' id='word_1_560' title='bbox 1331 2259 1419 2295; x_wconf 90' lang='lat' dir='ltr'><strong>Quod</strong></span> <span class='ocrx_word' id='word_1_561' title='bbox 1438 2262 1542 2290; x_wconf 82' lang='lat' dir='ltr'><strong>autem</strong></span> <span class='ocrx_word' id='word_1_562' title='bbox 1560 2267 1677 2289; x_wconf 83' lang='lat' dir='ltr'><strong>annum</strong></span> <span class='ocrx_word' id='word_1_563' title='bbox 1696 2262 1726 2289; x_wconf 84' lang='lat' dir='ltr'><strong>et</strong></span> <span class='ocrx_word' id='word_1_564' title='bbox 1740 2259 1822 2289; x_wconf 84' lang='lat' dir='ltr'><strong>diem</strong></span> <span class='ocrx_word' id='word_1_565' title='bbox 1841 2257 1896 2290; x_wconf 76' lang='lat' dir='ltr'><strong>liu-</strong></span> 
     </span>
    </p>
   </div>
   <div class='ocr_carea' id='block_1_69' title="bbox 265 2296 1895 2337">
    <p class='ocr_par' dir='ltr' id='par_1_69' title="bbox 265 2296 1895 2337">
     <span class='ocr_line' id='line_1_70' title="bbox 265 2296 1895 2337; baseline 0.001 -9"><span class='ocrx_word' id='word_1_566' title='bbox 265 2296 316 2337; x_wconf 76' lang='lat' dir='ltr'><strong>jus</strong></span> <span class='ocrx_word' id='word_1_567' title='bbox 341 2297 534 2337; x_wconf 82' lang='lat' dir='ltr'><strong>Testameuti</strong></span> <span class='ocrx_word' id='word_1_568' title='bbox 551 2300 680 2336; x_wconf 84' lang='lat' dir='ltr'><strong>spectat,</strong></span> <span class='ocrx_word' id='word_1_569' title='bbox 698 2296 757 2337; x_wconf 77' lang='lat' dir='ltr'><strong>die</strong></span> <span class='ocrx_word' id='word_1_570' title='bbox 777 2296 811 2326; x_wconf 91' lang='lat'><strong>31</strong></span> <span class='ocrx_word' id='word_1_571' title='bbox 837 2297 953 2326; x_wconf 84' lang='lat' dir='ltr'><strong>mensis</strong></span> <span class='ocrx_word' id='word_1_572' title='bbox 976 2297 1046 2327; x_wconf 82' lang='lat' dir='ltr'><strong>Maii</strong></span> <span class='ocrx_word' id='word_1_573' title='bbox 1069 2297 1144 2327; x_wconf 86' lang='lat' dir='ltr'><strong>anui</strong></span> <span class='ocrx_word' id='word_1_574' title='bbox 1163 2298 1218 2327; x_wconf 69' lang='lat'><strong>38&#39;2</strong></span> <span class='ocrx_word' id='word_1_575' title='bbox 1243 2298 1404 2329; x_wconf 86' lang='lat' dir='ltr'><strong>conditum</strong></span> <span class='ocrx_word' id='word_1_576' title='bbox 1429 2298 1525 2328; x_wconf 83' lang='lat' dir='ltr'><strong>fuisse</strong></span> <span class='ocrx_word' id='word_1_577' title='bbox 1544 2298 1676 2334; x_wconf 73' lang='lat' dir='ltr'><strong>videtur,</strong></span> <span class='ocrx_word' id='word_1_578' title='bbox 1699 2307 1771 2329; x_wconf 90' lang='lat' dir='ltr'><strong>cum</strong></span> <span class='ocrx_word' id='word_1_579' title='bbox 1795 2298 1895 2330; x_wconf 84' lang='lat' dir='ltr'><strong>adhuc</strong></span> 
     </span>
    </p>
   </div>
   <div class='ocr_carea' id='block_1_70' title="bbox 265 2335 1893 2378">
    <p class='ocr_par' dir='ltr' id='par_1_70' title="bbox 265 2335 1893 2378">
     <span class='ocr_line' id='line_1_71' title="bbox 265 2335 1893 2378; baseline 0 -10"><span class='ocrx_word' id='word_1_580' title='bbox 265 2335 619 2378; x_wconf 72' lang='lat' dir='ltr'><strong>Constantinopolitante</strong></span> <span class='ocrx_word' id='word_1_581' title='bbox 636 2335 950 2378; x_wconf 50' lang='lat' dir='ltr'><strong>Ecclesiteptzeesset</strong></span> <span class='ocrx_word' id='word_1_582' title='bbox 967 2337 1148 2375; x_wconf 80' lang='lat' dir='ltr'><strong>Gregorius,</strong></span> <span class='ocrx_word' id='word_1_583' title='bbox 1169 2338 1325 2377; x_wconf 86' lang='lat' dir='ltr'><strong>siquidem</strong></span> <span class='ocrx_word' id='word_1_584' title='bbox 1339 2338 1524 2378; x_wconf 88' lang='lat' dir='ltr'><strong>subscripsit</strong></span> <span class='ocrx_word' id='word_1_585' title='bbox 1541 2347 1548 2368; x_wconf 88' lang='lat'><strong>:</strong></span> <span class='ocrx_word' id='word_1_586' title='bbox 1582 2338 1754 2378; x_wconf 82' lang='lat' dir='ltr'><strong>Gregorius</strong></span> <span class='ocrx_word' id='word_1_587' title='bbox 1775 2339 1893 2377; x_wconf 78' lang='lat' dir='ltr'><strong>episco-</strong></span> 
     </span>
    </p>
   </div>
   <div class='ocr_carea' id='block_1_71' title="bbox 266 2375 979 2418">
    <p class='ocr_par' dir='ltr' id='par_1_71' title="bbox 266 2375 979 2418">
     <span class='ocr_line' id='line_1_72' title="bbox 266 2375 979 2418; baseline -0.003 -10"><span class='ocrx_word' id='word_1_588' title='bbox 266 2387 326 2418; x_wconf 77' lang='lat' dir='ltr'><strong>pus</strong></span> <span class='ocrx_word' id='word_1_589' title='bbox 343 2375 502 2408; x_wconf 74' lang='lat' dir='ltr'><strong>catholicw</strong></span> <span class='ocrx_word' id='word_1_590' title='bbox 520 2375 808 2415; x_wconf 81' lang='lat' dir='ltr'><strong>Constantinopolis</strong></span> <span class='ocrx_word' id='word_1_591' title='bbox 824 2375 979 2406; x_wconf 63' lang='lat' dir='ltr'><strong>Ecclesia.</strong></span> 
     </span>
    </p>
   </div>
   <div class='ocr_carea' id='block_1_72' title="bbox 304 2457 844 2494">
    <p class='ocr_par' dir='ltr' id='par_1_72' title="bbox 304 2457 844 2494">
     <span class='ocr_line' id='line_1_73' title="bbox 304 2457 844 2494; baseline -0.004 -8"><span class='ocrx_word' id='word_1_592' title='bbox 304 2459 361 2494; x_wconf 61' lang='grc' dir='ltr'><strong>(ος)</strong></span> <span class='ocrx_word' id='word_1_593' title='bbox 378 2458 457 2494; x_wconf 71' lang='lat' dir='ltr'><strong>Tom.</strong></span> <span class='ocrx_word' id='word_1_594' title='bbox 476 2457 522 2490; x_wconf 83' lang='lat' dir='ltr'><strong>tv,</strong></span> <span class='ocrx_word' id='word_1_595' title='bbox 540 2466 567 2492; x_wconf 89' lang='lat' dir='ltr'><strong>p.</strong></span> <span class='ocrx_word' id='word_1_596' title='bbox 589 2457 656 2494; x_wconf 20' lang='lat'><strong>592.,</strong></span> <span class='ocrx_word' id='word_1_597' title='bbox 671 2457 703 2483; x_wconf 88' lang='lat' dir='ltr'><strong>ad</strong></span> <span class='ocrx_word' id='word_1_598' title='bbox 718 2465 763 2484; x_wconf 90' lang='lat' dir='ltr'><strong>an.</strong></span> <span class='ocrx_word' id='word_1_599' title='bbox 781 2457 844 2494; x_wconf 61' lang='lat' dir='ltr'><strong>sse.</strong></span> 
     </span>
    </p>
   </div>
   <div class='ocr_carea' id='block_1_73' title="bbox 305 2493 850 2536">
    <p class='ocr_par' dir='ltr' id='par_1_73' title="bbox 305 2493 850 2536">
     <span class='ocr_line' id='line_1_74' title="bbox 305 2493 850 2536; baseline -0.004 -14"><span class='ocrx_word' id='word_1_600' title='bbox 305 2494 373 2532; x_wconf 73' lang='lat'><strong>(25‘)</strong></span> <span class='ocrx_word' id='word_1_601' title='bbox 389 2493 480 2522; x_wconf 83' lang='lat' dir='ltr'><strong>Crilic.</strong></span> <span class='ocrx_word' id='word_1_602' title='bbox 500 2501 570 2536; x_wconf 74' lang='lat' dir='ltr'><strong>sacr.</strong></span> <span class='ocrx_word' id='word_1_603' title='bbox 589 2493 726 2528; x_wconf 78' lang='lat' dir='ltr'><strong>specimen,</strong></span> <span class='ocrx_word' id='word_1_604' title='bbox 744 2501 770 2530; x_wconf 87' lang='lat' dir='ltr'><strong>p.</strong></span> <span class='ocrx_word' id='word_1_605' title='bbox 789 2493 850 2521; x_wconf 77' lang='lat'><strong>565.</strong></span> 
     </span>
    </p>
   </div>
  </div>
