1937 3055
87 120 144 150 339
789 117 933 147 TESTAM
938 118 1026 148 ENTU
1032 119 1068 146 M.
1669 119 1722 148 300

151 270 303 329 ΤΟΥ
329 269 564 328 ΑΓΙΟΥ
597 269 1033 328 ΓΡΗΓΟΡΙΟΥ
1059 268 1210 327 ΤΟΥ
1239 266 1664 328 ΘΕΟΛΟΓΟΥ

617 381 746 424 ΙΣΟΝ
765 380 874 423 ΤΗΣ
895 378 1185 424 ΔΙΑΘΗΚΗΣ

88 471 321 501 ΜΕΤΔΓΡΑΦΕΝ
339 471 386 498 ΕΚ
403 471 472 498 ΤΟΥ
484 471 696 498 ΑΡΧΕΤΥΙΙΟΥ
710 470 954 501 ΔΙΚᾹΙΩΜΑΤΟΣ,
971 469 1017 496 ΕΝ
1031 470 1051 505 ῼ
1069 470 1128 496 ΚΑΙ
1146 468 1329 496 IAIOXEIPOI
1343 469 1536 497 ΥΙΙΟΓΡΑΦΑΙ
1554 470 1724 499 ΣΩΖΟΝΤΑῘ

443 519 500 546 ΥΙΡ
514 518 631 547 ΑΥΤΟΥ
645 518 688 545 ΤΕ
708 518 768 545 ΚΑΙ
785 516 851 544 ΤΩΝ
868 517 1153 544 ΥΠΟΓΡΛΨᾹΝΤΩΝ
1165 517 1367 544 ΜΑΡΤΥΡΩΝ,

314 661 598 728 SANCTI
655 663 1039 728 GREGORII
1097 662 1503 726 THEOLOGI

531 791 871 838 EXEMPLUM
908 791 1291 837 TESTAMENTI

90 898 284 922 DESCRIPTUM
302 897 347 919 EX
366 896 550 919 ARCHETYPO
571 895 760 924 EXEMPLARI,
788 895 821 918 IN
844 895 907 922 QUO
932 895 1074 918 PROPRLE
1092 895 1198 917 MANUS
1219 895 1479 918 SUBSCRIPTIONES
1493 896 1645 926 EXSTANT,
1661 897 1725 922 Tant

548 936 646 958 IPSIUS
660 935 746 963 QUAM
759 935 892 957 TESTIUM
909 936 963 962 QUI
977 935 1260 957 SUBSCRIPSERUNT.

93 1045 231 1086 Ύπαζείᾳ
256 1045 386 1086 (ξλιῑὸξίου
418 1044 563 1086 Εὐχερίου
585 1043 635 1086 καί
655 1043 786 1086 Φβαςίοε)
808 1045 883 1086 E3951-

936 1045 1012 1086 20],
1028 1044 1126 1086 ριᾳυίο
1142 1044 1272 1086 Eucherio
1289 1044 1564 1086 etflagioﬂvagri'o,
1580 1045 1644 1086 viris
1669 1045 1727 1073 cta-

125 1077 221 1116 τερίου,
238 1080 298 1107 τῶν
320 1077 548 1115 λαμπροτάτων,
566 1078 623 1112 πρὸ
633 1077 705 1113 μιᾶς
716 1079 883 1107 Καλανδῶν

131 1116 327 1150 Ἰανουαρίων.

123 1173 275 1210 Γρηγόριος
300 1172 450 1204 ἐπίσκοπος
470 1172 520 1207 τῆς
547 1171 695 1206 καθολικῆς
719 1171 882 1208 Ἐκκλησίας

88 1221 139 1255 τῆς
155 1221 184 1246 ὲν
215 1218 421 1246 Κωνσταντίνου
445 1218 531 1251 πόλει,
556 1217 610 1249 ζῶν
628 1217 675 1244 καὶ
694 1217 816 1252 φρονῶν,
836 1218 883 1244 καὶ

89 1268 162 1302 ὑγιεί
173 1265 283 1300 γνώσει,
300 1265 348 1292 καὶ
368 1264 535 1301 ἐρρωμένοις
550 1265 606 1295 τοῖς
623 1263 779 1298 λογισμοῖς,
798 1262 884 1290 διεθέ-

90 1322 145 1349 μην
158 1312 207 1348 τὴν
225 1311 363 1347 Διαθήκην
384 1318 435 1346 μου
454 1309 511 1345 (26)
529 1310 648 1345 ταύτην·
668 1309 701 1345 ἣν
721 1309 824 1336 κελεύω
835 1309 884 1336 καὶ

90 1360 220 1395 βούλομαι
234 1356 302 1385 εἶναι
315 1357 411 1393 κυρίαν
428 1355 476 1383 καὶ
491 1355 603 1391 βεϐαίαν
618 1356 665 1382 ἐπὶ
686 1355 789 1387 παντὸς
803 1355 882 1382 δικα-

90 1405 202 1442 στηρίου
214 1404 261 1431 καὶ
280 1404 371 1439 πάσης
382 1403 516 1436 ἐξουσίας.
538 1402 609 1437 Ἤδη
624 1402 674 1436 μὲν
691 1401 758 1436 (26⁵)
769 1401 823 1437 γὰρ
833 1401 883 1435 τὴν

89 1450 209 1488 ἐμαυτοῦ
224 1449 338 1486 γνώμην
350 1449 506 1483 κατέστησα
520 1447 650 1483 φανερὰν,
664 1447 712 1474 καὶ
727 1447 818 1474 πᾶσάν
831 1455 882 1483 μου

88 1498 139 1534 τὴν
163 1497 257 1524 οὐσίαν
285 1495 442 1531 καθιέρωσα
461 1495 495 1530 τῇ
523 1493 654 1528 καθολικῇ
683 1491 831 1528 Ἐκκλησία
849 1493 882 1528 τῇ

89 1544 162 1571 κατὰ
176 1542 338 1575 Ναζιανζδν,
353 1542 394 1573 εἰς
407 1540 457 1577 τὴν
469 1540 522 1566 τῶν
537 1538 654 1574 πτωχῶν
665 1537 814 1572 διακονίαν,
828 1537 883 1564 τῶν

90 1591 144 1618 ὑπὸ
159 1590 208 1625 τὴν
223 1588 424 1625 προειρημένην
444 1585 617 1622 Ἐκκλησίαν.
635 1584 733 1620 Διόπερ
746 1584 794 1611 καὶ
809 1585 884 1619 τρεῖς

91 1636 306 1673 προεστησάμην
332 1633 541 1669 πτωχοτρόφους
563 1630 649 1664 εἶναι,
679 1631 752 1658 κατὰ
781 1630 883 1666 ταύτην

92 1692 145 1719 μου
167 1682 216 1719 τὴν
239 1681 399 1718 προαίρεσιν
412 1689 418 1695 ·
440 1679 600 1715 Μάρκελλον
624 1677 670 1705 τὸν
692 1677 814 1704 διάκονον
835 1676 882 1703 καὶ

970 1079 1096 1113 rissimis,
1112 1080 1274 1113 consulibus,
1286 1080 1370 1115 pridie
1381 1079 1516 1108 Kalendas
1529 1080 1688 1108 Ianuarias.

968 1179 1118 1215 Gregorius
1138 1179 1285 1214 episcopus
1306 1179 1449 1207 catholicae
1467 1179 1725 1216 Constantinopolis

933 1226 1074 1259 Ecclesiae,
1091 1226 1187 1253 vivens
1209 1232 1242 1253 ac
1258 1225 1390 1260 prudens,
1419 1232 1542 1260 sanoquc
1556 1225 1673 1260 judicio,
1696 1229 1725 1252 et

934 1271 1049 1307 integris
1074 1270 1160 1297 animi
1185 1269 1324 1301 sensibus,
1349 1269 1461 1296 condidi
1485 1269 1537 1296 hoc
1563 1269 1726 1297 Testamen-

933 1320 991 1344 tum
1009 1325 1015 1343 ε
1031 1315 1104 1350 quod
1122 1315 1232 1350 quidem
1253 1314 1338 1350 jubeo
1360 1318 1388 1342 et
1409 1314 1471 1341 volo
1486 1314 1514 1340 in
1536 1314 1635 1349 quovis
1652 1314 1724 1348 foro,

933 1367 960 1390 et
982 1361 1079 1397 quavis
1104 1364 1240 1396 potestate
1266 1363 1356 1386 ratum
1376 1366 1409 1386 ac
1435 1359 1544 1386 ﬁrmum
1566 1366 1628 1386 esae
1644 1368 1651 1386 :
1667 1359 1724 1394 jam

933 1407 1006 1434 enim
1029 1409 1148 1433 mentem
1173 1411 1262 1432 meam
1276 1403 1425 1436 declaravi,
1450 1411 1613 1439 omnemque
1636 1411 1725 1432 meam

934 1452 1118 1481 substantiam
1142 1451 1288 1479 catholicae
1314 1450 1445 1477 Nazianzi
1473 1449 1605 1478 Ecclesiae
1628 1457 1724 1478 conse-

933 1499 1021 1531 cravi,
1036 1498 1071 1525 ad
1084 1505 1246 1533 pauperum,
1263 1496 1311 1532 qui
1326 1497 1379 1524 sub
1394 1497 1490 1524 eadem
1507 1498 1572 1524 sunt
1587 1496 1724 1529 Ecclesia,

934 1544 1130 1572 ministerium.
1150 1543 1211 1576 Qua
1235 1542 1318 1570 etiam
1333 1542 1367 1570 de
1384 1549 1467 1570 causa
1483 1546 1540 1569 tres
1556 1541 1634 1577 juxta
1652 1541 1726 1569 hanc

933 1598 1023 1618 meam
1050 1589 1221 1616 voluntatem
1248 1588 1355 1617 alendis
1386 1588 1556 1623 pauperibus
1580 1592 1725 1617 curatores

935 1635 1053 1668 institui,
1071 1634 1229 1662 Marcellum
1247 1634 1395 1662 diaconum
1418 1638 1447 1662 et
1463 1634 1640 1667 monachum,
1655 1634 1725 1662 Gre-

934 1682 1041 1717 gorium
1059 1680 1126 1707 item
1147 1679 1305 1712 diaconum,
1320 1678 1367 1715 qui
1387 1678 1440 1706 fuit
1456 1686 1471 1706 e
1487 1678 1591 1706 familia
1609 1687 1681 1712 mea,
1696 1683 1727 1706 et

92 1730 254 1765 μονάζοντα,
281 1728 328 1755 καὶ
343 1726 494 1763 Γρηγόριον
518 1725 563 1752 τὸν
586 1724 717 1753 διάκονον,
734 1722 780 1749 τὸν
792 1723 824 1748 ὲκ
836 1722 886 1758 τῆς

937 1726 1112 1755 Eustathium
1137 1725 1316 1758 monachum,
1333 1725 1380 1761 qui
1403 1729 1432 1753 et
1457 1725 1516 1760 ipse
1531 1725 1583 1752 fuit
1604 1733 1621 1753 e
1642 1725 1726 1753 domo

90 1776 179 1808 οἰκίας
193 1784 243 1812 μου
255 1775 410 1810 γενόμενον,
426 1772 473 1798 καὶ
489 1770 636 1798 Εὐστάθιον
659 1769 705 1796 τὸν
721 1767 881 1805 μονάζοντα,

89 1821 137 1849 τὸν
153 1821 201 1848 καὶ
217 1820 297 1848 αὑτὸν
315 1820 348 1846 ὲκ
361 1818 413 1853 τῆς
434 1817 520 1848 οἰκίας
536 1825 586 1851 μου
599 1815 754 1850 γενόμενον.
769 1814 825 1841 Καὶ
838 1813 884 1840 νῦν

89 1869 121 1896 δὲ
134 1868 184 1904 τὴν
194 1867 280 1902 αὐτὴν
295 1865 449 1900 συνείδησιν
467 1865 501 1899 τῇ
514 1863 580 1898 ἀγίᾳ
606 1860 755 1896 Ἐκκλησία
766 1862 798 1896 τῇ
814 1859 886 1887 κατά

89 1914 243 1948 Ναζιανζὸν
251 1914 404 1949 φυλάττων,
418 1912 516 1947 ἔχομαι
527 1911 577 1946 τῆς
585 1910 671 1945 αὐτῆς
686 1909 883 1945 προαιρέσεως.

97 1962 162 1988 Ἐὰν
175 1959 222 1988 οὖν
240 1960 331 1996 συμϐῇ
349 1968 383 1995 με
406 1959 479 1985 τέλει.
495 1957 543 1984 τοῦ
559 1957 618 1992 βίου
638 1955 804 1991 χρήσασθαι,
815 1954 885 1980 ἔστω

91 2016 145 2043 μου
162 2006 329 2043 κληρονόμος
348 2006 362 2032 ὁ
382 2004 582 2041 προειρημένος
601 2002 751 2038 Γρηγόριος
765 2002 779 2028 ὁ
794 2000 885 2027 διάκο-

90 2060 137 2084 νος
147 2052 193 2078 κα)⁸
210 2050 345 2087 μονάζων,
362 2050 376 2076 ὁ
397 2049 544 2085 γενόμενος
565 2049 599 2074 ὲκ
613 2049 664 2083 τῆς
676 2046 764 2078 οἰκίας
781 2054 842 2081 μου,
855 2046 885 2072 ὃν

91 2098 176 2125 πάλαι
191 2096 375 2133 ἠλευθέρωσα,
388 2095 418 2128 eg
431 2095 578 2130 ὁλοκλήρου
594 2093 684 2128 πάσης
700 2101 751 2128 μου
767 2092 823 2128 (‘27)
836 2092 885 2127 τῆς

90 2143 196 2176 οὐσίας,
209 2142 321 2178 κινητῆς
334 2150 364 2168 τε
387 2142 435 2168 καὶ
451 2141 593 2175 ἀκινήτου,
612 2138 663 2176 τῆς
677 2137 817 2172 πανταχοῦ
832 2146 882 2173 μου

91 2188 285 2224 ὑπαρχούσης·
301 2187 326 2214 οἰ
340 2187 369 2214 δὲ
385 2186 477 2213 λοιποὶ
490 2185 590 2216 πάντες
609 2183 732 2210 ἐστωσάν
747 2191 798 2218 μου
818 2182 886 2208 ἀπο-

91 2235 266 2270 κληρονόμοι.
292 2233 370 2260 Οὕτω
397 2232 499 2267 μέντοι,
530 2229 602 2256 ὥστε
622 2228 703 2255 αὑτὸν
726 2228 816 2255 πᾶσάν
835 2236 885 2262 μου

91 2281 144 2316 τὴν
163 2279 266 2312 οὐσίαν,
289 2279 402 2314 κινητήν
416 2285 446 2303 τε
471 2276 519 2303 καὶ
535 2275 674 2311 ἀκίνητον,
693 2274 886 2310 ἀποκαταστῆ-

94 2335 141 2353 σαι
152 2327 184 2361 τῇ
197 2325 264 2360 ἁγίᾳ.
285 2324 342 2359 (28)
357 2322 485 2358 καθολικῇ
505 2321 654 2357 Ἐκκλησία
665 2322 698 2357 τῇ
716 2321 744 2348 ὲν
760 2320 815 2355 (‘29)
828 2320 885 2346 Να-

92 2370 205 2406 ζιανζῷ,
226 2369 309 2405 μηδὲν
323 2369 353 2395 τὸ
371 2368 502 2403 παράπαν
519 2366 712 2401 ὲπεξελόμενον
724 2365 792 2401 (50),
815 2364 885 2400 πλὴν

90 2413 130 2444 ὧν
143 2417 176 2444 ἂν
196 2417 226 2443 ὲν
242 2415 329 2451 ταύτῃ
343 2416 376 2450 τῇ
401 2414 522 2450 Διαθήκῃ
539 2422 590 2449 μου
609 2412 682 2440 τισὶν
701 2412 792 2444 ίδικῶς
804 2419 888 2438 κατα-

92 2463 174 2495 λίπω,
188 2462 302 2497 λεγάτου
321 2461 337 2497 ἢ
358 2460 572 2496 φιδεκομμίσσου
586 2459 667 2495 χάριν
677 2468 684 2474 ·
703 2458 771 2486 ἀλλά
787 2458 886 2489 πάντα,

91 2509 133 2541 ὡς
158 2509 299 2544 προεῖπον,
328 2507 450 2543 ἀκριϐῶς
482 2506 625 2533 ἀποσῶσαι
651 2507 684 2541 τῇ
719 2505 885 2541 Ἐκκλησία,

91 2554 189 2591 ἔχοντα
202 2554 247 2582 τὸν
257 2552 304 2580 τοῦ
315 2553 382 2580 Θεοῦ
395 2552 477 2588 φόϐον
490 2551 544 2587 πρδ
553 2550 712 2586 ὀφθαλμῶν,
727 2550 775 2577 καὶ
785 2550 884 2584 εἰδότα,

92 2601 136 2628 ὃτι
148 2602 189 2633 είς
200 2600 337 2628 διακονίαν
352 2599 406 2627 τῶν
420 2599 535 2634 πτωχῶν
554 2598 605 2633 τῆς
617 2597 703 2633 αὐτῆς
721 2597 885 2633 Ἑκκλησίας

936 1780 1006 1801 mea.
1030 1772 1110 1800 Nunc
1132 1779 1200 1799 vero
1218 1771 1344 1799 eumdem
1365 1771 1488 1798 animum
1514 1772 1637 1799 retinens
1660 1779 1726 1807 erga

935 1822 1060 1846 sanctam
1078 1817 1230 1845 Ecclesiam
1247 1817 1459 1850 Nazianzenam,
1475 1817 1570 1845 eodem
1588 1821 1680 1852 persto
1696 1819 1726 1846 in

936 1864 1087 1900 proposito.
1107 1862 1173 1890 Cum
1190 1862 1274 1898 igitur
1295 1862 1442 1897 contigerit
1457 1870 1501 1889 me
1521 1870 1556 1890 ex
1574 1863 1630 1890 vita
1644 1862 1727 1889 deco-

936 1910 1010 1943 dere,
1027 1910 1114 1938 haares
1128 1917 1205 1936 meus
1225 1913 1285 1937 esto
1302 1909 1450 1944 praedictus
1467 1908 1614 1944 Gregorius
1631 1908 1727 1935 diaco-

935 1965 989 1985 nus
1020 1960 1049 1985 et
1071 1955 1241 1988 monachus,
1267 1955 1436 1983 domesticus
1465 1955 1604 1990 quondam
1631 1962 1728 1986 meus,

936 2012 1017 2041 quem
1040 2003 1146 2039 pridem
1168 2003 1334 2037 manumisi;
1357 2010 1392 2030 ex
1418 2003 1548 2031 universa
1572 2003 1726 2031 substantia

936 2057 1008 2083 mea,
1030 2049 1122 2077 mobili
1144 2052 1172 2076 et
1190 2048 1334 2081 immobili,
1357 2049 1514 2084 ubicunque
1533 2056 1565 2076 ea
1589 2048 1655 2076 mihi
1673 2050 1727 2077 sita

936 2101 988 2125 est.
1002 2096 1098 2124 Caeteri
1114 2103 1221 2128 omnes,
1243 2095 1399 2122 exhazredes
1417 2094 1484 2121 mihi
1499 2098 1593 2121 sunto.
1606 2095 1646 2122 lta
1665 2095 1728 2130 qui-

936 2143 1010 2175 dem,
1027 2147 1057 2170 ut
1075 2143 1134 2178 ipse
1149 2149 1236 2169 meam
1259 2149 1368 2169 omnem
1384 2141 1580 2174 substantiam,
1597 2141 1726 2169 mobilem

936 2191 963 2214 et
976 2186 1156 2218 immobilem,
1175 2189 1280 2214 sancta:
1296 2186 1440 2213 catholicae
1455 2186 1585 2213 Nazianzi
1598 2185 1728 2214 Ecclesiae

937 2232 1082 2264 restituat,
1109 2232 1178 2259 nihil
1202 2232 1312 2267 penitus
1342 2231 1516 2264 subducens,
1546 2236 1727 2267 praeterquam

936 2286 997 2313 quae
1007 2278 1059 2305 hoc
1067 2277 1245 2306 Testamento
1256 2278 1421 2313 quibusdam
1435 2278 1563 2313 privatim
1575 2279 1726 2313 reliquero,

938 2324 1019 2358 legati
1045 2327 1092 2351 aut
1115 2324 1176 2351 ﬁdei
1202 2324 1344 2354 commissi
1369 2324 1458 2359 gratia
1475 2334 1482 2352 :
1499 2324 1548 2352 sed
1571 2325 1675 2358 omnia,
1698 2328 1728 2352 ut

939 2368 1063 2404 praedixi,
1079 2369 1225 2405 diligenter
1240 2369 1321 2404 202
1339 2373 1431 2397 servet
1451 2369 1591 2402 Ecclesiae,
1617 2369 1666 2398 Dei
1690 2370 1728 2396 ti-

939 2422 1043 2443 morem
1065 2423 1120 2451 prae
1143 2416 1231 2444 oculis
1256 2416 1370 2449 habens,
1394 2415 1542 2451 sciensque
1563 2416 1620 2450 jam
1646 2423 1662 2443 a
1684 2423 1729 2444 me

937 2461 1090 2493 decretum,
1117 2461 1156 2488 uti
1178 2462 1271 2489 omnia
1293 2470 1353 2490 mea
1377 2462 1451 2490 illius
1475 2462 1605 2490 Ecclesiae
1623 2470 1729 2498 paupe-

937 2514 998 2533 rum
1011 2506 1167 2534 ministerio
1182 2507 1283 2534 cedant
1299 2515 1306 2534 :
1321 2507 1349 2534 in
1369 2515 1485 2542 eamque
1499 2515 1556 2534 rem
1572 2514 1602 2535 se
1617 2507 1729 2535 institu-

935 2555 994 2579 tum
1011 2551 1158 2585 haeredem,
1175 2556 1205 2580 ut
1221 2560 1270 2588 per
1290 2552 1380 2589 ipsum
1397 2553 1528 2581 Ecclesiae
1551 2553 1645 2581 omnia
1667 2554 1729 2582 sine

936 2597 1033 2625 fraude
1048 2602 1262 2626 conserventur.

92 2647 248 2682 προσέταξα
261 2646 350 2673 πᾶσάν
367 2654 418 2681 μου
437 2646 486 2681 τὴν
508 2645 602 2671 οὐσίαν
618 2644 824 2680 προσχωρῆσαι,
837 2645 884 2671 καὶ
900 2645 948 2672 ἐπὶ
961 2644 1048 2680 τούτῳ
1065 2644 1147 2672 αὐτὸν
1167 2644 1358 2681 ἐνεστησάμην
1379 2645 1556 2680 κληρονόμον,
1589 2644 1660 2672 ὥστε
1693 2645 1729 2673 δι’

92 2694 176 2723 αὑτοῦ
192 2695 226 2731 τῇ
242 2694 391 2730 Ἐκκλησία
404 2693 496 2721 πάντα
514 2693 726 2728 ἀπαραλειπτως
740 2692 927 2728 ἀποσωθῆναι.

127 2753 193 2799 ίὲἕ).
203 2753 279 2799 "4‘3‘2-
294 2752 357 2799 “39°
370 2750 728 2799 V3§_f‘.°€5fl“.f?ﬂ;.§'3i§:

106 2785 289 2851 in(:§3h-nuan
300 2788 368 2824 μέν.
381 2788 464 2831 Forte
473 2794 537 2815 cum
549 2785 689 2822 profectus
699 2785 882 2815 estConstan.

91 2828 150 2852 tino
188 2828 246 2851 lim.
410 2829 412 2831 ’

128 2832 186 2896 (2g;
200 2859 307 2894 Πάσης
324 2867 394 2895 μου.
413 2857 482 2887 Cod.
502 2856 580 2894 Chig.
595 2856 685 2892 πάσης
699 2864 754 2892 μοι.

972 2752 1030 2787 (28)
1052 2753 1146 2787 Ἀγίᾳ.
1160 2751 1229 2780 Cod.
1240 2751 1318 2787 Chig.
1332 2750 1407 2787 addit
1422 2751 1481 2778 καί.

970 2786 1028 2824 (29)
1054 2786 1104 2814 Ἑν
1117 2789 1194 2824 deest
1208 2787 1236 2814 in
1249 2786 1408 2824 codLCliig;

970 2820 1027 2859 (50)
1048 2823 1292 2858 Ἐπεξελόμενον.
1306 2821 1373 2850 Cod.
1386 2820 1465 2856 Chig.
1483 2820 1689 2857 ὑπεξελόμενον.
