1937 3055
257 117 304 145 591

886 116 914 143 S.
936 115 982 143 GR
989 115 1101 142 EGORII
1127 115 1298 142 τηεοιοτη

1829 117 1891 146 59Ξ

292 172 392 200 Servos
413 179 593 206 quoscunque
613 172 654 199 rel
670 178 730 199 mea
748 172 899 203 voluntate,
918 172 960 199 vel
975 172 1038 199 bea-

1123 173 1192 204 Τοὺς
1201 171 1247 199 οὖν
1257 172 1374 203 οἰκέτας,
1383 172 1430 203 οὖς
1439 172 1494 207 (3|)
1507 172 1691 208 ἠλευθέρωσα,
1702 173 1756 200 εἴτε
1769 173 1799 206 ἐξ
1809 175 1889 210 ἐμῆς

257 219 424 246 tissimorum
453 222 596 253 parrnltlttt
632 225 756 245 meorum
785 218 912 245 mandato
943 225 1036 244 manu-

255 264 317 291 misi
334 273 341 291 :
356 264 406 292 bos
420 272 518 292 omnes
539 271 613 291 nunc
626 264 708 290 etiam
724 263 825 291 liberos
842 271 952 290 manere
966 263 1038 294 volo,

254 314 281 336 et
292 309 397 344 peculia
413 317 462 337 sua
484 310 552 343 ipsis
567 309 671 344 absque
688 308 742 335 nllo
756 308 951 343 impedimento
962 308 1038 334 [lrma

254 363 423 391 permanere.
450 354 515 383 Volo
536 360 667 390 praeterea
691 355 825 381 haeredem
850 362 951 386 meum,
972 353 1039 381 Gre-

255 402 360 437 gorium
384 401 540 432 diaconum,
564 408 617 427 una
635 408 698 427 cum
724 400 867 427 Eustatbio
892 399 1037 432 monacho,

255 447 350 474 ambos
361 447 426 474 olim
440 454 455 473 e
468 446 548 473 domo
559 453 629 476 inca,
641 446 783 480 possidere
793 445 924 480 praedium
940 445 1039 470 Arian-

255 500 364 524 zenum,
379 492 451 526 quod
476 499 509 519 ex
531 491 648 526 Rhegini
670 491 749 518 bonis
776 491 810 517 ad
835 498 885 517 nos
903 490 1036 526 pervenit.

253 537 383 573 Gregales
402 545 468 565 vero
491 545 577 572 equas
601 542 627 564 et
650 545 725 569 ores,
749 540 882 572 quotquot
897 537 952 570 jam
972 536 1038 570 ipsis

255 590 374 616 praesens
394 581 452 608 dari
472 582 554 616 jussi,
570 589 741 616 quarumque
762 581 955 616 proprietatem
972 581 1038 615 ipsis

254 635 287 654 ac
316 627 466 654 dominium
489 627 606 660 tradidi,
627 627 676 654 Iias
701 627 768 662 ipsis
794 626 902 661 quietas
929 633 1039 653 manere

254 674 327 705 volo,
340 674 402 708 jure
417 673 541 701 dominii.
558 673 610 700 Per
628 673 839 708 praeceptionem
860 673 923 700 item
935 671 1039 707 Grego-

254 720 324 747 rium
340 720 496 750 diaconum,
512 723 540 746 et
556 718 692 746 hatredem
710 726 811 750 meum,
829 718 874 752 qui
893 718 959 745 mihi
975 718 1039 745 [lde-

254 766 315 794 liter
333 765 508 796 ministravit,
526 765 633 799 privato
648 765 710 799 jure
727 764 843 791 dominii
859 764 960 791 habere
976 764 1039 790 volo

254 817 352 838 aureos
366 816 478 836 numero
492 809 701 844 quinquaginta.
720 809 862 835 Russianze
881 808 981 843 virgini
993 816 1039 835 re-

254 855 391 888 nerandte,
408 855 566 889 propinquae
582 862 658 886 meae,
674 860 748 881 certa
761 853 885 888 quasdam
904 854 931 880 in
951 861 1038 880 annos
1057 850 1075 879 Β

253 901 376 937 singulos
387 900 535 934 darijussi,
555 900 628 928 unde
641 900 790 927 liberaliter
803 900 889 932 vivat;
903 908 964 934 quae
979 900 1040 934 qui-

253 947 315 975 dem
331 947 422 974 omnia
436 947 534 978 eidem,
549 946 777 982 quemadmodum
790 946 958 981 praescripsi,
978 947 1040 973 volo

253 999 287 1020 ac
301 992 385 1027 jubco
404 993 550 1028 quotannis
571 992 630 1019 sine
646 999 723 1018 mora
742 992 878 1026 praestari.
897 991 935 1019 De
958 992 1039 1019 habi-

255 1038 358 1066 tatione
375 1042 465 1065 autem
488 1042 545 1064 tum
561 1037 671 1072 quidem
690 1037 758 1064 nihil
777 1041 922 1072 propterea
943 1038 1037 1069 statui,

254 1085 327 1121 quod
349 1084 482 1111 nescirem
506 1083 617 1110 ubinam
642 1083 701 1117 ipsa
715 1083 813 1117 degere
837 1082 939 1109 mallet.
961 1081 1039 1108 Nunc

254 1139 330 1163 vero,
353 1135 379 1158 et
396 1130 447 1157 hoc
469 1130 540 1162 volo,
564 1137 729 1164 quocunque
758 1129 817 1163 ipsa
835 1129 895 1156 loco
915 1129 1038 1164 elegerit,

254 1177 346 1212 parari
365 1177 390 1204 ei
401 1177 511 1204 domum
529 1177 654 1211 ingenua:
671 1179 880 1211 congruentem,
903 1175 936 1201 ad
956 1175 1040 1202 hone-

253 1228 323 1251 stam
343 1223 457 1258 virginis
478 1222 675 1250 habitationem
693 1232 700 1249 :
717 1229 798 1256 quam
819 1222 913 1257 utique
927 1221 1038 1248 domum

254 1269 313 1297 sine
333 1268 554 1304 interpellatione
570 1268 683 1296 habebit
698 1268 757 1302 ipsa
779 1268 807 1294 in
823 1268 1038 1298 usumfructum,

253 1314 345 1350 quoad
372 1316 471 1342 vixerit
495 1323 502 1342 :
524 1318 619 1349 postea
649 1321 714 1341 vero
744 1313 870 1341 restituet
898 1312 1038 1340 Ecclesiae.

253 1362 323 1389 Addi
337 1366 466 1396 praeterea
486 1361 574 1389 eidem
590 1361 652 1388 volo
673 1361 779 1395 puellas
793 1361 874 1392 duas,
893 1368 962 1396 quas
980 1361 1038 1395 ipsa

253 1408 402 1443 delegerit:
419 1408 470 1434 hoc
491 1407 620 1435 nimirum
636 1411 727 1442 pacto,
744 1411 774 1434 ut
795 1414 857 1434 cum
878 1414 909 1434 ea
930 1414 1039 1434 moren-

254 1459 300 1482 tur
317 1455 413 1489 puellal.
426 1462 513 1489 usque
528 1454 593 1481 dum
614 1454 707 1481 vivet:
724 1458 752 1481 et
767 1454 791 1481 si
804 1454 914 1488 quidem
931 1454 985 1481 illis
1003 1454 1038 1480 ita

253 1501 343 1529 visum
361 1500 452 1533 fuerit,
476 1501 556 1528 liceat
571 1499 624 1535 ipsi
647 1500 772 1528 libertate
788 1508 834 1527 eas
859 1500 972 1530 donare,
995 1499 1037 1527 sin
1053 1517 1073 1545 C

255 1549 356 1578 minus.
383 1551 412 1575 et.
428 1547 481 1574 illa!
508 1554 617 1581 quoque
641 1546 675 1574 ad
699 1545 848 1574 Ecclesiain
875 1547 1038 1581 pertineant.

256 1592 436 1628 Theophilum
457 1599 583 1628 puerum,
599 1591 646 1626 qui
666 1599 773 1619 mecum
789 1595 892 1624 manet,
905 1592 962 1625 jam
984 1599 1041 1617 ma-

254 1639 368 1666 numisi.
385 1637 453 1665 Volo
468 1642 559 1665 autem
581 1637 605 1665 ei
626 1644 699 1664 nunc
713 1637 795 1664 etiam
814 1637 873 1664 dari
896 1637 976 1672 legati
992 1644 1041 1663 no-

255 1687 328 1713 mine
344 1692 472 1713 nummos
485 1685 617 1719 quinque.
642 1683 807 1719 Eupraxium
827 1692 892 1711 vero
904 1685 964 1718 ejus
983 1684 1040 1711 fra-

254 1737 324 1759 trem
345 1731 462 1758 libet‘um
482 1737 544 1758 esse
566 1729 638 1762 volo,
655 1730 735 1765 eique
753 1729 832 1765 legati
855 1730 966 1757 nomine
980 1730 1040 1756 dari

255 1783 382 1803 nummos
406 1783 505 1803 aureos
527 1775 658 1810 quinque.
676 1774 744 1802 Volo
762 1779 894 1810 praeterea
914 1774 1040 1802 Theodo-

254 1820 325 1848 sium
349 1820 486 1847 notarium
509 1827 599 1847 meum
621 1820 737 1847 liberum
759 1827 832 1851 esse,
856 1820 936 1855 eique
959 1819 1040 1855 legati

253 1866 366 1894 nomine
382 1866 442 1893 dari
462 1873 562 1894 aureos
584 1873 711 1893 nummos
724 1866 857 1901 quinque.
877 1866 1039 1901 Alypianam

241 1912 337 1941 ﬁliam
365 1919 453 1940 meam
481 1911 670 1940 dulcissimam
694 1914 867 1943 (ceterarum
890 1914 963 1940 enim
986 1913 1041 1939 Eu-

253 1960 339 1995 geniae
354 1958 433 1994 203
444 1961 472 1986 et
488 1957 602 1990 Noun-ae,
622 1959 720 1994 exigua
749 1959 818 1986 ratio
839 1958 964 1986 ducenda
985 1963 1039 1990 est,

253 2010 284 2034 ut
297 2013 414 2040 quarum
432 2005 488 2032 vita
511 2005 724 2040 reprehensione
738 2013 793 2032 non
814 2005 903 2040 vacat)
932 2005 1039 2032 veniant

253 2051 320 2078 mihi
340 2050 406 2078 dare
421 2051 493 2080 volo.
508 2051 582 2085 quod
602 2051 669 2077 nihil
685 2051 789 2085 possim
806 2051 858 2085 ipsi
873 2051 1038 2085 relinquere.

253 2097 355 2132 quippe
379 2097 427 2132 qui
450 2097 542 2123 omnia
565 2096 622 2131 jam
639 2097 807 2131 pauperibus
824 2097 971 2130 destinavi,
993 2101 1039 2124 aut

254 2144 346 2178 potius
374 2142 542 2170 beatissimis
573 2143 753 2176 parentibus,
779 2143 825 2177 qui
859 2142 894 2169 ita
924 2143 1037 2177 polliciti

1094 218 1286 254 προαιρέσεως,
1298 217 1351 244 εἴτε
1367 217 1397 250 ἐξ
1410 218 1522 245 ἐντολῶν
1531 219 1583 245 τῶν
1598 220 1814 254 μακαριωτάτων
1822 221 1887 255 (5⁵2)

1092 264 1192 298 γονέων
1213 273 1275 300 μου,
1297 264 1406 296 τούτους
1426 264 1530 296 πάντας
1553 265 1682 300 βούλομαι
1707 265 1754 292 καὶ
1772 266 1822 292 νῦν
1839 267 1890 292 ἐπ’

1091 309 1246 344 ἐλευθερίας
1274 309 1376 344 μένειν,
1396 310 1443 336 καὶ
1469 310 1504 336 τὰ
1529 310 1659 337 πεκούλια
1675 312 1765 342 αὐτοῖς
1788 317 1889 338 πάντα

1094 355 1185 390 μένειν
1200 354 1315 388 βεϐαίως
1325 355 1370 381 καὶ
1388 355 1560 390 ἀνενόχλητα.
1577 357 1636 382 Ἔτι
1652 356 1781 392 βούλομαι
1794 365 1888 383 κατα-

1093 401 1166 434 σχεῖν
1179 399 1224 425 τὸν
1247 399 1412 435 κληρονόμον
1429 409 1479 435 μου
1507 401 1655 437 Γρηγόριον
1678 402 1723 429 τὸν
1743 402 1885 435 διάκονον,

1092 445 1151 480 ἅμα
1178 445 1217 480 τῷ
1245 444 1386 480 μονάζοντι
1416 447 1568 482 Εὑσταθίῳ,
1593 449 1655 480 τοὺς
1671 448 1835 483 γενομένους
1850 449 1886 475 ὲκ

1091 490 1140 525 τῆς
1156 491 1243 522 οἰκίας
1261 499 1312 526 μου
1340 491 1416 524 ποτὲ,
1435 492 1526 527 κτῆμα
1552 493 1579 518 ὲν
1602 492 1752 528 ’Δριανζοῐς
1765 493 1835 528 (55),
1853 493 1886 519 τὸ

1091 537 1123 562 ὲκ
1137 536 1190 562 τῶν
1208 536 1332 571 Ῥηγίνου
1349 536 1478 563 κατελθὸν
1493 539 1531 568 εἰς
1547 538 1630 572 ἡμᾶς.
1648 537 1688 564 Τὰ
1706 538 1734 564 δὲ
1749 539 1883 574 φοράδια,

1092 582 1138 607 καὶ
1149 582 1182 608 τὰ
1194 582 1326 616 πρόϐατα,
1340 582 1390 609 ὅσα
1403 583 1454 618 ήδη
1475 583 1565 614 αὐτοῖς
1579 583 1672 619 παρὼν
1692 584 1823 610 ἐκέλευσα
1838 585 1885 611 δο-

1092 628 1180 663 θῆναι,
1200 626 1237 655 ὧν
1255 629 1303 656 καὶ
1322 629 1371 664 τὴν
1388 630 1472 665 νομὴν
1494 631 1584 662 αὐτοῖς
1599 631 1645 657 καὶ
1656 632 1704 666 τὴν
1719 631 1883 658 δεσποτείαν

1091 673 1248 709 παρέδωκα,
1263 673 1348 700 ταῦτα
1363 673 1453 709 μένειν
1464 674 1554 706 αὐτοῖς
1570 675 1734 711 ἀνενόχλητα
1745 675 1881 711 βούλομαι

1091 719 1248 750 δεσποτείας
1261 719 1367 755 δικαίῳ.
1389 720 1449 746 Ἔτι
1464 719 1492 746 δὲ
1505 720 1649 756 ἐξαιρέτως
1668 721 1817 757 Γρηγόριον
1832 722 1881 748 τὸν

1091 765 1212 791 διάκονον
1221 765 1267 792 καὶ
1283 765 1448 801 κληρονόμον
1463 775 1524 801 μου,
1536 767 1654 801 γνησίως
1667 767 1882 803 ὑπηρετήσαντά

1094 819 1149 845 μοι,
1180 811 1309 846 βούλομαι
1344 813 1489 846 κατασχεῖν
1518 812 1575 847 ἰδίῳ
1601 812 1758 844 δεσποτείας
1779 813 1881 849 δικαίῳ

1090 857 1231 892 χρυσίνους
1247 858 1291 884 τὸν
1302 857 1418 894 ἀριθμὸν
1429 860 1606 895 πεντήκοντα.
1624 859 1662 895 Τῇ
1675 859 1879 896 αἰδεσιμωτάτῃ

1090 903 1217 938 παρθένῳ
1241 903 1413 939 Ῥουσσιανῇ,
1432 905 1465 940 τῇ
1486 904 1621 938 συγγενίδι
1643 913 1703 939 μου,
1724 904 1794 940 ῥητὰ
1817 906 1882 931 ἐκέ-

1090 949 1172 975 λευσα
1201 949 1262 976 καθ’
1291 949 1405 976 ἕκαστον
1428 949 1487 982 ἔτος
1508 949 1625 976 δίδοσθαι
1645 950 1712 985 πρὸς
1723 950 1752 976 τὺ
1766 950 1879 977 ἐλευθε-

1091 995 1156 1030 ρίως
1177 995 1232 1030 (54)
1244 995 1328 1030 αὐτὴν
1339 995 1458 1029 διάγειν·
1478 996 1550 1030 ἇπερ
1570 995 1698 1030 βούλομαι
1712 996 1758 1022 καὶ
1773 996 1880 1022 κελεύω

1091 1039 1179 1066 πάντα
1195 1039 1264 1066 κατὰ
1285 1040 1330 1066 τὸν
1347 1040 1443 1071 τύπον,
1458 1040 1487 1067 ὂν
1502 1040 1666 1076 προσέταξα,
1685 1041 1880 1076 ἀνυπερθέτως

1090 1085 1158 1118 αὐτῇ
1178 1084 1295 1111 δίδοσθαι
1321 1084 1381 1111 καθ’
1397 1085 1511 1111 ἕκαστον
1534 1085 1602 1117 ἔτος.
1617 1086 1682 1121 Περὶ¹
1695 1086 1723 1112 δὲ
1741 1087 1878 1121 οἰκήσεως

1089 1131 1183 1165 αὐτῆς,
1199 1130 1258 1156 τότε
1284 1130 1334 1165 μὲν
1358 1130 1434 1156 οὐδὲν
1461 1130 1636 1166 διεταξάμην,
1654 1131 1690 1166 μὴ
1716 1130 1794 1162 εἰδὼς
1824 1131 1878 1157 ποῦ

1092 1176 1190 1211 μᾶλλον
1205 1176 1318 1212 ἀρεστόν
1331 1177 1405 1202 ἐστιν
1420 1176 1488 1211 αὐτῇ
1499 1176 1601 1210 διάγειν
1611 1185 1617 1191 ·
1635 1176 1682 1202 νῦν
1695 1177 1723 1203 δὲ
1737 1177 1784 1203 καὶ
1798 1176 1880 1203 τοῦτο

1091 1222 1229 1257 βούλομαι,
1252 1222 1332 1254 ὥστε,
1353 1223 1382 1249 ὲν
1395 1223 1444 1257 οἴῳ
1457 1222 1489 1249 ἂν
1514 1222 1569 1257 (δῦ)
1592 1222 1746 1257 ἐπιλέξηται
1765 1222 1877 1258 χωρίῳ,

1090 1269 1342 1304 κατασκευασθῆναι
1366 1269 1433 1304 αὐτῇ
1455 1268 1541 1295 οἰκίαν
1558 1269 1686 1304 ἐλευθέρᾳ
1706 1269 1876 1304 πρέπουσαν,

1089 1314 1243 1349 εὐσχήμονι
1251 1314 1371 1350 διαγωγῇ
1389 1315 1535 1350 παρθένον
1551 1315 1640 1350 ἥνπερ
1657 1315 1744 1342 οίκίαν
1760 1315 1815 1348 ἔξει
1829 1315 1878 1351 δη-

1089 1359 1154 1395 λαδὴ
1181 1361 1368 1395 ἀνενοχλήτως
1389 1362 1430 1392 είς
1451 1361 1548 1396 χρῆσιν
1574 1361 1621 1387 καὶ
1645 1361 1767 1396 καρπίαν
1794 1362 1877 1398 μέχρι

1091 1406 1148 1440 βίου
1160 1405 1242 1441 ζωῆς,
1260 1406 1328 1441 μετὰ
1337 1406 1365 1432 δὲ
1381 1406 1469 1433 ταῦτα
1479 1407 1698 1442 ἀποκαταστήσει
1708 1409 1741 1443 τῇ
1761 1408 1878 1443 Ἐκκλη-

1090 1451 1144 1486 σίᾳ.
1163 1452 1346 1487 Προστεθῆναι
1361 1452 1389 1479 δὲ
1403 1452 1470 1488 αὐτῇ
1481 1453 1609 1488 βούλομαι
1617 1454 1664 1479 καὶ
1676 1453 1723 1480 δύο
1738 1454 1831 1490 κόρας,
1843 1454 1876 1486 ἃς

1091 1497 1159 1532 αὑτὴ
1174 1498 1342 1533 ἐπιλέξηται,
1354 1499 1424 1526 οὕτω
1434 1500 1536 1534 μέντοι,
1546 1500 1615 1526 ὥστε
1626 1501 1693 1536 αὐτῇ
1709 1503 1876 1536 παραμεῖναι

1091 1543 1140 1574 τὰς
1158 1543 1240 1580 κόρας
1258 1545 1338 1580 μέχρι
1348 1545 1394 1571 τοῦ
1413 1546 1463 1581 τῆς
1476 1545 1548 1580 ζωῆς
1561 1546 1644 1581 αὐτῆς
1653 1547 1759 1582 χρόνου.
1778 1547 1832 1573 Καὶ
1851 1549 1876 1573 εί

1093 1589 1142 1624 μὲν
1162 1590 1257 1622 αὐταῖς
1283 1591 1513 1626 εὑχαριστήσειεν,
1530 1592 1629 1623 ἐξεῖναι
1650 1593 1718 1627 αὐτῇ
1735 1592 1876 1628 ἐλευθερίᾳ

1091 1635 1174 1666 αὐτὲις
1202 1636 1328 1671 τιμῆσαι⁸
1343 1637 1367 1662 εἰ
1393 1636 1422 1662 δὲ
1439 1637 1487 1671 μὴ,
1510 1637 1558 1663 καὶ
1576 1637 1661 1669 αὑτὰς
1679 1638 1826 1672 διενεγκεῖν
1841 1640 1874 1673 τῇ

1091 1681 1158 1716 αὐτῇ
1188 1681 1346 1717 Ἐκκλησία.
1377 1682 1505 1716 Θεόφιλον
1526 1682 1571 1709 τὸν
1590 1683 1672 1710 παῖδα
1690 1683 1734 1710 τὸν
1749 1684 1875 1719 παραμέ-

1090 1726 1170 1753 νοντά
1186 1735 1240 1762 μοι,
1253 1727 1301 1763 ἠδη
1321 1727 1505 1763 ἠλευθέρωσα.
1526 1729 1660 1764 Βούλομαι
1676 1727 1722 1756 οὖν
1741 1730 1814 1764 αὐτῷ
1828 1731 1876 1757 καὶ

1090 1771 1138 1798 νῦν
1152 1772 1261 1806 δοθῆναι
1275 1772 1388 1807 λεγάτου
1401 1773 1490 1808 χάριν,
1509 1773 1663 1808 νομίσματα
1679 1777 1708 1800 ε’.
1723 1774 1876 1809 Εὺπράξιον

1090 1817 1119 1844 δὲ
1134 1818 1179 1844 τὸν
1194 1818 1306 1852 ἀδελφὸν
1330 1818 1410 1844 αὑτοῦ
1429 1818 1558 1854 βούλομαι
1577 1819 1717 1855 ἐλεύθερον
1733 1818 1812 1851 εἶναι,
1830 1820 1875 1847 καὶ

1089 1863 1198 1899 δοθῆναι
1220 1864 1293 1899 αὑτῴ
1321 1864 1434 1899 λεγάτου
1460 1865 1531 1900 λόγῳ
1559 1866 1647 1900 χρυσᾶ
1669 1865 1822 1900 νομίσματα
1842 1869 1874 1893 ε’.

1092 1910 1153 1936 Ἔτι
1170 1910 1300 1945 βούλομαι
1314 1910 1452 1937 Θεοδόσιον
1471 1910 1517 1937 τὸν
1533 1910 1654 1946 νοτάριόν
1671 1919 1721 1946 μου
1736 1910 1874 1946 ἐλεύθερον

1089 1953 1169 1988 εἶναι,
1177 1955 1286 1990 δοθῆναι
1302 1955 1331 1982 δὲ
1352 1956 1426 1991 αὐτῷ
1444 1957 1490 1983 καὶ
1503 1957 1616 1990 λεγάτου
1632 1957 1702 1992 λόγῳ
1717 1956 1817 1992 χρυσοῦ
1837 1965 1875 1983 νο-

1091 2002 1215 2036 μίσματα
1229 2004 1259 2028 ε’.
1275 2001 1330 2037 Τὴν
1340 2001 1510 2036 γλυκυτάτην
1520 2010 1570 2036 μου
1591 2002 1726 2038 θυγατέρα
1751 2002 1874 2030 ’Δλυπια-

1089 2047 1202 2082 νὴνβϐ)
1214 2046 1278 2079 (τῶν
1293 2047 1346 2082 γὰρ
1360 2047 1456 2079 ἄλλων,
1473 2048 1618 2080 Εὐγενείας
1632 2048 1687 2083 (57)
1703 2057 1732 2075 τε
1745 2050 1791 2076 καὶ
1804 2048 1873 2078 Nov-

1089 2101 1148 2127 νης,
1172 2093 1261 2126 ὀλίγος
1285 2093 1374 2126 λόγος,
1390 2089 1427 2119 ὧν
1447 2093 1494 2119 καὶ
1512 2095 1526 2120 ὁ
1542 2093 1598 2128 βίος
1621 2094 1784 2129 ὲπιλήῲιμός
1805 2096 1872 2130 ἐστι)

1091 2139 1221 2174 βούλομαι
1236 2138 1400 2174 συγγνώμην
1416 2138 1487 2174 ἔχειν
1501 2147 1557 2174 μοι,
1573 2140 1597 2165 εί
1610 2139 1694 2174 μηδὲν
1711 2140 1778 2175 αὐτῇ
1793 2149 1872 2168 κατα-

252 2192 344 2220 erant,
367 2189 515 2215 obsecutus
542 2195 620 2221 sum;
645 2196 763 2223 quorum
780 2189 948 2216 voluntatem
973 2188 1037 2215 irri-

1091 2184 1178 2212 λιπεῖν
1191 2184 1284 2220 κύριος
1310 2185 1453 2220 ἐγενόμην,
1477 2185 1565 2212 πάντα
1588 2186 1871 2221 προεπαγγειλάμενος

254 2240 310 2262 tam
323 2234 438 2261 reddere
454 2241 503 2260 nec
515 2238 641 2260 sanctum
655 2241 705 2260 nec
718 2237 808 2261 tutum
820 2234 948 2260 arbitror.
959 2234 1038 2266 Quaa-

253 2288 362 2316 cunque
383 2284 474 2307 tamen
497 2288 531 2307 ex
545 2279 616 2306 beati
635 2279 728 2306 fratris
750 2279 804 2306 mei
827 2280 941 2306 Caesarii
956 2280 1038 2307 rebus

253 2328 281 2356 in
301 2331 376 2355 veste
390 2327 491 2357 serica.
507 2329 554 2353 aut
570 2326 655 2362 linea,
668 2330 715 2352 aut
730 2326 818 2356 lanea.
842 2329 890 2352 aut
910 2325 1038 2352 buricha-

253 2373 300 2402 liis
313 2377 470 2408 supersunt.
482 2372 539 2399 hinc
550 2371 583 2398 ad
598 2371 684 2406 ipsius
698 2371 799 2399 liberos
812 2371 948 2405 pertinere
959 2371 1037 2404 volo;

252 2424 280 2448 et
297 2420 372 2447 nulla
398 2419 427 2446 in
447 2427 477 2446 re
498 2418 587 2454 ipsam
611 2418 653 2445 vel
675 2425 786 2445 sorores
799 2417 887 2452 ipsius
908 2417 1038 2445 molestas

288 2506 345 2540 (3|)
355 2505 414 2538 οὓς
426 2504 503 2532 deest
513 2505 540 2532 in
555 2505 615 2532 cod.
633 2504 710 2540 Chig.

289 2542 345 2574 (δὲ)
359 2540 600 2574 Μακαριωτάτων.
616 2539 681 2566 Cod.
696 2540 771 2574 Cbig.
786 2539 937 2575 μακαρίων.

289 2577 346 2611 (53)
368 2575 530 2609 Ἀριανζοῖς.
546 2575 612 2602 Cod.
627 2574 703 2611 Chig.
727 2574 869 2611 Ἀριανςῷζ

367 2611 566 2647 ΪΕλευρερίως,
571 2610 740 2647 ,ερατ-μιῆς.
754 2609 918 2647 ἐλευθερίας.

242 2660 245 2664 ~
289 2644 346 2680 (55)
370 2646 421 2672 Ἐν
431 2645 483 2676 οἵῳ
497 2644 544 2671 ἄν.
558 2645 623 2671 Cotl.
640 2645 718 2679 Chig.
734 2646 761 2671 ἐν
774 2645 823 2680 οἴῳ
838 2645 859 2671 δ’
875 2645 917 2672 ἄν.

289 2681 345 2716 (56)
361 2681 419 2713 Τήν
431 2679 650 2716 μουνθυγατέρα
672 2679 861 2712 Ἀλυπιανέήν,
872 2679 1037 2716 νΛΙυρίαηαηι

257 2716 339 2744 filiam
352 2724 444 2743 meam.
458 2715 530 2741 Nihil
549 2716 635 2750 magis
652 2720 755 2742 certum
768 2722 800 2741 ac
817 2715 986 2749 exploratum
1003 2723 1035 2741 ex

253 2750 514 2789 guinibustiregorii
529 2750 611 2777 rebus
624 2750 708 2789 gestis
721 2750 805 2776 rideri
822 2753 920 2784 potest.
936 2753 965 2789 ut
974 2757 1035 2789 cum

255 2785 372 2813 Baronio
389 2787 495 2821 loquar.
520 2785 715 2821 quam‘ipsum
741 2792 900 2821 perpetuam
918 2785 1036 2811 coluisse

255 2818 444 2855 virginitatem.
468 2819 562 2847 Filiam
583 2819 665 2854 igitur
681 2818 858 2847 non'liabuit.
881 2818 926 2846 Sic
945 2823 1035 2846 tamen

1088 2231 1144 2262 τοῖς
1158 2231 1286 2264 πτωχοῖς,
1302 2229 1400 2265 μᾶλλον
1415 2229 1443 2256 δὲ
1457 2231 1512 2262 τοῖς
1524 2231 1741 2265 μακαριωτάτοις
1752 2231 1871 2265 γονεῦσιν

1089 2275 1281 2310 ὑποσχομένοις
1297 2275 1491 2310 ἀκολουθήσας,
1507 2271 1545 2301 ὦν
1555 2275 1685 2310 ἀθετῆσαι
1699 2276 1748 2311 τὴν
1761 2275 1870 2312 γνώμην

1089 2322 1144 2349 οὔθ’
1157 2323 1239 2353 ὅσιον,
1248 2321 1303 2348 οὔτ’
1315 2322 1433 2356 ἀσφαλὲς
1444 2321 1574 2356 ἠγοῦμαι.
1585 2323 1655 2349 Ὅσα
1673 2322 1762 2357 μέντοι
1776 2324 1807 2350 ὲκ
1818 2323 1870 2350 τῶν

1088 2370 1134 2396 τοῦ
1156 2370 1292 2406 μακαρίου
1318 2378 1367 2404 μου
1384 2369 1499 2403 ἀδελφοῦ
1524 2369 1674 2404 Καισαρίου
1693 2371 1867 2406 πραγμάτων,

1089 2416 1116 2442 ὲν
1129 2415 1222 2451 ἐσθῆτι
1236 2417 1335 2451 σηρικῇ
1347 2415 1364 2450 ἢ
1379 2415 1474 2451 λινῇ,ῆ
1487 2415 1588 2451 ὲρεᾷ,ἦ
1603 2415 1782 2451 βουρικαλίοις
1797 2425 1870 2452 περι-

1088 2508 1167 2531 vocat
1181 2503 1352 2539 Alypianam,
1369 2512 1430 2539 quae
1451 2504 1504 2532 lilia
1524 2510 1583 2532 erat
1605 2503 1749 2539 Gorgonim
1768 2505 1868 2533 sororis

1088 2547 1154 2567 suae.

1124 2574 1178 2609 (57)
1196 2573 1257 2600 Τῶν
1271 2574 1324 2609 γὰρ
1339 2574 1451 2605 ἄλλων,
1474 2575 1642 2608 Εὐγενείας,
1657 2579 1709 2609 etc.
1724 2573 1778 2602 Cod
1793 2574 1865 2609 Chig.

1088 2609 1228 2642 Εὑγενίας.
1236 2608 1397 2636 Cn'terarum
1404 2610 1485 2642 enim,
1494 2609 1645 2644 Eugenimet
1654 2608 1767 2639 Nonme.
1775 2608 1866 2644 exigua

1088 2645 1156 2670 ratio
1165 2644 1282 2670 ducenda
1289 2644 1440 2671 esl.Mirum
1449 2644 1518 2672 forte
1526 2644 1609 2672 rideri
1621 2645 1706 2678 possit
1712 2644 1866 2678 Gregorium

1090 2678 1284 2713 turpitudinem
1302 2679 1494 2713 sempiternam
1512 2680 1628 2714 publicis
1649 2680 1749 2714 tabulis
1761 2681 1865 2707 inurere

1089 2714 1215 2740 aliinibus
1235 2715 1302 2741 suis.
1319 2714 1364 2740 Sic
1380 2718 1471 2748 postea
1485 2713 1632 2749 Gregorius
1649 2713 1761 2748 Magnus
1776 2721 1863 2740 coram

1090 2749 1222 2783 frequenti
1241 2749 1340 2783 populo
1357 2749 1501 2776 Gordiana:
1517 2749 1630 2784 virginis
1652 2751 1742 2776 amitae
1762 2756 1816 2776 suae
1828 2749 1865 2774 la—

1089 2792 1168 2818 psum
1192 2784 1421 2820 narrat-civeritus
1436 2791 1501 2820 >nou
1520 2784 1580 2810 fuit.
1603 2783 1662 2812 Viri
1676 2784 1768 2820 sancti
1792 2790 1863 2815 suos,

1089 2821 1111 2846 si
1126 2818 1234 2854 quando
1250 2818 1323 2853 impii
1339 2823 1412 2851 sunt,
1427 2818 1591 2854 despiciunt.
