1937 3055
92 76 143 103 l8]

94 135 132 162 63
145 133 334 169 Τρισσοφιιοῢς
348 131 480 167 Θεότητος
498 131 562 167 ὁμὸν
577 132 656 164 σέλας
668 133 847 169 ισοφέριστον,

95 181 144 212 Ὠς
160 179 245 215 μούνῃ
260 178 382 214 Θεότητι,
396 178 442 204 καὶ
456 174 494 204 ὧν
504 177 579 209 Θεὸς,
591 177 643 204 ἐστ’
659 178 794 214 ἀρίδηλον.

92 226 210 252 Κίννυτο
223 226 269 250 καὶ
280 224 392 258 κόσμοιο
401 222 503 254 τύπους
517 223 563 255 οὓς
578 224 697 259 στήσατο
707 224 828 250 λεύσσων

92 270 171 298 οἷσιν
189 270 230 296 ὲνὶ
247 270 387 304 μεγάλοισι
400 270 517 304 νοήμασι
531 269 694 305 κοσμογόνος
714 270 777 302 νοῦς

98 317 263 352 Ἐσσομένου
280 316 438 352 μετέπειτα,
452 315 511 349 θεῷ
525 315 554 341 δέ
567 324 596 341 τε
609 315 655 342 καὶ
672 316 828 351 παρεόντος.

93 364 128 391 70
144 363 236 390 Πάντα
250 362 309 398 Θεῷ
328 360 528 397 προπάροιθεν,
545 360 587 387 ἆτ’
603 360 721 394 ἔσσεται,
739 361 795 387 amr
819 361 881 395 ἐγέσ

742 406 751 442 Ῐ
761 415 846 438 νοντο,

92 456 184 483 ’Ὄσσα
199 463 228 481 τε
244 454 292 482 νῦν
307 454 450 489 παρέασιν.
479 454 557 489 Ἐμοὶ
581 453 676 489 χρόνος
700 449 750 480 ὦδε
769 454 881 484 κέασσε.

93 501 200 537 Πρόσθε
207 502 241 528 τὰ
252 502 312 536 μὲν,
327 500 361 527 τὰ
368 501 389 527 δ’
398 500 493 527 omo-lie
501 509 507 516 -
520 500 579 535 Θεῴ
590 500 619 526 δέ
630 508 660 526 τε
673 500 712 531 εἰς
722 500 750 526 ἓν
763 500 882 533 ἅπαντα,

93 547 148 573 Καὶ
165 546 286 582 μεγάλης
302 546 433 582 Θεότητος
443 547 472 572 ὲν
487 546 630 581 ἀγκοίνῃσι
644 547 793 581 κρατεῖται.

98 594 115 619 Γ
116 593 227 620 οὕνεκεν
243 594 321 619 ὅσσον
337 593 450 628 ἔτετμεν
465 593 530 628 spe;
543 593 602 625 νόος
621 593 760 620 εἱσαῖοιτε.

93 639 130 666 75
142 639 210 671 Νοῦς
227 639 320 667 ὤδινεν
336 639 452 671 ᾶπαντα,
471 639 542 675 ράγη
558 639 579 665 δ’
595 640 634 671 εις
649 638 761 674 ὕστερον
771 638 846 671 ὠδὶς,

94 685 197 720 Ὥριος,
212 682 273 712 εὖτε
287 685 364 712 Θεοῖο
376 685 464 720 μέγας
482 684 569 719 Λόγος
588 684 762 719 ὲξεκάλυψεν.

610 73 730 102 SECTIO
749 74 769 101 1.
791 73 954 102 POEMATA
971 74 1179 103 DOGMATICA.

1669 77 1724 106 £32

898 137 923 166 Α
938 133 1034 161 Ἤθελε
1050 135 1098 169 μὲν
1117 133 1213 169 νοερὰν
1229 134 1323 170 στῆναι
1334 134 1425 169 φύσιν,
1441 133 1571 170 οὐρανίην
1583 143 1615 162 τε

934 179 989 206 Καὶ
1004 178 1123 214 χθονίην,
1136 179 1255 214 πρώτοιο
1270 179 1382 214 διαυγέα
1394 180 1481 214 φωτὸς
1492 179 1624 216 ἔσοπτρα,

934 225 989 260 Τὴν
1006 225 1054 260 μὲν
1071 225 1126 252 ἄνω
1142 225 1313 257 στίλϐουσαν.
1330 225 1545 261 ὑποδρήστειραν
1561 226 1688 260 ἄνακτος,

935 269 969 296 80
979 269 1132 305 Πλησιφαῆ,
1143 269 1330 306 μεγάλην,τὴν
1341 270 1363 296 δ’
1375 269 1469 297 ἐνθάδε
1478 270 1555 303 κῦδος
1562 271 1687 307 ἔχουσαν,

937 314 1070 350 Πηγάζων
1086 314 1211 350 θεότητα,
1226 315 1301 347 ὅπως
1312 315 1471 342 πλεόνεσσιν
1484 317 1589 353 ἀνάσσῃ

935 362 1089 397 Οὐρανίοις,
1104 361 1224 388 πλεόνων
1237 370 1268 388 τε
1285 361 1354 399 πέλῃ
1368 362 1436 397 φάος
1448 362 1616 399 ὀλϐιόδωρον.

936 408 1002 435 Ἥδε
1017 408 1071 444 γάρ
1083 408 1157 435 ἐστιν
1173 407 1290 440 ἄνακτος
1306 408 1373 443 ἐμοῦ
1388 408 1469 443 φύσις
1481 408 1559 436 ὄλϐον
1570 409 1695 442 ὀπάζειν.

936 454 1028 490 Ὀφρα
1041 454 1069 480 δὲ
1083 454 1119 490 μὴ
1134 454 1271 481 πελάουσα
1287 454 1347 489 Θεῷ
1359 455 1449 487 κτίσις
1466 455 1598 482 ἀντιθέοιο

934 501 969 528 85
984 501 1085 533 Κύδεος
1099 501 1252 537 ἱμείρουσα,
1272 502 1340 536 φάος
1356 503 1403 529 καὶ
1422 503 1502 534 κῦδος
1521 503 1619 538 ὀλέσσῃ

935 548 944 580 (
955 547 1051 582 Μέτρα
1065 547 1158 583 φέρειν
1171 547 1226 583 γὰρ
1238 547 1360 582 ἄριστον,
1373 547 1491 583 άμετρίη
1505 547 1533 574 δὲ
1544 547 1702 584 κάκιστον),

934 592 1067 619 Τοῦνεκεν
1082 592 1252 628 ἐσσομένοισι
1270 592 1334 627 φίλα
1345 593 1466 628 φρονέων
1477 593 1562 627 Λόγος
1577 593 1659 625 αἰπὺς

934 639 1004 674 Τῆλε
1022 638 1086 673 βάλε
1102 639 1217 674 Τριάδος
1238 639 1287 674 μὲν
1296 640 1365 666 ’ὅσον
1381 639 1448 674 φάος
1460 639 1647 675 ἀμφιθόωκον,

940 684 1106 719 ’Δγγελικῶν
1122 693 1153 711 τε
1168 685 1257 722 χορῶν
1273 685 1387 722 βροτέην
1405 685 1496 720 φύσιν,
1508 685 1655 722 ἀγγελικὴν
1669 686 1719 722 μὲν

343 776 378 804 65
392 776 485 812 Simile
497 779 523 803 et
536 776 639 812 aequale
652 777 743 804 lumen
759 776 870 804 Deitatis
881 776 1024 811 tripliciter
1034 776 1161 808 lucentis,

347 811 379 838 Ut
397 812 448 839 soli
464 811 561 838 Deitati
577 815 604 839 et
616 811 700 838 Deum
715 812 866 839 colentibus
881 811 1052 839 manifestum
1068 815 1120 839 est.

344 846 503 873 Movebatur
518 850 545 873 et
559 847 653 873 mundi
671 847 772 874 formas
793 847 902 874 intuens
919 854 986 881 quas
1002 847 1158 873 instituerat

343 881 448 917 Magnis
465 881 524 917 suis
537 881 748 917 cogitationibus
765 889 842 909 mens
858 883 950 909 mundi
966 882 1083 909 creatrix

342 916 440 943 Postea
460 916 555 947 futuri,
571 917 617 944 sed
633 920 721 943 tamen
734 916 789 943 Deo
806 918 956 951 praesentis.

343 952 375 987 ’ἕρ
389 950 487 978 Omnia
499 959 533 979 co
549 959 592 987 am
611 951 720 987 DeoLet
736 959 796 986 quae
807 950 902 978 l’utura
917 956 991 984 sunt,
1009 955 1036 979 et
1052 959 1112 987 quae
1131 951 1250 985 fuerunt,

344 985 378 1022 Et
391 994 450 1021 quae
465 994 536 1013 nunc
550 986 659 1014 adsunt.
674 985 840 1013 Mihi’autem
853 991 960 1022 tempus
975 987 1015 1014 sic
1030 985 1074 1014 res
1085 987 1206 1020 exhibet,

344 1021 379 1048 Ut
394 1022 453 1048 alia;
469 1022 574 1056 priores
590 1022 654 1053 sint,
672 1022 731 1049 aliae
746 1021 930 1056 posteriores:
946 1026 973 1048 at
986 1022 1040 1049 Deo
1055 1022 1147 1049 omnia
1162 1022 1190 1049 in
1207 1029 1291 1049 unum

342 1056 474 1092 Qollecta,
489 1064 646 1092 magnaeque
658 1056 772 1084 Deitatis
787 1057 848 1084 sinu
864 1057 1048 1084 cantinentur.

343 1091 433 1126 Quaye
447 1091 513 1126 quid
527 1091 585 1118 mea
602 1091 679 1118 mens
697 1092 840 1126 repererit,
855 1092 956 1119 audite.

341 1127 375 1162 15
390 1125 465 1153 Mens
480 1125 765 1162 parturiebatromnia,
778 1127 955 1162 prorupilque
972 1130 1067 1162 postea
1079 1130 1175 1160 partus

344 1161 530 1223 Opportunus.
550 1169 612 1188 cum
630 1161 704 1188 illum
719 1162 816 1189 retexit
829 1161 957 1196 magnum

344 1196 384 1223 Vo
396 1196 441 1223 uit.
452 1196 645 1223 intelligentem
664 1200 788 1223 naturam
805 1204 907 1223 creare.
922 1202 957 1223 llll

368 1204 384 1223 0

993 1162 1018 1188 ei
1032 1160 1162 1189 Verbum.

396 1196 441 1223 uit.
452 1196 645 1231 intelligentem
664 1200 788 1223 naturam
805 1204 907 1229 creare,
922 1202 979 1224 tum
994 1197 1145 1228 cmlestem,

344 1230 413 1272 'l‘um
428 1230 595 1271 terrestrem,
612 1231 692 1272 primi
708 1231 818 1272 luminis
836 1231 973 1272 pellucida
984 1231 1095 1266 specula
1110 1240 1117 1258 :

343 1266 462 1301 Alteram
482 1266 510 1292 in
528 1266 635 1301 superis
651 1266 808 1300 fulgentem,
823 1267 895 1301 regis
908 1267 1073 1299 ministram,

342 1300 570 1341 234-22589
582 1300 664 1341 μευ-οἰδ
680 1302 798 1341 plenam,
809 1300 948 1341 ingentem
965 1311 972 1329 :
986 1302 1099 1341 alteram
1113 1302 1158 1329 hic
1171 1301 1254 1329 decus
1270 1301 1412 1329 habentem
1429 1309 1436 1328 :

343 1336 491 1372 buundens
504 1336 684 1372 divinitatem,
702 1340 731 1362 ut
745 1336 870 1372 plurimis
891 1336 1037 1372 imperaret

343 1369 519 1402 leestibus,
540 1378 572 1397 ac
592 1369 771 1405 plurimorum
791 1375 864 1399 esset
882 1369 938 1398 lux'
950 1371 1126 1399 beatitudinis
1145 1370 1218 1399 fons.

345 1405 406 1442 llaec
420 1409 462 1433 est
480 1405 552 1433 enim
569 1406 645 1442 regis
659 1406 719 1442 mei_
727 1410 835 1438 natura,
855 1409 885 1433 ut
900 1406 1076 1442 beatitudinis
1093 1406 1206 1442 largitor
1223 1406 1269 1434 sit.

344 1440 448 1475 Sedriie
464 1441 684 1475 appropinquans
704 1440 770 1472 Deo,
786 1449 830 1468 res
842 1445 933 1468 creata
947 1441 1049 1475 mquale
1062 1441 1118 1468 Deo

342 1474 378 1510 δε
395 1474 529 1510 Appetens
543 1474 638 1506 decus,
657 1475 747 1502 lumen
764 1479 789 1503 et
805 1476 888 1504 decus
905 1474 1042 1503 amitteret

344 1509 463 1543 (Moduin
476 1511 549 1538 enim
567 1514 658 1537 tenere
677 1512 807 1545 optimum
821 1515 863 1539 est
879 1519 887 1538 ε
905 1510 1094 1538 immoderatio

344 1545 448 1580 idcirco
463 1545 517 1577 his,
530 1545 577 1580 qui
589 1545 677 1580 [muri
692 1550 780 1576 erant,
795 1546 925 1573 benevole
937 1546 1094 1578 consulens,

1145 1511 1227 1538 ssima
1240 1518 1284 1538 res
1297 1512 1348 1545 est)
1360 1518 1367 1541 ἶ

1134 1547 1228 1573 erbum
1247 1546 1364 1573 sublime

343 1578 433 1615 Longe
447 1578 547 1607 statuit
558 1588 572 1606 a
588 1579 731 1615 Trinitate,
746 1580 878 1615 quidquid
895 1581 964 1608 lucis
977 1584 1019 1608 est
1033 1581 1106 1608 circa
1119 1581 1247 1608 thronum
1263 1581 1318 1613 Dei,

342 1613 375 1641 Et
391 1613 425 1642 ab
442 1615 573 1650 angelicis
589 1614 691 1647 choris,
712 1613 859 1643 humanam
875 1619 1022 1650 naturam;
1039 1623 1094 1643 non
1111 1621 1202 1643 tamen
1217 1616 1369 1652 angelicam

130 1701 331 1740 ἸιιῘΕτετμεν.
349 1702 466 1738 Exponit
482 1704 599 1740 interp.:
615 1703 798 1740 τεθεώρηκεν,
813 1711 877 1731 con-

95 1738 219 1770 templala
234 1743 283 1765 est.

131 1773 165 1810 ξι)
184 1772 242 1810 [ἣν
256 1773 293 1810 gr.
304 1772 450 1810 lnt.»Gr;ee.
464 1783 472 1801 :
487 1774 537 1810 τὴν
555 1773 718 1810 δὲγχθονιαν.

131 1806 328 1844 817Πηγάζων.
346 1808 406 1844 νΙηῐγ.
425 1806 536 1836 ϐτςεοξε
552 1806 724 1844 καῐβλύςων,
743 1809 790 1836 καὶ
807 1809 878 1844 χέων

94 1842 313 1886 τὴξηάγξεθέτηῖοε
328 1843 525 1886 eadem?

130 1877 164 1904 82
184 1877 273 1911 Πέλῃ.
286 1878 331 1905 Sic
340 1877 424 1906 Coisl.
435 1877 497 1906 cum
506 1879 565 1905 aliis
576 1879 675 1906 tribus.
691 1877 774 1911 Edit.,
789 1878 875 1905 πέλει.

132 1912 166 1940 85
190 1912 329 1947 Ὀλέσσῃ.
352 1913 398 1940 Sic
415 1913 476 1940 Vat.
495 1921 557 1940 cum
577 1914 638 1941 aliis
655 1913 752 1945 tribus,
775 1917 802 1941 et
825 1914 876 1940 He-
893 1919 897 1922 '

96 1948 173 1984 sveh.
186 1947 252 1975 Male
263 1948 344 1984 edit.,
353 1948 458 1984 ὀπάζει.
474 1949 525 1975 Ιηι.
543 1948 640 1984 Graec;
654 1949 692 1980 ὡς
704 1948 736 1984 ᾂν
752 1948 788 1984 μὴ
807 1948 875 1984 πλη-

97 1982 226 2014 σιάζουσα
241 1982 280 2018 τῷ
291 1982 349 2018 Θεῷ
362 1984 378 2019 ἡ
393 1983 490 2016 κτίσις,
505 1983 552 2010 καὶ
566 1983 645 2019 δόξης
666 1982 768 2010 ἱσοθέοὺ
783 1982 877 2010 ἐπιθύ-

930 1703 1028 1740 μοῦσα,
1045 1703 1075 1730 τὸ
1090 1703 1164 1730 δοθὲν
1181 1704 1249 1740 αὐτῇ
1274 1703 1331 1738 φῶς
1346 1703 1392 1729 καὶ
1418 1702 1466 1739 τὴν
1483 1702 1561 1736 δόξαν
1572 1702 1711 1740 άπολέσῃ.

930 1738 972 1766 Ne
985 1739 1197 1773 appropinquans
1212 1738 1265 1765 Deo
1278 1747 1317 1765 res
1338 1743 1437 1769 creata.
1454 1742 1478 1765 et
1490 1738 1590 1772 wquale
1603 1738 1655 1765 Deo
1667 1738 1711 1766 ua-

928 1782 974 1801 cus
988 1779 1118 1808 appetens,
1134 1774 1226 1800 datum
1237 1774 1287 1800 sibi
1305 1773 1390 1800 lumen
1405 1779 1428 1800 et
1444 1773 1555 1808 gloriam
1569 1774 1711 1802 amitteret.

964 1809 1001 1849 87_
1021 1808 1236 1849 'ﬁoaoyérowt.
1255 1808 1382 1836 Creandis
1395 1808 1524 1840 omnibus,
1537 1816 1591 1836 non
1608 1812 1712 1836 tantum

929 1844 1096 1871 hominibus.

964 1878 998 1905 88
1021 1879 1226 1913 Ἀμφιθόωκον,
1243 1877 1296 1904 Ιηι.
1310 1877 1409 1905 (Ξῖ-πολ
1422 1877 1480 1913 φῶς
1489 1877 1552 1913 περὶ
1564 1877 1608 1904 τὸν
1619 1878 1712 1913 θρόνον

931 1913 1083 1948 ἱστάμενον.

965 1948 1046 1976 89-91
1071 1947 1305 1982 Ἀτγελιναῦν.....
1325 1947 1536 1981 ἐκγενόμεσθα.
1562 1945 1612 1974 Hic
1635 1947 1711 1974 locus

929 1983 956 2010 in
976 1984 1020 2010 ed.
1049 1983 1212 2018 depravatus
1238 1988 1306 2016 erat,
1333 1982 1480 2018 deeratque
1506 1989 1577 2010 unus
1604 1989 1710 2014 versus,

734 2061 900 2092 METRICA
920 2060 1069 2091 VERSIO.

96 2143 153 2171 Hoc
167 2151 275 2179 quoque
290 2147 434 2179 prmterea,
447 2150 501 2177 quo
516 2149 546 2170 se
561 2145 711 2176 exerceret,
727 2142 855 2179 habebat,
891 2146 913 2174 Β
928 2142 974 2179 _Sic
983 2147 1079 2179 tamen
1092 2146 1121 2169 ut
1133 2145 1369 2179 supertermentes,
1383 2142 1510 2179 regisque
1524 2142 1658 2171 ministra:

97 2177 196 2206 Sancta
211 2177 302 2205 Trias}
321 2177 410 2212 Mundi
424 2178 525 2204 formas
539 2185 655 2212 namque
669 2179 727 2212 ipsa
744 2178 839 2211 futuri,

96 2214 154 2241 Jani
173 2215 223 2241 sibi
240 2211 550 2248 praesentis.'lustrabat
568 2211 657 2240 mente
679 2211 769 2240 beata.

97 2250 198 2276 Cuncta
212 2246 310 2277 etenim
329 2256 388 2283 quae,
400 2248 455 2281 jam
472 2248 513 2274 vel
527 2247 693 2283 praeteriere,
709 2248 751 2275 vel
763 2246 874 2281 adsunt,

97 2284 213 2319 Quaeque
236 2284 315 2311 etiam
337 2281 497 2314 'exstabunt,
530 2281 623 2310 Triadi
650 2287 876 2353 sqntlprlompta,

685 2326 716 2353 pa
731 2325 763 2345 en
778 2325 840 2352 que.

685 2322 840 2353 patentque.

98 2353 158 2381 llmc
172 2354 271 2380 etenim
287 2358 394 2387 tempus
410 2353 476 2380 mihi
497 2353 538 2381 sic
560 2353 694 2385 distinxit,
708 2357 739 2379 ut
759 2353 825 2379 illud

98 2391 165 2416 Ante
180 2389 224 2420 sit,
241 2389 291 2415 hoc
304 2393 393 2420 retro;
412 2387 483 2415 Deus
496 2393 585 2416 autem
603 2396 716 2423 prorsus
730 2388 757 2414 in
773 2395 857 2415 unum

97 2425 199 2450 (luiicta
216 2427 300 2453 tenet,
318 2423 478 2458 sinibusque
493 2424 550 2451 suis
568 2423 682 2450 collecta
701 2427 820 2451 coercet.

97 2459 228 2492 Quocirca
243 2458 374 2493 quidquid
391 2459 434 2485 vel
453 2466 530 2486 mens
547 2466 606 2485 mea
616 2458 734 2493 repperit
747 2465 876 2492 unquam,

98 2496 148 2520 Aut
164 2493 245 2520 etiam
265 2494 378 2526 audwit,
398 2500 475 2520 mens
494 2494 663 2528 parturiebat
675 2493 702 2520 id
717 2500 797 2520 omne

98 2528 221 2556 Numinis
236 2528 357 2560 a:therei,
373 2532 434 2562 post
446 2531 536 2555 autem
553 2528 624 2556 fetus
638 2528 665 2554 in
679 2531 770 2555 ortum

102 2564 228 2598 Tempore
246 2568 353 2590 maturo
369 2563 468 2597 erupit,
487 2570 550 2590 cum
570 2568 668 2590 cuncta
683 2562 780 2590 retexit

100 2599 237 2632 Unigenus
255 2598 362 2629 Sermo,
376 2598 504 2632 claraque
521 2599 547 2624 in
565 2598 626 2625 luce
643 2598 752 2624 locavit.

99 2637 134 2661 Ac
151 2633 257 2660 ratione
272 2633 380 2668 quidem
396 2632 541 2667 pollentem
557 2636 584 2660 et
597 2636 686 2668 mente
702 2633 810 2660 volebat

99 2669 220 2696 Condere
234 2667 372 2698 naturam,
386 2675 447 2702 quae
464 2668 564 2702 partim
579 2667 690 2694 sedibus
705 2667 768 2694 altis

99 2703 219 2739 Deberet,
236 2706 263 2730 et
278 2707 349 2730 terra
363 2702 474 2739 partim,
489 2702 623 2737 primique
636 2702 752 2729 referret

98 2737 147 2771 (Ut
157 2739 299 2773 speculum
318 2737 388 2773 quod
406 2737 466 2763 labe
484 2741 571 2773 vacat,
590 2741 759 2773 praestatque
775 2737 873 2773 nitore)

100 2772 220 2802 Luminis
234 2772 361 2808 elligiem,
375 2775 531 2807 sanctaque
551 2772 702 2799 imitamina
715 2772 807 2800 forma:
821 2783 828 2801 ;

929 2177 1054 2213 Undique
1069 2177 1180 2213 fulgenti
1197 2178 1333 2204 radiarent
1347 2177 1458 2209 lumine,
1475 2182 1571 2205 contra

928 2212 977 2248 llic
993 2213 1052 2239 ima:
1067 2212 1210 2247 imperium
1223 2217 1250 2240 et
1264 2213 1364 2248 regalia
1380 2218 1487 2247 Sceptra
1502 2217 1636 2240 tenerent.

927 2247 1050 2282 Namque
1067 2255 1147 2275 suum
1164 2248 1217 2275 late
1230 2247 1357 2282 cupiebat
1374 2248 1487 2275 fundere
1503 2255 1613 2275 numen.

929 2282 1039 2310 Scilicet
1055 2287 1083 2310 ut
1096 2283 1199 2318 plures,
1212 2283 1311 2318 quibus
1329 2283 1512 2317 induperaret,
1530 2283 1640 2310 haberet

927 2318 1082 2349 Coelicolas,
1096 2319 1242 2352 pluresque
1256 2325 1306 2345 sua
1317 2325 1386 2352 quos
1400 2320 1459 2345 luce
1472 2319 1573 2345 bearet.

927 2352 993 2379 Nam
1010 2352 1099 2380 Patris
1118 2353 1175 2380 hac
1189 2354 1297 2380 demum
1322 2353 1414 2387 superi
1430 2359 1472 2380 est
1488 2357 1595 2385 natura,
1612 2352 1704 2380 beare.

926 2387 965 2415 Ne
978 2395 1042 2415 vero
1054 2387 1146 2415 Triadi
1160 2395 1203 2415 res
1216 2387 1324 2414 condita
1340 2388 1409 2415 forte
1423 2388 1618 2422 propinquans,

926 2423 1052 2450 Numinis
1067 2424 1180 2457 aequalis
1193 2427 1319 2457 correpta
1337 2423 1476 2457 cupidine,
1494 2423 1584 2449 lumen

926 2458 1066 2493 Pol-deret,
1081 2456 1282 2493 acceptumque
1295 2456 1381 2485 decus
1396 2459 1468 2492 (nam
1485 2457 1605 2492 qualibet
1620 2458 1647 2485 in
1660 2466 1691 2486 re

926 2492 1092 2521 Laudandus
1109 2492 1206 2520 modus
1225 2496 1277 2524 est,
1294 2497 1444 2528 contraque
1457 2492 1576 2528 ingentia
1589 2493 1688 2520 damna

926 2528 1069 2563 Neglectus
1085 2527 1183 2555 modus
1199 2535 1285 2562 usque
1304 2527 1386 2562 parit,
1409 2527 1588 2563 pestemque),
1605 2528 1706 2557 futuris

926 2562 1086 2590 Consultum
1103 2563 1216 2597 cupiens
1231 2563 1338 2589 soboles
1351 2567 1451 2589 aeterna
1468 2562 1601 2591 Tonantis

926 2598 1030 2624 Idcirco
1047 2598 1184 2632 angelicas
1193 2597 1286 2624 divino
1302 2604 1317 2623 a
1331 2597 1449 2624 Numine
1462 2603 1568 2625 mentes

927 2632 1047 2660 Semovit
1081 2632 1186 2667 procul,
1217 2637 1297 2667 atque
1323 2632 1446 2660 homines
1477 2633 1572 2669 procul
1600 2635 1706 2669 agmine

1575 2676 1670 2696 I‘UI‘SUS

927 2701 999 2729 Fixit
1019 2701 1053 2738 ab
1070 2702 1203 2737 angelico.
1229 2701 1390 2738 Quanquam
1407 2709 1461 2729 non
1479 2706 1532 2729 tam
1549 2668 1705 2738 ἑῖἓέίῖῗῗιιε

928 2737 1064 2772 Disjunxit
1077 2745 1190 2772 superas
1203 2743 1325 2770 mentes;
1344 2737 1387 2764 his
1404 2745 1521 2772 namque
1535 2737 1671 2768 ministris

929 2771 1026 2801 Utitur.
1046 2772 1080 2800 At
1095 2771 1215 2800 nostram
1229 2773 1324 2808 procul
1339 2779 1354 2799 a
1369 2771 1604 2802 Deitate’reniovii
