1937 3055
68 116 119 143 ιιέἳ

69 171 114 203 Τίς
124 170 199 202 ναῦν,
211 170 227 206 ἢ
240 169 301 198 θύον
314 170 406 205 ἃρμα;
419 170 459 202 τις
471 170 570 197 ἀσπίδα
583 172 630 198 καὶ
642 171 824 207 τρυφά).ειαν;

68 217 128 243 οῠτ’
141 216 173 243 ἂν
186 214 282 242 τόσσον
293 214 401 251 ἔμεινεν
414 216 460 242 επὶ
474 216 579 252 χρόνον,
596 217 675 252 εἴπερ
689 217 816 253 ἄναρχος,

69 263 121 288 Καὶ
132 261 210 297 χορὸς
228 261 260 288 ἂν
273 261 379 297 λήξειεν
394 262 609 297 ἀνηγεμόνευτος
624 263 727 298 ἔμοιγε.

68 307 127 334 οὕτ⁹
138 308 218 335 ἄλλον
234 308 285 334 τιν’
298 308 387 340 ὲοικδς
404 308 475 343 ἔχειν
492 309 651 346 σημάντορα
666 310 775 342 παντὸς,

69 354 101 381 15
115 355 163 380 Ἦε
174 354 219 381 τὸν
232 354 260 385 ὃς
274 363 319 389 μιν
330 354 447 386 ἔτευξεν.
459 355 515 382 "06‘
529 356 647 391 ἀστέρας
661 357 817 392 ἡγεμονῆας

73 398 223 434 Ἦμετέρης
237 399 334 434 γενεῆς
348 408 377 426 τε
392 399 449 434 βίον
466 400 488 426 θ’
505 400 562 436 ἄμα
577 401 677 432 παντὺς
690 401 811 433 ὀπάζων,

67 446 159 477 Αὑτοῖς
173 447 194 472 δ’
208 445 341 481 ἄπρασιν
354 446 416 473 εἰπὲ
429 446 480 473 τίν’
493 447 610 482 οὐρανὸν
625 447 704 474 ἄλλον
719 447 834 480 ἐλίξεις;

67 492 120 518 Καὶ
129 491 166 526 τῷ
179 491 201 518 δ’
212 490 245 518 αὖ
259 491 340 518 πάλιν
349 491 441 524 ἄλλον,
452 492 496 519 ἀεί
506 493 529 518 τ’
542 493 584 519 ἐπ’
596 492 708 527 ἄγουσιν
721 493 853 526 ἄγονταςς

68 535 114 569 Εἷς
129 537 255 572 βασιλεὺς
267 538 411 564 πλεόνεσσι
424 539 600 573 συνάστερος,
612 536 649 565 ὧν
663 540 676 565 ὁ
689 538 738 574 μὲν
751 538 854 571 ἐσθλὸς,

66 583 100 610 20
115 583 160 615 ὐς
173 583 202 609 δὲ
214 583 307 616 κακὸς,
332 584 420 620 ρήτηρ
441 593 495 616 τις,
517 584 530 610 ὁ
542 584 565 610 δ’
579 583 710 619 ἔμπορος,
729 585 758 616 ὃς
775 584 796 610 δ’
811 585 855 620 ἄρ’

692 630 817 666 [ἀλήτης,

66 677 115 703 Τὸν
124 677 151 703 δὲ
162 677 346 713 φέρειθρόνος
358 678 443 709 αἰπὺς
455 677 625 714 ὑπέρφρονα.
636 678 680 704 Ἑν
688 678 716 704 δέ
723 685 754 703 τε
765 677 854 712 πόντῳ

66 723 118 749 Καὶ
133 723 244 759 πολέμῳ
259 723 417 750 πλεόνεσσιν
431 723 498 759 ὁμὸς
515 723 597 759 μόρος
611 723 820 758 ἁλλογενὲθλοις.

71 767 205 803 ’Δστέρες,
219 768 265 800 οὓς
280 768 440 804 συνέδησαν,
453 769 520 804 ὁμὸν
538 769 613 801 τέλος
628 770 658 796 οὺ
675 769 815 804 συνέδησε.

595 115 717 143 SECTIO
732 115 752 143 Ι.
767 115 930 143 ΡΟΕΜΑΤΑ
950 114 1161 144 DOGMATICA.

1638 114 1691 146 ινδ

867 175 891 203 Λ
903 173 1018 204 Κεινους
1033 172 1054 198 δ’
1070 171 1118 203 οὓς
1131 170 1277 203 ὲκέασσαν,
1289 171 1342 207 ὁμὴ
1356 171 1484 206 συνέδησε
1495 171 1618 209 τελευτή.

905 218 941 245 25
955 217 986 244 Ei
999 218 1047 253 μὲν
1058 217 1090 253 δὴ
1105 217 1166 244 καθ’
1178 217 1293 244 ἕκαστον
1305 217 1360 252 ἔχει
1372 217 1467 253 πρώτη
1483 227 1523 250 τις
1535 219 1652 256 ἀνάγκη,

906 263 998 294 Μὖῦος
1011 263 1047 289 ὅδ’
1056 271 1062 277 ·
1079 263 1103 288 εὶ
1117 262 1140 288 δ’
1152 263 1207 298 ἄρα
1226 263 1275 298 τῆς
1291 262 1401 298 κρατέει
1414 261 1478 299 ξυνή
1491 272 1533 295 τις
1546 263 1656 300 ἀρείων,

906 310 1004 344 Τείρεα
1015 308 1133 344 τείρεσίν
1146 309 1221 335 ἐστιν
1234 309 1352 336 ἐναντία.
1363 310 1410 341 Τίς
1421 310 1443 336 δ’
1454 310 1498 346 ἄρ’
1511 311 1525 337 ὁ
1539 310 1636 346 μίξαςς

910 355 957 386 Ὃς
973 354 1025 390 γὰρ
1040 354 1070 389 δὴ
1087 354 1225 390 συνέδησε,
1241 355 1287 381 καὶ
1301 355 1334 391 ἢν
1348 355 1470 392 ἐθέλῃσιν
1485 356 1588 384 ἔλυσεν.

907 398 937 425 El
951 399 979 425 δὲ
993 399 1069 431 Θεὸς,
1081 398 1139 430 πῶς
1150 398 1267 434 πρῶτον,
1279 400 1292 426 ὅ
1306 408 1349 434 μοι
1362 399 1428 431 Θεὸς
1440 400 1607 434 ἐξετῐναξεν;

904 445 938 472 50
954 446 984 472 El
1001 446 1037 481 μὴ
1050 445 1095 472 καὶ
1104 444 1170 471 Θεὸν
1182 446 1263 472 αὑτὸν
1274 446 1318 472 ὑπ’
1330 445 1444 482 ἄστρασι
1458 447 1542 473 σοῖσιν
1555 447 1653 482 ὲλίξῃς.

905 491 936 517 Et
948 491 970 516 δ’
984 491 1014 517 οῦ
1029 500 1070 523 τις
1085 492 1220 528 κρατέων,
1236 491 1295 522 πῶς
1308 492 1451 527 «ﬁerent;
1466 491 1503 518 Οὐ
1516 492 1569 528 γὰρ
1581 492 1690 521 ὄπωπα.

906 537 997 563 Κεῖνοι
1015 537 1063 572 μὲν
1078 537 1173 564 τοίοισι
1190 537 1280 571 λόγοις
1292 537 1358 563 Θεὸν
1371 537 1448 568 ἐκτὸς
1460 536 1555 572 ἔχοιεν.

908 583 944 609 Ἢ
959 582 1013 618 γὰρ
1027 583 1059 618 δὴ
1074 583 1139 615 Θεός
1154 584 1238 615 ἐστιν,
1252 583 1268 618 ἢ
1284 583 1396 617 ἀστέρες
1408 583 1571 618 ἡγεμονῆες.

941 629 1033 664 Δῦτὰρ
1050 629 1105 663 ἐγὼ
1117 630 1175 656 τόδε
1192 627 1261 661 οῖδα,
1276 629 1342 660 Θεὸς
1354 629 1416 656 τάδε
1433 629 1521 656 πάντα
1535 629 1663 665 κυδερνᾷ,

906 676 940 704 55
954 676 1061 712 Νωμῶν
1072 676 1136 703 ἔνθα
1147 677 1193 703 καὶ
1206 676 1270 703 ἔνθα
1283 676 1352 703 Θεοῦ
1367 676 1454 711 Λόγος
1476 676 1542 703 ὄσσα
1566 676 1590 703 θ’
1608 675 1693 712 61:59.-

1588 721 1655 759 [θεν.

906 769 996 796 Ὄσσα
1008 769 1031 795 τ’
1048 769 1156 804 ἔνερθεν
1172 769 1254 804 ἔθηκε
1269 769 1400 804 νοήμασιν
1415 770 1472 802 τοϊς
1488 769 1538 805 μὶν
1550 768 1650 796 ἔδωκεν

307 845 489 907 ἓ26-227
509 845 577 879 Quis
593 853 689 873 navem
707 851 754 873 aut
769 846 884 873 celerem
901 846 1034 873 currum?
1047 847 1110 882 quis
1127 846 1252 882 clypeum
1267 849 1314 874 aut
1330 846 1452 882 galeam?

332 889 362 907 ec
378 882 472 907 taudiu
488 886 674 907 permaneret.
689 881 712 907 si
731 885 837 907 careret
855 881 989 907 nrincinio
1005 891 1011 907 :

332 889 362 908 ec
378 882 472 907 taudiu
488 886 674 916 permaneret,
684 881 712 917 si
731 885 837 909 careret
853 881 989 917 principio
1005 891 1011 908 :

308 915 450 943 Desineret
464 915 538 944 certe
553 917 654 944 chorus
668 916 727 944 sine
741 915 868 944 ductore.

307 951 402 986 Neque
419 951 502 978 alium
519 958 685 986 quemquam
704 952 846 986 probabile
863 955 905 980 est
920 951 1014 979 mundi
1030 959 1091 980 esse
1106 956 1239 979 rectorem

306 986 340 1022 55
361 987 461 1013 Prteter
475 994 536 1014 eum
552 995 598 1022 qua
614 987 757 1014 fabricavit
784 987 836 1013 Sed
854 988 900 1022 qui
917 988 1011 1015 stellas
1027 987 1158 1015 rertrices

306 1020 414 1049 Nostra:
427 1020 627 1056 generationis,
641 1029 673 1049 ac
690 1022 775 1050 totius
788 1020 870 1049 simul
888 1023 947 1050 vita
965 1023 1122 1053 constituis,

306 1056 376 1091 lpsis
392 1057 479 1084 stellis
492 1057 539 1092 die
551 1057 691 1092 quodnam
707 1057 782 1084 aliud
801 1058 902 1084 caelum
918 1057 1048 1085 evolves?

306 1092 395 1127 atque
411 1092 454 1119 isti
468 1091 608 1126 quodnam
621 1092 706 1123 aliud,
720 1100 883 1127 semperque
898 1092 1054 1120 rectoribus
1069 1099 1204 1127 quosnam
1220 1092 1362 1121 rectores?

307 1126 453 1163 [ierﬁunus
470 1128 541 1154 idem
556 1127 638 1154 habet
650 1127 727 1154 sidus
742 1126 804 1155 cum
820 1126 925 1160 multis,
940 1135 1057 1163 quorum
1070 1126 1142 1154 alius
1159 1128 1248 1156 bonus
1263 1132 1313 1161 est,

303 1162 339 1189 20
358 1162 443 1189 Malus
458 1163 545 1195 alius;
563 1163 654 1190 rhetor
671 1162 727 1195 hic,
746 1163 791 1190 ille
807 1162 956 1196 mercator;
965 1163 1036 1190 alius
1051 1170 1129 1196 erro;

306 1197 396 1224 Alium
410 1197 488 1225 ell‘ert
502 1197 628 1225 sublimis
647 1197 763 1226 thronus
776 1198 990 1232 superbientem.
1009 1197 1038 1224 In
1051 1198 1121 1224 mari

307 1232 340 1260 Et
353 1233 381 1259 in
396 1233 467 1260 bello
479 1233 628 1260 multorum
641 1235 736 1260 eadem
751 1240 836 1265 mors,
850 1237 927 1261 ortus
943 1233 1080 1260 diversus.

306 1266 382 1303 Quos
396 1272 470 1295 astra
486 1267 699 1303 conjunxerant,
718 1269 790 1296 idem
808 1268 870 1295 linis
883 1276 938 1296 non
952 1268 1108 1302 conjunxit.

307 1302 341 1330 Et
356 1311 427 1334 quos
436 1305 516 1331 astra
533 1303 764 1334 dissociaverunt.
779 1311 853 1331 mors
866 1303 959 1331 eadem
977 1303 1157 1331 consociavit.

305 1337 341 1374 25
360 1337 388 1366 Si
404 1345 628 1374 unumquemque
645 1339 733 1373 prima
751 1338 873 1374 quaedam
889 1340 1041 1366 necessitas
1059 1343 1144 1370 tenet,

307 1372 508 1401 Commentum‘
517 1377 559 1402 est
575 1372 591 1401 ί
602 1373 625 1401 si
640 1372 704 1401 huic
719 1372 875 1402 necessitati
891 1375 1047 1401 communis
1063 1373 1115 1400 alia
1131 1373 1308 1408 praestantior
1325 1372 1492 1407 dominatur,

309 1408 380 1436 Sunt
394 1409 484 1436 sidera
501 1409 639 1437 sideribus
656 1409 806 1437 contraria.
821 1409 888 1442 Quis
904 1413 996 1436 autem
1009 1416 1040 1436 ea
1053 1409 1185 1436 miscuit?

307 1443 377 1479 Nam
390 1444 436 1479 qui
453 1444 600 1479 colligavit.
614 1444 701 1472 solvet
716 1452 778 1472 cum
793 1445 920 1471 voluerit.

307 1478 386 1515 Quod
398 1478 422 1507 si
438 1478 674 1515 Deus,’quomodo
690 1480 819 1515 primum,
831 1481 904 1514 quod
921 1478 993 1506 Dens
1009 1479 1138 1513 agitavit?

307 1513 342 1549 50
361 1513 418 1542 Nisi
436 1514 504 1542 forte
517 1513 647 1549 ct’ipsum
662 1513 746 1542 Deum
760 1515 815 1542 tuis
829 1513 965 1542 sideribus
982 1515 1124 1549 Suhjicias.

309 1548 338 1576 Si
354 1557 433 1576 nemo
451 1548 620 1582 dominatur,
636 1550 774 1585 quomodo
790 1550 874 1577 stabit
886 1549 1100 1585 Vmundus?Non
1117 1549 1189 1576 enim
1203 1548 1290 1577 video.

307 1585 347 1619 Ac
365 1585 403 1611 illi
417 1585 528 1619 quidem
546 1585 588 1612 his
604 1585 860 1613 ratiocinationibus
880 1584 966 1612 Deum
981 1585 1133 1612 excludunt
1149 1594 1157 1612 :

308 1618 356 1646 Vel
371 1618 443 1646 enim
460 1620 532 1648 Deus
547 1621 713 1652 moderatur,
729 1621 771 1647 Vel
787 1621 889 1648 sidera.

347 1654 403 1715 Ego
417 1662 482 1682 vero
497 1655 522 1682 id
538 1657 595 1683 scio
611 1665 617 1682 ε
634 1655 705 1683 Deus
720 1655 777 1682 haec
792 1656 885 1682 omnia
903 1655 1047 1691 gubernat.

362 1689 372 1715 Ι
387 1697 469 1715 egens
484 1690 528 1715 hic
543 1694 572 1715 et
588 1691 644 1715 illic
660 1690 707 1715 Dei
724 1690 854 1715 Verbum.
872 1698 1044 1715 numennane

306 1689 343 1726 Ξξὸ
362 1689 469 1724 [legens
484 1690 528 1717 hic
543 1694 572 1717 et
588 1691 644 1718 illic
660 1690 707 1717 Dei
724 1690 854 1723 Verbum.
872 1689 1044 1726 qua-cunque
1059 1697 1153 1725 supra,

307 1724 483 1760 Quacumque
495 1725 568 1753 infra
583 1725 742 1753 collocanda
754 1724 899 1761 judicavit,
914 1724 1069 1754 rationibus
1081 1724 1145 1760 {his
1160 1725 1272 1760 quidem
1285 1724 1361 1752 dedit

94 1801 130 1829 26
151 1801 209 1836 Τῆς
226 1802 352 1836 κρατέει.
375 1801 415 1829 Ita
428 1802 514 1831 Coisl.
535 1810 598 1831 cum
622 1803 684 1831 aliis
702 1803 803 1836 tribus,
827 1808 854 1831 et

59 1835 148 1872 Regio
159 1837 221 1864 992.
238 1835 288 1864 Ed.
304 1837 356 1869 τίς.

94 1873 131 1900 29
148 1873 211 1905 Πῶς
230 1872 357 1906 πρῶτον,
380 1872 397 1898 ὅ
417 1881 468 1907 μοι
495 1873 567 1905 Θεὸς
590 1872 774 1905 ἐξετίναξεν.
791 1873 855 1900 Haec

59 1907 204 1935 evidenter
221 1916 284 1935 vera
298 1908 388 1938 lectio,
402 1916 464 1942 qua:
481 1909 614 1935 astruitur
629 1916 663 1936 ex
674 1909 855 1936 similitudine

59 1951 160 1970 versus
180 1943 213 1978 η
230 1943 359 1970 carminis
374 1943 526 1977 sequentis,
545 1944 593 1970 ubi
607 1944 733 1978 leguntur
747 1944 853 1974 eadem.

60 1977 159 2014 iisdem
181 1977 265 2014 ferme
278 1978 369 2014 verbis
385 1987 391 2005 :
411 1979 441 2004 Ei
457 1978 508 2013 μὲν
525 1979 605 2010 Θεοῦ,
629 1977 687 2010 ¹ἱεῶς
704 1978 823 2014 πρῶτον,
839 1979 854 2005 ὃ

59 2012 173 2049 στρέφει
188 2013 264 2045 Θεός,
277 2014 300 2040 εἰ
319 2022 335 2040 a
347 2013 401 2040 Deo
416 2012 560 2046 mouentur,
581 2014 711 2048 quomodo
727 2012 854 2049 primum,

905 1803 974 1839 quod
996 1807 1085 1839 versat
1114 1803 1204 1830 Deus?
1228 1802 1412 1839 Benedictini_
1428 1802 1498 1830 male
1513 1807 1696 1839 correxerunt

906 1837 968 1866 cum
997 1838 1094 1870 Billio,
1122 1838 1301 1873 supponenth
1324 1837 1486 1873 ἐκτινάσσει,
1512 1838 1539 1864 in
1564 1846 1619 1873 quo
1640 1839 1695 1866 duo

906 1878 971 1901 sunt
981 1881 1099 1904 errores,
1114 1873 1182 1900 alter
1194 1873 1303 1908 quidem
1317 1880 1426 1905 sensus,
1439 1872 1509 1908 alter
1522 1872 1588 1901 vero
1603 1874 1694 1906 metri.

907 1914 937 1936 ut
950 1912 1022 1943 patet
1034 1917 1041 1940 ;
1059 1908 1131 1935 unde
1147 1907 1285 1935 verterant
1299 1916 1305 1934 :
1319 1907 1396 1943 Quod
1410 1908 1433 1935 si
1444 1907 1525 1940 Deut,
1544 1916 1590 1935 cur
1602 1915 1634 1936 an
1647 1917 1695 1936 ea:-

906 1942 1028 1970 cutiendo
1044 1943 1128 1970 Deum
1143 1943 1250 1970 initium
1266 1943 1370 1978 fecisti?
1385 1942 1537 2006 gCAlLLAU.)

943 1980 977 2006 50
996 1979 1142 2006 "Aetnam
1157 1978 1268 2005 σοῖσιν.
1286 1977 1351 2006 Reiz.
1367 1978 1383 2005 9
1402 1977 1419 2004 2
1433 1974 1511 2004 οἷσιν.

943 1980 977 2006 50
996 1979 1142 2012 ’Ἃστρασι
1157 1974 1271 2013 σοῖσιν.
1286 1977 1351 2013 Reg.
1367 1974 1419 2006 992
1433 1974 1511 2004 οἷσιν.

943 2014 977 2041 56
991 2011 1137 2048 Nomium.
1160 2013 1211 2041 lnt.
1235 2011 1450 2048 Οτωοξσήμασι,
1466 2011 1539 2048 quod
1554 2012 1592 2040 ita
1611 2019 1696 2048 expo-

714 2091 881 2121 METRICA
895 2091 1042 2121 VERSIO.

61 2172 197 2206 Quisnam
218 2171 301 2204 aedes,
319 2172 439 2200 celerem
459 2176 507 2199 aut
522 2180 646 2205 currum,
660 2172 824 2208 clypeumve
875 2178 895 2205 Β
911 2172 943 2199 Et
958 2175 1051 2199 tamen
1067 2172 1141 2199 haud
1159 2172 1234 2199 varia
1253 2172 1394 2207 perierunt
1406 2176 1506 2205 morte,
1523 2173 1566 2200 vel
1581 2173 1661 2202 undis

686 2211 818 2239 ratemve,

63 2243 119 2278 Ant
134 2249 255 2278 unquam
272 2241 376 2278 galeam
387 2242 467 2278 vidit,
482 2250 543 2278 quae
556 2207 778 2269 οοιιύἱῐίιῃὲξίῗῗέι

64 2277 124 2313 Non
143 2277 215 2304 foret
230 2277 367 2313 artiﬁcis?
381 2277 453 2309 Quin
470 2285 519 2304 nec
536 2286 583 2313 per
595 2278 696 2305 saeeula
711 2281 787 2304 tanta

63 2312 221 2343 Mansisset,
240 2311 375 2346 siquidem
393 2311 671 2348 regeretur—principe
688 2313 772 2339 nullo.

62 2348 172 2383 Quippe
185 2355 233 2374 nec
245 2347 304 2382 ipse
315 2348 426 2377 chorus.
441 2348 590 2383 choragum
603 2349 625 2375 si
637 2347 790 2382 dempseris
801 2347 849 2380 illi,

62 2383 221 2416 Quamlibet
233 2383 332 2417 exiguo
343 2383 496 2410 consistere
512 2386 634 2417 tempore
649 2383 747 2417 possit.

62 2418 121 2446 Nec
141 2425 206 2444 vero
225 2421 255 2443 ut
273 2417 365 2444 mundi
382 2418 528 2452 quisquam
542 2418 700 2445 moderetur
713 2417 834 2445 habenas

62 2453 211 2484 Convenit,
231 2453 283 2479 hoc
297 2460 351 2479 uno
367 2458 492 2487 excepto,
513 2453 559 2488 qui
570 2453 700 2488 condidit
714 2452 790 2479 illum

62 2489 99 2515 At
114 2492 145 2515 tu
162 2488 208 2522 qui
227 2491 328 2514 nostra:
345 2487 451 2514 clavum
469 2492 496 2514 et
516 2487 702 2515 moderamina
718 2488 780 2514 vitae

63 2523 211 2551 Sideribus
226 2523 335 2554 tribuis,
348 2523 448 2558 coelum
459 2531 569 2558 quoque
585 2531 682 2551 rursus
692 2526 802 2558 oportet

61 2559 184 2586 lnducas
199 2557 283 2589 aliud,
300 2557 373 2593 quod
394 2557 484 2584 sidera
500 2561 632 2593 temperet
651 2557 716 2589 ista,

62 2595 156 2628 Atque
175 2593 248 2619 aliud
264 2600 372 2625 rursus,
388 2593 461 2628 quod
476 2598 502 2620 et
517 2593 568 2620 hoc
583 2597 659 2628 regat
673 2598 762 2663 διᾳυῶ
770 2600 819 2627 gu-

764 2635 819 2654 erm

764 2633 840 2654 eruet
847 2648 853 2654 .

64 2661 168 2698 [legem
182 2670 266 2689 unum
282 2663 417 2694 invenias.
433 2662 480 2698 qui
494 2669 548 2689 non
563 2662 599 2698 sit
613 2661 722 2696 dispare
735 2661 818 2690 natus

65 2697 165 2724 Sidere
180 2704 242 2724 cum
259 2698 352 2724 multis
367 2697 570 2732 aliis.’quorum
584 2697 725 2732 improbus
740 2697 784 2723 ille.
799 2702 851 2731 est,

65 2732 118 2759 llic
132 2733 234 2762 bonus.
246 2733 292 2760 ille
305 2733 393 2759 forum
406 2734 540 2767 sequitur,
559 2735 697 2759 mercatur
709 2736 736 2758 at
749 2733 811 2765 istc,

64 2768 121 2794 Aut
141 2768 244 2794 victum
261 2768 373 2802 supplex
391 2768 499 2794 diversa
514 2774 564 2801 per
576 2767 649 2793 ostia
665 2767 761 2801 qnzerit
776 2776 782 2793 :

64 2802 117 2828 llic
132 2806 223 2830 autem
241 2802 347 2837 imperii
366 2802 442 2829 sedet
459 2803 513 2829 alta
528 2802 592 2829 sede
609 2802 754 2836 superbus.

65 2837 175 2865 Contra
189 2838 258 2864 alios
272 2838 374 2869 videas,
389 2838 483 2871 dispar
499 2837 600 2871 quibus
618 2837 723 2864 exstitit
738 2842 815 2864 ortus
829 2846 835 2864 :

230 2887 367 2918 Ρλτσοι..
384 2886 443 2917 Gn.
461 2885 611 2916 XXXVII

909 2207 1023 2242 Abrepti
1044 2208 1138 2238 simul,
1158 2211 1205 2234 aut
1220 2208 1306 2242 rapidi
1322 2208 1480 2235 certaminis
1499 2212 1577 2236 testu.

905 2243 994 2278 Atque
1012 2243 1060 2274 ita,
1078 2250 1148 2277 quos
1163 2242 1239 2270 sidus
1256 2243 1343 2278 primo
1359 2244 1478 2271 sociarat
1490 2243 1518 2270 in
1531 2248 1605 2276 ortu.

905 2277 965 2313 μου
981 2277 1066 2313 fatum
1082 2278 1197 2304 sociavit
1213 2277 1295 2309 idem.
1309 2285 1461 2313 rursusque
1475 2278 1581 2313 iugavit

905 2312 1012 2348 Pallida
1026 2320 1113 2344 mors,
1129 2321 1199 2347 quos
1219 2321 1272 2340 non
1291 2314 1367 2341 sidus
1384 2312 1475 2340 natale
1488 2312 1605 2348 jugarat.

906 2347 984 2382 Quod
1002 2347 1025 2375 si
1043 2355 1180 2382 quemque
1197 2352 1290 2376 tenent
1306 2349 1432 2376 Strictum
1453 2347 1545 2375 fatalia
1560 2349 1659 2380 vincla,

905 2381 1078 2418 Figmentuin
1090 2381 1228 2410 est’istud.
1242 2383 1289 2410 Sin
1303 2383 1440 2418 quoddam
1452 2383 1480 2410 in
1493 2387 1590 2411 caetera
1603 2383 1680 2411 sidus

906 2417 1054 2454 l_rnperiuru
1071 2425 1216 2454 commune
1232 2417 1319 2450 tenet,
1331 2422 1493 2453 sceptroque
1510 2419 1624 2454 potitur,

906 2451 978 2488 Ergo
995 2452 1133 2480 sideribus
1150 2454 1289 2480 contraria
1310 2451 1400 2481 sidera
1416 2451 1505 2488 ponis.

905 2487 953 2523 illa
972 2487 1056 2523 igitur
1069 2488 1196 2522 quisnam
1211 2489 1319 2522 junxit?
1332 2488 1400 2515 Nam
1417 2487 1465 2522 qui
1481 2489 1527 2515 illa
1543 2488 1645 2523 ligarit.

905 2521 957 2549 Hic
972 2521 1083 2557 quoque
1100 2523 1247 2550 confestim
1265 2524 1364 2554 solvet.
1382 2523 1404 2550 si
1424 2521 1492 2550 forte
1506 2521 1615 2550 libebit.

907 2557 936 2593 Si
953 2556 1024 2585 Deus
1038 2556 1092 2587 est,
1110 2565 1230 2592 quonam
1251 2562 1330 2593 pacto
1346 2558 1464 2593 primum
1480 2558 1582 2585 asseris
1597 2558 1676 2591 illud.

905 2592 966 2625 Quo
982 2593 1062 2620 nobis
1075 2593 1147 2620 Deus
1159 2594 1311 2620 excutitur.
1323 2592 1381 2620 Nisi
1394 2597 1423 2619 tu
1436 2600 1546 2628 quoque
1557 2600 1658 2621 numen

907 2628 1027 2655 Motibus
1049 2627 1222 2662 imperioque
1240 2634 1377 2656 astrorum
1393 2627 1512 2656 subdere
1526 2635 1635 2663 pergas.

907 2663 956 2690 Sin
972 2666 1045 2689 tenet
1064 2662 1208 2697 imperium
1224 2670 1315 2694 nemo,
1334 2664 1487 2690 consistere
1500 2662 1620 2691 mundus

905 2698 966 2731 Quo
982 2697 1092 2734 tandem
1108 2702 1189 2732 pacto
1205 2702 1298 2734 queat,
1315 2698 1517 2734 incolumisque
1534 2697 1668 2724 manere?

905 2734 995 2767 Atque
1009 2733 1092 2760 Deum
1112 2734 1163 2760 hoc
1179 2732 1221 2760 illi
1235 2741 1361 2760 sermone
1375 2732 1521 2761 extrudere
1537 2736 1656 2764 tentant,

907 2768 972 2802 (Aut
988 2768 1089 2795 etenim
1106 2772 1199 2795 rector
1213 2768 1285 2796 Deus
1298 2772 1351 2800 est,
1367 2772 1415 2795 aut
1434 2768 1523 2794 sidera
1540 2767 1664 2802 mundi).

942 2803 1044 2837 Accipe
1058 2803 1112 2836 jam
1128 2811 1189 2837 qum
1204 2804 1240 2831 sit
1254 2804 1388 2831 sententia
1403 2807 1507 2832 nostra.
1526 2803 1657 2837 ﬁdesque.

906 2837 1004 2866 Omnia
1023 2837 1120 2866 Sermo
1135 2837 1182 2866 Dei
1198 2840 1268 2875 regit
1286 2840 1350 2872 ista,
1368 2838 1432 2866 hinc
1450 2837 1513 2865 inde
1527 2838 1684 2872 gubernans

1527 2886 1563 2915 1ι⁷ιι
