1937 3055
201 137 255 165 467
539 139 570 168 S.
590 139 755 169 GREGORII
774 142 898 172 THEOL.
919 143 1102 172 CABMINUM
1121 143 1223 172 LIBER
1243 144 1264 172 Ι.
1279 143 1510 172 THEOLOGICA.
1775 146 1830 176 468

200 195 236 224 20
254 195 310 223 Καὶ
326 196 377 232 τὴν
396 197 543 233 φθαρεῖσαν
560 199 652 226 εἰκόνα
668 201 748 237 κτίσῃ
765 203 855 237 πάλιν,

208 242 339 276 Ἐγγίνεθ’
352 244 428 278 ἡμῖν.
451 244 494 270 Ἐν
510 244 564 281 γὰρ
579 246 648 282 ἁγνῇ
664 247 791 284 παρθένῳ

200 287 353 315 κυΐσκεται
365 297 394 315 τε
409 289 457 315 καὶ
470 291 634 326 προέρχεται
647 292 723 325 Θεός.

201 333 282 366 Ὀλος
297 335 365 367 Θεός
378 345 408 362 τε
422 338 469 363 καὶ
487 337 592 373 βροτὸς,
609 338 702 370 σώζων
717 341 744 375 μ’
761 340 831 373 ὅλον⁷

201 379 266 412 Υἱὸς
280 381 424 416 νοούμενός
439 391 469 408 τε
483 383 530 409 καὶ
543 383 692 420 ὁρώμενος.

200 426 237 454 25
261 427 503 464 Ἀνθρωπολάτρης
519 429 577 464 εἰμί
595 438 647 461 σοι,
665 430 752 457 σέϐων
766 431 825 458 ὅλον

201 473 254 499 Τὸν
269 473 430 500 συντεθέντα
443 474 580 509 μυστικῶς
595 476 657 510 ἐμοὶ
671 476 758 510 Λόγον

201 520 288 547 Αὑτὸν
308 521 374 547 Θεόν
387 530 416 548 τε
433 522 480 548 καὶ
494 522 588 558 βροτὸν
602 523 674 558 σωτή
680 531 744 558 ριον.

202 567 240 595 Σὺ
260 567 457 604 σαρκολάτρης,
478 569 595 603 εἰσάγων
614 569 695 597 ἄνουν
710 570 772 605 ἐμὲ,

205 613 255 640 Ἂν
271 622 318 640 σου
331 614 361 640 τὺ
375 614 479 650 κομψὸν
491 614 625 647 πειθανῶς
636 615 817 651 ἁντιστρέφω.

203 659 239 686 50
260 659 295 686 Ἦ
306 659 384 686 τοῦτο
396 660 480 694 δέξαι,
499 661 614 695 φίλτατ’,
629 661 645 696 ἤ
659 662 743 697 κάμοὶ
756 662 851 698 πάρες,

204 703 291 741 Εῐπερ
305 705 409 738 δίκαιος
420 707 466 733 τοῦ
482 706 559 741 λόγου
577 707 668 742 μένεις
682 707 810 743 βραϐεὺς,

203 749 239 778 Et
256 759 298 777 σοι
316 751 346 778 τὺ
359 752 449 788 χεῖρόν
463 754 535 779 ἐστιν
548 753 580 779 ἐκ
592 753 659 780 Θεοῦ
675 753 740 785 Θεὸς

205 794 318 831 (Χείρον
331 796 385 832 γὰρ
397 798 413 832 ἡ
427 797 494 833 σὰρξ
507 796 552 825 τοῦ
568 799 627 826 κατ’
641 799 734 826 εἰκόνα
746 798 836 832 πολὺ),

204 841 297 877 Κάμοὶ
312 842 342 869 τὸ
355 844 490 879 κρεῖσσον*
505 844 567 876 νοῦς
581 844 635 880 γὰρ
651 844 743 879 ἔγγιον
759 844 839 872 Θεοῦ.

1005 209 1029 238 Α
1042 204 1076 232 55
1096 204 1169 240 Πλὴν
1181 204 1222 231 σοι
1238 212 1270 238 γε
1283 203 1445 230 κινδυνεύεθ’
1456 203 1558 238 ἥμισυς
1571 202 1678 238 βροτόςο

1045 250 1078 276 Ὃ
1093 250 1130 285 μὴ
1145 249 1343 285 προσείληπται
1358 249 1424 284 γὰρ,
1437 248 1497 274 οὐδὲ
1515 247 1640 280 σώζεται.

1042 295 1075 321 Τί
1091 295 1154 331 φὴς,
1170 295 1300 330 ἀμύντωρ
1311 294 1359 321 τοῦ
1374 294 1461 328 Λόγου
1476 293 1625 327 σοφώτατε,

1048 343 1077 369 '0
1091 343 1147 373 τοῖς
1159 341 1288 376 τέμνουσι
1301 339 1349 375 τὴν
1363 339 1477 374 θεότητα
1487 338 1644 373 δυσφορῶνς

1042 388 1080 414 Οὐ
1093 388 1146 414 καὶ
1162 387 1195 413 σὺ
1211 386 1322 421 τέμνεις
1334 385 1380 412 τοῦ
1393 385 1461 411 Θεοῦ
1474 385 1505 411 τὺ
1520 384 1654 416 σύνθετον,

1042 433 1077 460 40
1095 432 1131 459 Τὸ
1147 432 1196 468 μὲν
1209 431 1296 463 διδούς
1307 439 1334 457 τι
1346 430 1401 457 τῶν
1416 429 1502 465 ἐμῶν,
1518 429 1549 456 τὸ
1562 428 1585 455 δ’
1597 428 1700 461 οὺκέτι,

1043 479 1098 515 Τὴν
1114 479 1201 515 σάρκα
1219 477 1329 514 κιρνῶν,
1345 477 1391 503 τὸν
1406 476 1435 503 δὲ
1447 476 1510 503 νοῦν
1523 475 1654 508 ἀποξέων,

1045 525 1151 560 Ὠσπερ
1168 522 1295 555 δεδοικὼς
1312 522 1401 553 τοῦτο,
1420 521 1457 557 μὴ
1471 521 1569 556 συνθῇς
1582 521 1656 553 ὃλος;

1080 569 1143 602 Πῶς
1159 567 1206 596 οὖν
1220 569 1275 595 δύω
1290 568 1381 595 τέλεια
1396 567 1514 603 χωρήσει
1527 567 1558 594 τὸ
1573 567 1603 593 ἓν

1044 615 1081 642 Ἢ
1094 615 1142 641 καὶ
1158 614 1276 650 ῥαγῆναι
1290 613 1340 649 τὴν
1354 612 1435 648 δορὰν
1445 612 1620 648 δεδοίκαμεν;

1044 661 1080 688 45
1097 658 1134 686 Ὦ
1147 660 1196 695 τῆς
1213 659 1321 691 ἀνοίαςῑ
1340 658 1402 685 νοῦν
1417 658 1446 685 δὲ
1461 658 1506 684 καὶ
1520 658 1597 692 λόγον
1614 657 1662 693 μία

1044 707 1124 742 Ψυχὴ
1140 706 1272 733 δέδεκταιο
1286 705 1337 732 ¹θεοῦ
1352 705 1374 732 δ’
1387 704 1455 736 ὅλως
1471 713 1512 730 σοι
1525 704 1572 731 καὶ
1587 704 1658 740 μέγα

1044 752 1127 784 Νοῦς,
1141 752 1188 778 τοῦ
1205 751 1273 778 Θεοῦ
1291 751 1442 786 παρόντος;
1458 750 1488 776 Ei
1502 749 1524 776 δ’
1540 751 1556 786 ἡ
1574 749 1642 786 σὰρξ
1653 749 1732 782 ἄνους

1051 799 1253 834 Ἐξηπάτημαι.
1273 797 1357 832 Δέρμ²
1371 796 1447 832 ἐμόν’
1457 795 1529 832 ψυχὴ
1541 796 1628 829 rivos;

1046 844 1094 876 Τις
1110 845 1126 879 ἡ
1143 843 1211 870 Θεοῦ
1225 842 1350 879 γέννησις
1367 843 1399 869 ὲκ
1416 841 1465 878 τῆς
1483 841 1632 878 Παρθένους

456 945 492 982 ξς)
511 945 544 982 Et
556 946 731 982 depravatam
750 947 894 982 imaginem
907 948 1006 975 iterum
1022 951 1138 980 crearet,

456 979 687 1018 lﬂascitur'nobis.
706 983 735 1009 In
749 979 826 1009 casta
839 984 912 1018 enim
927 983 1033 1018 virgine

457 1016 618 1053 goncipitur
630 1021 657 1044 et
676 1018 851 1053 progreditur
865 1017 949 1050 Deus,

458 1050 552 1088 Ictus
565 1051 638 1080 Deus
657 1050 684 1080 ei
703 1050 795 1085 homo,
814 1061 857 1080 me
869 1060 982 1080 servans
994 1052 1142 1088 integrum.

456 1085 545 1122 Filius
560 1091 651 1114 mente
665 1093 821 1122 perceptus,
839 1091 866 1114 et
887 1089 976 1115 oculis
987 1085 1073 1115 visus.

456 1120 493 1148 25
512 1120 636 1149 Hominis
653 1120 802 1150 c’ultor'tibi
818 1122 924 1155 videor,
940 1123 1034 1150 colens
1048 1126 1136 1150 totum

458 1155 633 1218 ᾖξε-257
653 1158 876 1193 Coagmeutatum
894 1158 1006 1194 mystice
1024 1157 1088 1185 mihi
1106 1156 1237 1190 Verbum,

473 1199 549 1218 nsum
565 1191 648 1218 Deum
663 1197 690 1218 et
704 1193 839 1218 hominem
858 1193 954 1218 salutis
973 1197 1124 1218 auctorem.

488 1191 549 1218 sum
565 1191 648 1219 Deum
663 1197 690 1220 et
704 1191 839 1220 hominem
858 1191 954 1220 salutis
973 1197 1124 1220 auctorem.

484 1234 500 1263 μ
516 1234 579 1254 vero
595 1228 686 1255 carnis
702 1229 792 1255 cultor
807 1235 846 1260 es,
862 1228 908 1262 qui
924 1228 1032 1255 inducis
1049 1236 1091 1255 me
1106 1228 1207 1255 mentis
1219 1231 1370 1263 expertem,

460 1260 488 1297 Si
506 1267 566 1289 tuas
579 1263 694 1290 solerter
710 1263 738 1289 in
753 1267 778 1290 te
794 1260 907 1290 facetias
922 1268 1078 1297 retorqueo.

459 1296 496 1333 ξο
513 1298 570 1333 Aut
581 1297 633 1325 hoc
647 1298 748 1332 accipe,
763 1306 779 1324 o
793 1298 874 1329 bone.
889 1301 936 1324 aut
955 1296 1021 1325 milii
1038 1305 1146 1333 quoque
1160 1297 1299 1333 permitte,

460 1330 491 1367 §i
507 1332 616 1366 quidem
632 1330 727 1367 aequus
741 1341 772 1360 es
788 1333 924 1361 sermonis
938 1330 1052 1366 arbiter,

460 1365 490 1402 Si
504 1365 554 1394 tibi
571 1367 648 1402 pejus
665 1365 710 1395 est
724 1375 757 1395 ex
773 1368 827 1395 Deo
842 1367 914 1396 Deus

459 1401 553 1463 gejus
567 1400 639 1430 enim
657 1403 742 1430 multo
757 1407 800 1431 est
815 1411 889 1436 caro,
905 1410 986 1438 quam
1002 1402 1029 1430 id
1049 1402 1124 1438 quod
1143 1402 1290 1437 imaginem
1304 1400 1412 1436 refert),

483 1441 493 1463 t
507 1437 573 1463 mihi
587 1438 694 1463 melius.
711 1438 786 1463 Mens
799 1438 869 1463 enim
887 1438 1000 1463 nronius
1015 1437 1047 1463 ad
1064 1437 1149 1463 Deum
1166 1437 1283 1463 accedit.

483 1441 493 1473 t
507 1437 573 1473 mihi
587 1438 694 1465 melius.
711 1438 786 1465 Mens
799 1438 869 1465 enim
887 1437 1000 1473 propius
1015 1437 1047 1473 ad
1060 1437 1149 1464 Deum
1166 1437 1283 1465 accedit.

459 1471 494 1509 ξε
515 1471 706 1509 Verumtamen
721 1473 768 1500 tibi
780 1471 948 1509 periclitatur
963 1472 1094 1501 dimidius
1107 1473 1204 1509 homo;

460 1507 538 1543 Quod
558 1507 630 1534 enim
647 1516 700 1535 non
716 1512 758 1535 est
774 1507 955 1543 assumptum,
970 1516 1058 1543 neque
1071 1508 1235 1536 servabitur.

460 1542 531 1578 Quid
546 1543 597 1573 ais.
613 1543 712 1570 vindex
733 1543 814 1571 Verbi
833 1542 1043 1578 sapientissime,

460 1577 513 1614 Qui
529 1582 653 1605 secantes
663 1578 839 1614 divinitatem
853 1577 925 1614 aegre
944 1578 1018 1606 fers?

459 1611 556 1648 nonne
570 1616 598 1648 et
612 1617 639 1639 tu
655 1614 713 1648 ipse
732 1621 809 1641 secas
827 1611 1079 1648 Dei'compositum,

460 1647 495 1684 to
515 1647 732 1684 Dandorquillem
749 1657 781 1676 ex
796 1649 863 1676 meis
877 1647 1028 1684 quidpiam,
1041 1648 1115 1676 aliud
1130 1652 1221 1676 autem
1238 1648 1396 1684 eripiendo,

461 1682 578 1719 Carnem
590 1682 700 1710 Christo
711 1682 899 1719 compingens,
913 1682 1089 1717 animamque
1106 1684 1159 1718 ipsi
1174 1682 1316 1718 adimens;

463 1717 599 1753 Aciveluti
615 1718 725 1746 timeres
739 1717 781 1746 ne'
795 1717 870 1746 totus
885 1719 913 1746 in
927 1717 1154 1753 compositionem
1168 1719 1295 1747 venires?

497 1752 638 1789 Quomodo
653 1753 735 1788 igitur
751 1754 815 1781 bina
829 1754 947 1788 perfecta
961 1752 1044 1781 unum
1059 1754 1168 1789 capiet?

464 1785 592 1823 Nunquid
608 1796 641 1815 ne
656 1785 797 1823 r‘umpatur
814 1785 896 1820 cutis,
909 1789 1057 1816 veremur?

462 1822 498 1849 45
516 1822 539 1849 Ο
554 1823 683 1850 stultitia!
701 1822 817 1851 mentem
833 1829 860 1851 et
875 1824 1008 1851 rationem
1024 1831 1079 1850 una

461 1857 685 1894 ﬁecepiganima.
700 1858 751 1886 Ubi
765 1863 856 1886 autem
869 1860 982 1886 omnino
998 1859 1046 1886 tibi
1062 1862 1090 1885 et
1102 1866 1200 1894 magna
1215 1867 1260 1888 res
1276 1863 1320 1888 est

463 1891 549 1929 gens,
565 1892 620 1920 Deo
634 1894 786 1927 praesente?
797 1893 825 1921 Si
842 1898 932 1921 autem
947 1901 1011 1921 caro
1025 1894 1129 1929 absque
1145 1891 1247 1928 mente,
1367 1897 1372 1901 '

463 1927 520 1964 Ego
535 1928 664 1963 deceptus
680 1937 741 1956 sum
758 1937 764 1955 :
785 1936 844 1957 mea
861 1929 932 1964 cutis
943 1937 950 1960 ;
963 1929 1044 1964 cujus
1056 1927 1148 1956 anima
1160 1929 1220 1957 est?

463 1961 593 1995 Qinenam
603 1961 656 1991 Dei
667 1965 795 1993 nativitas
813 1972 847 1992 ex
862 1963 996 2000 Virgine?

245 2055 278 2083 91
303 2056 452 2091 Ἐγτίνεθ“.
469 2057 509 2084 ita
527 2057 588 2084 cod.
607 2057 695 2085 Vatic.
711 2056 784 2084 Edit.
800 2057 846 2084 καὶ
858 2057 954 2091 γίνεθ’.

246 2091 282 2132 ἕξ
296 2091 558 2132 ᾜμισυςηβροξός,
579 2092 691 2132 dimidia
704 2100 766 2132 pars
775 2093 905 2132 _h¢_mn'nis.

1086 2058 1122 2086 £0
1144 2059 1206 2086 Τῶν
1215 2058 1304 2093 ἐμῶν.
1320 2057 1358 2085 ita
1373 2059 1435 2094 cod.
1445 2057 1534 2094 Vqtic.
1548 2057 1618 2086 Edit.
1631 2059 1685 2090 τοῖς
1698 2058 1784 2094 ἐμοῖς.

1086 2094 1118 2121 41
1142 2094 1201 2128 Τὴν
1217 2092 1316 2128 σάρκα
1330 2093 1449 2127 κιρνῶν.
1477 2092 1506 2121 Id
1520 2098 1572 2127 est,
1587 2102 1692 2121 caruerit
1705 2092 1720 2121 ἀ
1731 2094 1839 2122 Christo

247 2125 282 2152 58
298 2125 471 2162 Δὺσφορῶνί.
491 2127 544 2160 Qui
561 2125 709 2157 secantibus
725 2128 891 2155 divinitatem
912 2128 999 2163 infen-
1052 2125 1218 2164 assumptum
1232 2125 1384 2156 concedens.
1402 2134 1513 2156 utentem
1525 2125 1643 2157 abradis.

212 2169 259 2189 ειη
278 2168 316 2189 ει.

863 2257 1031 2288 METBICA
1041 2256 1192 2287 VERSIO.

212 2351 387 2386 Lapsamque
404 2351 551 2386 imaginem
570 2352 705 2379 excitaret
722 2352 825 2386 denuo,

212 2387 254 2414 En
275 2388 399 2414 nascitur
412 2387 501 2414 nobis.
518 2386 620 2414 Pudica
636 2388 663 2414 in
680 2388 784 2415 vimine

212 2422 377 2456 Concipitur
393 2426 420 2449 et
435 2422 558 2457 procedit
575 2425 712 2457 angustus
727 2422 809 2454 Deus,

213 2457 307 2494 Totus
316 2458 442 2492 Deusque
456 2458 602 2494 homoque,
615 2465 729 2484 servans
743 2465 787 2494 me
798 2459 948 2494 integrum,

214 2492 267 2525 Qui
283 2492 356 2521 [ilius
370 2493 520 2528 percipitur
537 2493 639 2523 animo,
653 2497 680 2519 et
691 2493 826 2520 cernitur.

215 2528 313 2555 Cultor
329 2528 448 2555 hominis
460 2528 554 2554 videor
566 2528 624 2558 tibi,
640 2531 729 2554 totum
749 2528 845 2555 colens

215 2562 349 2594 Verbum.
363 2566 393 2590 ut
412 2563 477 2590 mihi
492 2570 592 2590 arcane
610 2567 820 2597 coagmentetur
839 2563 894 2594 hic,

216 2598 321 2625 Salutis
334 2602 472 2625 auctorem
485 2598 634 2631 hominem,
648 2603 675 2625 et
689 2598 828 2626 excelsum
843 2598 938 2626 Deum.

214 2633 273 2668 lmo
287 2634 344 2668 ipse
359 2633 449 2661 cultor
459 2633 551 2660 carnis
567 2640 608 2664 es,
621 2633 668 2668 qui
682 2641 725 2660 me
745 2633 814 2661 facis

216 2667 315 2696 Mentis
333 2669 452 2703 inopem,
466 2668 489 2695 si
503 2667 645 2695 commode
660 2668 774 2695 facetias

216 2703 300 2730 Verto
313 2709 374 2732 tuas
382 2702 397 2730 Ξ
414 2708 460 2730 aut
475 2703 526 2729 hoc
539 2710 617 2738 cape,
635 2707 684 2730 aut
701 2703 767 2730 mihi
782 2702 852 2738 sine,

217 2737 248 2766 Si
260 2739 352 2773 justus
368 2747 397 2766 es
413 2739 547 2766 sermonis
566 2737 690 2773 assertor
705 2738 788 2765 sacri.

216 2773 252 2809 Si
262 2772 340 2809 pejus
352 2773 459 2801 exsistit
477 2773 536 2809 tibi,
547 2781 588 2809 ex?
597 2772 652 2800 Deo
668 2774 775 2808 genitus
792 2772 862 2809 Deus

217 2808 352 2872 a‘iamque
363 2816 428 2836 caro
443 2808 520 2843 pejus
535 2808 621 2835 multo
634 2816 716 2843 quam
731 2808 804 2843 quod
819 2808 965 2844 imaginem

243 2843 333 2872 efert).
346 2844 412 2871 mihi
423 2847 449 2871 at
462 2843 536 2872 quod
549 2843 647 2871 melius
667 2851 673 2870 :
687 2847 728 2872 est
742 2843 816 2872 enim
831 2842 886 2871 Deo

243 2842 333 2880 efert),
346 2844 412 2871 mihi
423 2842 451 2871 at
462 2843 536 2878 quod
549 2843 647 2871 melius
667 2851 673 2870 :
687 2847 728 2872 est
740 2842 816 2872 enim
831 2842 886 2871 Ded

1019 2356 1042 2384 Β
1055 2351 1261 2393 yens'propius
1276 2359 1284 2377 :
1296 2351 1372 2386 alqui
1389 2351 1439 2393 tibi
1453 2351 1653 2393 periclitabitur

1055 2386 1192 2414 Dimidius
1207 2387 1298 2418 homo.
1316 2386 1428 2422 quando
1448 2395 1499 2414 nec
1509 2387 1536 2414 id
1551 2387 1705 2415 servabitur

1053 2422 1131 2455 Quod
1148 2422 1259 2449 minime
1270 2422 1322 2449 erit
1336 2427 1474 2456 sumptum
1493 2431 1500 2450 :
1519 2422 1583 2457 quid
1596 2423 1648 2455 ais,
1667 2421 1800 2450 acerrime

1053 2457 1136 2484 Verbi
1152 2462 1276 2491 patrone,
1290 2458 1336 2484 cui
1350 2464 1447 2492 graves
1467 2462 1532 2484 sunt
1543 2457 1590 2492 qui
1605 2461 1701 2485 secant

1053 2492 1206 2524 Deitatem;
1224 2493 1320 2528 etipse
1335 2491 1389 2528 non
1405 2500 1483 2528 secas
1498 2491 1572 2528 quod
1589 2493 1615 2519 in
1632 2492 1687 2519 Deo
1701 2496 1743 2520 est

1052 2527 1264 2561 Compositum?
1278 2532 1307 2554 ut
1327 2527 1430 2561 aliquid
1444 2535 1506 2555 cum
1525 2528 1593 2555 meis
1609 2528 1668 2559 dcs.
1681 2528 1732 2554 hoc
1744 2534 1839 2562 neges.

1052 2562 1225 2598 Carnemque
1243 2563 1418 2596 temperando
1432 2568 1548 2590 mentem
1570 2563 1656 2598 ipsam
1670 2563 1753 2598 eripis
1769 2569 1776 2588 :

1052 2598 1092 2625 Ac
1102 2598 1125 2624 si
1142 2597 1254 2632 timeres
1268 2605 1356 2632 usque
1373 2605 1407 2624 ne
1422 2597 1610 2632 componeres.

1088 2632 1124 2658 At
1135 2631 1272 2668 quomodo
1289 2631 1374 2659 unum
1393 2632 1457 2668 bina
1471 2631 1591 2667 perfecta
1608 2632 1735 2668 caperet?

1051 2666 1102 2703 an
1111 2667 1333 2703 pertimescimus
1344 2667 1417 2695 cutis
1430 2666 1635 2703 ne’rumperet?

1052 2701 1121 2737 Quis
1136 2701 1181 2729 hic
1195 2701 1292 2729 furor?
1309 2706 1429 2729 mentem
1446 2710 1499 2729 una
1515 2701 1706 2737 rationemque
1722 2702 1804 2730 habet

1051 2736 1160 2773 enima.
1183 2737 1234 2764 Ast
1248 2737 1293 2764 ubi
1313 2738 1428 2773 omnino
1443 2738 1493 2773 tibi
1509 2745 1554 2765 res
1572 2742 1615 2765 est
1636 2736 1733 2773 magna
1751 2745 1842 2773 mens,

1052 2771 1189 2799 Pmsente
1204 2779 1313 2799 summo
1326 2771 1462 2799 Numine?
1475 2772 1510 2799 At
1525 2773 1548 2800 si
1561 2780 1656 2800 amens
1671 2771 1735 2800 caro
1749 2777 1804 2804 est.

1053 2807 1189 2842 Deceptus
1196 2814 1252 2842 ego
1267 2814 1327 2842 sum
1341 2816 1347 2834 :
1366 2814 1426 2834 mea
1437 2808 1509 2835 cutis
1521 2817 1528 2841 ;
1544 2808 1625 2842 cujus
1638 2809 1730 2836 anima
1743 2808 1804 2836 est?

1052 2841 1182 2876 Quaenam
1196 2841 1243 2870 Dei
1259 2841 1292 2870 de
1306 2841 1417 2878 Virgine
1427 2848 1469 2870 est
1481 2841 1627 2871 nativitas?
