1937 3055
69 156 126 185 533

75 215 219 243 ’Υστάτιον
232 216 340 252 τοιῆσδε
356 217 431 252 φίλον
444 218 523 253 γένος
539 218 644 256 ἔμμορε
658 222 740 257 τιμῆς

71 262 215 298 Νεύμασιν
229 263 371 290 ἀθανάτοιο
390 265 507 300 Πατρός,
523 267 568 292 καὶ
581 266 698 302 ἔργμασι
718 268 824 300 Παιδὸς.

108 306 234 341 Χριστὸς,
254 307 315 334 ὅσον
331 307 432 344 βροτέῳ
458 310 498 336 ἑνὶ
515 309 620 345 σώματι
636 311 749 337 κάτθετο
766 312 862 347 μοίρης

73 351 125 378 HO
145 352 289 388 Οὐρανίης,
306 353 426 381 λεύσσων
443 355 542 389 κακίης
562 355 615 382 ὖπο
632 356 792 392 θυμοϐόροιο

73 398 256 433 Δαπτόμενον,
272 399 377 426 σκολιόν
387 408 416 426 τε
429 400 532 435 βροτῶν
546 401 674 435 μεδέοντα
683 401 826 437 δράκοντα,

74 444 124 476 ’Ὧς
139 453 185 471 κεν
199 445 378 480 ἀναστήσειεν
391 445 433 472 ἑὸν
454 445 545 480 λάχος,
563 447 654 474 οὐκέτι
669 447 764 474 νοῦσον

76 490 213 517 Ἀλλοισιν
229 491 345 526 ἐφέηκεν
359 491 501 527 ἀρηγόσιν,
519 492 560 528 (οὐ
573 493 627 528 γὰρ
640 494 759 530 ὲπαρκὲς

75 538 138 570 Τοῖς
154 537 283 573 μεγάλοις
296 537 427 565 παθέεσσι
444 540 543 575 μικρὸν
553 539 619 572 ἄκος
629 540 646 575 ¹)
660 541 727 567 ἀλλὰ
741 541 862 574 κενώσας

75 581 129 609 MSS
150 583 197 610 'Ov
211 583 298 615 κλέος,
318 584 441 620 οὐράνιός
453 594 483 611 τε
500 586 547 612 καὶ
561 586 678 621 ἄτροπος
689 587 825 622 οὐρανίοιο

49 662 55 665 _
75 626 174 659 Είκὼν,
188 628 346 664 ἀνδρομέοις
358 637 387 655 τε
405 630 450 656 καὶ
464 630 493 656 οὐ
512 630 644 665 βροτέοισι
660 631 777 666 νόμοισι,

76 673 189 707 Σεμνοῖς
205 674 234 700 ἐν
250 674 442 710 σπλάγχνοισιν
456 676 653 712 ἀπειρογάμοιο
668 678 797 712 γυναικὸς

75 718 242 753 Σαρκωθεὶς,
259 715 281 746 ὦ
295 720 398 756 θάμϐος
411 722 639 758 ἀφαυροτάτοισιν
656 723 782 757 ἄπιστον,

74 763 161 792 Ἦλθε
177 765 243 798 Θεὸς
257 765 352 802 θνητός
365 775 405 801 τε,
421 767 516 802 φύσεις
528 768 574 795 δύο
584 769 625 801 είς
637 769 665 795 ἐν
681 770 805 805 ἀγείρας,

632 162 753 192 SECTlO
771 163 804 192 ιι.
825 155 991 194 poenam
1010 156 1174 198 nonum.

1645 175 1699 205 5M

871 224 894 252 Δ
911 223 961 250 150
983 224 1038 260 Τὴν
1058 227 1107 261 μὲν
1134 225 1310 263 κευθομένην,
1330 227 1379 265 τὴν
1409 229 1432 256 δ’
1450 228 1587 266 ἀμφαδίην
1616 232 1698 268 μερό-

1559 285 1664 310 πεσσιν,

910 312 962 341 1Ὠν
974 315 1038 347 Θεὸς
1055 317 1071 351 ἡ
1084 316 1134 350 μὲν
1149 316 1234 354 ἔην,ή
1248 318 1270 344 δ’
1286 318 1398 346 ὕστατον
1416 320 1502 355 ἄμμιν
1516 276 1625 356 sagi):

911 360 1014 395 Τῆμος,
1029 362 1067 388 ὅτ’
1085 362 1114 388 ἐν
1129 363 1306 398 σπλάγχνοισι
1329 365 1394 400 μίγη
1412 366 1477 397 Θεὸς
1494 367 1697 402 ἀνδρομέοισιν·

911 404 958 437 Εἷς
971 406 1036 438 Θεὸς
1053 407 1261 444 ἀμφοτέρωθεν·
1279 410 1338 436 ἐπεὶ
1359 410 1465 446 θεότητι
1481 412 1634 447 κερασθεὶς,

912 451 967 477 Καὶ
984 451 1078 487 βροτὸς
1094 455 1126 480 ὲκ
1141 454 1266 490 θεότητος
1280 456 1346 489 ἄναξ
1357 457 1405 483 καὶ
1418 457 1533 493 Χριστὸς
1546 458 1660 493 ὑπέστη.

913 496 964 524 155
985 498 1070 534 Καινὴ
1084 500 1105 526 δ’
1118 500 1212 527 ἔπλετο
1227 501 1308 536 μίξις,
1320 503 1379 528 ἐπεὶ
1393 503 1528 538 προτέρην
1541 503 1663 538 ἀθέριξα.

948 543 1059 579 Πρῶτον
1071 544 1125 578 ἐγὼ
1137 546 1231 581 πνοιῆς
1243 546 1318 583 θείης
1331 547 1422 582 λάχον,
1438 548 1562 574 ὑστάτιον
1576 548 1604 574 δὲ

912 588 1028 623 Χριστὸς
1042 589 1110 625 ἐμὴν
1128 590 1216 626 ψυχήν
1230 600 1260 617 τε
1279 593 1325 618 καὶ
1339 592 1410 626 ἅψεα
1427 593 1504 619 πάνθ’
1521 593 1661 625 ὑπέδεκτο,

912 634 1008 660 Κείνον
1029 634 1114 669 Ἀδὰμ
1127 635 1172 662 τὸν
1189 636 1304 671 πρόσθεν
1324 637 1476 673 ἐλεύθερον,
1489 637 1519 668 ὃς
1536 638 1637 672 γυμνὸς
1650 635 1698 673 ἦεν

919 679 1100 716 Ἀμπλακίης,
1109 681 1173 717 πρὶν
1187 682 1248 717 ὅφιν
1263 691 1292 709 τε
1311 683 1385 716 ίδείν,
1399 683 1506 719 καρποῦ
1518 691 1547 710 τε
1561 683 1698 710 πάσασθαι

913 726 963 754 160
994 727 1049 754 Καὶ
1077 727 1211 762 θανάτου,
1245 728 1330 764 θυμὸν
1356 728 1384 756 δὲ
1418 729 1550 764 νοήμασιν
1587 729 1700 765 ἔτρεφεν

1558 775 1664 811 [ἁπλοῖς

321 869 443 907 '[andem
458 871 575 899 amicum
594 879 680 907 genus
696 872 770 899 hune
783 872 915 900 honorem
927 874 1044 902 sortitur

324 905 654 943 Patris_aaternihntttibus
670 911 698 935 et
712 907 773 934 Filii
792 908 1007 943 operationibus.

357 940 500 978 Quidquid
513 941 640 978 Christus
655 943 774 969 humano
785 940 891 978 corpori
909 943 1039 978 injecerat
1054 948 1157 971 natura:

324 975 375 1013 110
393 975 528 1013 Caelestis,
541 977 638 1013 videns
653 977 679 1004 id
695 977 822 1012 pestifera
836 975 943 1005 malitia
955 979 1057 1013 peredi,

321 1011 361 1048 ιλιι
375 1011 516 1046 obliquum
533 1012 678 1040 draconem
693 1011 836 1048 imperium
853 1013 879 1040 in
895 1011 1018 1041 homines
1033 1014 1164 1046 obtinere,

325 1045 364 1083 Ut
369 1045 448 1083 suam
466 1048 647 1083 exsuscitarct
667 1045 862 1080 haeréditatem,
879 1055 934 1075 non
949 1048 1005 1083 jam
1018 1049 1141 1077 morbum

323 1080 392 1108 Aliis
407 1082 546 1109 commisit
562 1082 675 1110 medicis

687 1083 761 1117 (non
774 1083 846 1110 enim
860 1083 956 1110 idonea

323 1114 457 1151 Gravibus
472 1117 575 1144 morbis
590 1117 657 1144 levis
673 1114 822 1151 medicina)
834 1127 841 1150 ;
854 1118 901 1145 sed
916 1125 1019 1145 exuens
1035 1125 1064 1145 se

280 1174 284 1179 .
324 1150 376 1187 145
391 1150 449 1187 _Sua
465 1151 550 1185 gloria
563 1159 625 1179 eum
639 1152 758 1179 ccelestis
769 1157 851 1182 esset.
867 1157 893 1180 et
916 1153 1093 1180 immutabilis
1105 1153 1193 1187 imago

325 1184 413 1221 [atris
424 1184 555 1219 caelestis,
570 1194 645 1214 more
660 1188 787 1219 humano,
803 1192 830 1215 et
842 1192 937 1214 contra
950 1187 1099 1214 humanum
1115 1184 1228 1221 morem,

324 1219 495 1258 _Venerandis
515 1221 543 1248 in
556 1222 710 1258 visceribus
730 1223 841 1258 virginis
856 1222 979 1250 mulieris

324 1254 493 1288 lucarnatus,
511 1264 528 1283 ο
541 1257 703 1284 miraculum
719 1254 835 1285 inﬁrmis
850 1258 948 1284 animis
964 1255 1144 1284 incredibile!

325 1289 406 1317 Venit
420 1290 490 1318 Deus
505 1295 532 1319 et
548 1292 681 1324 mortalis,
693 1291 760 1320 duas
775 1297 887 1320 naturas
900 1293 927 1319 in
943 1299 1026 1318 unum
1042 1290 1181 1324 colligens,

325 1325 376 1352 150
395 1326 515 1353 Alteram
528 1326 725 1359 absconditam,
743 1328 914 1355 manifestam
926 1325 1086 1354 mortalibus
1100 1326 1221 1358 alteram,

325 1359 445 1397 Quarum
461 1361 506 1388 illa
523 1360 595 1388 Deus
607 1367 675 1394 erat,
690 1363 747 1389 hmo
762 1367 852 1390 autem
867 1367 1006 1397 postremo
1017 1361 1096 1397 nobis
1108 1360 1223 1388 formata
1238 1365 1290 1395 est,

325 1394 402 1422 Tunc
415 1403 477 1422 cutn
494 1396 521 1423 in
537 1397 690 1424 visceribus
709 1398 808 1425 mistus
820 1394 946 1425 est-Deus
960 1395 1086 1423 humanis
1101 1406 1107 1422 :

325 1430 402 1467 ynus
422 1431 550 1467 utrinque
564 1431 651 1459 Deus:
668 1432 801 1467 siquidem
818 1432 915 1460 Deitati
931 1432 1028 1458 mistus

325 1464 359 1492 Et
371 1466 451 1492 homo
463 1464 513 1500 per
524 1466 649 1494 deitatem
666 1464 713 1495 rei
728 1472 755 1494 et
765 1467 890 1495 Christus
904 1466 1018 1494 exstitit.

326 1500 379 1537 £5§
397 1500 470 1527 Nova
485 1506 575 1529 autent
590 1503 693 1530 exstitit
705 1503 806 1535 mistio,
822 1503 885 1537 quia
903 1502 1017 1537 primam
1033 1500 1193 1537 contempsi.

363 1535 484 1573 Primum
500 1538 607 1571 quidem
623 1545 673 1572 ego
688 1538 773 1565 divini
788 1535 919 1573 spiraculi
932 1536 1068 1572 particeps
1085 1535 1133 1573 tui,
1143 1535 1183 1563 'ac
1198 1540 1336 1570 postremo

326 1569 453 1606 Christus
468 1569 586 1598 animam
601 1569 686 1600 meam
700 1577 726 1600 et
739 1569 859 1599 membra
880 1569 970 1599 omnia
986 1569 1122 1606 suscepit;

328 1605 462 1642 _Adamum
479 1607 555 1633 illum
569 1611 648 1634 antea
665 1608 792 1639 liberum,
809 1609 854 1642 qui
871 1607 963 1634 nttdus
977 1610 1037 1634 erat

327 1639 445 1677 Peccati,
463 1642 621 1676 priusquam
638 1646 792 1677 serpentem
809 1639 922 1673 videret,
938 1646 1019 1676 atque
1032 1640 1149 1677 fructum
1165 1645 1286 1677 gustaret

327 1675 379 1703 160
397 1675 430 1702 Et
441 1675 566 1710 mortem,
583 1675 808 1712 simplicibusque
821 1677 939 1704 animam
955 1675 1316 1711 cegilationihus’nutriehat

120 1762 170 1790 157
193 1762 353 1791 Ύστάτιον.
379 1764 429 1792 Hic
442 1773 538 1793 versus
558 1770 585 1793 et
601 1766 647 1793 alii
666 1766 795 1794 tredecim
812 1765 869 1794 fere

86 1798 222 1835 c_out_inui,
241 1799 339 1826 iterum
358 1799 484 1834 leguntur
497 1808 591 1835 supra,
607 1805 675 1829 seet.
692 1809 712 1833 ι,
727 1809 816 1835 poem.
830 1809 868 1834 ix,

86 1833 133 1872 De»
140 1833 320 1872 {testamentis
329 1839 354 1861 et
368 1833 481 1872 adgemit
501 1833 612 1867 Cliristi,
626 1844 700 1864 vers.
718 1833 754 1863 52
767 1840 793 1864 et
810 1844 871 1872 ειμι.

190 1868 390 1907 Ιέξυθρμένην.
406 1870 484 1907 Chlg.
501 1871 703 1907 κρυπτομένην.

123 1904 174 1930 155
188 1902 240 1942 Εἷς
256 1902 328 1937 Θὲὸς
340 1902 555 1940 ἀμφοτέρωθέν.
573 1902 645 1934 Urius
658 1902 778 1942 utrinque
789 1906 872 1939 Deus;

85 1946 141 1966 non
165 1940 238 1974 quod
262 1947 295 1966 ex
318 1944 433 1976 utraque
450 1944 547 1968 natura
577 1942 612 1968 sit
631 1942 718 1974 Deus;
736 1940 784 1969 Sed
805 1942 870 1976 quia

86 1973 159 2000 Deus
175 1978 202 2001 et
221 1974 301 2001 homo
315 1983 385 2003 unus
400 1980 442 2003 est
456 1977 594 2004 Christus.
610 1984 642 2003 ac
656 1977 771 2004 proinde
785 1976 867 2004 Deus.

87 1985 159 2000 ueus
175 1985 202 2001 ei.
221 1985 301 2001 nomo
315 1985 385 2003 unus
400 1985 442 2003 esr
456 1985 594 2008 unrtsrus,
610 1985 642 2003 ac
656 1985 771 2012 protuue
786 1985 867 2004 ueus.

87 2010 126 2047 Ita
147 2009 225 2047 >Bill.,
246 2008 485 2047 Conthel‘uautetn
507 2022 513 2039 :
538 2010 654 2047 Utraque
684 2018 792 2046 natura,
819 2019 871 2047 qua

87 2043 222 2081 Christus,
240 2053 357 2081 unusque
376 2045 444 2081 Deus
460 2054 491 2072 ac
508 2046 591 2081 ﬁlius.

191 2078 331 2118 Epigr/ora
340 2080 397 2118 Duo
414 2080 496 2118 Regg.
505 2078 645 2118 ᾄπρόσθενν.

126 2089 177 2106 Ἰῧυ
191 2089 320 2113 ιιρωτον.
341 2089 397 2107 υιιο
414 2089 496 2142 l‘PFg.
518 2089 645 2118 προσυεν.

126 2114 309 2160 histro:
438 2116 487 2159 με
498 2117 675 2160 'Bertedictini
692 2120 875 2160 supponentes

941 1774 980 1798 εν,
996 1765 1104 1794 duobus
1124 1765 1237 1800 virgulis
1261 1764 1466 1797 concludentes,
1486 1765 1523 1793 ita
1542 1769 1702 1794 verterant:

945 1801 1052 1827 damum
1069 1801 1155 1836 illum,
1173 1801 1218 1834 qui
1232 1809 1291 1836 eum
1308 1801 1392 1827 nudus
1408 1805 1485 1833 esset,
1498 1805 1638 1836 antequam
1649 1809 1704 1828 ser-

921 1841 1023 1870 pentem
1046 1835 1153 1867 videret,
1174 1835 1251 1871 ctﬂde
1275 1835 1362 1869 fructu
1385 1840 1513 1871 gustaret,
1535 1835 1598 1862 liber
1614 1841 1672 1863 erat
1687 1845 1705 1863 α

921 1871 983 1898 υιιὶο
1011 1875 1035 1898 et
1061 1879 1077 1897 α
1092 1875 1185 1898 morte.
1202 1870 1273 1897 Nihil
1295 1870 1392 1897 autem
1405 1871 1583 1903 immutando,
1607 1879 1704 1899 sensus

924 1906 1023 1941 planus
1037 1909 1079 1933 est
1094 1910 1121 1933 et
1137 1905 1224 1933 facilis
1240 1914 1247 1936 ξ
1264 1906 1336 1933 unde
1355 1906 1461 1933 illorum
1485 1907 1635 1933 versionem
1655 1906 1704 1934 de-

923 1948 1017 1968 serere
1031 1941 1090 1968 ausi
1101 1948 1196 1968 sumus
1213 1946 1322 1975 propter
1333 1941 1436 1968 erroris
1450 1941 1623 1972 evidentiam,
1635 1948 1705 1975 pra:-

923 1976 1017 2003 sertim
1041 1983 1102 2002 cum
1129 1975 1232 2010 clarum
1261 1976 1297 2002 sit
1322 1980 1429 2010 poetam
1454 1976 1573 2002 alludere
1594 1976 1627 2002 ad
1648 1976 1704 2003 haec

923 2011 1007 2046 verba
1019 2010 1187 2045 Scriptura}:
1203 2009 1314 2038 Mortem
1324 2009 1380 2037 Vnon
1396 2011 1511 2046 gustabit
1527 2012 1554 2037 in
1566 2015 1704 2038 wternum.

925 2045 1045 2073 Calleros
1061 2053 1156 2073 versus
1173 2046 1209 2072 ita
1229 2046 1419 2080 disposuerant
1440 2046 1511 2072 docti
1529 2046 1704 2080 interpretes,

928 2085 959 2107 ut
988 2084 1086 2115 praeter
1118 2085 1288 2108 constantem
1322 2081 1442 2115 ipsorum
1478 2081 1703 2108 consuetudinem

928 2116 1021 2142 omnia
1039 2116 1121 2142 verba
1141 2116 1321 2149 inverterent;
1345 2116 1389 2142 illa
1410 2116 1442 2143 ad
1458 2117 1568 2144 solitum
1581 2116 1704 2144 ordinem

88 2149 234 2185 legendum
250 2157 311 2178 esse
327 2151 366 2182 ὠς
381 2149 430 2186 pro
444 2152 484 2184 ὃς,
498 2153 605 2187 istaque
618 2152 702 2180 verba
720 2149 758 2184 ὼξ
773 2152 877 2188 γυμνὸς
929 2158 1058 2178 revocare
1075 2152 1162 2178 satius
1175 2151 1366 2186 judicavimns.
1386 2151 1539 2187 (CAILLAU.)

741 2243 907 2274 METRICA
918 2243 1067 2275 VERSIO.

93 2337 182 2371 Atque
197 2343 279 2372 opera
293 2336 354 2364 Nati
370 2337 452 2364 talem
469 2337 583 2365 sortitur
598 2337 740 2365 honorem.

131 2371 251 2407 Namque
267 2372 338 2400 Deus
351 2372 481 2408 quidquid
497 2373 608 2400 cmleste
623 2373 649 2399 in
662 2380 744 2400 carne
759 2372 873 2405 locarat,

96 2407 196 2434 Totum
210 2407 340 2441 pestifero
356 2408 470 2435 lacerari
488 2408 604 2434 crimine
617 2415 742 2438 cernens.

94 2442 294 2477 Obliquumque
315 2442 455 2469 hominum
465 2443 555 2478 generi
570 2443 703 2478 darejura
711 2443 876 2471 draconem:

96 2477 132 2504 Ut
148 2484 198 2504 nos
213 2478 325 2505 alllictos
341 2478 412 2505 vitiis
426 2478 578 2512 misereque
597 2477 718 2511 iacentes

96 2511 228 2546 Erigeret,
245 2518 298 2540 no‘n
311 2513 368 2546 jam
386 2512 471 2539 morbi
487 2511 656 2540 committere
671 2520 764 2540 curam

97 2548 233 2582 Sustinuit
248 2548 361 2575 medicis
375 2547 435 2574 aliis
448 2549 527 2580 (nam
546 2555 628 2582 parva
643 2549 746 2575 medela

96 2581 234 2617 Pellendis
248 2583 376 2617 gravibus
388 2590 441 2608 non
459 2586 501 2610 est
520 2581 696 2609 accommoda
711 2583 843 2617 morbis),

97 2616 151 2644 Sed
167 2625 228 2644 sese
242 2616 390 2646 evacuans.
406 2617 469 2644 licet
485 2617 665 2644 immutabilis
684 2622 756 2645 esset

97 2652 131 2678 Et
145 2653 206 2680 coeli
222 2653 361 2683 dominus,
381 2651 470 2679 Patris
483 2656 509 2679 et
524 2652 644 2679 rcelestis
659 2653 757 2687 imago,

100 2687 174 2722 More
189 2688 331 2714 hominum
349 2687 441 2719 simul,
460 2691 487 2714 et
505 2687 614 2713 mortali
626 2687 683 2722 lege
698 2687 816 2720 revulsa,

98 2721 218 2757 Virginis
234 2723 261 2748 in
277 2725 354 2749 casto
368 2726 517 2757 conceptus
535 2725 628 2749 ventre
643 2722 737 2756 puella

110 2756 166 2784 Res
178 2758 257 2789 mira,
273 2757 388 2784 inﬁrmis
401 2756 498 2784 animis
514 2760 646 2791 terraeque
661 2757 761 2785 volutis

124 2799 160 2818 on
178 2792 282 2819 factura
296 2792 375 2819 tidem
385 2792 416 2826 !),
429 2791 500 2820 Deus
511 2796 537 2819 et
551 2792 675 2819 mortalis
689 2792 716 2819 in
732 2792 825 2820 orbem

100 2825 192 2857 Venit.
205 2831 330 2854 natttram
345 2827 480 2862 duplicent
497 2827 657 2861 complexus
671 2827 698 2854 in
716 2835 810 2855 unum.

103 2862 196 2890 Altera
211 2863 340 2892 mortales
354 2863 494 2891 hominum
513 2862 632 2897 fugiebat
647 2862 746 2890 ocellos
760 2873 765 2891 :

890 2342 912 2370 Β
925 2338 1015 2365 Altera
1031 2337 1176 2373 perspicuo
1190 2337 1303 2364 feriebat
1314 2336 1418 2373 lumina
1434 2344 1529 2373 sensu.

931 2373 977 2409 illa
993 2371 1065 2401 Deus
1082 2371 1207 2400 sublimis
1222 2377 1291 2409 erat,
1311 2371 1466 2409 dominator
1475 2371 1579 2409 Olympi
1594 2380 1600 2398 :

930 2408 992 2435 llaec
1005 2412 1105 2435 nostrae
1120 2415 1203 2435 causa
1223 2407 1331 2442 tandem
1347 2406 1479 2442 producta
1494 2406 1601 2442 salutis.

929 2443 1006 2471 Tunc
1018 2451 1079 2470 cum
1096 2443 1203 2478 mortali
1219 2441 1386 2478 Deusestrin
1404 2449 1518 2478 corpore
1531 2441 1652 2475 junctus,

930 2478 1005 2506 Unus
1018 2478 1147 2512 utrinque
1163 2477 1242 2504 Deus.
1259 2476 1356 2503 Deitati
1370 2476 1487 2510 namque
1502 2476 1588 2512 beata:

928 2513 1042 2541 Junctus
1058 2510 1149 2546 homo,
1161 2512 1302 2546 deitasque
1313 2511 1417 2538 homini
1429 2511 1509 2539 simul
1520 2510 1708 2581 addit[a,tChri-

1602 2554 1614 2572 s
1629 2553 1671 2573 us.

1602 2549 1671 2573 stus.

929 2583 986 2610 llac
1011 2590 1094 2618 porro
1115 2582 1221 2618 ratione
1239 2588 1312 2618 nova
1337 2584 1379 2618 est
1402 2580 1557 2618 commistio
1582 2581 1670 2613 tacta,

929 2616 1097 2653 Quod'prior
1114 2625 1128 2644 a
1143 2617 1221 2653 nobis
1236 2616 1306 2643 finde
1321 2617 1425 2653 calcata
1441 2616 1548 2653 fuisset.

965 2651 1084 2679 Primum
1099 2660 1148 2687 ego
1165 2652 1262 2679 divinae
1280 2651 1349 2677 traxi
1372 2652 1506 2686 spiracula
1523 2651 1602 2678 vitae:

930 2688 995 2715 Post
1013 2685 1129 2715 animam
1144 2687 1267 2722 Christus
1287 2685 1406 2722 suscepit
1421 2692 1447 2714 et
1460 2686 1551 2722 omnia
1561 2685 1688 2722 membra

931 2723 1070 2758 Corporis,
1083 2727 1163 2756 atque
1177 2721 1310 2758 Adamum
1327 2722 1421 2753 subiit,
1434 2721 1582 2758 sed_qu_alis
1595 2721 1621 2749 in
1633 2725 1699 2754 ortu,

931 2756 999 2785 Cum
1015 2757 1134 2785 nondum
1146 2757 1219 2784 vitiis
1230 2756 1364 2792 infectum
1383 2761 1476 2792 pectus
1487 2756 1608 2788 haberet,

932 2793 988 2820 Nec
1002 2793 1074 2820 dulci
1087 2793 1204 2827 alloquio
1221 2791 1273 2827 diri
1285 2793 1419 2826 serpentis
1432 2797 1459 2819 et
1474 2796 1534 2819 astu

933 2827 1077 2859 Pellectus,
1095 2826 1216 2862 ponium,
1233 2826 1408 2862 Stygiamque
1423 2827 1450 2854 in
1466 2826 1571 2854 viscera
1587 2829 1700 2854 mortem

933 2863 1062 2895 Misisset,
1078 2870 1175 2898 supera
1196 2862 1243 2892 sed
1261 2865 1378 2890 mentem
1392 2865 1515 2898 pasceret
1529 2868 1602 2894 esea,
