1937 3055
189 134 243 163 555

193 191 310 225 ’ῌνεσες
327 187 368 218 τίς
386 185 483 220 σοφίην
498 186 658 219 κενεαυχέα,
674 184 715 219 ἤτ’
731 184 771 210 ἐνὶ
788 184 890 219 χερσὶν,

194 235 256 262 Ἔτ’
271 235 300 260 ὲν
318 232 488 268 ἁραχναίοισι
504 231 595 265 λόγοις
611 230 659 257 καί
677 230 815 265 πλέγμασι
833 232 931 263 κεῖται,

192 280 244 306 435
264 277 350 305 Ᾱὺτοῦ
368 276 563 312 τικτομένοισι,
579 276 627 302 καὶ
638 275 700 310 ὴέρι
714 274 884 310 λυομένοισι;

194 325 243 357 Τίς
263 324 284 351 δ’
302 324 357 359 ἄρα
369 324 439 354 τοῖσι
455 321 566 357 γέγηθε,
582 321 770 356 φυτοσκαφίης
784 329 814 346 τε
826 320 940 352 πόνοισι,

194 370 268 405 Νηὸς
282 369 306 396 τ’
324 368 458 395 ὡκοάλοιο
474 367 566 403 δρόμῳ
579 367 724 401 κραιπνοῖς
741 366 787 392 ὑπ’
804 366 919 401 ἀήταις;

195 415 290 442 Ταῦτα
307 414 357 450 μὲν
371 413 433 440 οὕτε
446 413 552 448 ’γάμοιο
568 412 731 447 διδάγματα,
748 411 797 445 τῆς
813 410 835 436 δ’
859 410 984 445 Ἀδάμοιο

196 462 288 492 Τῖσιος
302 459 418 495 ἀρχαίης
434 458 530 484 τυτθὸν
545 457 639 493 μέρος,
653 455 722 483 οἷσιν
739 456 856 492 ὺφέρπει

197 507 249 536 MO
268 507 391 542 Πτέρναν
414 505 484 541 ἐμὴν
497 504 598 531 δοκέων
624 503 722 540 πικρὸς
749 503 819 538 ὄφις.
849 502 879 529 Εἰ
895 501 924 528 δὲ
938 501 987 535 γά-

864 547 948 583 [μοιο,

204 599 334 634 Ἐρρἐτιιλ
352 598 390 624 Οὺ
407 596 461 632 γὰρ
475 595 568 632 ἔμοιγε
586 594 745 630 συνέμπορα
759 593 826 629 πρὸς
844 593 900 628 βίον
911 593 988 620 ἄλλον

200 645 297 672 Ἔνθεν
310 643 486 678 ἐπειγομένῃ,
499 642 533 669 τὰ
549 641 578 668 δέ
591 642 617 675 γ’
633 640 710 667 ὗλϐια
724 640 801 666 πάντ’
814 639 954 667 ἀπολεῖται

200 692 332 726 Σήμερον,
346 689 363 725 ἢ
379 689 494 724 κόσμοιο
511 688 559 714 σὺν
575 687 733 714 ἁστατέοντι
747 685 851 721 ῥεέθρῳ

210 736 335 767 Ῥευστὸς
351 735 405 770 γὰρ
423 734 546 770 ρευστοίο
560 731 724 767 διεκπεράας
738 731 848 767 βιότοιο,

509 130 538 158 S.
559 127 725 156 GREGORII
746 127 870 156 TllEOL.
891 126 1076 155 CARMINUM
1097 125 1198 153 LIBER
1218 126 1238 153 Ι.
1260 125 1488 154 TIl'EOLOGlCA.

1766 124 1825 153 556

994 189 1016 216 Α
1031 182 1083 209 445
1093 182 1173 208 Ba.th
1183 182 1369 217 ἐφαπτόμενος
1377 191 1406 208 τε
1415 182 1615 217 παρατροχάων
1623 181 1782 217 τροχᾶοντα.

1069 229 1101 255 Εἰ
1115 228 1143 254 δὲ
1161 229 1264 262 σοφοῖσι
1281 228 1411 263 γέγηθας,
1431 227 1492 253 ἐπεὶ
1511 227 1587 254 σέθεν
1603 227 1768 261 ἐξεγένοντο,

1034 274 1112 306 Δέξαι
1127 274 1174 300 καὶ
1189 274 1307 309 ἀλιτρῶν
1323 273 1432 309 κακίην,
1449 270 1487 300 ὦν
1505 272 1568 309 ῥίζα
1582 273 1702 305 τέτυξαι.

1038 320 1116 352 Ῥὶζα
1133 320 1213 353 Κὰῖν,
1229 320 1353 355 Σοδόμων
1366 328 1406 352 τε,
1423 319 1470 346 καὶ
1481 319 1529 350 οὓς
1548 319 1653 345 ὲκέδασ*
1669 318 1714 344 ἐπὶ
1726 317 1830 353 πύργῳ

1033 366 1148 402 Χριστὸς
1161 365 1385 397 ἀτασθσλὲοντας,
1401 365 1479 401 ὕϐριν
1496 365 1519 391 0‘
1537 361 1574 391 ὧν
1590 364 1702 390 ἕσΰεσεν
1717 363 1827 398 δμῧρος

1033 412 1085 440 450
1097 412 1247 448 Οὖρανόθεν
1256 412 1339 446 χθόνα
1346 412 1436 439 πᾶσαν
1444 411 1511 446 ὁμοῦ
1521 411 1642 438 πνείουσι
1652 409 1786 445 καθήρας.

1035 459 1084 490 Τίς
1101 457 1201 493 Φαραὼ
1215 458 1379 493 κακόμητιν,
1401 457 1484 492 Ἀχὰὃ
1500 456 1610 492 θράσος,
1633 455 1784 490 Ἀσσυρίων
1797 461 1830 479 τε

1036 504 1221 540 Πικροτάτους
1236 503 1368 539 βασιλῆας
1382 503 1532 538 ὲθρέψατιη
1545 503 1586 533 τίς
1601 502 1630 529 δὲ
1642 502 1744 528 δίκαιον

1036 547 1110 585 Αἷμα
1128 550 1201 585 πότῳ
1217 549 1329 585 μάχλοις
1341 558 1370 576 τε
1386 550 1517 585 κινήμασι
1531 549 1609 575 δόντα
1626 548 1759 583 θυγατρὸς

1038 595 1132 622 Οῠλιον
1155 595 1290 632 Ἡρώδην,
1305 595 1488 627 παιδοκτόνον,
1503 595 1549 630 ἡδὲ
1562 595 1663 629 φονῆας

1038 641 1091 669 455
1103 641 1219 677 Χριστοῦ
1231 641 1495 676 παμϐασιλῆος,ὅσοι
1510 642 1533 667 τ’
1544 640 1666 674 ἐγένοντο
1681 639 1793 665 διῶκται

1042 687 1164 723 Πρόσθεν
1179 687 1226 714 καὶ
1243 688 1399 723 μετέπειτα,
1416 688 1463 714 καὶ
1479 686 1630 714 ὑστατίοισι
1646 685 1774 721 χρόνοισι,

1041 729 1091 760 Ὧν
1109 731 1233 768 πύματον
1251 732 1358 769 πρῶτόν
1373 741 1413 765 τε,
1432 732 1516 760 κακὸν
1528 732 1624 759 Βελίαο
1638 730 1777 767 βέρεθρον,

444 825 594 861 Laudavit?
610 825 673 859 quis
688 825 850 860 sapientiam
868 825 988 857 inanem,
1003 829 1060 853 tum
1075 834 1137 861 qua:
1151 827 1179 854 in
1196 827 1333 859 manibus,

445 860 593 898 Tumun
604 861 632 887 in
648 868 811 898 aranearum
828 861 1002 898 sermonibus
1016 867 1043 889 et
1056 860 1140 890 tricis
1153 867 1195 890 est
1211 863 1314 898 posita,

443 896 497 923 455
509 895 595 922 Simul
610 896 787 923 nascentibus
802 902 829 922 et
846 896 874 923 in
889 903 979 923 aerem
997 895 1249 926 evanescentibus?

441 931 515 966 Quis
528 931 571 958 his
589 931 672 958 rebus
688 931 798 966 gaudet,
817 935 898 965 atque
910 931 1066 966 plantarum
1079 933 1257 960 colendarum
1272 933 1425 963 laboribus.

444 965 584 1000 Navisque
599 965 697 993 celeris
712 973 796 993 cursu
811 966 862 993 sub
877 965 1086 995 vehementibus
1098 968 1204 996 ventis?

447 1002 536 1036 Atque
553 1001 612 1028 hmo
629 1001 739 1036 quidem
754 1008 810 1027 non
827 1005 892 1028 sunt
908 1002 1029 1036 conjugii
1046 1002 1222 1035 documenta,
1237 1003 1285 1030 sed
1301 1003 1398 1031 Adami

447 1036 577 1074 Antiqua:
591 1036 720 1064 vindicta:
732 1043 796 1074 pars
813 1037 913 1071 pusilla
926 1044 935 1074 ς
949 1040 976 1074 et
991 1045 1039 1074 per
1052 1038 1110 1066 haec
1128 1039 1252 1074 subrepit

446 1071 500 1098 440

543 1071 643 1110 lautam
659 1078 746 1110 meam
760 1071 911 1110 observans
925 1071 1054 1110 infamius
1070 1081 1196 1110 serpens.
1212 1071 1294 1106 'Quod
1308 1075 1333 1101 si
1351 1074 1472 1110 conjugii
1490 1079 1555 1102 sunt;

450 1106 575 1134 Valeant.
591 1105 650 1133 Non
665 1106 738 1133 enirn
756 1113 800 1133 me
817 1107 987 1134 comitantur
1003 1107 1037 1134 ad
1051 1105 1133 1136 aliam
1149 1105 1235 1136 vitam

449 1141 520 1168 Hinc
535 1146 741 1176 properantem,
758 1145 785 1168 et
801 1141 881 1169 beata
898 1142 990 1168 omnia
1004 1143 1135 1177 peribunt

449 1177 548 1208 Hodie,
564 1177 606 1204 vel
626 1184 688 1204 cum
706 1176 801 1204 mundi
817 1177 942 1204 instabili
962 1176 1075 1205 ﬂuento.

449 1211 571 1247 Etlluens
588 1212 661 1239 enim
680 1211 835 1239 ellluentem
854 1212 960 1247 trajicis
973 1212 1069 1244 vitam,

448 1247 502 1274 445
515 1246 623 1274 Leviter
636 1247 711 1273 illam
723 1251 849 1281 tangens,
867 1252 895 1275 et
908 1253 1064 1275 currentem
1080 1251 1304 1282 prastercurrens.

486 1282 563 1315 Quod
573 1282 603 1318 isi
619 1282 792 1316 sapientibus
807 1282 919 1316 gaudes,
941 1283 1006 1317 quia
1022 1290 1055 1310 ex
1069 1287 1096 1310 te
1111 1283 1193 1318 geniti
1211 1287 1286 1313 sunt.

450 1317 553 1352 Recipe
572 1317 600 1344 in
616 1322 641 1344 te
657 1321 685 1344 et
702 1318 836 1344 malorum
859 1318 1021 1352 nequitiam,
1038 1326 1156 1352 quorum
1177 1318 1252 1345 radix
1269 1325 1310 1344 es.

451 1352 539 1379 Radix
559 1360 589 1379 es
604 1352 682 1379 Caini
699 1356 726 1381 et
741 1352 934 1385 Sodomorum,
948 1356 975 1380 et
987 1361 1058 1387 quos
1074 1352 1167 1380 divisit
1184 1353 1313 1380 Christus

450 1387 492 1414 Ad
508 1388 607 1414 turrim
621 1387 745 1421 improbe
758 1393 878 1422 agentes,
897 1394 924 1415 et
942 1394 1059 1422 quorum
1072 1389 1164 1415 scelus
1179 1388 1311 1416 exstinxit
1328 1388 1415 1415 imber

450 1423 504 1458 451)
519 1422 634 1458 Qtelitus
649 1427 750 1449 terram
763 1430 825 1458 cum
842 1423 971 1451 omnibus
983 1423 1152 1458 spirantibus
1168 1430 1335 1457 expurgans.

451 1457 702 1494 QuisPharaonem
719 1457 855 1494 scelerum
875 1457 1058 1494 inventorem,
1079 1459 1142 1493 quis
1159 1458 1263 1485 Achabi
1273 1459 1422 1494 audaciam
1439 1463 1466 1487 ct
1481 1459 1658 1494 Assyriorum

451 1493 653 1528 acerbissimos
671 1500 749 1527 reges
767 1493 920 1520 enutrivit?
932 1493 1000 1525 Quis
1021 1493 1097 1521 illum
1115 1493 1162 1528 qui
1182 1493 1344 1527 sanguinem

450 1527 561 1555 .luslum
576 1528 771 1561 compotationi
787 1532 816 1555 et
835 1528 946 1555 lascivis
962 1529 1023 1555 tiliae
1040 1527 1160 1556 motibus
1172 1529 1293 1558 tradidit.

453 1562 606 1598 Scelestum
624 1562 770 1594 Herodem,
786 1567 813 1590 et
825 1570 888 1590 eum
898 1563 945 1598 qui
958 1563 1076 1590 infantes
1091 1563 1201 1595 occidit,
1214 1569 1241 1591 et
1255 1563 1446 1592 interfectores

451 1598 505 1625 455
520 1597 622 1624 Christi
640 1598 739 1624 sutnmi
754 1598 836 1632 regis.
852 1603 878 1624 et
893 1597 1029 1633 quotquot
1046 1599 1210 1626 exstiterunt
1226 1603 1417 1633 persecutores

455 1633 526 1659 Ante
539 1636 565 1660 et
576 1636 648 1668 post,
659 1637 684 1660 et
700 1633 858 1660 novissimis
871 1633 1051 1668 temporibus,

455 1668 577 1701 Quorum
593 1671 749 1703 postremus
765 1672 792 1695 et
807 1667 1090 1703 primus,’nefandum
1106 1667 1187 1695 Belias
1201 1667 1373 1700 barathrum,

245 1755 297 1784 454
322 1756 373 1783 Ἐν
386 1756 693 1792 ἁραχναίοισιλόγοις.
706 1756 873 1784 Sermonibus
888 1757 1000 1784 rationi~

212 1792 309 1825 tntaque
325 1793 463 1825 contortis,
480 1792 574 1826 quibus
589 1792 627 1819 vis
649 1792 736 1827 major
756 1800 808 1819 non
828 1793 906 1826 inest,
922 1800 1002 1827 quam

213 1834 237 1853 α’
245 1834 371 1854 tinearum
388 1827 455 1854 telis.

246 1861 300 1898 442
314 1861 565 1898 Ἐπειγομὲνῃζείο
575 1867 631 1898 tres
640 1861 724 1897 Regg.
736 1862 807 1890 Edit.
819 1862 1000 1898 ἐπειγομένῳ.

316 1896 499 1932 Τροχιὶονταζ
507 1897 574 1924 Tres
587 1896 671 1933 Begg.
682 1896 862 1933 ροχάοντος.

246 1932 299 1959 455
316 1932 451 1968 Μάχλοζς
469 1941 511 1959 τε.
528 1932 574 1959 Sic
591 1931 660 1968 Reg}
675 1931 727 1968 990
743 1931 768 1960 et
781 1931 859 1967 Chig.
888 1932 935 1967 qui
954 1939 1004 1967 pro

213 1967 345 2030 ἓινήξίιασι
360 1967 433 2002 quod
453 1967 587 2003 sequitur,
613 1968 694 1995 habet
718 1967 878 2003 λιγύσμασι.
894 1968 923 1995 ln
939 1968 1004 1995 edit.

233 2010 278 2030 ecs
304 2011 344 2029 τε.
998 2020 1001 2022 .

233 2007 290 2030 eest
304 2011 344 2029 τε.
998 2020 1001 2022 .

247 2037 301 2064 454
314 2038 524 2065 Παιδοκτόνον.
539 2037 668 2065 Memoria
683 2038 776 2073 lapsus
786 2037 925 2065 videbitur
936 2035 1004 2073 Gref

215 2073 320 2135 gorius,
339 2073 363 2101 si
380 2073 504 2100 eumdem
524 2081 586 2101 esse
600 2072 797 2101 existimaverit
813 2072 947 2100 Herodem
958 2072 1005 2107 qui

231 2115 348 2135 oannem
361 2108 533 2135 obtruncari.
545 2116 578 2135 ac
594 2117 656 2135 eum
672 2108 718 2135 aui
733 2115 833 2135 oueros
851 2108 932 2135 iussit
956 2115 1005 2134 oc-

231 2115 348 2136 oannem
361 2108 533 2143 obtruncari,
545 2116 578 2136 ac
594 2117 656 2137 eum
672 2108 718 2144 qui
733 2115 833 2143 pueros
848 2108 932 2143 jussit
956 2115 1005 2134 oe-

1048 1756 1101 1784 cidi
1115 1767 1122 1784 :
1137 1764 1218 1792 quem
1229 1764 1351 1792 errorem
1363 1756 1560 1792 pluribusesse
1571 1755 1734 1783 familiarem
1747 1757 1842 1785 obser-

1048 1797 1095 1819 vat
1111 1792 1304 1828 Hieronymus,
1318 1791 1414 1818 Matth.
1432 1800 1463 1819 n.
1485 1791 1608 1828 Herodes
1622 1792 1693 1819 enim
1710 1799 1839 1828 magnus,

1051 1826 1240 1863 quojrubcnte,
1260 1827 1379 1863 infantes
1391 1828 1454 1854 caesi
1472 1831 1546 1859 sunt,
1561 1826 1839 1863 obieratpriusquam

1051 1861 1085 1889 ex
1099 1862 1217 1898 [Egypto
1239 1870 1307 1897 puer
1329 1861 1410 1889 Jesus
1432 1866 1616 1889 reverteretur
1655 1861 1840 1890 Verum'nihil

1052 1898 1151 1929 obstat,
1169 1898 1316 1932 quominus
1331 1902 1444 1924 sanctus
1458 1898 1555 1924 doctor
1571 1897 1604 1924 de
1615 1901 1732 1931 utroque
1745 1899 1841 1925 volue—

1052 1932 1089 1994 ἶίι
1105 1940 1260 1960 sermonem
1284 1932 1383 1965 facere,
1401 1932 1600 1968 interponendo
1624 1933 1729 1960 sciliCet
1747 1934 1842 1968 virgu-

1064 1975 1118 1994 am.

1064 1975 1105 1994 ant
1111 1989 1118 1995 .

1086 2003 1137 2030 457
1168 2004 1222 2030 Ων.
1239 2002 1277 2029 Ita
1294 2002 1380 2030 Coisl.
1398 2002 1469 2029 Edit.
1487 2002 1551 2029 τῶν.
1571 2002 1638 2030 Vide
1653 2002 1710 2029 2am
1724 2003 1842 2030 invecti-

1052 2046 1113 2064 vam
1131 2039 1278 2101 IEiiéliversus
1307 2038 1443 2066 lulianum
1472 2038 1681 2074 imperatorem,
1714 2042 1782 2066 tom.
1814 2038 1842 2071 Ι,

1053 2081 1115 2101 nan.
1185 2095 1191 2101 .

1053 2081 1115 2108 pag.
1131 2081 1191 2101 too.

867 2185 1035 2216 METRICA
1048 2185 1195 2216 VERSIO.

215 2279 361 2312 Prtedieat,
373 2283 400 2306 et
411 2279 514 2314 sophiae
525 2278 662 2313 praeconia
673 2278 769 2313 pandit
784 2278 885 2309 inanis,

216 2315 283 2347 Quae
295 2314 393 2349 partim
408 2313 592 2346 inmanibus,
609 2316 709 2348 partim
724 2315 751 2340 in
764 2313 1007 2349 sermonercaduco

216 2349 265 2377 Est
278 2348 341 2382 sita,
357 2350 404 2384 qui
421 2349 512 2377 subito
528 2353 610 2376 natus
622 2350 745 2377 vanescit
761 2350 787 2375 in
800 2348 902 2376 auras?

217 2385 277 2416 His,
298 2383 420 2419 inquam,
441 2385 567 2420 quisnam
585 2384 695 2420 gaudet,
708 2385 865 2420 plantisque
881 2383 1006 2412 serendis

217 2420 341 2451 lncubat,
356 2424 383 2446 et
397 2419 508 2455 pelagus
519 2420 601 2455 gestit
612 2419 720 2447 sulearc
736 2419 850 2446 carina?

217 2455 275 2483 Non
290 2463 322 2482 ea
335 2454 501 2483 connuhium
512 2454 616 2486 docuit,
633 2455 680 2482 sed
697 2454 810 2489 parvula
827 2462 891 2488 pars
904 2457 969 2482 sunt

218 2490 307 2524 Hujus
325 2490 463 2525 supplicii,
475 2498 529 2525 quo
546 2490 625 2525 primi
641 2497 711 2516 noxa
726 2490 846 2524 parentis

216 2525 327 2552 Iudicio
340 2524 386 2552 est?
394 2524 506 2552 multata
521 2524 580 2557 Dei,
596 2525 695 2560 quibus
708 2525 804 2560 anguis
820 2524 937 2552 acerbus

218 2560 341 2594 Obrepit,
357 2560 532 2595 plantamque
544 2568 630 2587 meam
648 2564 803 2594 pervertere
819 2564 916 2586 tentat.

218 2595 296 2628 Quod
310 2595 333 2622 si
344 2594 624 2630 connubio’cuiquam
639 2595 696 2622 haec
709 2595 853 2622 tribuenda
865 2594 1003 2627 videntur,

216 2630 277 2660 Jam
290 2631 408 2663 valeant,
428 2638 479 2658 nec
493 2631 576 2664 enim,
598 2631 664 2658 mihi
680 2630 745 2657 dum
760 2630 879 2665 migrare
891 2637 1005 2700 ne[ccssc

932 2671 974 2692 est

932 2671 974 2692 est

218 2700 241 2727 E
257 2702 311 2728 vita
325 2704 406 2735 atque
423 2700 563 2727 hominum
576 2704 659 2732 coetu,
675 2700 840 2728 comitantur
850 2704 970 2727 euntem.

220 2736 273 2771 Sed
287 2744 458 2771 quaecunque
471 2743 521 2763 suo
533 2736 677 2771 completur
698 2739 770 2762 terra
783 2740 901 2767 coercet,

220 2770 269 2797 νει
283 2770 366 2802 nunc,
386 2772 427 2798 vel
445 2771 552 2798 tandem
565 2770 667 2797 mundo
681 2770 787 2798 labente
803 2771 939 2805 peribunt.

219 2805 323 2833 Fluxus
334 2806 406 2833 enim
421 2806 500 2833 ﬂuxa:
515 2809 543 2832 tu
556 2806 660 2839 trajicis
675 2813 784 2840 aequora
801 2806 873 2836 vitae,

219 2841 296 2869 Hanc
309 2842 404 2870 leviter
416 2845 531 2877 tangens
547 2840 630 2869 celeri
641 2848 780 2875 cursuque
790 2840 919 2868 ﬂuentem

1022 2282 1042 2309 Β
1057 2276 1230 2304 Prteteriens.
1248 2275 1326 2309 Quod
1342 2277 1366 2303 si
1380 2277 1470 2304 claros
1486 2277 1622 2312 probitate
1634 2277 1739 2312 ﬁdeque

1056 2312 1097 2339 Ex
1111 2316 1138 2339 te
1151 2313 1309 2347 progenitos
1326 2313 1439 2347 gaudes,
1455 2317 1536 2347 atque
1554 2313 1617 2340 inde
1631 2312 1773 2343 tumescis,

1055 2347 1127 2380 Quin
1139 2351 1167 2373 tu
1185 2347 1323 2374 consimili
1336 2348 1431 2374 vitium
1445 2348 1551 2375 ratione
1567 2347 1702 2375 malorum

1055 2383 1186 2417 Accipis?
1206 2383 1304 2409 horum
1325 2383 1425 2409 etenitn
1442 2383 1519 2410 radix
1531 2391 1572 2415 es,
1585 2388 1660 2410 certa
1679 2389 1843 2417 parensque.

1057 2417 1095 2444 Ex
1113 2422 1138 2445 te
1153 2417 1336 2452 proﬂuxitque
1349 2418 1427 2448 Cain,
1445 2417 1623 2453 Sodomazque
1641 2418 1742 2449 coloni,

1054 2453 1185 2487 Quosque
1195 2453 1278 2480 etiam
1290 2460 1435 2487 aggressos
1447 2454 1607 2480 sceleratam
1618 2453 1737 2480 condere
1748 2454 1844 2479 turrim

1054 2488 1152 2515 Divisit
1164 2488 1301 2520 Christus,
1315 2495 1442 2523 quosque
1454 2489 1541 2516 imber
1554 2489 1655 2515 missus
1671 2488 1706 2515 ab
1721 2488 1776 2514 alto

1054 2524 1202 2556 Exstinxit,
1215 2528 1304 2550 terras
1315 2524 1397 2550 simul
1411 2527 1493 2558 atque
1510 2523 1660 2550 animantia
1677 2530 1807 2558 purgans.

1054 2558 1186 2592 Quisnam
1208 2558 1348 2593 vipereum
1374 2557 1562 2591 Pharaonem,
1584 2557 1781 2592 Achah’umque
1805 2557 1847 2584 fu-

1125 2608 1129 2613 -
1682 2598 1811 2625 |rentem,

1054 2629 1087 2656 Et
1103 2636 1198 2664 regum
1213 2628 1336 2664 Assyria:
1353 2628 1456 2655 rabiem
1474 2628 1588 2656 nutrivit
1604 2633 1631 2655 et
1645 2593 1725 2664 mihi

1058 2665 1090 2690 Et
1103 2662 1205 2692 saevum
1224 2662 1374 2696 Herodem,
1390 2671 1491 2698 pueros
1507 2664 1555 2698 qui
1568 2664 1642 2691 caede
1658 2662 1778 2690 nefanda

1059 2700 1189 2731 Sustulit,
1205 2707 1237 2726 ac
1252 2703 1324 2726 nata-
1340 2699 1444 2726 lascive
1459 2700 1583 2726 membra
1603 2699 1725 2726 moventi

1057 2734 1186 2769 Baptistae
1202 2739 1285 2769 caput
1301 2736 1452 2761 innocuum
1467 2734 1542 2762 dedit
1556 2739 1638 2769 atque
1653 2733 1799 2761 eruerent?

1058 2770 1126 2802 Quis
1143 2770 1244 2797 Christi
1263 2771 1335 2804 regis
1351 2770 1463 2802 summi,
1479 2769 1596 2803 vitioque
1611 2769 1733 2803 parentis

1057 2805 1217 2835 (Iarnilices,
1235 2803 1359 2840 aliosque
1377 2812 1483 2837 omnes,
1500 2804 1547 2839 qui
1561 2809 1683 2840 tempore
1694 2803 1795 2838 primo,

1058 2840 1109 2873 Qui
1125 2844 1197 2875 post,
1211 2839 1409 2875 quiqueetiam
1425 2840 1557 2868 extremis
1570 2839 1721 2866 crudeliter
1736 2839 1817 2865 annis
