1937 3055
108 146 164 176 557

111 203 201 232 Δεινδν
220 203 370 231 Ἰουλιανοιο
384 204 493 239 κράτος,
507 203 601 238 ψυχῶν
616 203 753 239 ὀλετῆρος,

111 246 150 277 υῦ
168 249 259 276 θεόθεν
274 249 433 284 πληγέντος,
447 249 508 275 ἐπεὶ
521 249 602 284 μόθον
618 249 703 284 ἤρατο
719 249 839 285 Χριστῷ,

111 295 163 323 ιθο
182 295 288 331 Θερμὺν
309 295 350 321 ἔτι
380 294 489 327 {eleuata
508 295 599 327 κόνις,
628 295 699 330 μέγα
721 294 821 330 τάρϐος
840 295 898 321 ἀλι-

761 340 786 375 [τ
789 342 845 376 ροῖς
855 349 861 354 ·

113 387 226 419 Ἄλλους
242 387 265 414 θ’
277 387 325 419 οὖς
344 396 397 422 περ
412 387 494 414 ἔδωκε
512 387 562 422 βιῳ
576 387 675 423 γάμος,
690 387 731 422 ηδ’
749 387 789 413 ἔτι
807 386 898 418 δώσει,

111 433 247 466 Ψεύστας,
263 434 450 468 ἀνδροφόνους,
465 433 598 465 σκολιοὺς,
614 434 742 469 ἐπίορκον
753 432 898 467 όμοῦντας,

112 480 258 514 ’Ἅρπαγας
275 478 434 514 ἀλλοτρίων,
449 478 540 513 ξείνης
557 478 710 514 δηλήμονας
721 479 811 514 εὐνῆς,

112 525 159 557 Τίς
172 533 219 551 κεν
232 524 426 560 ὰριθμήσειεν;
446 525 507 551 ἐπεὶ
519 524 579 551 τόδε
595 525 661 551 πᾶσι
677 525 823 558 πέφανται,

111 571 165 598 465
189 571 232 603 Ὠς
246 571 345 597 πλείων
356 572 466 606 χρυσοῖο
477 571 563 602 κόνις.
577 571 687 602 πλείους
700 570 728 596 δὲ
741 571 866 598 κάκιστοι

111 617 173 644 Τῶν
185 617 309 651 ἀγαθῶνο
324 617 370 644 καὶ
382 617 436 652 γάρ
449 625 478 643 τε
495 616 604 652 τρίϐους
622 616 756 652 περόωσιν
780 617 899 649 ἀνίσους.

112 664 175 694 Τοῖς
189 662 239 698 μὲν
254 662 307 698 γὰρ
323 662 448 698 χθαμαλὴ
468 661 515 688 καὶ
534 662 677 697 ὲπίτροχός
693 664 751 689 ἐστι
766 664 900 691 κακοῖσιν.

112 709 144 735 οι
160 708 181 734 δ’
199 708 295 742 ἁγαθοὶ
317 708 444 744 τέμνουσι
468 709 630 743 προσάντεσι.
647 709 779 735 Τοῠνεκεν
799 709 902 736 ἐσθλῶν

112 753 251 788 Πλεῖστον,
265 755 327 781 ὅσον
337 754 450 786 κακίους
463 754 676 790 προῳερὲστεροί
693 756 761 781 εἰσιν
780 754 899 790 ἀριθμῷ.

112 799 165 828 470
181 800 214 827 Εἰ
231 800 280 836 μὲν
293 801 325 837 δὴ
340 800 449 836 λήξειας
465 800 635 837 ἀγαλλομένη
653 800 784 832 τεκέεσσι,

652 144 775 174 SECTIO
791 144 824 173 ll.
844 144 1008 172 POEMATA
1027 144 1193 173 MORALIA.
1681 146 1733 175 ἕω

914 213 937 241 Α
950 204 1004 231 Καὶ
1019 204 1106 240 πηρὸν
1123 204 1255 230 καλέουσα
1271 204 1327 239 βίον
1341 204 1465 239 θεότητος
1485 205 1601 241 ἑταῖρον,

949 251 1086 286 Στήσομεν
1098 250 1191 277 ἐνθάδε
1209 250 1303 285 μῦθον.
1318 251 1410 286 Ἔχοις
1424 250 1501 282 κλέος
1517 251 1697 288 ἀμφήριστον.

949 297 1016 323 Οὐδὲ
1033 297 1087 331 γὰρ
1106 296 1160 323 οὐδ’
1177 297 1246 332 αὐτὴ
1265 297 1369 331 φθονέω
1381 297 1477 333 χθονίῳ
1493 298 1630 333 γενετῆρι.

947 343 980 368 Et
994 342 1022 368 δὲ
1035 342 1112 370 Θεοῖο
1124 342 1242 378 λαχοῦσα
1257 342 1290 369 τὰ
1307 343 1432 378 δεύτεροι,
1450 343 1545 378 πρῶτα
1561 343 1698 379 δέδορκας,

948 388 1001 414 475
1008 387 1302 423 Φθέγξομαιάτρεκὲως
1311 388 1370 423 μὲν,
1377 388 1445 423 ἀτὰρ
1455 387 1593 423 θυμαλγέα
1606 387 1698 423 μῦθον.

984 433 1031 465 Τίς
1049 433 1156 459 πάντων
1172 433 1298 469 μερόπων
1311 434 1364 460 τόδ’
1381 434 1502 468 ἐμήσατο
1516 434 1610 460 τέκνον
1626 434 1736 469 ἄριστον

950 479 1126 514 Σπερμῆναι;
1142 479 1168 505 τί
1185 479 1213 505 δὲ
1230 479 1316 514 μῆχος
1332 480 1459 516 ἀνάρσιον
1474 477 1520 506 υἷα
1537 479 1683 514 (possunt;

950 524 1048 550 Εἰκόνα
1064 525 1113 560 μὲν
1124 524 1229 560 γράψεν
1241 533 1282 555 τις
1297 525 1344 551 ἀπ’
1363 525 1464 556 εἰκόνος
1478 524 1536 551 οὔτι
1548 525 1656 560 χερειω,

951 570 1005 597 Καὶ
1023 571 1144 606 πλάστης
1160 570 1300 597 ὲτύπωσεν
1321 571 1428 598 ἐοικότα
1446 571 1593 606 πλάσματα
1609 571 1736 606 μορφαῖς,

950 617 1002 645 480
1013 619 1068 645 Καὶ
1076 619 1175 655 χρυσὸν
1187 620 1354 655 παλάμῃσιν,
1369 621 1422 655 ὅπη
1433 620 1502 651 νόος,
1512 619 1595 655 ἤλασε
1609 619 1701 654 τέχνη,

951 665 1005 691 Καὶ
1024 665 1124 700 στάχυν
1141 665 1170 698 ἐξ
1183 666 1294 700 ἀγαθοῖο
1307 666 1446 701 γειομόρος
1459 665 1551 692 ἐσθλὸν
1564 665 1654 700 ἆμησε

951 710 1122 746 Σπέρματος,
1138 711 1191 738 οὐδ’
1205 711 1323 747 ἅτύχησε
1339 711 1432 743 τέλους
1449 711 1539 743 πόθος,
1557 708 1610 737 οἷον
1628 709 1736 737 ἐώλπει.

951 755 1052 792 Θνητὸς
1064 757 1086 783 δ’
1104 757 1134 783 οὐ
1150 757 1223 791 σάφα
1234 755 1288 783 οἶδε
1300 757 1378 791 γόνου
1394 757 1485 792 φύσιν,
1503 758 1543 789 εἰς
1557 757 1571 783 ὃ
1583 765 1608 783 τι
1624 755 1708 792 λήξει,

953 801 989 828 οὐ
1001 802 1093 835 κακὸς,
1107 802 1167 830 οὐδὲ
1180 803 1228 837 μὲν
1239 802 1345 836 ἐσθλός·
1355 804 1369 830 ό
1383 803 1406 829 δ’
1418 802 1526 838 εὔχεται
1538 801 1629 834 ἐσθλὸς
1639 801 1736 837 ἀρείω·

362 877 507 906 Horribilis
521 878 623 906 Iuliani
638 882 771 914 potestas,
785 879 937 906 animarum
952 879 1110 914 perditoris,

361 914 564 952 Qupgivinitus
577 922 712 952 percusso
721 914 916 952 (bellumcnit‘n
929 914 1039 942 Christo
1052 915 1210 952 indixerat),

361 949 414 986 460
428 948 497 986 Ejus
510 948 683 986 ciuisladhuc
701 949 804 986 fervide
820 949 970 986 ebulliens,
980 957 1094 986 magnus
1109 956 1151 978 est
1166 948 1298 986 improbis
1312 957 1421 985 terror;

360 985 449 1020 Atque
464 984 544 1011 etiam
560 985 628 1012 alios
641 992 710 1019 quos
724 985 825 1020 nuptiae
841 985 940 1011 saeculo
955 984 1091 1013 dederunt
1106 990 1133 1014 et
1147 984 1262 1020 dabunt,

361 1019 514 1050 hlendaces,
533 1020 696 1050 homicidas,
713 1019 842 1054 perlidos,
865 1019 999 1054 perjuros.

361 1054 497 1089 Raptores
517 1054 667 1081 alienarum
686 1062 789 1086 rerum,
804 1055 885 1081 alieni
903 1056 1051 1089 perniciem
1071 1057 1196 1089 thalami,

360 1089 429 1122 Quis
441 1090 604 1116 enunieret?
618 1090 682 1116 Illud
699 1090 771 1116 enim
787 1090 916 1116 omnibus
931 1091 1108 1118 manifestum
1124 1096 1177 1124 est,

361 1124 413 1151 465
428 1124 614 1162 Copiosiorem
630 1133 692 1152 esse
706 1132 773 1162 auro
786 1125 917 1162 cinerem.
933 1132 965 1152 ac
977 1127 1074 1162 plures
1090 1127 1231 1162 improbos

361 1164 448 1191 Quam
465 1161 566 1193 probos
585 1169 592 1186 :
609 1167 671 1186 nam
686 1164 712 1187 et
725 1160 785 1187 vias
801 1160 951 1187 coniiciunt
967 1161 1102 1189 diversas.

361 1194 540 1230 324-325
556 1194 689 1229 Improbis
704 1196 776 1221 enim
789 1195 916 1229 proclivis
930 1199 984 1228 est,
1000 1201 1026 1223 et
1042 1197 1097 1223 lata
1109 1197 1232 1224 currenti
1246 1206 1252 1223 :

362 1230 430 1256 Boni
447 1237 512 1256 vero
529 1230 674 1264 prmruptis
692 1230 855 1264 gradiuntur
871 1231 1024 1258 itineribus.
1043 1231 1104 1259 Ideo
1119 1232 1186 1259 boni

365 1264 453 1302 [ante
470 1265 566 1302 pluris
574 1265 690 1302 faciendi
707 1270 782 1302 sunt,
799 1269 904 1302 quanto
917 1266 981 1292 mali
997 1274 1113 1294 numero
1127 1271 1266 1302 praestant.

361 1300 414 1326 470

427 1299 504 1332 Quod
517 1300 540 1326 si
551 1299 662 1327 desinas
675 1301 708 1327 de
721 1300 783 1327 liliis
795 1301 917 1334 gloriari,

362 1334 396 1361 Et
411 1342 535 1361 mancam
553 1335 690 1369 appellare
705 1336 820 1361 amicam
835 1334 986 1362 divinitatis
998 1335 1092 1369 vitam,

362 1369 489 1405 Desinam
507 1369 551 1396 hic
566 1370 661 1404 loqui;
680 1371 781 1400 habeas
792 1370 948 1405 ambiguum
962 1370 1056 1398 decus.

363 1404 431 1440 Nam
448 1413 482 1431 ne
495 1405 553 1439 ipsa
571 1405 679 1439 quidem
699 1405 825 1432 invidebo
838 1404 959 1432 terrestri
975 1407 1090 1440 parenti.

364 1439 417 1477 _Sed
432 1441 590 1477 secundo
603 1441 663 1467 loco
677 1440 747 1477 apud
765 1440 848 1466 Deum
868 1441 965 1474 posita,
981 1440 1098 1477 primum
1113 1441 1161 1468 tibi
1183 1448 1308 1477 arrogas,

362 1475 415 1502 A75
433 1474 550 1509 Eloquar
562 1483 657 1502 verum
675 1475 785 1509 quidem
806 1482 969 1506 sermonem,
981 1476 1027 1502 sed
1044 1477 1197 1503 molestum.

399 1509 467 1542 Quis
486 1517 518 1536 ex
534 1511 662 1537 omnibus
679 1509 835 1536 hominibus
853 1510 879 1536 id
896 1510 992 1536 didicit
1013 1510 1098 1538 lilium
1115 1512 1249 1545 optimum

363 1544 500 1580 gignere?
514 1544 567 1571 Aut
582 1546 645 1580 quis
659 1547 757 1571 modus
772 1545 818 1570 lilii
834 1545 900 1572 vitio
916 1548 970 1571 non
987 1546 1109 1580 carentis
1126 1544 1275 1579 gignendi?

362 1578 510 1615 ynaginem
526 1578 636 1613 quidem
653 1579 751 1614 aliquis
767 1580 854 1614 pinxit
867 1580 901 1606 ab
918 1579 1034 1613 imagine
1049 1589 1102 1609 non
1121 1578 1296 1613 deteriorem,

363 1613 513 1648 Fictorque
532 1614 636 1642 similes
653 1613 748 1641 formis
768 1613 885 1649 sculpsit
901 1618 1018 1645 statuas,

362 1649 416 1676 480
433 1649 539 1684 Arsque
557 1657 653 1676 aurum
672 1649 798 1676 manibus
813 1649 889 1676 ducit
904 1656 1069 1684 quocunque
1083 1656 1160 1676 mens
1176 1649 1302 1681 voluerit,

364 1684 522 1719 Bonamque
539 1685 642 1719 spicam
659 1692 692 1710 ex
712 1685 783 1711 bono
801 1685 905 1711 semine
920 1685 998 1711 metit

363 1719 500 1752 Agricola.
515 1727 565 1746 nec
579 1727 594 1745 a
609 1724 717 1753 sperato
730 1719 784 1746 line
797 1719 963 1746 desiderium
978 1719 1124 1746 aberravit.

366 1754 419 1781 Sed
439 1754 562 1781 mortalis
579 1754 650 1780 haud
665 1754 739 1780 clare
756 1754 830 1780 novit
844 1754 947 1781 sobolis
965 1758 1102 1785 naturam,
1115 1753 1205 1788 qualis
1221 1753 1312 1781 futura
1327 1753 1373 1788 sit,

366 1788 428 1817 Sive
441 1789 540 1822 bonus,
552 1789 609 1816 sive
622 1790 708 1816 malus
726 1789 772 1822 sit,
788 1797 944 1824 quanquam
962 1789 1050 1816 bonus
1064 1790 1177 1816 meliora
1193 1793 1331 1824 precatur,

150 1865 202 1894 ‘60
219 1867 284 1894 Ἔτι
304 1866 432 1896 (domm.
448 1865 515 1900 Reg.
533 1865 585 1893 992
607 1866 773 1898 ἐπιζείουσα.
797 1867 903 1894 Iuliani

113 1901 238 1934 cadaver,
252 1902 341 1936 inquit
357 1901 390 1928 ad
407 1903 478 1928 hunc
492 1903 580 1928 locum
597 1901 723 1929 Valesius
734 1902 857 1934 Henrie.,
875 1902 902 1928 in

115 1937 217 1964 tumulo
236 1937 313 1971 quasi
329 1936 437 1964 ebullire
453 1937 564 1963 videtur.

151 1972 203 1998 472
219 1972 331 2005 Ἔχοις.
351 1971 389 1998 Ita
397 1971 464 2007 γάυο
479 1971 563 2006 Regg.
582 1974 608 1998 et
627 1971 709 2007 Coisl.
727 1971 799 2007 Editr.
817 1971 902 2007 ἔχεις.

116 2006 177 2034 Mox
195 2008 377 2042 ἀμφήριστον,
397 2006 464 2041 Reg.
480 2007 542 2042 992.
559 2014 620 2041 sup.
636 2006 684 2033 lin.
706 2006 866 2041 ἀμφίϐολον.

151 2043 204 2069 475
217 2041 341 2073 Χθονιίῳ.
358 2041 441 2068 Coisl.
457 2041 578 2076 χθονίων,
598 2042 762 2068 terrestrium
786 2041 902 2075 parenti.

149 2077 201 2105 474
222 2077 376 2111 Λαχοῦσα.
404 2077 501 2103 Aldum
526 2076 663 2103 immerito
686 2077 774 2112 carpit
794 2076 902 2108 Billius,

951 1866 1024 1901 quod
1047 1866 1196 1894 reddiderit
1217 1876 1223 1894 :
1241 1866 1368 1894 secundas
1380 1870 1466 1900 partes
1488 1867 1601 1899 sortita;
1613 1867 1654 1895 sic
1666 1869 1737 1896 enim

951 1910 1003 1929 vox
1020 1903 1071 1928 ista
1091 1902 1258 1936 accipienda,
1273 1906 1301 1929 et
1315 1901 1449 1935 accipitur
1464 1908 1479 1927 a
1490 1901 1599 1929 Budazo.

986 1937 1039 1972 476
1058 1936 1217 1972 Ἑμήσατο.
1231 1937 1316 1964 Coisl.
1330 1944 1390 1970 sup.
1405 1936 1453 1963 lin.
1468 1936 1605 1972 δεδάηται.

987 1971 1039 1998 477
1055 1971 1168 2005 Μῆχος.
1185 1972 1270 1999 Coisl.
1287 1979 1347 2006 sup.
1367 1971 1413 1998 lin.
1431 1971 1549 2006 μηχανή.

987 2006 1039 2041 479
1052 2006 1196 2040 Μορραῖς.
1213 2006 1250 2033 Ita
1263 2012 1318 2033 tres
1338 2006 1422 2041 Regg.
1432 2006 1508 2041 Εόίιἐ
1530 2006 1648 2041 μορφῆς.

987 2040 1040 2068 484
1059 2042 1090 2077 Ὅ
1103 2041 1129 2067 δ’
1144 2042 1272 2075 εὔχεται.
1297 2040 1480 2077 ltahcoislret
1498 2040 1548 2077 int,
1564 2040 1595 2067 ει
1607 2042 1654 2067 καὶ
1666 2041 1736 2077 ἀγασ

954 2075 1000 2107 θὺς
1016 2076 1160 2111 ἐπεύχεται
1175 2077 1313 2111 ἀμείνονα.
1332 2075 1401 2103 Male
1416 2076 1482 2103 edit.
1498 2075 1562 2102 οὐδ’.

765 2153 930 2183 METRICA
945 2153 1092 2183 VERSIO.

117 2217 218 2252 Insigni
232 2217 331 2251 pietate
344 2217 428 2243 Deum
441 2216 586 2250 studioque
599 2216 722 2252 colentes

117 2249 274 2280 Vexarunt?
287 2260 401 2286 quorum
419 2252 445 2278 in
463 2249 577 2278 numero
596 2249 722 2278 Julianus
741 2250 899 2282 habendus,

117 2287 236 2315 Ult’imus
252 2285 418 2322 ille’quidem
434 2287 514 2318 serie,
532 2287 579 2313 sed
596 2287 711 2313 crimine
728 2285 843 2320 primus,

117 2322 195 2350 Haud
217 2322 330 2350 dubium
352 2321 459 2349 Satana:
481 2321 652 2353 barathrum,
678 2323 816 2391 pestisque
841 2321 901 2347 ani-

749 2363 863 2382 marum.

749 2363 863 2382 marum.

118 2391 187 2428 Quo,
203 2393 266 2427 quia
280 2392 423 2428 sacrilegis
435 2392 537 2419 Christi
553 2395 706 2419 teutaverat
722 2390 807 2418 armis

117 2427 278 2462 Expugnare
293 2427 391 2460 ﬁdem,
401 2428 494 2454 divino
510 2427 620 2453 vulnere
634 2434 716 2456 cmso.

118 2461 215 2490 Fervet
233 2463 322 2490 adhuc
334 2463 403 2489 cinis
418 2463 486 2497 ipse,
502 2462 585 2488 timor
601 2469 654 2488 non
669 2469 771 2497 parvus
787 2461 901 2497 iniquis.

118 2497 186 2531 Quis
208 2498 328 2533 reliquos
344 2496 485 2530 memoret,
501 2503 570 2531 quos
582 2497 638 2531 jam
660 2496 734 2566 dedit
755 2501 837 2530 atque
855 2496 903 2557 qa-

736 2539 814 2557 urum
830 2539 859 2558 es

724 2535 814 2557 turum
830 2535 872 2558 est

117 2567 289 2595 Conuubium
305 2567 418 2598 mundo.
437 2566 579 2594 mendacia
594 2565 676 2593 verba
690 2565 845 2600 loquentes,

118 2602 260 2635 Versutos,
277 2602 355 2629 lmda:
373 2602 522 2629 maculatos
539 2601 653 2629 crimine
670 2601 761 2633 caedis,

117 2637 170 2665 Ore
182 2644 315 2665 venenato
328 2637 448 2672 perjuria
463 2637 524 2664 dira
539 2640 690 2668 vomentes,

116 2672 261 2708 Raptores,
279 2671 444 2706 thalamique
457 2672 537 2699 alieni
551 2671 764 2708 jura‘tcrentes?

116 2705 294 2743 Perspicuum
315 2705 450 2743 siquidem
469 2712 510 2734 est
530 2706 647 2743 cunctis,
666 2706 738 2743 quod
760 2705 850 2743 pulvis
871 2710 902 2732 ut.

117 2739 230 2770 Excedit
244 2739 369 2774 numero,
384 2743 423 2769 sic
436 2742 526 2775 justos
539 2741 618 2768 turba
635 2739 768 2767 malorum
789 2739 899 2776 [aurum

117 2778 270 2813 ljfxsuperat
288 2787 294 2804 :
318 2785 369 2804 nec
385 2778 464 2813 enim,
475 2777 574 2804 similis
590 2776 711 2802 calcatur
725 2775 849 2813 utrisque

117 2810 238 2844 Semita;
263 2820 381 2848 namque
404 2812 482 2848 malis
505 2819 589 2848 prona
610 2815 651 2838 est
674 2814 757 2848 atque
778 2810 900 2848 undique

117 2847 240 2878 Diﬂieilis
255 2844 351 2877 contra
358 2847 454 2884 justis.
471 2844 621 2878 salebrosa,
636 2844 761 2875 mole-ita.
800 2844 873 2877 [lusa
890 2856 898 2872 :

917 2221 940 2250 Β
954 2215 1014 2248 Quo
1035 2216 1063 2242 tit
1079 2220 1109 2242 ut
1127 2215 1253 2250 egregios
1269 2216 1392 2243 homines
1408 2224 1505 2243 manus
1520 2216 1602 2250 impia
1620 2217 1735 2245 multum

954 2250 1116 2286 lassnperet.
1134 2251 1211 2283 Quod
1224 2251 1245 2278 si
1258 2251 1291 2278 de
1306 2254 1331 2278 te
1348 2251 1448 2278 sentire
1465 2252 1580 2286 superbe

952 2285 992 2321 Oh
1009 2286 1130 2312 sobolem
1145 2286 1253 2313 tandem
1269 2294 1372 2316 cesses.
1392 2285 1530 2321 vitamque
1548 2294 1666 2321 superno

952 2320 1131 2356 gonjunctam
1149 2322 1204 2356 regi
1220 2328 1343 2348 mancam
1359 2320 1548 2356 inlirmamque
1564 2320 1671 2354 vocare,

953 2354 1003 2391 l_lie
1021 2356 1102 2382 linem
1118 2354 1215 2382 faciam
1231 2364 1238 2388 ;
1255 2356 1364 2383 dubiam
1383 2356 1432 2382 tibi
1450 2354 1562 2391 carpere
1577 2356 1683 2383 laudem

951 2389 1011 2416 Jam
1026 2391 1127 2425 liceat;
1146 2398 1196 2418 nec
1211 2391 1283 2418 enim
1302 2395 1411 2418 terreno
1427 2390 1479 2417 lilia
1492 2389 1561 2425 patri

953 2425 1073 2460 invideo.
1093 2424 1189 2452 Verum
1204 2426 1226 2452 si
1243 2433 1350 2452 summo
1364 2430 1427 2452 nata
1444 2424 1566 2460 parente,

952 2459 1022 2495 Xilia
1045 2460 1168 2487 mirilicis
1183 2460 1304 2495 praefers,
1321 2459 1472 2494 primisque
1488 2459 1619 2492 secunda,

952 2494 1021 2522 Vera
1046 2496 1154 2530 quidem
1178 2494 1230 2522 tibi
1251 2495 1325 2522 dicta
1350 2495 1439 2528 dabo,
1464 2495 1512 2522 sed
1534 2499 1642 2565 acfrba.
1667 2495 1734 2528 Quis

954 2563 976 2565 η
1414 2564 1418 2565 γ
1581 2538 1700 2563 unquam

1581 2538 1700 2563 unquam

954 2563 1011 2591 Hoc
1028 2565 1119 2591 animo
1135 2565 1219 2596 novit,
1233 2566 1338 2599 justum
1355 2564 1504 2599 producere
1518 2563 1635 2592 natum?

952 2599 1011 2632 Qua
1027 2608 1124 2627 rursus
1141 2600 1284 2634 quisquam
1299 2601 1386 2635 possit
1400 2600 1503 2627 ratione
1515 2607 1610 2635 creare

951 2635 1109 2662 Deformem
1125 2636 1221 2662 vitiis?
1236 2635 1270 2662 ab
1290 2635 1406 2669 imagine
1422 2635 1509 2669 pictor
1526 2634 1649 2662 eamdem

950 2669 1090 2697 Pieturam
1104 2670 1179 2697 ducit
1195 2679 1201 2696 :
1219 2671 1320 2704 plastes
1338 2678 1392 2697 non
1406 2670 1516 2704 dispare
1529 2669 1616 2696 forma

950 2704 1123 2739 Propositum
1139 2706 1225 2732 reddit
1240 2705 1353 2732 fortnam
1371 2714 1377 2732 :
1395 2705 1575 2740 manibusque
1593 2704 1699 2739 peritis,

949 2740 1067 2774 Quoquo
1082 2747 1160 2768 mens
1177 2740 1281 2770 tulerit.
1297 2743 1440 2767 tractatum
1454 2740 1564 2767 ducitur
1580 2747 1675 2766 aurum
1691 2749 1699 2774 ς

948 2774 1041 2810 Exque
1059 2776 1129 2802 bono
1145 2780 1261 2810 segetem
1277 2775 1381 2802 telluris
1394 2776 1484 2806 cultor
1498 2775 1617 2809 opimam

949 2810 1058 2837 Semine
1078 2811 1148 2839 terre
1166 2810 1242 2843 solet,
1257 2818 1306 2838 nec
1320 2818 1395 2845 spem
1407 2811 1530 2845 deplorat
1545 2810 1663 2838 inanem.

947 2846 997 2872 Ast
1011 2846 1128 2880 homini,
1144 2846 1275 2881 quidnam
1287 2845 1360 2882 jacta
1377 2849 1497 2874 semente
1515 2845 1628 2878 creabit,
