1937 3055
109 165 157 192 5lil

111 225 242 261 Ιέὑπεῦἱην
255 225 390 260 λοχόωσιν
406 226 467 260 ἄγει
482 226 569 260 λόγος.
585 225 618 253 Οἱ
635 226 662 252 δὲ
680 227 816 259 κάκιστοι,

110 269 218 296 Μᾶλλον
236 269 374 306 συζυγίῃς.
391 271 425 296 Ἦ
444 271 497 306 γὰρ
512 271 591 297 πλέον
608 271 701 298 ἐνθάδε
715 272 812 305 τίκτει,

110 317 162 343 515
179 317 234 342 Καὶ
246 316 356 351 κόσμοιο
373 317 480 352 ῥέοντος
491 317 636 352 ὁμόστολος
654 316 718 354 ἧλος
736 318 816 354 ἔραζε

109 364 201 398 Σὰρκα
218 362 296 394 δέων,
308 362 396 398 ψυχήν
410 371 442 401 τε
452 363 526 390 κάτω
543 363 672 399 βρίθουσα
690 364 827 400 μολυϐδὶς,

109 409 164 435 Καὶ
176 408 276 444 κλῆρος
290 409 428 435 τοκέεσσιν
442 410 544 445 όμοὶῖος
557 409 650 437 ἐνθάδε
668 410 783 446 μίμνων.

151 453 220 480 Ἀλλ’
238 454 329 490 ἔμπης
341 455 442 481 τοκέων
455 455 638 490 περιδώμεθα,
656 457 692 492 μή
711 465 741 482 τε
757 456 788 482 σὺ
808 456 898 492 βάζειν

111 499 180 531 Τοὺς
193 499 321 531 ἀγαθοὺς,
336 499 406 535 ῥίψω
417 508 448 526 τε
462 500 675 532 ἀτασθαλὲοντας
689 500 785 535 ἔγωγε.

112 546 164 573 520
173 546 234 578 Τοῖς
247 545 269 572 δ’
280 545 379 578 ἄλλοις,
388 546 522 574 όππόσσον
530 547 611 581 ἁγνὸς
623 547 679 582 βίος
691 547 765 574 ἐστὶν
773 547 882 582 ἀρείων,

111 592 207 627 Γνοίης
225 600 273 618 κεν
287 591 416 627 φιλότητα
428 591 505 624 θεοῦ,
521 592 620 628 σαρκός
635 601 665 618 τε
683 592 810 628 παχείης,

111 636 284 673 Σκεψαμένη,
299 636 401 672 κόσμου
413 646 442 663 τε
454 637 534 673 φύσιν
547 637 594 664 καὶ
608 638 731 674 τέρματα
744 638 832 665 δισσά.

111 683 144 710 Et
162 683 216 718 γάρ
232 691 273 709 τοι
288 683 333 709 καὶ
347 683 443 719 μικρὸν
456 683 670 716 ἀποσκεδάσειας
681 683 795 720 ὀπωπῆς

111 729 148 754 Ἦ
159 728 250 764 λήμην
265 729 418 765 ρυπόωσαν,
431 729 478 756 ἀπ’
491 729 588 764 αὖγεος
599 730 615 765 ἢ
635 729 667 756 σύ
678 731 703 764 γ’
720 731 844 766 ὀμίχλην,

111 773 164 801 525
182 774 237 802 Καὶ
250 774 352 810 γλήνην
367 775 512 807 πετάσειας
525 776 553 807 ἐς
567 776 653 810 αὐγὰς
671 776 771 811 ἠελίοιο

359 831 500 860 Latentem

665 167 787 195 SECTIO
806 167 837 195 ll.
858 167 1021 196 POEMATA
1036 168 1204 197 MORALIA.

1687 167 1742 197 562

914 237 936 263 Α
958 228 1118 264 Ὴμετέρου,
1133 227 1247 263 καθαρῷ
1262 227 1290 253 δὲ
1305 227 1357 262 νόῳ
1370 227 1495 258 λεύσειας
1509 227 1624 258 ἅπαντα,

951 276 1029 311 Δήεις
1045 273 1193 309 παρθενίην
1211 273 1260 308 μὲν
1273 273 1336 308 ὃλην
1354 273 1481 308 ἀνάθημα
1493 274 1577 304 Θεοῖο,

951 319 1058 356 Χρυσοῦ
1073 321 1096 346 τ’
1108 319 1240 355 ἠλεκτροῦ
1256 328 1285 346 τε
1305 319 1465 354 φαάντερον,
1477 319 1517 354 ἡδ’
1534 320 1690 355 ἐλέφαντος,

950 365 1101 397 Εῠσκοπον,
1115 365 1271 396 esseom,
1291 365 1432 401 ὲΰπτερον,
1449 365 1624 402 ὑψικάρηνον,

951 411 1003 438 550
1022 410 1144 446 Κούςρην,
1159 410 1374 446 παμφανόωσαν,
1392 410 1448 437 ἄνω
1458 411 1558 446 χθονὸς,
1576 412 1738 448 ἀστήρικτον

951 457 1035 492 Γαίης
1047 457 1075 483 ἐν
1089 456 1239 490 γυάλοισιν,
1254 457 1282 482 ὲν
1300 456 1376 483 ἄστεῖ
1388 456 1410 482 δ’
1424 457 1616 493 εὐρυθεμέθλῳ

955 502 1088 537 Οὐρανίῳ,
1103 502 1150 528 καὶ
1170 502 1270 536 σαρκὸς
1283 501 1418 537 ἀπόπροθι
1432 502 1618 536 ναιετάουσαν,

952 545 1059 581 Χειρῶν
1072 545 1232 582 ἀμφοτέρων
1245 547 1277 581 τῇ
1297 545 1344 581 μὲν
1358 546 1524 582 κατέχουσαν
1540 547 1636 582 ἀγήρω

953 592 1040 627 Ζωὴν,
1061 593 1093 628 τῇ
1107 592 1128 618 δ’
1143 592 1224 628 ἑτέρῃ
1235 591 1347 618 πλοῦτον
1364 593 1411 619 καὶ
1427 592 1506 625 κῦδος
1520 593 1672 620 ἄπαυστον·

953 638 1004 665 535
1019 638 1076 673 οὐχ
1087 638 1124 669 ὡς
1135 638 1167 674 δὴ
1184 638 1324 673 φερέοικον
1338 639 1382 665 ὑπ’
1395 638 1472 674 ἄχθεῖ
1484 638 1658 674 ὀστρακόεντι

952 683 1102 710 Ἕλκουσαν
1118 684 1240 718 μογερῶς
1256 683 1338 719 ὑγρὸν
1354 683 1438 719 δέμας
1451 684 1534 719 ἴχνεσι
1549 684 1672 720 νωθροῖς,

952 729 988 755 Οὐ
1006 728 1116 764 Χριστῷ
1135 729 1181 755 καὶ
1198 729 1279 764 σαρκὶ
1293 727 1473 764 μεριζομένην
1490 728 1608 765 βασιλῆϊ,

951 776 1029 808 Οὐδὲ,
1048 776 1085 807 ὡς
1099 775 1252 811 ἀμφιὸίοισι
1266 775 1357 811 νόμος,
1371 775 1418 802 καὶ
1431 775 1527 810 χέρσον
1539 775 1653 811 ἔχουσαν

542 834 651 861 ietatem
664 834 790 861 doctrina
802 834 905 862 educit.
921 833 974 862 Sed
991 834 1103 869 pessimi
1115 833 1163 860 luti

359 866 531 904 Matrimonii
541 869 633 903 potius
649 873 712 896 sunt
726 869 809 896 fetus.
825 869 893 896 Nam
907 870 960 897 hoc
974 866 1033 896 τένο
1048 869 1134 904 magis
1149 868 1247 904 gignit,

359 902 412 930 5I5
432 902 465 929 Et
475 902 569 931 mundi
584 904 704 931 labentis
717 911 810 931 comes
820 905 915 931 clavus
931 904 1007 931 humi

359 938 478 975 garnem
492 938 663 975 devinciens,
676 939 858 975 animamque
869 936 998 967 deorsu'm
1015 939 1128 967 trahens
1142 940 1230 966 instar
1242 939 1359 975 plumbi,

360 971 394 999 Et
409 973 554 1009 haereditas
567 974 725 1009 parentibus
739 971 837 1002 similis
853 974 880 1001 in
895 974 958 1002 [iliis
978 975 1022 1002 hic
1036 982 1209 1009 permanens.

398 1008 452 1035 Sed
467 1012 557 1044 tamen
569 1008 702 1044 parentes
717 1009 870 1044 relinquam
883 1017 890 1041 ;
906 1017 957 1037 nec
969 1008 1042 1037 mihi
1052 1013 1080 1037 tu

359 1042 451 1079 Bonos
468 1043 558 1078 obiice
569 1042 616 1077 {et
632 1051 683 1078 ego
697 1042 836 1078 improbos
855 1044 1010 1079 projiciam.

359 1077 411 1115 §20
432 1078 501 1115 Aliis
512 1083 602 1115 autem
616 1077 760 1115 ex’rebu’s,
777 1077 881 1114 quanio
897 1077 1073 1114 praestantior
1087 1079 1124 1107 sit
1135 1079 1290 1115 virginitas,

359 1112 526 1147 Pcrspicies,
539 1114 562 1141 si
577 1113 624 1141 Dei
642 1121 762 1141 amorem
773 1112 801 1141 et
812 1112 913 1142 crassae
931 1116 1024 1142 carnis

362 1147 537 1184 gonsideres,
551 1156 583 1176 ac
598 1149 693 1176 mundi
707 1153 832 1176 naturam
849 1155 876 1177 et
889 1149 1026 1184 duplicem
1043 1150 1135 1177 linem.

362 1181 430 1218 Nam
443 1184 467 1210 si
483 1184 526 1211 vel
542 1184 684 1218 paululum
699 1184 837 1218 depuleris
855 1185 889 1212 ab
904 1181 994 1212 oculis

362 1217 551 1252 Lippitudinis
560 1219 666 1247 sordes.
685 1217 870 1247 aut’tenebras
884 1227 899 1246 a
914 1220 1028 1250 lumine,

362 1252 416 1280 525
430 1252 462 1279 Ει
475 1254 561 1281 aciem
577 1254 727 1282 intenderis
739 1254 767 1281 in
783 1255 850 1282 solis
865 1256 953 1282 nostri
969 1255 1074 1287 radios,

362 1288 402 1323 Ac
417 1292 508 1316 mente
523 1296 591 1323 pura
606 1290 698 1316 omnia
711 1289 884 1321 lustraveris,

364 1322 440 1350 Scies
457 1322 640 1358 virginitatem
655 1329 740 1350 totam
759 1324 813 1352 Deo
827 1332 888 1352 esse
899 1327 1102 1357 consecratam,

363 1357 438 1393 Auro
452 1362 481 1385 et
491 1357 594 1386 electro
610 1358 824 1393 splendidiorem
837 1364 864 1386 et
876 1360 970 1392 ebore,

363 1392 540 1429 Prudentem,
552 1392 688 1427 serenam,
705 1395 801 1429 pennis
812 1395 940 1425 celerem,
956 1394 1058 1421 vertice
1071 1394 1228 1426 sublimem,

362 1428 414 1464 550
435 1428 543 1461 Levem,
562 1429 683 1464 undique
699 1427 827 1460 lucidam.
845 1434 918 1456 terra
935 1429 1091 1462 celsiorem,
1109 1429 1223 1456 minime
1233 1427 1314 1455 ﬁxam

363 1463 392 1489 In
407 1467 486 1491 terra:

521 1464 649 1497 rofundo,
667 1464 694 1491 in
706 1465 816 1492 civitate
833 1465 940 1492 caelesti

363 1498 429 1535 [.ate
446 1498 567 1531 l'undata,
586 1503 613 1527 et
631 1500 753 1534 procula
771 1507 855 1527 carne
866 1499 1020 1535 degentem.

363 1533 492 1570 illauuum
508 1535 592 1561 altera
609 1533 818 1569 amplectente“:
832 1533 1056 1570 senii‘expcrtem

364 1568 465 1600 Vitam,
481 1570 566 1597 altera
579 1568 689 1598 divitias
709 1575 736 1598 et
755 1570 869 1604 gloriam
887 1578 942 1597 non
953 1568 1128 1603 'desituram;

363 1604 416 1642 {$35
430 1604 547 1642 illinime
555 1612 630 1636 vero,
645 1605 724 1642 quasi
738 1605 848 1642 domum
860 1613 938 1632 suam
953 1605 1010 1642 sub
1017 1608 1137 1633 testaceo
1149 1605 1268 1641 pondere
1280 1610 1410 1642 gestaret,

365 1639 452 1675 l’igris
465 1639 592 1674 passibus
605 1639 706 1675 corpus
719 1640 860 1668 humidum
872 1647 944 1675 aegre
959 1640 1125 1673 trahentem,

366 1674 476 1702 Minime
493 1675 608 1703 divisam
624 1676 694 1703 inter
705 1675 807 1703 Christi
820 1679 847 1704 et
861 1674 953 1703 carnis
972 1675 1158 1703 dominatum:

364 1710 467 1745 Neque,
484 1714 513 1737 ut
525 1710 673 1746 amphibiis
691 1718 750 1739 mos
764 1714 818 1744 est,
835 1714 864 1738 et
874 1711 903 1738 in
917 1715 990 1739 terra
1001 1711 1154 1746 degentem,

151 1769 203 1797 513
219 1771 249 1796 οι
262 1768 296 1794 δὲ
310 1768 457 1803 κάλω-τρι.
473 1766 526 1796 lnt.
543 1767 626 1803 Coisl.
643 1767 830 1803 βλαστήματα.

155 1804 206 1831 517
226 1803 396 1831 Τοκέεσσιν.
414 1802 460 1830 Sic
474 1806 530 1830 tres
545 1802 628 1837 Regg.
640 1807 666 1830 et
679 1802 764 1830 Coisl.
781 1803 827 1837 qui
840 1810 901 1837 sup.

155 1810 204 1831 5H
226 1810 401 1843 'lyxeeo'o'tr._
414 1810 460 1830 διο
474 1810 530 1843 tres
545 1810 628 1837 negg.
640 1810 666 1830 et
679 1810 764 1830 uersi.
781 1811 827 1837 qui
840 1810 901 1864 sup.

119 1839 166 1866 lin.
178 1847 296 1873 γονευσι.
311 1838 379 1865 Male
396 1846 423 1865 tn
442 1837 507 1865 edit.
523 1838 673 1864 τεκέεσσιν.
693 1837 750 1870 Quo
764 1838 793 1872 ﬁt
810 1843 838 1864 ut
852 1838 871 1872 ﬁ
885 1840 903 1864 εἰ

118 1875 193 1909 quasi
209 1874 376 1900 ha'redilario
393 1873 454 1909 jure
466 1873 616 1909 parentibus
631 1873 729 1900 similes
742 1874 783 1899 hic
797 1881 902 1907 perma-

119 1883 193 1909 quasi
209 1882 376 1900 Ita'reauarto
387 1882 454 1935 ἐπι-ε
466 1882 616 1907 parenttutts
631 1882 729 1900 unum;
742 1882 783 1899 lllC
797 1882 902 1907 perma-

119 1915 203 1936 neant.
232 1909 293 1936 Haec
305 1917 370 1943 ergo
413 1907 510 1943 regorii
529 1908 676 1940 sententia,
693 1914 820 1943 parentes
843 1908 902 1942 glo-

120 1946 184 1971 riari
203 1952 257 1971 non
269 1944 368 1971 debere
381 1945 415 1971 de
434 1943 506 1975 ﬁliis,
519 1951 582 1971 cum
597 1947 651 1969 tant
667 1943 800 1970 malorum
819 1951 902 1977 quam

119 1980 254 2006 honorum
270 1984 397 2014 parentes
408 1979 473 2007 sint.

155 2015 206 2042 5l8
225 2013 349 2041 Τοκέων.
367 2014 488 2042 Combel’.
510 2013 574 2049 legit
591 2016 699 2049 τεκέων
708 2013 770 2048 πέρι
784 2013 904 2048 δωμεθα,

119 2053 147 2076 et
160 2050 241 2077 vertit
254 2058 260 2076 :
276 2049 373 2076 Demus
387 2050 434 2076 hoc
451 2047 578 2079 nobisfut
589 2057 634 2076 nec
650 2053 677 2084 tu
691 2047 781 2080 bonos,
798 2047 844 2084 nec
858 2056 904 2084 ego

121 2084 206 2111 malos
218 2092 436 2116 commemorem;
453 2088 547 2119 postea
565 2088 653 2119 tamen
669 2083 734 2118 legit
752 2084 809 2118 ipse
823 2083 904 2110 Com-

121 2119 252 2147 beiisius:
275 2119 377 2146 τοκέων
404 2118 586 2154 περιδώμεθα.
614 2118 718 2146 Sensus
740 2118 904 2154 vrrgiuitatis

122 2154 166 2181 hic
185 2159 237 2185 est.
254 2155 340 2190 inquit
358 2153 462 2186 Billius,
484 2153 530 2190 qui
547 2154 610 2188 legit
626 2153 727 2180 τοκέων
744 2161 750 2168 ·
770 2153 903 2190 Quoniam

121 2190 191 2216 vides
207 2195 231 2217 te
253 2190 379 2216 bonorum
397 2190 511 2217 virorum
533 2190 577 2224 qui
598 2196 630 2215 ex
650 2193 675 2225 te
693 2189 815 2225 prognati
830 2193 902 2219 sunt,

122 2224 214 2252 laudes
230 2225 363 2252 vindicare
379 2233 430 2252 non
441 2233 526 2259 posse,
545 2224 609 2259 quin
626 2223 717 2250 eadem
731 2223 834 2250 ratione
848 2231 905 2250 tce-

953 1769 1098 1796 leratorum
1109 1767 1245 1795 hominum
1261 1768 1358 1803 probra
1375 1768 1401 1794 in
1418 1773 1441 1794 te
1450 1767 1563 1795 recidere
1573 1777 1675 1796 necesse
1687 1771 1737 1801 sit;

952 1811 1000 1838 age
1017 1804 1065 1830 hoc
1081 1804 1150 1830 inter
1165 1812 1212 1830 uos
1227 1804 1405 1838 paciscantur,
1418 1807 1446 1829 ut
1465 1811 1510 1830 nec
1527 1808 1554 1830 tu
1571 1803 1651 1831 bona:
1670 1806 1738 1831 viros

952 1839 979 1865 in
994 1839 1107 1865 medium
1120 1839 1251 1874 profertis,
1266 1846 1311 1865 nec
1328 1847 1373 1872 ego
1388 1838 1528 1874 sceleratos
1545 1838 1591 1865 tibi
1603 1840 1737 1874 objiciunt.

987 1873 1040 1900 519
1060 1874 1152 1908 Ῥίψω
1162 1882 1203 1900 τε.
1218 1873 1285 1909 Reg.
1304 1873 1365 1909 993.
1384 1873 1505 1909 ῥίψωρέ.

988 1909 1040 1936 520
1058 1907 1242 1936 'Ormdao’or.
1262 1907 1299 1935 lta
1311 1907 1389 1943 Reg."
1400 1908 1530 1943 39.7Edit.
1544 1908 1650 1935 ὁπόσον.

988 1944 1036 1980 521
1048 1945 1188 1978 Πυχεὶης.
1199 1943 1235 1980 l_ta
1247 1943 1300 1970 duo
1309 1942 1391 1978 Rrgg.
1403 1947 1430 1970 et
1440 1942 1524 1971 Coisl.
1534 1943 1604 1970 Edit.
1616 1943 1736 1980 βαρείης.

988 1979 1041 2006 5‘25
1057 1981 1112 2006 Tot.
1132 1980 1189 2005 Duo
1202 1978 1286 2014 Regg.
1301 1987 1338 2005 τι.

988 2014 1038 2040 52f}
1051 2015 1206 2046 Λεύσειας.
1225 2013 1333 2040 Ιιιίιι-οε
1351 2013 1433 2048 Regg.
1452 2013 1522 2041 Edit.
1537 2013 1655 2045 λύσειας.

988 2049 1040 2076 527
1060 2049 1214 2083 Ἀνάθημα.
1232 2048 1298 2084 Reg.
1320 2048 1382 2081 992,
1405 2048 1541 2084 ἁνάθυμα,
1563 2052 1589 2076 et
1609 2056 1669 2084 sup.
1687 2048 1736 2075 lin.

953 2083 1063 2118 ἄγαλμα
1076 2084 1175 2110 κοινόν.

987 2114 1045 2155 ὕὸὒν
1063 2119 1262 2155 Ἀστήρικτον.
1282 2117 1347 2153 Reg.
1361 2117 1423 2150 992,
1445 2114 1637 2155 ἀνισταμένην.
1652 2118 1736 2146 Coisl.

953 2162 1013 2216 aug.
1029 2154 1077 2180 lin.
1095 2154 1132 2190 μὴ
1153 2153 1311 2214 ἱσταμένῖν.

1006 2189 1036 2216 3i
1055 2190 1161 2216 Ἀστεϊ
1173 2189 1257 2216 δ’,Ιιίι
1286 2188 1311 2215 le

1006 2189 1036 2216 3i
1055 2188 1161 2216 Ἀστὲϊ
1173 2189 1210 2216 δ’,
1221 2189 1257 2216 Ita
1275 2188 1376 2224 llegius
1385 2189 1430 2220 39,
1442 2188 1494 2216 992
1505 2193 1532 2216 et
1539 2188 1734 2217 Coislinianus.

953 2223 982 2250 ln
999 2224 1079 2252 editis
1094 2225 1170 2252 deest
1185 2224 1219 2252 δ’.

770 2281 935 2311 ΜΕΤΒΙίᾺ
948 2281 1097 2311 VERSIO.

122 2332 234 2360 Ferrum
250 2332 284 2359 de
298 2330 387 2368 rigido
403 2333 471 2360 solet
491 2333 580 2368 ignem
594 2331 745 2368 extundere
759 2339 839 2368 saxo,

123 2368 199 2395 Haud
212 2369 290 2395 aliter
302 2366 388 2403 pietas
405 2366 525 2398 latitans,
543 2374 669 2394 sermone
683 2366 780 2403 salutis

122 2403 231 2434 Attrita,
251 2403 277 2429 in
293 2401 413 2430 medium
431 2403 529 2438 prodit,
547 2402 675 2436 clareque
691 2401 817 2436 refulget.

123 2438 156 2465 At
173 2439 218 2473 qui
234 2439 362 2473 perl'ricta
381 2438 450 2465 facie
463 2438 553 2465 scelus
567 2445 648 2473 omne
663 2442 826 2473 sequuntur,

124 2472 192 2509 §unt
204 2472 280 2509 mage
291 2473 411 2508 conjugii
422 2483 430 2506 ;
441 2480 557 2507 namque
572 2472 623 2499 hoc
635 2473 697 2506 plus
705 2472 790 2506 gignit
800 2474 828 2499 in
838 2481 905 2506 tuo,

124 2508 156 2543 Et
170 2509 262 2535 mundi
280 2509 383 2543 fragilis
399 2509 492 2535 clavus
505 2508 650 2542 sociusque
665 2514 822 2542 comesque,

122 2542 223 2571 Clavus
234 2544 307 2570 humi
319 2542 429 2571 carnem
439 2544 586 2578 stringens,
597 2542 767 2578 animamque
778 2542 906 2571 deorsum

124 2579 230 2606 Plumhi
245 2586 320 2606 more
335 2578 457 2610 trahens,
472 2577 552 2612 atque
564 2577 653 2604 omnis
670 2585 770 2604 census
784 2578 888 2606 eisdem

124 2614 251 2641 Partibus
264 2614 297 2640 ad
314 2617 392 2640 natos
407 2613 527 2639 haeredes
543 2617 629 2638 morte
644 2617 788 2646 parentum

124 2649 269 2680 Delahens,
288 2649 350 2676 vita!
366 2656 416 2674 nec
432 2648 518 2674 limite
536 2647 642 2680 longior
656 2647 748 2682 hujus.

160 2683 259 2711 Verum
270 2683 376 2718 age,sic
384 2688 482 2714 tecum,
490 2686 576 2709 mater
587 2683 750 2718 veneranda,
759 2684 891 2718 paciscar,

126 2718 161 2746 Ut
174 2726 262 2754 neque
283 2717 310 2746 tu
325 2719 415 2753 thstos
434 2718 559 2744 homines
573 2717 724 2754 producere
746 2726 853 2753 pergas,

126 2754 186 2789 Ipsa
199 2752 249 2781 nec
263 2754 380 2788 injustos
394 2759 542 2789 memorem
558 2761 565 2779 :
579 2752 710 2779 sileantur
721 2752 836 2788 utrique.

126 2788 176 2816 Ast
188 2790 248 2816 aliis
262 2790 344 2817 rebus
359 2788 439 2815 facile
453 2791 494 2815 est
508 2794 673 2822 cognoscere
690 2795 791 2822 quanto

127 2824 237 2852 Praestet
252 2824 403 2860 virginitas,
415 2823 437 2851 si
453 2830 553 2850 crassae
567 2822 658 2860 carnis
673 2830 792 2860 amorem

129 2860 216 2894 Atque
232 2859 277 2887 Dei
290 2858 406 2894 spectes,
424 2862 550 2885 naturam
564 2858 585 2884 si
599 2858 667 2894 bene
683 2858 775 2894 mundi

131 2893 270 2928 intentius,
287 2893 365 2930 aequo
375 2894 566 2929 duplicemque
582 2893 706 2921 examine
722 2893 804 2920 linem

920 2339 940 2366 ιχ
955 2331 1127 2367 Perpendas;
1145 2339 1208 2359 nam
1224 2332 1247 2360 si
1265 2332 1366 2359 nubem
1379 2332 1542 2359 tenebrasve
1557 2333 1686 2360 molestas

956 2367 1102 2395 Tantillum
1119 2374 1151 2394 ex
1172 2367 1260 2395 oculis
1280 2368 1457 2398 discusseris,
1474 2371 1555 2401 atque
1571 2369 1704 2395 micantes

958 2402 997 2429 Ad
1011 2403 1078 2430 solis
1089 2402 1180 2429 radios
1194 2407 1303 2437 pateant
1320 2409 1365 2429 tua
1381 2402 1482 2429 lumina
1499 2403 1596 2432 nostri.

957 2436 989 2463 Et
1005 2437 1073 2465 bene
1087 2436 1202 2472 purgata
1220 2438 1379 2464 lustraveris
1390 2437 1482 2464 omnia
1498 2442 1596 2468 tuente,

956 2472 1080 2500 invenies
1093 2472 1175 2498 vitam
1188 2473 1299 2499 thalami
1314 2476 1442 2499 consorte
1453 2476 1602 2504 carentem,

958 2507 1055 2534 Totam
1070 2507 1187 2538 caelesti,
1201 2508 1259 2534 vice
1275 2507 1407 2539 muneris,
1420 2514 1482 2534 esse
1493 2507 1597 2541 parenti

957 2542 1123 2576 Appensam,
1140 2549 1312 2576 sacramque,
1328 2543 1469 2573 electrum,
1483 2549 1634 2576 aurumque
1648 2542 1738 2570 nitore

959 2577 1128 2612 Vincentem,
1145 2577 1242 2612 pennis
1254 2577 1382 2606 celerem.
1395 2577 1517 2611 mireque
1534 2584 1670 2609 serenam,

958 2611 1176 2646 Prudentemque
1193 2613 1342 2647 levemque,
1359 2612 1494 2639 excelsam
1511 2612 1621 2646 vertice,
1635 2613 1736 2639 claram

959 2647 1092 2682 Undique,
1104 2655 1158 2683 non
1169 2651 1250 2683 terrae
1264 2648 1355 2677 lixam,
1369 2647 1578 2680 immersamque
1591 2648 1735 2683 profundo.

959 2683 1087 2710 Aitherea
1103 2682 1150 2710 sed
1167 2682 1192 2708 in
1212 2682 1277 2709 urbe
1289 2683 1442 2717 proculque
1451 2689 1466 2708 a
1477 2689 1559 2709 carne
1571 2687 1736 2714 manentem,

959 2718 1059 2745 Dextra
1075 2717 1275 2751 amplexantem
1289 2716 1403 2750 cauum,
1421 2716 1560 2751 vitamque
1573 2723 1690 2745 senecta:

963 2753 1095 2792 ignaram,
1114 2752 1233 2792 laevaque
1248 2753 1440 2792 manu_decus_,
1457 2759 1537 2792 atque
1552 2760 1686 2792 perennes

963 2786 1085 2818 Divitias,
1102 2795 1155 2814 non
1173 2790 1291 2814 testaceo
1302 2787 1352 2815 sub
1364 2786 1480 2822 pondere
1495 2786 1575 2815 lentis

961 2822 1092 2850 Passibus
1105 2822 1130 2849 in
1147 2829 1248 2848 morem
1266 2821 1424 2856 domiportaa
1438 2823 1558 2850 membra
1574 2821 1736 2854 trahentem,

961 2857 1018 2884 Non
1031 2857 1121 2885 carnis
1132 2857 1286 2891 Christique
1297 2857 1377 2884 simul
1391 2856 1517 2884 mandata
1533 2861 1701 2892 sequentem,

961 2892 1030 2924 Non,
1047 2892 1272 2927 velutamphibiis
1286 2900 1345 2920 mos
1361 2896 1412 2925 est,
1432 2893 1461 2920 in
1478 2891 1605 2921 mollibus
1622 2891 1703 2919 undis
