1937 3055
226 151 280 178 567

227 210 257 236 Εἰ
270 209 325 246 γὰρ
335 208 485 236 όῖστεύσειε
499 207 563 243 τεὴν
578 207 667 242 φρένα
685 206 800 242 Χριστὸς
812 208 925 240 ἄνωθεν,

226 255 282 282 Καὶ
298 255 421 290 μεσάτην
437 253 568 289 τρώσειεν
580 252 744 287 ἀναψύχοντι
762 252 894 289 βελέμνῳ,

227 301 279 328 590
304 300 490 336 Ἀμφοτέρους
526 308 573 326 κεν
609 299 713 335 ἔρωτας
753 299 930 326 ἑποπτεύουσ’
955 300 1019 326 ἐκά-

863 346 981 383 [τερθεν,

226 394 321 429 Γνοίης
334 393 447 428 κέντρον
461 392 577 424 ἄνακτος
587 392 650 418 ὅσον
663 392 869 428 γλυκερώτερόν
881 394 950 421 ἐστι.

261 440 293 466 Τί
308 439 404 472 πλέον;
417 439 539 474 υἱήεσσιν
554 438 749 473 ἀναχλοὰζουσι
768 438 866 473 τοκῆες

225 486 394 522 Γηροκόμοις
405 506 412 517 ,
427 486 516 520 ἀλόχῳ
526 493 556 511 τε
572 485 667 516 πόσις,
685 483 781 520 ἄλοχός
795 493 825 511 τε
842 484 948 521 ἀκοίτῃ.

226 533 309 559 Ξυναὶ
321 532 343 559 δ’
356 531 521 568 εὐφροσύναι
536 539 576 564 τε,
593 531 641 557 καὶ
656 530 740 564 ἄλγεα
752 531 799 557 καὶ
815 530 963 566 μελεδῶναι

226 577 279 606 595
301 577 493 613 Κουφότεραι,
531 575 660 607 σκάζοντι
693 575 722 602 δέ
758 584 801 607 τις
826 575 932 611 βεϐαὼς
955 575 1016 611 μέγ’

841 619 978 656 [ἔρεισμα.

225 666 317 703 Αὐτὰρ
332 667 393 702 ἐμοὶ
405 666 498 698 τοκέες
515 666 575 702 μὲν,
593 666 650 693 ὅσοι
666 666 748 694 καλὸν
763 665 928 700 ὲξεδίδαξαν,

225 713 322 745 Παῖδες
340 714 373 746 δ’,
390 713 437 745 οὓς
450 712 567 745 ἐδίδαξα.
589 712 727 748 Ὁμόζυγα
740 713 763 740 δ’
777 711 832 740 οἷον
846 713 966 749 ἐδέγμην

225 759 353 794 Χριστὸν,
373 758 402 790 ὃς
415 758 535 793 ἀζυγέας
551 758 775 793 προσπτύσσεται
790 759 883 796 ἔξοχον
900 759 999 792 ἄλλων,

225 807 256 833 Εἰ
274 806 320 832 καὶ
332 806 399 832 πᾶσι
413 805 489 841 πάγη
502 825 509 838 ,
526 805 644 842 σταυρόν
659 806 683 832 τ’
697 805 743 832 ἐπὶ
754 805 859 838 πάντας
873 805 975 842 ἅειρεν,

568 147 596 175 S.
616 141 781 175 GREGORII
799 147 924 175 THEOL.
945 147 1130 176 CARMINUM
1151 147 1252 174 LIBER
1269 147 1289 174 1.
1307 147 1538 176 THEOLOGICA.

1807 150 1860 179 563

1031 211 1052 239 Α
1068 207 1120 235 600
1133 204 1167 243 ᾯ
1180 207 1227 234 καὶ
1242 207 1432 242 καγχαλόωσα,
1452 208 1498 234 καὶ
1511 207 1543 243 ἦν
1556 207 1696 244 ἀποθύμια
1710 209 1806 246 βάλλῃ,

1068 255 1175 291 Χαίρω,
1194 255 1240 281 καί
1260 263 1293 289 με
1306 254 1413 290 τίθησιν
1433 254 1621 291 ὲλαφροτέρην
1637 256 1684 282 καὶ
1697 256 1769 293 ἀνίῃ,

1073 303 1118 334 Ὠς
1133 301 1234 337 χρυσὸν
1247 301 1367 336 χοάνοισι
1380 300 1578 336 καθαιρόμενον
1594 302 1746 336 ῥυπόωντα.

1068 346 1250 383 Σωφροσύνης
1265 346 1286 373 δ’
1301 346 1335 381 ῆν
1349 346 1390 372 σοί
1401 355 1432 380 γε
1442 347 1530 380 γάμος
1543 346 1592 373 καὶ
1604 346 1703 382 δεσμὸς
1716 347 1817 383 ἐέργει,

1065 393 1123 428 Τῆς
1146 392 1195 428 μὲν
1211 391 1281 426 ἐγὼν
1291 392 1322 418 οὐ
1341 391 1442 428 σάρκα,
1463 391 1550 426 Λόγον
1564 392 1586 418 δ’
1601 392 1747 428 ἐπίκουρον
1759 392 1857 428 ἔθηκα,

1065 439 1118 467 605
1131 439 1187 466 Καὶ
1197 438 1290 472 πόθον,
1301 438 1331 470 ὃς
1345 438 1468 474 κρατέων
1480 437 1619 474 ἀλλότριον
1630 439 1706 470 ἐκτὸς
1715 439 1822 475 ἔθηκεν,

1066 486 1114 516 ’Ὧς
1127 494 1169 517 τις
1181 484 1387 520 ὲλαφροτέροισι
1406 483 1476 511 λέων
1489 483 1619 519 θήρεσσιν
1632 484 1757 517 ἐπιστάς.

1066 532 1171 567 Σάρκες
1182 530 1237 566 γὰρ
1253 529 1408 557 τελέθουσιν
1422 529 1573 565 ὁμόφρονες
1591 530 1621 556 ὲν
1638 529 1769 557 παθέεσσι
1779 539 1785 545 ·

1066 577 1190 605 Τοῦνεκα
1205 577 1252 603 καί
1264 577 1314 602 τιν’
1328 576 1402 603 ἴσασι
1415 576 1509 611 φέρειν
1521 576 1601 611 χάριν
1611 575 1752 611 ἀλλήλῃσι.

1101 623 1148 650 Σοὶ
1160 621 1270 658 βέϐριθε
1280 621 1416 657 τράπεζα,
1426 620 1530 656 τρύφος
1537 620 1560 647 δ’
1568 621 1581 647 ὲ
1585 621 1618 656 μὲ
1628 620 1725 656 μικρὸν
1732 620 1859 657 ἔθρεψεν,

1066 668 1118 696 610
1136 669 1181 700 Ὠς
1198 668 1245 695 καὶ
1269 666 1390 703 χιλιάδας
1413 667 1532 703 Χριστὸς
1559 667 1645 702 μέγας
1664 666 1693 694 ἓν
1711 667 1770 693 ποτ’
1792 667 1860 703 ὲρή-

1735 712 1820 748 [μοις.

1066 761 1112 788 Σοὶ
1127 760 1209 787 ποτὸν
1226 760 1380 796 ἡμερίδων,
1394 759 1425 786 τὺ
1439 759 1463 786 δ’
1479 758 1545 794 ὲμὺν
1564 758 1631 794 μέθυ
1648 757 1773 785 πλούσιον
1790 758 1859 791 αἰεὶ,

1065 807 1186 843 Κρῆναι,
1207 807 1255 834 καὶ
1271 807 1401 842 ποταμοὶ,
1412 806 1460 834 καὶ
1472 805 1588 842 φρείατα
1607 804 1701 840 μακρὰ
1717 805 1821 833 νάουσι.

463 909 532 937 Nam
557 910 581 938 si
599 913 695 946 pectus
712 913 796 946 tuum
815 917 830 938 e
855 910 925 938 coelo
942 910 1069 938 vulneret
1084 910 1225 944 Christus,

465 946 559 980 Teque
585 946 704 973 mediam
733 945 917 981 refrigerante
931 946 985 973 telo
1000 947 1156 981 transﬂgat,

464 981 517 1008 590
536 981 664 1008 Amorem
683 984 833 1015 utrumque
847 981 995 1016 separatim
1009 982 1202 1016 considerans,

465 1015 578 1052 Videbis
593 1020 696 1051 quanto
717 1016 826 1052 dulcius
848 1015 886 1043 sit
905 1017 978 1052 regis
996 1018 1144 1052 spiculum.

499 1051 570 1089 Quid
596 1051 733 1086 amplius?
753 1051 816 1079 ﬂliis
842 1051 1019 1089 senectutem
1037 1052 1203 1086 foventibus,
1220 1057 1349 1089 parentes

470 1085 673 1119 Reﬂorescunt,
693 1090 720 1114 et
737 1094 824 1113 uxore
843 1087 969 1118 maritus,
991 1092 1018 1115 et
1033 1096 1102 1115 uxor
1124 1085 1235 1118 marito'.

471 1121 635 1157 communia
660 1127 724 1149 sunt
743 1122 854 1157 gaudia,
873 1126 900 1150 et
922 1123 1055 1150 molestia:
1069 1131 1101 1150 ac
1118 1132 1192 1151 cura:

471 1156 525 1195 $95
544 1156 672 1195 [feviores
687 1156 762 1190 sunt,
778 1160 806 1184 et
821 1158 988 1195 claudicanti
1004 1166 1132 1193 magnum
1156 1160 1313 1195 praesidium
1328 1161 1375 1195 qui
1400 1165 1474 1188 recte
1494 1161 1629 1195 graditur.

470 1192 506 1228 At
518 1192 585 1228 mihi
599 1197 725 1227 parentes
746 1197 822 1228 sunt,
839 1193 999 1228 quicunque
1015 1192 1144 1222 virtutem
1156 1192 1345 1228 edocuerunt;

471 1227 505 1267 Et
523 1227 568 1267 lilii
588 1235 658 1262 quos
674 1228 783 1267 edocui.
804 1227 966 1267 Comparem
982 1233 1082 1267 autem
1094 1231 1184 1267 solum
1197 1232 1292 1267 accepi

471 1262 624 1299 Christum,
642 1263 699 1299 qui
711 1263 820 1290 caelibes
837 1262 973 1298 praecipue
994 1265 1198 1299 complectitur,

471 1297 604 1334 Quamvis
617 1297 746 1334 omnibus
760 1297 851 1334 rnatu’s
870 1303 898 1325 et
915 1297 1023 1326 crucem
1044 1297 1093 1334 pro
1108 1302 1236 1329 omnibus
1251 1301 1404 1329 sustulerit.

469 1332 602 1369 6000110
625 1333 735 1368 quidem
759 1333 913 1361 iaztabunda
935 1332 1052 1369 gaudeo,
1075 1337 1185 1364 etiamsi
1201 1337 1317 1365 molesta
1344 1337 1371 1364 in
1389 1344 1432 1364 me

469 1368 616 1402 Conjiciat,
640 1376 683 1396 me
707 1369 790 1404 etiam
814 1377 862 1404 per
882 1368 1029 1397 mon-orem
1047 1371 1157 1404 allevat,

469 1403 663 1441 Velutaurum
683 1403 711 1431 in
726 1403 837 1431 fornaée
853 1405 981 1441 sordibus
998 1403 1192 1441 expurgatum.

468 1438 612 1466 Pudicitiae
632 1443 735 1472 autem,
755 1447 838 1473 quam
862 1440 890 1467 in
916 1445 943 1467 te
965 1438 1172 1468 ιιιιιιιῖιιιίῖιιίιιιιι
1194 1446 1221 1470 et
1235 1442 1377 1470 vinculum

469 1474 614 1512 Coercent,
636 1482 693 1501 non
712 1481 822 1512 carnem
839 1482 900 1510 ego,
913 1475 974 1512 jsed
993 1475 1112 1503 Verbum
1131 1477 1285 1512 adjutorem
1302 1478 1400 1509 habeo,

467 1509 520 1545 (ξρὸ
540 1510 573 1536 Ει
588 1517 720 1541 amorem,
738 1509 798 1545 qui,
818 1517 880 1536 cum
904 1510 1071 1543 dominatur,
1091 1509 1212 1539 alienum
1229 1513 1365 1545 eliminat,

471 1543 552 1580 Velut
568 1545 610 1572 leo
625 1544 822 1572 inﬁrmioribus
838 1545 936 1573 belluis
956 1547 1165 1580 superveniens.

469 1579 627 1607 Concordes
642 1581 715 1607 enim
730 1586 794 1608 sunt
807 1588 904 1608 carnes
922 1581 950 1607 in
967 1579 1049 1608 animi
1069 1583 1173 1610 morbis
1194 1592 1201 1610 :

470 1614 565 1652 Qu_are
582 1615 707 1652 aliquant
725 1622 753 1652 a7
767 1623 797 1643 se
822 1616 938 1643 invicem
959 1617 1075 1652 gratiam
1103 1623 1204 1645 norunt
1228 1618 1310 1646 inire.

505 1649 566 1677 Tibi
581 1649 677 1678 mensa
691 1650 810 1685 dapibus
832 1655 945 1678 onerata
959 1649 972 1678 ἶ
984 1652 1132 1679 frustulum
1146 1661 1190 1680 me
1213 1654 1310 1685 nutrit,

469 1684 523 1721 ριυ
544 1685 578 1712 Ut
595 1686 680 1712 millia
703 1684 769 1712 olim
787 1693 904 1721 magnus
921 1686 1051 1715 Christus
1073 1688 1100 1715 in
1116 1689 1227 1716 deserto
1244 1684 1323 1716 aluit.

468 1720 641 1760 Iihi‘poAtum
657 1721 726 1760 vites
741 1720 934 1760 suppeditant;
951 1730 1040 1760 meum
1061 1731 1166 1760 merum
1189 1732 1297 1759 semper
1319 1724 1463 1760 copiosum
1485 1727 1539 1756 est,

467 1755 642 1792 332-333
662 1755 912 1791 Fontes,’ﬂumina,
929 1758 1003 1792 putei
1020 1758 1132 1794 largiter
1151 1759 1250 1786 ﬂuunt.

257 1858 309 1886 588
324 1858 358 1885 El
368 1859 424 1893 γὰρ
434 1859 612 1895 ὀϊστεύσειε.
626 1859 692 1888 Vide
703 1860 787 1894 infra,
799 1862 847 1888 lib.
862 1871 892 1894 ιι,
907 1866 975 1889 sect.
986 1862 1014 1895 ‘2,

220 1901 310 1930 poem.
326 1903 373 1932 vn,
394 1894 428 1921 ad
447 1894 612 1932 Nemesium,
633 1904 659 1924 ν.
675 1897 710 1924 53
729 1901 756 1924 et
779 1905 870 1932 seqq.,
898 1898 944 1925 ubi
966 1897 1013 1925 isti

219 1937 317 1966 versus
333 1930 430 1957 iterum
446 1931 586 1966 leguntur.

255 1964 308 2002 592
331 1964 484 2002 Υἰήεσσινς
503 1965 552 2002 illa
581 1966 701 2001 postulat
725 1972 843 1994 metrum
862 1977 868 1995 :
890 1968 1013 2002 alioquin

220 1999 350 2039 εἱέεσσιν,
366 2001 489 2039 (Sombef.
503 1999 800 2038 Μοι,’ἁναχλοάζουσι.
816 2002 874 2030 Duo
888 1999 972 2039 Regi.
987 2006 1015 2030 et

220 2035 304 2063 Coisl.
321 2036 530 2071 ἀναχλοὰσουσι.

256 2071 308 2098 599
334 2072 395 2099 Ἐπὶ
413 2071 538 2105 πάντας.
557 2071 603 2100 Sic
619 2071 673 2100 duo
687 2072 785 2109 Regg.,
797 2073 875 2109 Chig.
889 2078 917 2101 et
927 2073 1012 2100 Coisl.

1063 1860 1207 1924 ὲὲξιπᾶσι.
1229 1860 1301 1895 Mox,
1318 1862 1452 1889 ἐϐάστασε
1469 1869 1519 1896 pro
1534 1861 1635 1896 ἄειρεν,
1657 1860 1731 1896 quod
1754 1860 1860 1890 habent

1063 1904 1078 1924 e
1101 1905 1105 1923 I
1124 1917 1130 1923 .

1063 1897 1130 1924 edit.

1098 1931 1152 1959 600
1172 1933 1290 1967 Βάλλῃ.
1309 1932 1368 1960 Duo
1382 1932 1467 1967 Regg.
1488 1935 1516 1959 et
1529 1931 1614 1958 Coisl.
1637 1931 1738 1966 βάλλοι.

1098 1967 1151 1994 605
1173 1969 1310 2001 Ἕθηκεν.
1324 1967 1389 2003 Reg.
1404 1969 1439 1995 '59
1451 1971 1478 1994 et
1492 1967 1710 2003 Coisl.f‘akadvst.

1099 2003 1151 2030 608
1177 2003 1369 2037 Ἄλλήλῃσιν.
1385 2003 1451 2038 Reg.
1466 2003 1500 2038 59
1517 2002 1667 2038 ἀλλήλαισι.

1100 2038 1153 2064 612
1173 2038 1297 2072 Κρῆναι.
1320 2038 1366 2065 Sic
1383 2037 1462 2066 lloin.
1482 2037 1564 2064 Iliad.
1578 2037 1637 2069 'xxt,
1651 2037 1711 2064 l97.
1730 2038 1786 2064 Καὶ
1800 2039 1859 2066 πᾶ-

1065 2082 1109 2100 σαι
1124 2074 1233 2110 κρῆναι⁷
1253 2074 1300 2100 καὶ
1314 2074 1430 2109 φρείατα
1446 2073 1540 2109 μακρὰ
1552 2073 1656 2100 νάουσι.

874 2174 1042 2204 METRICA
1056 2174 1206 2204 VERSIO.

219 2278 341 2312 Fugerit,
353 2278 492 2313 extemplo
505 2278 629 2306 divinum
648 2279 753 2313 linquet
768 2286 902 2307 amorem.

219 2313 298 2347 Quod
309 2313 331 2339 si
346 2317 372 2340 te
385 2321 484 2349 supera
498 2313 625 2342 Christus
641 2315 783 2349 transiigat
799 2314 833 2341 ab
847 2322 922 2348 arce,

219 2350 308 2384 Atque
319 2348 462 2375 salutifera
480 2354 604 2384 penetret
617 2353 663 2376 tua
679 2350 762 2376 corda
774 2349 886 2383 sagitta,

220 2383 425 2419 Sejunctimque
441 2383 510 2412 duos
524 2386 591 2412 bene
607 2385 802 2419 contempleris
819 2392 935 2412 amores.

219 2419 349 2455 Dmtinus
361 2427 495 2454 agnosces
510 2425 613 2455 quanto
628 2428 675 2447 rex
689 2428 813 2447 summus
826 2421 944 2447 amantis

219 2453 332 2491 Dulcius
346 2453 503 2482 exstinmlet
518 2453 624 2491 pectus,
644 2459 819 2489 mentemque
837 2455 953 2482 beatam.

254 2489 325 2526 Quid
339 2491 480 2524 sequitur?
494 2489 567 2519 natis
576 2491 684 2518 senium
696 2491 861 2518 curantibus
874 2498 988 2526 aegrum,

218 2524 326 2551 Canitie
342 2525 442 2559 posita,
460 2533 557 2554 rursus
569 2527 666 2553 ﬂorere
678 2530 806 2560 parentes

220 2560 365 2596 Incipiunt,
382 2569 505 2595 uxorque
521 2562 589 2593 viro,
605 2565 756 2596 contraque
769 2561 886 2589 maritus

219 2595 350 2631 Conjugis
367 2596 472 2622 auxilio
487 2597 590 2631 primos
605 2595 756 2624 renovatur
772 2597 804 2623 ad
820 2605 918 2625 annos.

219 2630 379 2666 Communis
395 2638 477 2665 porro
489 2630 580 2666 magis
594 2637 637 2659 est
649 2631 770 2666 jucunda
785 2633 928 2666 voluptas;

218 2665 386 2702 Communes
401 2674 473 2693 cura:
483 2665 574 2694 minus
590 2665 704 2702 angunt,
720 2672 802 2702 atque
817 2665 936 2700 dolores,

219 2699 252 2736 Et
269 2706 343 2728 recte
359 2702 487 2736 gradiens
504 2699 665 2730 titubantem
682 2699 901 2729 fulsit—amicum.

220 2734 283 2772 [late
294 2736 350 2772 ais;
361 2734 397 2763 Vat
411 2741 507 2763 contra
520 2739 578 2772 ipsa
591 2745 664 2765 meos
679 2745 729 2772 ego
740 2737 836 2771 judico
851 2744 955 2772 patres,

219 2769 335 2807 Virtutis
349 2772 506 2807 quicunque
519 2769 584 2799 mihi
604 2769 862 2807 pracepta'dedere'.

218 2804 326 2842 Rursus
339 2804 387 2840 pro
405 2804 476 2835 natis
496 2808 594 2839 habeo,
606 2804 791 2842 quoscunque
806 2808 902 2835 salutis

219 2839 459 2878 l_nstrux_ijmonitis
476 2852 482 2869 :
501 2839 676 2877 demum-pro
692 2839 808 2878 conjuge
825 2842 975 2874 Christum.

219 2875 279 2903 Prze
295 2876 406 2911 reliquis
421 2878 528 2904 adamat
541 2878 588 2912 qui
600 2875 764 2913 virginitatis
777 2875 907 2906 alumnos

1024 2281 1047 2310 Β
1063 2278 1115 2312 (Sit
1130 2279 1190 2305 licet
1204 2278 1240 2305 ob
1255 2283 1373 2306 cunctos
1389 2283 1480 2312 natus,
1495 2278 1586 2306 crucis
1604 2283 1686 2314 atque
1701 2279 1812 2308 dolores

1062 2314 1235 2347 Pertulerit);
1248 2314 1293 2348 qui
1310 2321 1363 2345 me,
1379 2314 1443 2340 licet
1461 2321 1557 2348 aspera
1568 2314 1691 2349 duraque
1704 2315 1806 2346 mittat,

1060 2350 1157 2384 Expiet
1174 2350 1278 2381 laetitia,
1294 2349 1422 2376 leviorem
1441 2349 1512 2384 mole
1524 2349 1649 2376 dolorum

1059 2383 1197 2417 Elliciens,
1210 2385 1297 2411 instar
1313 2384 1400 2411 vitiati
1416 2383 1544 2411 sordibus
1555 2387 1625 2417 auri,

1059 2420 1139 2455 Ignea
1153 2419 1226 2454 quod
1240 2419 1335 2446 fornax
1354 2423 1460 2453 purgat,
1481 2419 1625 2454 redditque
1640 2419 1732 2446 nitori.

1058 2454 1147 2490 Atque
1158 2455 1308 2490 pudicitia),
1326 2455 1405 2488 cujus
1423 2454 1473 2481 tibi
1487 2459 1563 2489 septa
1578 2458 1688 2482 coercet

1058 2489 1185 2524 Conjugii
1207 2490 1338 2522 vinclum,
1358 2489 1483 2517 Christus
1497 2490 1575 2522 mihi,
1592 2498 1646 2517 non
1664 2497 1738 2521 caro,
1755 2491 1856 2525 tntrix,

1059 2525 1092 2552 Et
1106 2526 1215 2553 divinus
1233 2533 1310 2552 amor
1325 2532 1469 2559 superans,
1486 2525 1532 2559 qui
1551 2526 1654 2560 depulit
1673 2533 1780 2552 onmem

1059 2560 1207 2588 Flammam
1224 2561 1315 2592 aliam,
1334 2560 1471 2595 celerique
1488 2561 1550 2594 fuga
1568 2561 1700 2588 decedere
1711 2560 1809 2595 jussit,

1058 2596 1118 2623 Non
1136 2604 1217 2623 secus
1234 2600 1316 2631 atque
1340 2595 1406 2622 fcris
1426 2595 1531 2622 levibus
1548 2596 1589 2623 leo
1606 2595 1728 2623 fervidus
1746 2601 1854 2623 astans.

1058 2631 1217 2659 Concordes
1228 2632 1328 2658 etenim
1347 2631 1459 2658 allectus
1476 2634 1620 2666 motusque
1636 2630 1740 2657 caduca

1059 2666 1182 2701 Corpora
1198 2667 1320 2693 habent:
1339 2665 1456 2700 ideoque
1481 2665 1641 2693 sciunt’sibi
1662 2669 1758 2692 mutua
1779 2665 1855 2695 ferre

1058 2701 1174 2734 Gaudia,
1190 2709 1251 2736 quze
1265 2701 1378 2728 Veneris
1394 2702 1465 2736 parit
1479 2701 1637 2728 illecebrosa
1653 2701 1789 2736 voluptas.

1095 2736 1205 2764 Diﬂ‘crta
1214 2741 1256 2764 est
1268 2737 1316 2763 tibi
1324 2744 1418 2764 mensa
1428 2736 1530 2771 epulis:
1545 2744 1587 2763 me
1596 2736 1712 2763 frustula
1723 2738 1852 2770 pascunt,

1059 2770 1111 2799 Per
1129 2773 1187 2799 loca
1202 2773 1259 2799 sola
1273 2773 1345 2799 velut
1361 2779 1514 2798 numerosa:
1532 2771 1616 2798 millia
1633 2771 1718 2798 turba:

1061 2807 1144 2834 Multa
1161 2807 1207 2835 Dei
1219 2807 1356 2842 quondam
1373 2807 1445 2842 pavit
1460 2806 1614 2833 clarissima
1631 2806 1732 2840 proles.

1061 2843 1162 2870 Pocula
1180 2841 1240 2870 laeta
1253 2842 1301 2869 tibi
1314 2842 1375 2869 vitis
1387 2841 1502 2869 fecunda
1514 2841 1651 2868 ministrat
1664 2849 1670 2866 :

1062 2879 1097 2905 At
1114 2879 1202 2906 futiles
1215 2877 1344 2913 ﬂuviique
1356 2877 1441 2911 sitim,
1455 2877 1585 2912 puteique
1601 2883 1735 2912 perennes
