1942 3047
81 158 138 186 609

645 152 766 181 SECTlO
779 151 811 180 il.
832 150 995 179 POEMATA
1014 149 1179 178 MORALIA.

1653 141 1706 173 διο

84 214 173 242 Ἔνθα
186 214 269 249 Λόγος
282 213 428 248 καθαρῇσι,
447 211 528 238 πόθου
544 210 671 246 μεγάλοις
687 211 739 237 ὑπὸ
749 211 867 246 δεσμοῖς,
884 213 906 241 Α
920 209 971 237 400
995 209 1039 240 Ὠς
1055 208 1155 242 ἀγαθὸν
1169 206 1320 243 Θεράποντα
1331 205 1377 232 καὶ
1391 205 1472 240 ἤπιον
1483 201 1668 240 ἀρχομένοισι,

83 261 258 296 Μιγνύμενος
271 259 408 295 κραδιῇσι,
427 258 504 289 σέλας
519 257 566 284 καὶ
579 257 657 288 κῦδος
670 255 777 288 ὀπάζει.

124 308 202 334 Ἔστι
212 307 311 341 γάμος,
322 305 367 332 τὸν
381 304 456 331 παιδὶ
467 303 558 339 πατὴρ
573 302 648 338 φίλος
664 302 758 334 ἐσθλὸς
770 302 874 338 ἀρίστῳ

85 353 140 380 590
160 353 270 380 Δαίνυσι
285 350 453 385 καγχαλόων.
468 349 521 375 Τοῦ
535 349 557 375 δ’
571 349 729 384 ἀντιάσαιμι
741 349 837 383 ἔγωγε.

85 398 140 425 Τοῦ
155 398 178 424 δ’
194 396 249 431 ἐγὼ
264 396 431 430 ἀντιάσαιμι,
447 395 494 422 καὶ
507 394 536 426 ὃς
556 394 631 428 φίλος
643 395 716 420 ἐστὶν
732 394 837 429 ἔμοιγε.

85 442 189 478 Μίμνοι
208 442 230 468 δ’
245 441 334 468 ἔκτοθι
348 442 447 473 κεῖνος,
462 440 476 466 ὅ
489 448 530 471 τις
544 439 596 474 πρὸ
611 439 710 474 γάμοιο
723 438 829 474 τίθησιν

87 489 124 514 ’Ἡ
141 488 235 524 ἀγρὸν,
251 488 283 523 ὴὲ
299 487 366 523 βοῶν
380 486 475 520 ζεῦγος
490 486 560 518 νέον,
573 486 606 521 ὴὲ
622 485 757 521 δάμαρτα.

86 535 158 569 Μηδ¹
174 535 213 561 ἑνὶ
227 533 415 569 δαιτυμόνεσσι
431 532 564 567 γαμήλιον
581 530 649 563 εἶδος
665 531 782 566 ἔχουσιν,

87 581 142 609 595
157 580 253 616 Εἴματ⁹
279 579 347 615 ἔχων
375 579 528 615 ῥυπόωντα.
545 578 631 609 δεθεὶς
662 577 755 613 χεῖράς
777 585 806 603 τε
826 575 874 603 πό-

724 622 782 657 [δας
799 630 838 653 τε,

87 670 243 706 Νυμφῶνός
252 679 292 703 τε,
309 670 394 705 φίλων
405 678 445 701 τε,
458 669 555 703 γάμων
571 668 594 694 τ’
607 667 660 694 ἄπο
674 666 738 702 τῆλε
750 667 871 701 πέσοιμι.

93 717 143 743 Ἐκ
161 716 189 743 δὲ
201 717 297 752 γάμων
309 715 468 751 παλίνορσος
487 713 554 746 ἄναξ
569 713 634 748 ἐμὸς
644 710 698 739 εὖτ’
715 711 748 738 ἄν
761 711 872 748 ἐπέλθῃ,

95 761 240 797 Ἐξαπίνης
253 761 374 788 δοκέουσι
389 760 435 786 καὶ
450 759 480 785 οὐ
496 758 634 785 δοκέουσιν
651 756 774 789 ἐπιστὰς,

89 806 174 843 Εὖροι
191 808 218 843 μ’
232 807 262 833 ἐν
277 807 408 839 δοκέουσι,
425 804 472 832 καὶ
489 805 610 840 αἰνήσειε
626 803 717 838 φόϐοιο

922 255 976 281 Καὶ
994 254 1076 280 σίτοιο
1091 253 1202 289 δοτῆρα,
1220 252 1299 287 λόγου
1318 252 1446 286 περεοϊο,
1461 250 1572 277 δίκαιον.

957 299 1094 334 Παρθενίῃ
1111 298 1160 334 μὲν
1175 299 1234 324 τοῖοι
1251 296 1341 332 πατὴρ
1351 296 1389 328 ὡς
1400 296 1549 331 ὴπιὸμητις

928 345 975 370 Ἐκ
989 343 1074 378 θυμοῦ
1094 342 1194 378 φιλέων
1207 341 1392 376 ἐπιτέλλομαι.
1417 340 1507 371 Ἀλλά,
1524 339 1672 375 θύγατρες.

922 392 978 418 Καὶ
994 391 1096 423 παῖδες,
1113 390 1159 417 καλ.
1177 390 1270 422 τέκνα,
1287 388 1363 424 φίλου
1380 387 1483 422 πατρὸς
1496 386 1636 416 εἰσαΐοιτε,

924 437 977 464 405
987 437 1019 464 Εἴ
1029 436 1079 463 πού
1090 445 1131 467 τις
1140 435 1186 474 καὶ.
1196 435 1289 471 ἔμοιγε
1299 433 1365 461 Θεοῦ
1375 433 1465 468 χάρις,
1476 430 1569 466 ὥσπερ
1577 430 1671 457 ἔολπα.

923 483 991 519 Μηδ*
1009 483 1046 515 ὡς
1068 482 1185 509 Ἦλεῖδαι
1203 481 1305 517 πατρὸς
1319 480 1430 515 ἁτίσητε
1447 477 1577 514 ὲφετμὴν,

923 531 979 564 Μὴ,
993 529 1086 560 τέκνα,
1104 528 1140 564 μὴ
1153 528 1281 554 κείνοισιν
1294 526 1398 562 ὁμοίϊον
1411 523 1480 552 οἶτον
1495 522 1602 558 ἕλησθε.

960 576 1022 606 Τοῖς
1037 575 1058 601 δ’
1073 574 1162 606 ἄλλοις
1175 573 1218 600 ὅδε
1236 573 1328 608 μῦθος.
1351 571 1521 607 ’Ᾱπηλεγέως
1533 570 1556 596 δ’
1568 568 1710 605 ἀγορεύσω

924 619 998 648 Ἶσον
1021 620 1064 646 ἐπ’
1081 619 1258 655 ἀμφοτέροισι
1281 619 1359 652 λόγον
1378 618 1426 644 καὶ
1445 615 1553 651 σταθμὰ
1572 615 1709 647 τιταίνων,

927 665 981 692 410
997 666 1108 701 ’Δζυγίῃ
1117 674 1144 692 τε
1156 665 1238 700 γάμῳ
1247 673 1288 691 τε.
1298 664 1363 695 Θεὸς
1373 663 1394 690 δ’
1403 662 1587 697 ἐπιμάρτυρος
1595 661 1674 689 ἔστω.

927 713 1026 739 Ὂσσον
1041 710 1172 747 παρθενίη
1187 709 1392 746 προφερεστέρη
1404 709 1462 735 ἐστὶ
1477 707 1584 743 γάμοιο,

926 758 1027 785 Τόσσον
1044 757 1192 793 παρθενίης
1211 757 1291 790 άγνὺς
1305 757 1392 791 γάμος
1407 754 1556 790 ἀμφιϐίοιο.

927 802 1087 838 Τοῦνεκενῆ
1101 802 1224 838 καθαρὴν
1240 801 1360 833 ἀσπάζεό
1377 800 1502 836 πάμπαν,
1519 799 1623 836 ἄριστε,

337 893 389 922 Ubi
405 892 523 920 Verbum
540 891 628 928 puris,
645 891 837 928 arctoramioris
856 891 976 922 vinculo,

337 929 489 956 lmmistum
504 926 672 963 pectoribus,
691 927 861 963 splendorem
873 931 899 954 et
914 927 1027 961 gloriam
1044 926 1149 963 tribuit.

373 964 442 991 Sunt
455 961 557 998 nuptis
571 970 640 998 quas
659 961 772 998 dilectus
787 962 841 989 lilio
855 962 943 998 bonus
958 965 1041 998 pater
1052 961 1155 995 optimo

338 999 390 1026 390
409 996 536 1026 Celebrat
550 996 701 1025 exsultans.
721 997 822 1024 Harum
838 1004 888 1031 ego
903 997 954 1024 sim
973 996 1128 1031 particeps:

338 1034 389 1061 His
404 1034 507 1060 utinam
524 1041 574 1068 ego
589 1033 724 1065 intersim,
739 1035 766 1059 et
778 1032 1022 1068 quisquisiamicus
1038 1032 1103 1058 mihi
1122 1035 1176 1058 est.

340 1069 448 1096 Maneat
463 1067 552 1095 autem
568 1072 655 1101 extra,
672 1068 716 1102 qui
734 1067 836 1102 nuptiis
849 1067 960 1102 praefert

338 1105 394 1131 Aut
412 1104 515 1134 villam,
531 1106 577 1130 aut
590 1111 659 1130 nova
678 1104 760 1130 boum
773 1103 850 1137 juga,
863 1106 910 1128 aut
924 1108 1047 1128 uxorem.

339 1138 394 1166 Sed
409 1146 442 1174 ne
460 1138 536 1174 (mihi
553 1137 750 1174 contingatiut
763 1135 835 1174 inter
846 1137 975 1164 convivas
989 1136 1136 1174 nuptialem
1151 1139 1278 1164 ornatum
1293 1135 1423 1164 habentes

339 1174 393 1201 595
413 1171 505 1201 Vestes
519 1173 621 1200 habens
642 1171 777 1204 sordidas,
790 1172 897 1200 vinctus
910 1179 1062 1206 manusque
1079 1171 1226 1207 pedesque,

339 1210 362 1236 Α
376 1209 494 1236 thalamo
507 1209 611 1242 sponsi,
626 1208 723 1235 amicis
736 1212 762 1235 et
777 1207 879 1242 nuptiis
895 1207 974 1240 longe
989 1206 1113 1242 excidam
1126 1216 1133 1234 :

340 1244 441 1272 Verum
458 1251 472 1270 a
487 1241 591 1277 nuptiis
607 1248 747 1270 revertens
763 1241 915 1274 rex’meus,
933 1249 995 1269 cum
1010 1241 1167 1277 advenerit,

341 1278 462 1314 Repente
479 1276 703 1312 exspectantibus
721 1283 748 1305 et
762 1285 817 1304 non
837 1276 1279 1314 exspectantibussuperveniens,

341 1312 463 1349 Inveniat
477 1320 520 1340 me
535 1314 607 1340 inter
621 1316 823 1349 exspectantes,
842 1313 987 1349 laudetque
1000 1312 1036 1338 ob
1053 1312 1190 1349 timorem,

340 1349 395 1377 400
414 1347 449 1375 Ut
464 1348 566 1375 bonum
584 1355 692 1375 servum
706 1353 732 1375 et
747 1348 838 1374 mitem
859 1347 894 1375 iis
908 1347 1008 1382 quibus
1021 1351 1129 1381 prasest,

342 1386 377 1412 Et
390 1383 532 1414 frumenti.
547 1390 596 1410 seu
612 1383 685 1410 verbi
704 1382 783 1410 solidi
798 1390 905 1416 aequum
920 1383 1147 1417 dispensatorem.

377 1418 658 1459 Virginibus-quidem
676 1418 743 1458 haec,
756 1422 873 1459 utpater
885 1416 1002 1459 benigne
1015 1416 1175 1450 consulens,

343 1454 382 1481 Ex
397 1452 488 1480 animo
504 1453 620 1488 diligens
635 1453 773 1487 praecipio.
790 1452 902 1484 Verum,
920 1453 991 1488 tilia},

342 1488 377 1515 Et
392 1488 459 1517 nati.
474 1491 501 1515 et
515 1487 595 1519 natae,
610 1488 740 1515 dilectum
756 1493 860 1522 patrem
878 1487 979 1519 audite,

343 1524 396 1551 405
415 1523 442 1554 Si
458 1530 510 1557 qua
525 1523 596 1550 forte
609 1526 636 1550 et
653 1523 718 1549 mihi
733 1528 775 1550 est
790 1522 835 1550 Dei
849 1523 945 1557 gratia,

985 1522 1196 1550 uemadmodum
1211 1527 1290 1556 spero

343 1559 399 1586 Nec
415 1559 486 1586 sicut
501 1557 602 1585 Helidaa
617 1559 701 1592 patris
717 1558 882 1585 contemnite
899 1557 1076 1591 mandatum;

342 1592 391 1624 Ne,
411 1593 468 1625 lilii,
486 1600 519 1620 ne
536 1593 652 1620 similem
670 1593 724 1620 illis
743 1600 851 1628 poenam
868 1593 1019 1627 patiamini.

377 1628 417 1655 Ad
432 1629 500 1655 alios
514 1635 579 1655 vero
594 1628 651 1655 haec
662 1628 759 1654 oratio.
778 1627 875 1655 Libere
893 1631 983 1655 autem
999 1628 1104 1662 loquar,

343 1662 517 1725 ἷξειθω
533 1662 649 1698 Equam
667 1663 695 1689 in
714 1666 846 1698 utrosque
861 1663 1012 1690 orationem
1028 1661 1055 1690 et
1072 1663 1176 1690 lancem
1196 1661 1352 1694 intendens,

365 1699 373 1724 ι
410 1698 442 1724 Et
452 1698 572 1725 caelibem
588 1701 615 1725 et
629 1698 766 1725 connubio
781 1698 913 1725 iunctum.
933 1697 1005 1725 Deus
1021 1703 1112 1725 autem
1130 1697 1209 1725 testis
1225 1697 1271 1725 sit.

365 1697 396 1725 10
410 1697 615 1725 Ειὶάςιὶὺοπῐει
629 1698 766 1725 connubio
777 1697 913 1732 junctum.
933 1697 1005 1725 Deus
1021 1703 1112 1726 autem
1130 1697 1209 1725 testis
1225 1697 1271 1725 sit.

344 1733 451 1765 Quanto
467 1733 609 1767 virginitas
626 1733 802 1768 praestantior
817 1738 859 1761 est
875 1733 1013 1768 conjugio,

344 1768 432 1795 'l‘anto
447 1768 603 1803 virginitate
618 1768 747 1803 ancipitis
761 1769 823 1795 vitae
840 1772 944 1796 castum
962 1768 1131 1802 conjugium.

343 1802 524 1839 Quapropter,
541 1803 653 1837 optime,
671 1802 720 1830 aut
735 1810 832 1838 puram
847 1803 959 1831 omnino
973 1803 1138 1837 amplectere

135 1890 374 1928 38777Ka0apﬁa't.
390 1890 481 1928 ARegt
496 1891 549 1919 995
576 1891 730 1928 καθαροῖσι.
756 1891 819 1920 Mox
846 1892 884 1920 id.

102 1925 221 1961 θεσμοῖς,
239 1933 301 1961 sup.
319 1927 368 1953 lin.
387 1925 505 1961 δεσμοῖς.

136 1934 151 1951 σ
172 1934 221 1957 οις,
239 1934 270 1953 su
294 1946 301 1952 .
319 1934 368 1953 un.
387 1934 505 1961 οεσμοις.

136 1935 188 1988 5ῧο
207 1961 261 1988 Τοῦ
271 1934 296 1987 ἓ*
309 1961 490 1997 ἀντιάσαιμι,
503 1961 529 1989 id
543 1966 585 1990 est
594 1961 689 1988 τούτου
700 1961 790 1997 γάμου
800 1963 884 1998 μετά-

104 2003 322 2071 :xgmhmgrpt.
339 2030 408 2071 '_l‘res
423 2030 507 2068 Regg.
530 2031 635 2067 μίμνει.
653 2031 715 2059 Mox
729 2032 744 2058 ὃ
759 2040 811 2064 τις.
825 2031 885 2060 Duo

104 2065 187 2100 Regg.
203 2070 230 2093 et
243 2065 320 2100 Chig.
340 2067 369 2098 ὅς
383 2075 424 2098 τις

136 2100 189 2128 594
204 2101 316 2136 Εῖματ“.
332 2101 410 2138 Chig.
435 2101 529 2137 suae.
549 2101 622 2135 Mox,
647 2101 685 2129 id.
709 2109 770 2129 cum
793 2101 884 2129 tribus

933 1892 1018 1927 Regg.
1037 1893 1126 1928 γάμου
1142 1900 1192 1927 pro
1201 1891 1314 1928 χάμῳν.

969 1925 1021 1954 597
1043 1925 1183 1962 Ἔξπέλῠῃ.
1199 1925 1256 1954 Duo
1274 1927 1359 1963 Begg.
1369 1930 1395 1954 et
1405 1925 1483 1961 Cliig.
1496 1926 1614 1963 ἐπέλθοι.

969 1963 1018 2000 401
1038 1963 1237 2000 Λέγουζρίιὶε.
1251 1962 1323 2000 βίου,
1338 1962 1396 1989 Mox
1417 1963 1546 1997 στερεοῖο.
1559 1962 1618 1991 Duo
1630 1962 1716 2000 Regg.

933 1997 1047 2025 δικαίου.
1066 1997 1130 2032 Reg.
1143 1998 1348 2033 9705apiq10u.

972 2033 1024 2060 407
1040 2031 1181 2066 Ἔλήσθε.
1198 2031 1266 2068 Tres
1279 2032 1360 2068 licgg.
1375 2031 1488 2068 ὖλοισοξ.

968 2067 1021 2094 408
1043 2068 1234 2103 Ἀπηλεγέως.
1247 2066 1377 2102 ξιιμίῐιι.
1394 2066 1548 2102 ἀποτόμως.

749 2180 915 2210 METRICA
928 2179 1075 2210 VERSIO.

104 2263 133 2290 ln
144 2270 199 2298 quo
211 2263 366 2298 pectoribus
377 2263 451 2298 puris
461 2263 619 2291 commistus
634 2271 727 2291 amore

105 2297 231 2334 Christus
246 2297 417 2334 splendorem
432 2299 527 2326 tribuit
542 2298 694 2333 famamque
707 2305 864 2334 perennem.

141 2332 202 2359 Nati
218 2332 383 2360 connubium
398 2334 515 2360 celebrat
525 2339 616 2368 pater,
632 2332 716 2368 atque
734 2333 866 2368 superbas

106 2367 273 2402 Regalesque
285 2368 396 2394 omnino
411 2368 504 2402 epulas
520 2367 636 2396 festinus
651 2367 774 2396 adornat;

109 2402 155 2438 llis
167 2402 274 2438 utinam
288 2403 423 2434 intersim,
439 2404 599 2438 cunctisque
613 2404 774 2431 accumbere
793 2403 883 2435 detur,

107 2437 189 2469 Queis
207 2445 266 2464 mea
280 2438 362 2465 chara
381 2438 454 2465 salus
466 2439 472 2465 ι
492 2438 537 2466 Ille
549 2437 709 2465 excludatur
721 2439 754 2466 ab
767 2439 839 2470 aula,

108 2473 159 2509 Qui
176 2472 266 2509 villam
283 2473 443 2509 geminosve
460 2473 551 2504 boves,
570 2473 751 2501 thalamumve
765 2474 884 2509 jugalem

108 2506 165 2534 Non
181 2508 268 2542 epulis
285 2506 386 2535 stultus
400 2508 504 2535 dubitat
517 2515 672 2542 praeponere
683 2506 797 2537 sanctis.

108 2543 195 2577 Atque
210 2542 292 2570 etiam
306 2543 425 2577 graviter
439 2547 539 2574 metuo.
551 2551 613 2570 cum
628 2548 725 2571 caetera
739 2544 818 2571 turba

108 2577 258 2613 geonubiis
273 2578 354 2611 digna
369 2577 495 2613 thalamis
510 2585 619 2612 quoque
634 2583 708 2606 veste
727 2583 843 2613 legatur.

109 2611 157 2648 ﬂe,
168 2613 231 2646 quia
246 2620 369 2648 panuoso
383 2612 474 2648 sordet
489 2611 555 2639 mihi
570 2611 670 2648 corpus
688 2611 800 2646 amictu,

109 2646 237 2683 Erotinus
247 2646 382 2682 ’abripiar,
397 2647 523 2675 manibus
539 2646 706 2683 pedibusque
720 2647 860 2680 revinctis,

109 2681 141 2708 Et
155 2682 274 2709 thalamo
288 2681 370 2717 atque
377 2683 466 2717 epulis
474 2681 620 2717 cltarisque
635 2681 765 2710 eicludar
780 2683 887 2710 amicis.

109 2717 231 2758 Quinque
246 2725 323 2758 meus
333 2717 473 2758 Domitius,
482 2718 602 2745 thalamo
611 2719 777 2758 thalamique
785 2718 887 2746 relictis

109 2750 227 2784 Deliciis,
245 2752 352 2780 tandem
368 2753 471 2780 caelesti
487 2760 520 2780 ex
538 2760 600 2780 arce
613 2754 721 2785 redibit,

109 2786 148 2823 ᾼα
160 2788 252 2815 subito
267 2787 414 2815 adveniens
432 2791 489 2814 toto
505 2788 675 2823 spectabitur
689 2789 764 2820 orbe,

109 2820 136 2858 9
142 2823 247 2858 utinam
263 2823 333 2850 inter
347 2830 394 2850 eos
410 2820 547 2854 numere'r,
564 2823 609 2857 qui
625 2827 715 2851 mente
729 2829 822 2858 parata

109 2854 182 2887 Illius
196 2858 341 2887 adventum
357 2861 525 2888 exsoectant.
544 2854 689 2894 laudetque
705 2854 830 2886 timorem

898 2265 920 2294 Β
934 2262 995 2325 llpse
1007 2271 1109 2296 meum,
1120 2263 1305 2298 famulumque
1315 2263 1415 2290 bonum
1424 2265 1589 2297 vocetatque
1598 2261 1715 2298 ﬁdelem,

960 2302 969 2324 t
985 2299 1031 2325 nui
1045 2306 1182 2325 conserva:
1199 2299 1284 2325 lenem
1301 2298 1462 2325 facilemque
1474 2301 1589 2325 catervae

985 2299 1031 2332 qui
1045 2306 1182 2326 conserva:
1199 2299 1284 2325 lenem
1301 2298 1462 2332 facilemque
1474 2301 1589 2325 catervae

934 2333 976 2360 Me
991 2337 1126 2367 praestem,
1144 2333 1259 2367 fideique
1274 2334 1327 2360 illis
1341 2333 1468 2360 alimenta
1484 2333 1648 2365 ministrem,

934 2368 1052 2396 Sedulus
1066 2373 1093 2396 et
1108 2373 1200 2403 partes
1215 2368 1345 2395 frumenti
1359 2369 1462 2402 partiar
1476 2375 1568 2402 aequas

969 2403 1042 2435 Haec,
1055 2404 1137 2431 veluti
1154 2404 1224 2431 natis
1240 2404 1347 2438 genitor
1364 2403 1552 2434 charissimus,
1571 2403 1630 2437 ipse

934 2438 1092 2473 Virginibus
1109 2439 1208 2466 mando
1225 2448 1231 2465 :
1246 2446 1295 2466 vos
1308 2439 1420 2465 charum
1438 2438 1528 2465 audite
1549 2442 1698 2473 parentem,

933 2473 967 2500 Et
982 2475 1075 2502 dulces
1088 2475 1156 2506 nati,
1171 2478 1198 2501 et
1210 2477 1280 2500 natm
1297 2473 1478 2508 pulcherrima
1493 2473 1593 2507 proles,

937 2508 1031 2544 Gratia
1046 2510 1067 2537 si
1085 2517 1138 2543 qua
1154 2510 1219 2536 milii
1234 2509 1344 2543 atl'ulget
1360 2508 1441 2543 (nam
1457 2508 1526 2535 forte
1543 2508 1682 2544 refulget),

936 2543 991 2571 Nec
1003 2545 1077 2571 velut
1093 2544 1195 2571 Helidae
1209 2543 1461 2577 eontemnitejussa
1480 2544 1601 2577 parentis
1615 2553 1620 2569 :

936 2578 975 2606 Ne
988 2579 1077 2606 scelus
1089 2579 1253 2606 horrendum
1269 2586 1324 2605 non
1340 2579 1432 2612 dispar
1447 2585 1526 2612 poena
1542 2582 1672 2612 sequatur

973 2614 1050 2641 Nunc
1065 2615 1133 2641 alios
1146 2614 1254 2641 demum
1269 2614 1359 2641 verbis
1374 2613 1476 2640 alfabor
1490 2613 1602 2648 apertis,

936 2648 1025 2683 [Eque
1042 2650 1165 2683 utrisque
1182 2654 1277 2676 tenens
1289 2653 1392 2676 exactae
1404 2648 1522 2682 pondera
1539 2648 1615 2675 libra:

936 2684 1090 2716 (Ioelitibus,
1109 2685 1274 2718 thalamique
1287 2684 1353 2718 jugo
1369 2691 1430 2718 qua:
1443 2684 1511 2710 colla
1528 2683 1647 2710 dedere:

937 2719 977 2746 Ac
991 2719 1057 2746 mihi
1076 2719 1112 2746 sit
1123 2719 1201 2747 testis
1216 2726 1331 2753 magnus
1346 2718 1499 2746 moderator
1507 2718 1623 2753 Olympi.

938 2754 1047 2790 Quanto
1065 2755 1210 2790 virginitas
1225 2755 1322 2781 melior
1335 2761 1420 2790 quam
1430 2754 1485 2780 vita
1498 2753 1610 2789 jugalis,

939 2789 1026 2816 Tanto
1040 2790 1122 2817 etiam
1134 2789 1244 2816 dubiam
1257 2789 1382 2824 praecedit
1396 2789 1581 2824 virginitatem

940 2824 1066 2859 Conjugii
1079 2825 1166 2852 sancti
1181 2832 1268 2852 nexus
1282 2828 1443 2858 castumque
1456 2825 1556 2852 cubile.

942 2859 1012 2895 Ergo
1026 2860 1176 2892 virgineam
1192 2861 1232 2888 vel
1246 2867 1359 2896 prorsus
1374 2860 1455 2896 dilige
1470 2861 1564 2892 vitam,
