  <div class='ocr_page' id='page_1' title='image "/cluster/home/n/w/nwhite01/storage/ocr_20150623/37/njp.32101077772562/342.png"; bbox 0 0 1942 3047; ppageno 0'>
   <div class='ocr_carea' id='block_1_1' title="bbox 27 162 78 188">
    <p class='ocr_par' dir='ltr' id='par_1_1' title="bbox 27 162 78 188">
     <span class='ocr_line' id='line_1_1' title="bbox 27 162 78 188; baseline 0.02 -1"><span class='ocrx_word' id='word_1_1' title='bbox 27 162 78 188; x_wconf 69' lang='lat'><strong>635</strong></span> 
     </span>
    </p>
   </div>
   <div class='ocr_carea' id='block_1_2' title="bbox 28 216 772 254">
    <p class='ocr_par' dir='ltr' id='par_1_2' title="bbox 28 216 772 254">
     <span class='ocr_line' id='line_1_2' title="bbox 28 216 772 254; baseline -0.003 -8"><span class='ocrx_word' id='word_1_2' title='bbox 28 219 78 246; x_wconf 82' lang='lat'><strong>590</strong></span> <span class='ocrx_word' id='word_1_3' title='bbox 91 218 199 254; x_wconf 82' lang='grc' dir='ltr'>Κιρνὰς,</span> <span class='ocrx_word' id='word_1_4' title='bbox 213 218 250 250; x_wconf 85' lang='grc' dir='ltr'>ὡς</span> <span class='ocrx_word' id='word_1_5' title='bbox 264 217 359 249; x_wconf 75' lang='grc' dir='ltr'><strong>ἐθέλει,</strong></span> <span class='ocrx_word' id='word_1_6' title='bbox 378 217 477 250; x_wconf 72' lang='grc' dir='ltr'>κόσμον</span> <span class='ocrx_word' id='word_1_7' title='bbox 491 216 549 243; x_wconf 75' lang='grc' dir='ltr'>ὅλον</span> <span class='ocrx_word' id='word_1_8' title='bbox 565 216 629 243; x_wconf 79' lang='grc' dir='ltr'>ἔνθα</span> <span class='ocrx_word' id='word_1_9' title='bbox 641 217 686 244; x_wconf 73' lang='grc' dir='ltr'><strong>καὶ</strong></span> <span class='ocrx_word' id='word_1_10' title='bbox 700 217 772 244; x_wconf 80' lang='grc' dir='ltr'>ἔνθα.</span> 
     </span>
    </p>
   </div>
   <div class='ocr_carea' id='block_1_3' title="bbox 28 258 807 300">
    <p class='ocr_par' dir='ltr' id='par_1_3' title="bbox 28 258 807 300">
     <span class='ocr_line' id='line_1_3' title="bbox 28 258 807 300; baseline -0.005 -8"><span class='ocrx_word' id='word_1_11' title='bbox 28 265 121 300; x_wconf 63' lang='lat' dir='ltr'><strong>“dupe.</strong></span> <span class='ocrx_word' id='word_1_12' title='bbox 136 264 158 290; x_wconf 80' lang='grc' dir='ltr'>δ’</span> <span class='ocrx_word' id='word_1_13' title='bbox 172 264 226 291; x_wconf 83' lang='grc' dir='ltr'>ἀπὺ</span> <span class='ocrx_word' id='word_1_14' title='bbox 241 263 360 290; x_wconf 80' lang='grc' dir='ltr'>πλεόνων</span> <span class='ocrx_word' id='word_1_15' title='bbox 378 262 543 298; x_wconf 75' lang='grc' dir='ltr'><strong>μυθήσομαι,</strong></span> <span class='ocrx_word' id='word_1_16' title='bbox 559 258 596 289; x_wconf 82' lang='grc' dir='ltr'>ὦν</span> <span class='ocrx_word' id='word_1_17' title='bbox 612 263 645 288; x_wconf 70' lang='grc' dir='ltr'>τὰ</span> <span class='ocrx_word' id='word_1_18' title='bbox 659 262 807 297; x_wconf 50' lang='lat' dir='ltr'><strong>(abnuere;</strong></span> 
     </span>
    </p>
   </div>
   <div class='ocr_carea' id='block_1_4' title="bbox 30 304 785 344">
    <p class='ocr_par' dir='ltr' id='par_1_4' title="bbox 30 304 785 344">
     <span class='ocr_line' id='line_1_4' title="bbox 30 304 785 344; baseline -0.001 -9"><span class='ocrx_word' id='word_1_19' title='bbox 30 309 168 344; x_wconf 67' lang='lat' dir='ltr'><strong>&#39;Eﬁpcxxov,</strong></span> <span class='ocrx_word' id='word_1_20' title='bbox 187 304 224 335; x_wconf 84' lang='grc' dir='ltr'>ὧν</span> <span class='ocrx_word' id='word_1_21' title='bbox 234 308 262 334; x_wconf 79' lang='grc' dir='ltr'>δὲ</span> <span class='ocrx_word' id='word_1_22' title='bbox 279 307 374 342; x_wconf 76' lang='grc' dir='ltr'>βίϐλοι,</span> <span class='ocrx_word' id='word_1_23' title='bbox 390 304 427 332; x_wconf 84' lang='grc' dir='ltr'>ὧν</span> <span class='ocrx_word' id='word_1_24' title='bbox 437 308 458 332; x_wconf 76' lang='grc' dir='ltr'>δ’</span> <span class='ocrx_word' id='word_1_25' title='bbox 474 306 556 333; x_wconf 71' lang='grc' dir='ltr'>οὔατα</span> <span class='ocrx_word' id='word_1_26' title='bbox 573 307 662 333; x_wconf 81' lang='grc' dir='ltr'>πίστιν</span> <span class='ocrx_word' id='word_1_27' title='bbox 674 307 785 334; x_wconf 78' lang='grc' dir='ltr'>ἔδωκαν.</span> 
     </span>
    </p>
   </div>
   <div class='ocr_carea' id='block_1_5' title="bbox 28 352 736 390">
    <p class='ocr_par' dir='ltr' id='par_1_5' title="bbox 28 352 736 390">
     <span class='ocr_line' id='line_1_5' title="bbox 28 352 736 390; baseline -0.006 -8"><span class='ocrx_word' id='word_1_28' title='bbox 28 356 83 390; x_wconf 71' lang='grc' dir='ltr'><strong>οὐχ</strong></span> <span class='ocrx_word' id='word_1_29' title='bbox 98 352 136 386; x_wconf 74' lang='grc' dir='ltr'>εἷς</span> <span class='ocrx_word' id='word_1_30' title='bbox 155 354 202 388; x_wconf 80' lang='grc' dir='ltr'>μὲν</span> <span class='ocrx_word' id='word_1_31' title='bbox 221 354 363 388; x_wconf 78' lang='grc' dir='ltr'><strong>ποταμοῖσι</strong></span> <span class='ocrx_word' id='word_1_32' title='bbox 373 353 447 379; x_wconf 82' lang='grc' dir='ltr'>κάτω</span> <span class='ocrx_word' id='word_1_33' title='bbox 461 353 520 388; x_wconf 70' lang='grc' dir='ltr'>ῥόος</span> <span class='ocrx_word' id='word_1_34' title='bbox 532 353 604 379; x_wconf 74' lang='grc' dir='ltr'>ἐστὶν</span> <span class='ocrx_word' id='word_1_35' title='bbox 617 353 716 379; x_wconf 82' lang='grc' dir='ltr'>ἆπασιν</span> <span class='ocrx_word' id='word_1_36' title='bbox 729 362 736 385; x_wconf 93' lang='grc'>;</span> 
     </span>
    </p>
   </div>
   <div class='ocr_carea' id='block_1_6' title="bbox 28 398 733 435">
    <p class='ocr_par' dir='ltr' id='par_1_6' title="bbox 28 398 733 435">
     <span class='ocr_line' id='line_1_6' title="bbox 28 398 733 435; baseline -0.004 -8"><span class='ocrx_word' id='word_1_37' title='bbox 28 399 75 432; x_wconf 76' lang='grc' dir='ltr'><strong>Εἷς</strong></span> <span class='ocrx_word' id='word_1_38' title='bbox 87 400 113 426; x_wconf 79' lang='grc' dir='ltr'>δὲ</span> <span class='ocrx_word' id='word_1_39' title='bbox 127 400 208 435; x_wconf 80' lang='grc' dir='ltr'>νόμος</span> <span class='ocrx_word' id='word_1_40' title='bbox 227 398 390 432; x_wconf 83' lang='grc' dir='ltr'><strong>πελάγεσσιν</strong></span> <span class='ocrx_word' id='word_1_41' title='bbox 405 399 448 425; x_wconf 75' lang='grc' dir='ltr'><strong>ἐπ’</strong></span> <span class='ocrx_word' id='word_1_42' title='bbox 464 398 582 433; x_wconf 73' lang='grc' dir='ltr'><strong>ἠϊόνεσσι</strong></span> <span class='ocrx_word' id='word_1_43' title='bbox 594 398 733 430; x_wconf 77' lang='grc' dir='ltr'>δεδέσθαι;</span> 
     </span>
    </p>
   </div>
   <div class='ocr_carea' id='block_1_7' title="bbox 29 443 811 480">
    <p class='ocr_par' dir='ltr' id='par_1_7' title="bbox 29 443 811 480">
     <span class='ocr_line' id='line_1_7' title="bbox 29 443 811 480; baseline -0.006 -6"><span class='ocrx_word' id='word_1_44' title='bbox 29 447 80 474; x_wconf 81' lang='grc'><strong>595</strong></span> <span class='ocrx_word' id='word_1_45' title='bbox 106 443 151 477; x_wconf 76' lang='grc' dir='ltr'>Εἷς</span> <span class='ocrx_word' id='word_1_46' title='bbox 179 445 208 471; x_wconf 81' lang='grc' dir='ltr'>δὲ</span> <span class='ocrx_word' id='word_1_47' title='bbox 240 445 324 480; x_wconf 76' lang='grc' dir='ltr'>πυρὸς</span> <span class='ocrx_word' id='word_1_48' title='bbox 336 444 494 479; x_wconf 75' lang='grc' dir='ltr'>φλογόεντος</span> <span class='ocrx_word' id='word_1_49' title='bbox 521 444 576 471; x_wconf 84' lang='grc' dir='ltr'>ἄνω</span> <span class='ocrx_word' id='word_1_50' title='bbox 591 443 690 479; x_wconf 82' lang='grc' dir='ltr'><strong>δρόμος</strong></span> <span class='ocrx_word' id='word_1_51' title='bbox 710 443 811 478; x_wconf 79' lang='grc' dir='ltr'>ἂλμασι</span> 
     </span>
    </p>
   </div>
   <div class='ocr_carea' id='block_1_8' title="bbox 633 489 774 524">
    <p class='ocr_par' dir='ltr' id='par_1_8' title="bbox 633 489 774 524">
     <span class='ocr_line' id='line_1_8' title="bbox 633 489 774 524; baseline 0 -10"><span class='ocrx_word' id='word_1_52' title='bbox 633 489 756 524; x_wconf 74' lang='grc' dir='ltr'>[πυκνοῖς</span> <span class='ocrx_word' id='word_1_53' title='bbox 768 498 774 521; x_wconf 93' lang='lat'>;</span> 
     </span>
    </p>
   </div>
   <div class='ocr_carea' id='block_1_9' title="bbox 35 534 736 573">
    <p class='ocr_par' dir='ltr' id='par_1_9' title="bbox 35 534 736 573">
     <span class='ocr_line' id='line_1_9' title="bbox 35 534 736 573; baseline -0.007 -8"><span class='ocrx_word' id='word_1_54' title='bbox 35 539 101 565; x_wconf 78' lang='grc' dir='ltr'>Ἀλλ’</span> <span class='ocrx_word' id='word_1_55' title='bbox 115 537 204 573; x_wconf 78' lang='grc' dir='ltr'>ἔμπης</span> <span class='ocrx_word' id='word_1_56' title='bbox 219 536 339 572; x_wconf 66' lang='grc' dir='ltr'>ποταμὸς</span> <span class='ocrx_word' id='word_1_57' title='bbox 354 534 453 570; x_wconf 78' lang='grc' dir='ltr'>πικρὴν</span> <span class='ocrx_word' id='word_1_58' title='bbox 468 535 623 570; x_wconf 74' lang='grc' dir='ltr'><strong>διανήχεται</strong></span> <span class='ocrx_word' id='word_1_59' title='bbox 637 534 736 569; x_wconf 75' lang='grc' dir='ltr'><strong>ἅλμην,</strong></span> 
     </span>
    </p>
   </div>
   <div class='ocr_carea' id='block_1_10' title="bbox 28 579 761 618">
    <p class='ocr_par' dir='ltr' id='par_1_10' title="bbox 28 579 761 618">
     <span class='ocr_line' id='line_1_10' title="bbox 28 579 761 618; baseline -0.005 -8"><span class='ocrx_word' id='word_1_60' title='bbox 28 584 83 610; x_wconf 77' lang='grc' dir='ltr'><strong>Καὶ</strong></span> <span class='ocrx_word' id='word_1_61' title='bbox 97 583 216 618; x_wconf 83' lang='grc' dir='ltr'>ποταμός</span> <span class='ocrx_word' id='word_1_62' title='bbox 230 590 281 616; x_wconf 91' lang='grc' dir='ltr'><strong>περ</strong></span> <span class='ocrx_word' id='word_1_63' title='bbox 296 581 358 613; x_wconf 74' lang='grc' dir='ltr'><strong>ἐὼν,</strong></span> <span class='ocrx_word' id='word_1_64' title='bbox 371 581 425 608; x_wconf 72' lang='grc' dir='ltr'>οὐδ’</span> <span class='ocrx_word' id='word_1_65' title='bbox 448 581 523 607; x_wconf 72' lang='grc' dir='ltr'>ὕδατι</span> <span class='ocrx_word' id='word_1_66' title='bbox 539 581 665 616; x_wconf 79' lang='grc' dir='ltr'><strong>μίσγεται</strong></span> <span class='ocrx_word' id='word_1_67' title='bbox 680 579 761 616; x_wconf 72' lang='grc' dir='ltr'>ὕδωρ.</span> 
     </span>
    </p>
   </div>
   <div class='ocr_carea' id='block_1_11' title="bbox 29 624 783 662">
    <p class='ocr_par' dir='ltr' id='par_1_11' title="bbox 29 624 783 662">
     <span class='ocr_line' id='line_1_11' title="bbox 29 624 783 662; baseline -0.007 -7"><span class='ocrx_word' id='word_1_68' title='bbox 29 628 132 655; x_wconf 84' lang='grc' dir='ltr'>Ναῦται</span> <span class='ocrx_word' id='word_1_69' title='bbox 145 627 166 653; x_wconf 86' lang='grc' dir='ltr'>δ’</span> <span class='ocrx_word' id='word_1_70' title='bbox 184 627 215 653; x_wconf 74' lang='grc' dir='ltr'><strong>ἐκ</strong></span> <span class='ocrx_word' id='word_1_71' title='bbox 228 625 362 659; x_wconf 74' lang='grc' dir='ltr'><strong>πελάγους</strong></span> <span class='ocrx_word' id='word_1_72' title='bbox 375 625 505 662; x_wconf 76' lang='grc' dir='ltr'>γλυκερὸν</span> <span class='ocrx_word' id='word_1_73' title='bbox 523 624 603 651; x_wconf 78' lang='grc' dir='ltr'>ποτὸν</span> <span class='ocrx_word' id='word_1_74' title='bbox 620 624 783 660; x_wconf 75' lang='grc' dir='ltr'><strong>ὑδρεύονται,</strong></span> 
     </span>
    </p>
   </div>
   <div class='ocr_carea' id='block_1_12' title="bbox 28 670 683 709">
    <p class='ocr_par' dir='ltr' id='par_1_12' title="bbox 28 670 683 709">
     <span class='ocr_line' id='line_1_12' title="bbox 28 670 683 709; baseline -0.008 -8"><span class='ocrx_word' id='word_1_75' title='bbox 28 674 90 709; x_wconf 69' lang='grc' dir='ltr'><strong>Νῆα</strong></span> <span class='ocrx_word' id='word_1_76' title='bbox 105 673 157 709; x_wconf 80' lang='grc' dir='ltr'><strong>ῥόῳ</strong></span> <span class='ocrx_word' id='word_1_77' title='bbox 172 671 316 702; x_wconf 79' lang='grc' dir='ltr'>πελάοντες</span> <span class='ocrx_word' id='word_1_78' title='bbox 326 671 495 706; x_wconf 76' lang='grc' dir='ltr'><strong>ἐπειγομένῳ</strong></span> <span class='ocrx_word' id='word_1_79' title='bbox 510 670 572 697; x_wconf 80' lang='grc' dir='ltr'>ποτὶ</span> <span class='ocrx_word' id='word_1_80' title='bbox 591 672 683 705; x_wconf 87' lang='grc' dir='ltr'>γαῖαν.</span> 
     </span>
    </p>
   </div>
   <div class='ocr_carea' id='block_1_13' title="bbox 29 715 813 752">
    <p class='ocr_par' dir='ltr' id='par_1_13' title="bbox 29 715 813 752">
     <span class='ocr_line' id='line_1_13' title="bbox 29 715 813 752; baseline -0.004 -7"><span class='ocrx_word' id='word_1_81' title='bbox 29 719 82 747; x_wconf 82' lang='lat'><strong>600</strong></span> <span class='ocrx_word' id='word_1_82' title='bbox 105 717 220 752; x_wconf 70' lang='grc' dir='ltr'>Εὐϐοίης</span> <span class='ocrx_word' id='word_1_83' title='bbox 246 717 268 744; x_wconf 81' lang='grc' dir='ltr'>δ’</span> <span class='ocrx_word' id='word_1_84' title='bbox 289 715 332 752; x_wconf 76' lang='grc' dir='ltr'><strong>ἄρ’</strong></span> <span class='ocrx_word' id='word_1_85' title='bbox 351 716 451 744; x_wconf 71' lang='grc' dir='ltr'>ὄπωπα</span> <span class='ocrx_word' id='word_1_86' title='bbox 464 715 566 752; x_wconf 81' lang='grc' dir='ltr'>Θρασὺν</span> <span class='ocrx_word' id='word_1_87' title='bbox 582 716 675 752; x_wconf 78' lang='grc' dir='ltr'>πόρον,</span> <span class='ocrx_word' id='word_1_88' title='bbox 689 716 743 742; x_wconf 82' lang='grc' dir='ltr'>οὐδ’</span> <span class='ocrx_word' id='word_1_89' title='bbox 755 716 813 742; x_wconf 65' lang='lat' dir='ltr'><strong>Erti-</strong></span> 
     </span>
    </p>
   </div>
   <div class='ocr_carea' id='block_1_14' title="bbox 646 761 777 798">
    <p class='ocr_par' dir='ltr' id='par_1_14' title="bbox 646 761 777 798">
     <span class='ocr_line' id='line_1_14' title="bbox 646 761 777 798; baseline 0 -9"><span class='ocrx_word' id='word_1_90' title='bbox 646 761 777 798; x_wconf 76' lang='grc' dir='ltr'>[φραστον</span> 
     </span>
    </p>
   </div>
   <div class='ocr_carea' id='block_1_15' title="bbox 30 807 691 848">
    <p class='ocr_par' dir='ltr' id='par_1_15' title="bbox 30 807 691 848">
     <span class='ocr_line' id='line_1_15' title="bbox 30 807 691 848; baseline -0.006 -10"><span class='ocrx_word' id='word_1_91' title='bbox 30 810 163 848; x_wconf 80' lang='grc' dir='ltr'>Πορθμδν,</span> <span class='ocrx_word' id='word_1_92' title='bbox 177 811 239 844; x_wconf 77' lang='grc' dir='ltr'><strong>ἁλὸς</strong></span> <span class='ocrx_word' id='word_1_93' title='bbox 251 810 356 846; x_wconf 80' lang='grc' dir='ltr'>κληῖδα,</span> <span class='ocrx_word' id='word_1_94' title='bbox 366 808 552 836; x_wconf 80' lang='grc' dir='ltr'>παλισσύτοισι</span> <span class='ocrx_word' id='word_1_95' title='bbox 571 807 691 844; x_wconf 82' lang='grc' dir='ltr'><strong>ῥεέθροις</strong></span> 
     </span>
    </p>
   </div>
   <div class='ocr_carea' id='block_1_16' title="bbox 567 134 1085 185">
    <p class='ocr_par' dir='ltr' id='par_1_16' title="bbox 567 134 1085 185">
     <span class='ocr_line' id='line_1_16' title="bbox 567 134 1085 185; baseline -0.004 -1"><span class='ocrx_word' id='word_1_96' title='bbox 567 156 688 185; x_wconf 81' lang='lat' dir='ltr'><strong>SECTIO</strong></span> <span class='ocrx_word' id='word_1_97' title='bbox 702 157 723 184; x_wconf 91' lang='lat' dir='ltr'><strong>ll</strong></span> <span class='ocrx_word' id='word_1_98' title='bbox 741 156 904 184; x_wconf 82' lang='lat' dir='ltr'><strong>POEMATA</strong></span> <span class='ocrx_word' id='word_1_99' title='bbox 923 134 1085 183; x_wconf 71' lang='grc' dir='ltr'><strong>ΜοιιΑιΙΑ.</strong></span> 
     </span>
    </p>
   </div>
   <div class='ocr_carea' id='block_1_17' title="bbox 824 211 1585 250">
    <p class='ocr_par' dir='ltr' id='par_1_17' title="bbox 824 211 1585 250">
     <span class='ocr_line' id='line_1_17' title="bbox 824 211 1585 250; baseline -0.007 -7"><span class='ocrx_word' id='word_1_100' title='bbox 824 218 846 243; x_wconf 84' lang='grc' dir='ltr'><strong>Α</strong></span> <span class='ocrx_word' id='word_1_101' title='bbox 860 216 1039 250; x_wconf 81' lang='grc' dir='ltr'>Μαινόμενον.</span> <span class='ocrx_word' id='word_1_102' title='bbox 1058 213 1157 245; x_wconf 79' lang='grc' dir='ltr'><strong>Πόντος</strong></span> <span class='ocrx_word' id='word_1_103' title='bbox 1173 213 1200 239; x_wconf 79' lang='grc' dir='ltr'>δὲ</span> <span class='ocrx_word' id='word_1_104' title='bbox 1214 213 1280 249; x_wconf 79' lang='grc' dir='ltr'>ρἐι,</span> <span class='ocrx_word' id='word_1_105' title='bbox 1295 213 1341 239; x_wconf 76' lang='grc' dir='ltr'><strong>καὶ</strong></span> <span class='ocrx_word' id='word_1_106' title='bbox 1352 211 1457 247; x_wconf 78' lang='grc' dir='ltr'>ῥεῖθρον</span> <span class='ocrx_word' id='word_1_107' title='bbox 1473 212 1585 239; x_wconf 82' lang='grc' dir='ltr'>ἄνεισιν.</span> 
     </span>
    </p>
   </div>
   <div class='ocr_carea' id='block_1_18' title="bbox 1593 150 1649 180">
    <p class='ocr_par' dir='ltr' id='par_1_18' title="bbox 1593 150 1649 180">
     <span class='ocr_line' id='line_1_18' title="bbox 1593 150 1649 180; baseline 0 0"><span class='ocrx_word' id='word_1_108' title='bbox 1593 150 1649 180; x_wconf 72' lang='lat'><strong>09.6</strong></span> 
     </span>
    </p>
   </div>
   <div class='ocr_carea' id='block_1_19' title="bbox 867 254 1605 294">
    <p class='ocr_par' dir='ltr' id='par_1_19' title="bbox 867 254 1605 294">
     <span class='ocr_line' id='line_1_19' title="bbox 867 254 1605 294; baseline -0.007 -7"><span class='ocrx_word' id='word_1_109' title='bbox 867 260 990 292; x_wconf 72' lang='grc' dir='ltr'>Ὠκεανὸς</span> <span class='ocrx_word' id='word_1_110' title='bbox 1003 260 1024 286; x_wconf 84' lang='grc' dir='ltr'>δ’</span> <span class='ocrx_word' id='word_1_111' title='bbox 1040 259 1088 294; x_wconf 86' lang='grc' dir='ltr'><strong>οὺχ</strong></span> <span class='ocrx_word' id='word_1_112' title='bbox 1100 259 1187 285; x_wconf 67' lang='grc' dir='ltr'>ἕλκετ’</span> <span class='ocrx_word' id='word_1_113' title='bbox 1197 258 1251 284; x_wconf 78' lang='grc' dir='ltr'><strong>ἀπὸ</strong></span> <span class='ocrx_word' id='word_1_114' title='bbox 1265 257 1368 293; x_wconf 74' lang='grc' dir='ltr'>χθονὸς,</span> <span class='ocrx_word' id='word_1_115' title='bbox 1386 254 1435 283; x_wconf 74' lang='grc' dir='ltr'>εἶτ’</span> <span class='ocrx_word' id='word_1_116' title='bbox 1451 257 1498 283; x_wconf 72' lang='grc' dir='ltr'><strong>ἐπὶ</strong></span> <span class='ocrx_word' id='word_1_117' title='bbox 1509 256 1605 292; x_wconf 80' lang='grc' dir='ltr'>χέρσον</span> 
     </span>
    </p>
   </div>
   <div class='ocr_carea' id='block_1_20' title="bbox 864 302 1500 341">
    <p class='ocr_par' dir='ltr' id='par_1_20' title="bbox 864 302 1500 341">
     <span class='ocr_line' id='line_1_20' title="bbox 864 302 1500 341; baseline -0.006 -8"><span class='ocrx_word' id='word_1_118' title='bbox 864 307 970 341; x_wconf 82' lang='grc' dir='ltr'>Ἔρχετ’</span> <span class='ocrx_word' id='word_1_119' title='bbox 987 304 1186 339; x_wconf 74' lang='grc' dir='ltr'>ἐπειγομένοισι</span> <span class='ocrx_word' id='word_1_120' title='bbox 1203 304 1355 339; x_wconf 80' lang='grc' dir='ltr'>μεταΐσσων</span> <span class='ocrx_word' id='word_1_121' title='bbox 1372 302 1500 338; x_wconf 81' lang='grc' dir='ltr'>ροθίοισι;</span> 
     </span>
    </p>
   </div>
   <div class='ocr_carea' id='block_1_21' title="bbox 863 349 1619 384">
    <p class='ocr_par' dir='ltr' id='par_1_21' title="bbox 863 349 1619 384">
     <span class='ocr_line' id='line_1_21' title="bbox 863 349 1619 384; baseline -0.007 -5"><span class='ocrx_word' id='word_1_122' title='bbox 863 352 915 379; x_wconf 79' lang='grc' dir='ltr'><strong>(ΞΟὸ</strong></span> <span class='ocrx_word' id='word_1_123' title='bbox 933 352 986 377; x_wconf 70' lang='grc' dir='ltr'><strong>Καὶ</strong></span> <span class='ocrx_word' id='word_1_124' title='bbox 995 351 1083 377; x_wconf 77' lang='grc' dir='ltr'>πεδίον</span> <span class='ocrx_word' id='word_1_125' title='bbox 1095 350 1141 376; x_wconf 70' lang='grc' dir='ltr'>καὶ</span> <span class='ocrx_word' id='word_1_126' title='bbox 1154 349 1249 381; x_wconf 78' lang='grc' dir='ltr'>πόντος</span> <span class='ocrx_word' id='word_1_127' title='bbox 1263 350 1305 375; x_wconf 76' lang='grc' dir='ltr'><strong>ἐπ’</strong></span> <span class='ocrx_word' id='word_1_128' title='bbox 1319 349 1591 384; x_wconf 78' lang='grc' dir='ltr'>ἠῖόσιΚιμμερίοισιν</span> <span class='ocrx_word' id='word_1_129' title='bbox 1612 359 1619 374; x_wconf 72' lang='grc' dir='ltr'><strong>ι</strong></span> 
     </span>
    </p>
   </div>
   <div class='ocr_carea' id='block_1_22' title="bbox 862 393 1586 431">
    <p class='ocr_par' dir='ltr' id='par_1_22' title="bbox 862 393 1586 431">
     <span class='ocr_line' id='line_1_22' title="bbox 862 393 1586 431; baseline -0.006 -7"><span class='ocrx_word' id='word_1_130' title='bbox 862 398 956 429; x_wconf 80' lang='grc' dir='ltr'><strong>’Λλλος</strong></span> <span class='ocrx_word' id='word_1_131' title='bbox 970 397 992 423; x_wconf 76' lang='grc' dir='ltr'>δ’</span> <span class='ocrx_word' id='word_1_132' title='bbox 1009 394 1041 423; x_wconf 83' lang='grc' dir='ltr'>αὖ</span> <span class='ocrx_word' id='word_1_133' title='bbox 1057 395 1116 431; x_wconf 78' lang='grc' dir='ltr'>ῥόος</span> <span class='ocrx_word' id='word_1_134' title='bbox 1128 393 1180 421; x_wconf 80' lang='grc' dir='ltr'>εἶσι</span> <span class='ocrx_word' id='word_1_135' title='bbox 1194 395 1280 431; x_wconf 70' lang='grc' dir='ltr'>πυρὸς</span> <span class='ocrx_word' id='word_1_136' title='bbox 1296 394 1403 428; x_wconf 80' lang='grc' dir='ltr'><strong>φλογὸς,</strong></span> <span class='ocrx_word' id='word_1_137' title='bbox 1418 395 1440 420; x_wconf 78' lang='grc' dir='ltr'>εἰ</span> <span class='ocrx_word' id='word_1_138' title='bbox 1454 394 1527 420; x_wconf 79' lang='grc' dir='ltr'>ὲτεόν</span> <span class='ocrx_word' id='word_1_139' title='bbox 1543 402 1586 428; x_wconf 82' lang='grc' dir='ltr'>γε,</span> 
     </span>
    </p>
   </div>
   <div class='ocr_carea' id='block_1_23' title="bbox 860 439 1572 475">
    <p class='ocr_par' dir='ltr' id='par_1_23' title="bbox 860 439 1572 475">
     <span class='ocr_line' id='line_1_23' title="bbox 860 439 1572 475; baseline -0.006 -6"><span class='ocrx_word' id='word_1_140' title='bbox 860 443 993 469; x_wconf 76' lang='grc' dir='ltr'><strong>Αἰτναίων</strong></span> <span class='ocrx_word' id='word_1_141' title='bbox 1005 440 1143 468; x_wconf 77' lang='grc' dir='ltr'>σκοπέλων</span> <span class='ocrx_word' id='word_1_142' title='bbox 1156 440 1337 475; x_wconf 83' lang='grc' dir='ltr'>ἀπερεύγεται</span> <span class='ocrx_word' id='word_1_143' title='bbox 1351 439 1429 471; x_wconf 74' lang='grc' dir='ltr'>ὁλκὸς</span> <span class='ocrx_word' id='word_1_144' title='bbox 1447 439 1572 471; x_wconf 78' lang='grc' dir='ltr'>ἄπιστος,</span> 
     </span>
    </p>
   </div>
   <div class='ocr_carea' id='block_1_24' title="bbox 862 484 1647 524">
    <p class='ocr_par' dir='ltr' id='par_1_24' title="bbox 862 484 1647 524">
     <span class='ocr_line' id='line_1_24' title="bbox 862 484 1647 524; baseline -0.005 -10"><span class='ocrx_word' id='word_1_145' title='bbox 862 488 920 524; x_wconf 79' lang='grc' dir='ltr'><strong>Πῦρ</strong></span> <span class='ocrx_word' id='word_1_146' title='bbox 936 487 1065 522; x_wconf 82' lang='grc' dir='ltr'>ποταμός.</span> <span class='ocrx_word' id='word_1_147' title='bbox 1082 487 1123 514; x_wconf 80' lang='grc' dir='ltr'>Τά</span> <span class='ocrx_word' id='word_1_148' title='bbox 1133 486 1154 512; x_wconf 82' lang='grc' dir='ltr'>δ’</span> <span class='ocrx_word' id='word_1_149' title='bbox 1166 486 1268 521; x_wconf 74' lang='grc' dir='ltr'>ἄμικτα</span> <span class='ocrx_word' id='word_1_150' title='bbox 1280 485 1357 521; x_wconf 76' lang='grc' dir='ltr'>μίγη,</span> <span class='ocrx_word' id='word_1_151' title='bbox 1372 485 1497 520; x_wconf 83' lang='grc' dir='ltr'>Χριστοῖο</span> <span class='ocrx_word' id='word_1_152' title='bbox 1515 484 1647 518; x_wconf 80' lang='grc' dir='ltr'>θέλοντος.</span> 
     </span>
    </p>
   </div>
   <div class='ocr_carea' id='block_1_25' title="bbox 862 530 1516 567">
    <p class='ocr_par' dir='ltr' id='par_1_25' title="bbox 862 530 1516 567">
     <span class='ocr_line' id='line_1_25' title="bbox 862 530 1516 567; baseline -0.005 -8"><span class='ocrx_word' id='word_1_153' title='bbox 862 532 925 560; x_wconf 82' lang='grc' dir='ltr'>Οἶδα</span> <span class='ocrx_word' id='word_1_154' title='bbox 942 533 988 559; x_wconf 71' lang='grc' dir='ltr'><strong>καὶ</strong></span> <span class='ocrx_word' id='word_1_155' title='bbox 1005 533 1033 558; x_wconf 77' lang='grc' dir='ltr'>ἐν</span> <span class='ocrx_word' id='word_1_156' title='bbox 1048 533 1162 567; x_wconf 80' lang='grc' dir='ltr'>βαιοίσιν</span> <span class='ocrx_word' id='word_1_157' title='bbox 1178 531 1268 566; x_wconf 79' lang='grc' dir='ltr'>ὁμοίῐα</span> <span class='ocrx_word' id='word_1_158' title='bbox 1284 530 1400 566; x_wconf 79' lang='grc' dir='ltr'>οαύματ’</span> <span class='ocrx_word' id='word_1_159' title='bbox 1415 531 1516 559; x_wconf 66' lang='grc' dir='ltr'>ἀεῖσαι,</span> 
     </span>
    </p>
   </div>
   <div class='ocr_carea' id='block_1_26' title="bbox 859 576 1648 614">
    <p class='ocr_par' dir='ltr' id='par_1_26' title="bbox 859 576 1648 614">
     <span class='ocr_line' id='line_1_26' title="bbox 859 576 1648 614; baseline -0.005 -8"><span class='ocrx_word' id='word_1_160' title='bbox 859 580 909 607; x_wconf 85' lang='grc'><strong>610</strong></span> <span class='ocrx_word' id='word_1_161' title='bbox 928 579 1003 604; x_wconf 81' lang='grc' dir='ltr'>Ἔστι</span> <span class='ocrx_word' id='word_1_162' title='bbox 1029 587 1071 610; x_wconf 85' lang='grc' dir='ltr'><strong>τις</strong></span> <span class='ocrx_word' id='word_1_163' title='bbox 1087 579 1116 605; x_wconf 82' lang='grc' dir='ltr'>ὲν</span> <span class='ocrx_word' id='word_1_164' title='bbox 1144 579 1270 614; x_wconf 75' lang='grc' dir='ltr'>καρποῖσι</span> <span class='ocrx_word' id='word_1_165' title='bbox 1301 577 1479 612; x_wconf 74' lang='grc' dir='ltr'>κερασϐόλος,</span> <span class='ocrx_word' id='word_1_166' title='bbox 1492 576 1529 607; x_wconf 83' lang='grc' dir='ltr'><strong>ὡς</strong></span> <span class='ocrx_word' id='word_1_167' title='bbox 1539 577 1648 603; x_wconf 74' lang='grc' dir='ltr'>ἐνέπου-</span> 
     </span>
    </p>
   </div>
   <div class='ocr_carea' id='block_1_27' title="bbox 1546 621 1612 658">
    <p class='ocr_par' dir='ltr' id='par_1_27' title="bbox 1546 621 1612 658">
     <span class='ocr_line' id='line_1_27' title="bbox 1546 621 1612 658; baseline 0 -10"><span class='ocrx_word' id='word_1_168' title='bbox 1546 621 1612 658; x_wconf 83' lang='grc' dir='ltr'>[σιν,</span> 
     </span>
    </p>
   </div>
   <div class='ocr_carea' id='block_1_28' title="bbox 864 668 1532 706">
    <p class='ocr_par' dir='ltr' id='par_1_28' title="bbox 864 668 1532 706">
     <span class='ocr_line' id='line_1_28' title="bbox 864 668 1532 706; baseline -0.006 -9"><span class='ocrx_word' id='word_1_169' title='bbox 864 673 911 703; x_wconf 84' lang='grc' dir='ltr'>Ὃς</span> <span class='ocrx_word' id='word_1_170' title='bbox 927 671 1034 706; x_wconf 71' lang='grc' dir='ltr'>μοῦνος,</span> <span class='ocrx_word' id='word_1_171' title='bbox 1047 670 1101 697; x_wconf 88' lang='grc' dir='ltr'>τῶν</span> <span class='ocrx_word' id='word_1_172' title='bbox 1115 670 1184 697; x_wconf 79' lang='grc' dir='ltr'>ὅσσα</span> <span class='ocrx_word' id='word_1_173' title='bbox 1198 669 1259 704; x_wconf 78' lang='grc' dir='ltr'>φύει</span> <span class='ocrx_word' id='word_1_174' title='bbox 1275 669 1402 705; x_wconf 79' lang='grc' dir='ltr'>ζείδωρος</span> <span class='ocrx_word' id='word_1_175' title='bbox 1417 668 1532 704; x_wconf 76' lang='grc' dir='ltr'>ἄρουρα,</span> 
     </span>
    </p>
   </div>
   <div class='ocr_carea' id='block_1_29' title="bbox 868 713 1621 752">
    <p class='ocr_par' dir='ltr' id='par_1_29' title="bbox 868 713 1621 752">
     <span class='ocr_line' id='line_1_29' title="bbox 868 713 1621 752; baseline -0.005 -9"><span class='ocrx_word' id='word_1_176' title='bbox 868 716 1015 752; x_wconf 80' lang='grc' dir='ltr'>Ἐσκληκὸς</span> <span class='ocrx_word' id='word_1_177' title='bbox 1030 716 1075 742; x_wconf 79' lang='grc' dir='ltr'><strong>καὶ</strong></span> <span class='ocrx_word' id='word_1_178' title='bbox 1091 715 1221 749; x_wconf 78' lang='grc' dir='ltr'>ἄτεγκτον</span> <span class='ocrx_word' id='word_1_179' title='bbox 1236 715 1304 750; x_wconf 73' lang='grc' dir='ltr'>ἔχων</span> <span class='ocrx_word' id='word_1_180' title='bbox 1318 715 1412 750; x_wconf 78' lang='grc' dir='ltr'>δέμας,</span> <span class='ocrx_word' id='word_1_181' title='bbox 1427 713 1482 740; x_wconf 77' lang='grc' dir='ltr'>οὔτ’</span> <span class='ocrx_word' id='word_1_182' title='bbox 1501 713 1542 740; x_wconf 64' lang='lat' dir='ltr'><strong>svi.</strong></span> <span class='ocrx_word' id='word_1_183' title='bbox 1555 713 1621 749; x_wconf 76' lang='grc' dir='ltr'>γαίῃ</span> 
     </span>
    </p>
   </div>
   <div class='ocr_carea' id='block_1_30' title="bbox 862 760 1558 798">
    <p class='ocr_par' dir='ltr' id='par_1_30' title="bbox 862 760 1558 798">
     <span class='ocr_line' id='line_1_30' title="bbox 862 760 1558 798; baseline -0.003 -10"><span class='ocrx_word' id='word_1_184' title='bbox 862 762 970 793; x_wconf 81' lang='grc' dir='ltr'>Λὺεται,</span> <span class='ocrx_word' id='word_1_185' title='bbox 983 761 1038 789; x_wconf 73' lang='grc' dir='ltr'>οὔτ’</span> <span class='ocrx_word' id='word_1_186' title='bbox 1053 761 1179 798; x_wconf 78' lang='grc' dir='ltr'>ὕμϐροισι</span> <span class='ocrx_word' id='word_1_187' title='bbox 1191 761 1335 792; x_wconf 82' lang='grc' dir='ltr'>πιαίνεται,</span> <span class='ocrx_word' id='word_1_188' title='bbox 1352 760 1420 787; x_wconf 81' lang='grc' dir='ltr'>ἀλλὰ</span> <span class='ocrx_word' id='word_1_189' title='bbox 1436 760 1558 795; x_wconf 83' lang='grc' dir='ltr'>πέπηγεν</span> 
     </span>
    </p>
   </div>
   <div class='ocr_carea' id='block_1_31' title="bbox 861 806 1528 844">
    <p class='ocr_par' dir='ltr' id='par_1_31' title="bbox 861 806 1528 844">
     <span class='ocr_line' id='line_1_31' title="bbox 861 806 1528 844; baseline -0.003 -10"><span class='ocrx_word' id='word_1_190' title='bbox 861 808 987 841; x_wconf 78' lang='grc' dir='ltr'><strong>Αὐαλέος,</strong></span> <span class='ocrx_word' id='word_1_191' title='bbox 1002 807 1110 844; x_wconf 81' lang='grc' dir='ltr'>κεράων</span> <span class='ocrx_word' id='word_1_192' title='bbox 1127 807 1307 843; x_wconf 86' lang='grc' dir='ltr'>στερεώτερος</span> <span class='ocrx_word' id='word_1_193' title='bbox 1321 807 1414 842; x_wconf 77' lang='grc' dir='ltr'>ἤματα</span> <span class='ocrx_word' id='word_1_194' title='bbox 1431 806 1528 833; x_wconf 71' lang='grc' dir='ltr'>πάντα.</span> 
     </span>
    </p>
   </div>
   <div class='ocr_carea' id='block_1_32' title="bbox 278 897 1372 932">
    <p class='ocr_par' dir='ltr' id='par_1_32' title="bbox 278 897 1372 932">
     <span class='ocr_line' id='line_1_32' title="bbox 278 897 1372 932; baseline -0.004 -4"><span class='ocrx_word' id='word_1_195' title='bbox 278 901 330 928; x_wconf 80' lang='grc'><strong>590</strong></span> <span class='ocrx_word' id='word_1_196' title='bbox 348 900 474 928; x_wconf 83' lang='lat' dir='ltr'><strong>Vestiens</strong></span> <span class='ocrx_word' id='word_1_197' title='bbox 488 899 653 927; x_wconf 86' lang='lat' dir='ltr'><strong>commistim</strong></span> <span class='ocrx_word' id='word_1_198' title='bbox 668 899 731 926; x_wconf 91' lang='lat' dir='ltr'><strong>hinc</strong></span> <span class='ocrx_word' id='word_1_199' title='bbox 745 904 773 927; x_wconf 91' lang='lat' dir='ltr'><strong>et</strong></span> <span class='ocrx_word' id='word_1_200' title='bbox 787 899 849 926; x_wconf 91' lang='lat' dir='ltr'><strong>inde</strong></span> <span class='ocrx_word' id='word_1_201' title='bbox 866 903 964 932; x_wconf 85' lang='lat' dir='ltr'><strong>totum,</strong></span> <span class='ocrx_word' id='word_1_202' title='bbox 981 903 1010 926; x_wconf 85' lang='lat' dir='ltr'><strong>ut</strong></span> <span class='ocrx_word' id='word_1_203' title='bbox 1025 898 1050 925; x_wconf 89' lang='lat' dir='ltr'><strong>ei</strong></span> <span class='ocrx_word' id='word_1_204' title='bbox 1066 897 1210 932; x_wconf 88' lang='lat' dir='ltr'><strong>placuerit,</strong></span> <span class='ocrx_word' id='word_1_205' title='bbox 1230 897 1372 925; x_wconf 91' lang='lat' dir='ltr'><strong>mundum.</strong></span> 
     </span>
    </p>
   </div>
   <div class='ocr_carea' id='block_1_33' title="bbox 278 933 1105 968">
    <p class='ocr_par' dir='ltr' id='par_1_33' title="bbox 278 933 1105 968">
     <span class='ocr_line' id='line_1_33' title="bbox 278 933 1105 968; baseline -0.002 -6"><span class='ocrx_word' id='word_1_206' title='bbox 278 935 367 963; x_wconf 84' lang='lat' dir='ltr'><strong>Pauca</strong></span> <span class='ocrx_word' id='word_1_207' title='bbox 383 939 472 962; x_wconf 85' lang='lat' dir='ltr'><strong>tamen</strong></span> <span class='ocrx_word' id='word_1_208' title='bbox 488 943 503 962; x_wconf 89' lang='lat' dir='ltr'><strong>e</strong></span> <span class='ocrx_word' id='word_1_209' title='bbox 519 935 612 961; x_wconf 88' lang='lat' dir='ltr'><strong>multis</strong></span> <span class='ocrx_word' id='word_1_210' title='bbox 629 935 757 966; x_wconf 83' lang='lat' dir='ltr'><strong>referam,</strong></span> <span class='ocrx_word' id='word_1_211' title='bbox 773 941 890 968; x_wconf 88' lang='lat' dir='ltr'><strong>quorum</strong></span> <span class='ocrx_word' id='word_1_212' title='bbox 909 934 962 961; x_wconf 85' lang='lat' dir='ltr'><strong>alia</strong></span> <span class='ocrx_word' id='word_1_213' title='bbox 978 941 1028 968; x_wconf 79' lang='lat' dir='ltr'><strong>ego</strong></span> <span class='ocrx_word' id='word_1_214' title='bbox 1047 933 1105 968; x_wconf 81' lang='lat' dir='ltr'><strong>ipse</strong></span> 
     </span>
    </p>
   </div>
   <div class='ocr_carea' id='block_1_34' title="bbox 278 967 1245 1003">
    <p class='ocr_par' dir='ltr' id='par_1_34' title="bbox 278 967 1245 1003">
     <span class='ocr_line' id='line_1_34' title="bbox 278 967 1245 1003; baseline -0.003 -6"><span class='ocrx_word' id='word_1_215' title='bbox 278 970 357 1003; x_wconf 83' lang='lat' dir='ltr'><strong>Vidi;</strong></span> <span class='ocrx_word' id='word_1_216' title='bbox 372 970 487 997; x_wconf 87' lang='lat' dir='ltr'><strong>aliorum</strong></span> <span class='ocrx_word' id='word_1_217' title='bbox 501 973 592 997; x_wconf 91' lang='lat' dir='ltr'><strong>autem</strong></span> <span class='ocrx_word' id='word_1_218' title='bbox 606 969 678 1001; x_wconf 80' lang='lat' dir='ltr'><strong>libri.</strong></span> <span class='ocrx_word' id='word_1_219' title='bbox 695 967 813 996; x_wconf 89' lang='lat' dir='ltr'><strong>aliorum</strong></span> <span class='ocrx_word' id='word_1_220' title='bbox 828 976 909 996; x_wconf 80' lang='lat' dir='ltr'><strong>aures</strong></span> <span class='ocrx_word' id='word_1_221' title='bbox 921 969 987 996; x_wconf 91' lang='lat' dir='ltr'><strong>mihi</strong></span> <span class='ocrx_word' id='word_1_222' title='bbox 997 967 1084 996; x_wconf 32' lang='lat' dir='ltr'><strong>’lideiu</strong></span> <span class='ocrx_word' id='word_1_223' title='bbox 1100 967 1245 995; x_wconf 89' lang='lat' dir='ltr'><strong>dederunt.</strong></span> 
     </span>
    </p>
   </div>
   <div class='ocr_carea' id='block_1_35' title="bbox 278 1003 984 1033">
    <p class='ocr_par' dir='ltr' id='par_1_35' title="bbox 278 1003 984 1033">
     <span class='ocr_line' id='line_1_35' title="bbox 278 1003 984 1033; baseline -0.004 0"><span class='ocrx_word' id='word_1_224' title='bbox 278 1006 378 1033; x_wconf 85' lang='lat' dir='ltr'><strong>Nonne</strong></span> <span class='ocrx_word' id='word_1_225' title='bbox 391 1012 462 1032; x_wconf 93' lang='lat' dir='ltr'><strong>unus</strong></span> <span class='ocrx_word' id='word_1_226' title='bbox 476 1005 566 1032; x_wconf 88' lang='lat' dir='ltr'><strong>ﬂuviis</strong></span> <span class='ocrx_word' id='word_1_227' title='bbox 585 1004 713 1032; x_wconf 88' lang='lat' dir='ltr'><strong>omnibus</strong></span> <span class='ocrx_word' id='word_1_228' title='bbox 732 1003 846 1031; x_wconf 84' lang='lat' dir='ltr'><strong>declivis</strong></span> <span class='ocrx_word' id='word_1_229' title='bbox 865 1004 984 1031; x_wconf 82' lang='lat' dir='ltr'><strong>cursus?</strong></span> 
     </span>
    </p>
   </div>
   <div class='ocr_carea' id='block_1_36' title="bbox 282 1038 1106 1074">
    <p class='ocr_par' dir='ltr' id='par_1_36' title="bbox 282 1038 1106 1074">
     <span class='ocr_line' id='line_1_36' title="bbox 282 1038 1106 1074; baseline -0.004 -7"><span class='ocrx_word' id='word_1_230' title='bbox 282 1040 378 1067; x_wconf 83' lang='lat' dir='ltr'><strong>Nonne</strong></span> <span class='ocrx_word' id='word_1_231' title='bbox 393 1047 475 1067; x_wconf 90' lang='lat' dir='ltr'><strong>unam</strong></span> <span class='ocrx_word' id='word_1_232' title='bbox 491 1040 576 1074; x_wconf 73' lang='lat' dir='ltr'><strong>legem</strong></span> <span class='ocrx_word' id='word_1_233' title='bbox 589 1039 690 1067; x_wconf 94' lang='lat' dir='ltr'><strong>habent</strong></span> <span class='ocrx_word' id='word_1_234' title='bbox 705 1046 816 1074; x_wconf 76' lang='lat' dir='ltr'><strong>aequora</strong></span> <span class='ocrx_word' id='word_1_235' title='bbox 833 1039 972 1066; x_wconf 68' lang='lat' dir='ltr'><strong>littoribus</strong></span> <span class='ocrx_word' id='word_1_236' title='bbox 988 1038 1106 1065; x_wconf 68' lang='lat' dir='ltr'><strong>vinciri?</strong></span> 
     </span>
    </p>
   </div>
   <div class='ocr_carea' id='block_1_37' title="bbox 279 1073 1157 1110">
    <p class='ocr_par' dir='ltr' id='par_1_37' title="bbox 279 1073 1157 1110">
     <span class='ocr_line' id='line_1_37' title="bbox 279 1073 1157 1110; baseline -0.002 -8"><span class='ocrx_word' id='word_1_237' title='bbox 279 1075 331 1102; x_wconf 80' lang='grc'><strong>595</strong></span> <span class='ocrx_word' id='word_1_238' title='bbox 347 1075 442 1102; x_wconf 86' lang='lat' dir='ltr'><strong>Nonne</strong></span> <span class='ocrx_word' id='word_1_239' title='bbox 460 1073 530 1110; x_wconf 76' lang='lat' dir='ltr'><strong>ignis</strong></span> <span class='ocrx_word' id='word_1_240' title='bbox 544 1074 651 1101; x_wconf 90' lang='lat' dir='ltr'><strong>ﬂamma</strong></span> <span class='ocrx_word' id='word_1_241' title='bbox 667 1082 776 1102; x_wconf 88' lang='lat' dir='ltr'><strong>sursum</strong></span> <span class='ocrx_word' id='word_1_242' title='bbox 792 1073 878 1101; x_wconf 76' lang='lat' dir='ltr'><strong>fertur</strong></span> <span class='ocrx_word' id='word_1_243' title='bbox 897 1074 1004 1101; x_wconf 89' lang='lat' dir='ltr'><strong>crebris</strong></span> <span class='ocrx_word' id='word_1_244' title='bbox 1020 1073 1157 1101; x_wconf 88' lang='lat' dir='ltr'><strong>saltibus?</strong></span> 
     </span>
    </p>
   </div>
   <div class='ocr_carea' id='block_1_38' title="bbox 280 1109 958 1144">
    <p class='ocr_par' dir='ltr' id='par_1_38' title="bbox 280 1109 958 1144">
     <span class='ocr_line' id='line_1_38' title="bbox 280 1109 958 1144; baseline 0 -8"><span class='ocrx_word' id='word_1_245' title='bbox 280 1110 473 1137; x_wconf 80' lang='lat' dir='ltr'><strong>Verumtamen</strong></span> <span class='ocrx_word' id='word_1_246' title='bbox 487 1109 588 1136; x_wconf 88' lang='lat' dir='ltr'><strong>ﬂuvius</strong></span> <span class='ocrx_word' id='word_1_247' title='bbox 605 1116 713 1136; x_wconf 85' lang='lat' dir='ltr'><strong>amaras</strong></span> <span class='ocrx_word' id='word_1_248' title='bbox 728 1113 850 1144; x_wconf 79' lang='lat' dir='ltr'><strong>permeat</strong></span> <span class='ocrx_word' id='word_1_249' title='bbox 862 1117 958 1143; x_wconf 82' lang='lat' dir='ltr'><strong>aquas,</strong></span> 
     </span>
    </p>
   </div>
   <div class='ocr_carea' id='block_1_39' title="bbox 279 1144 990 1179">
    <p class='ocr_par' dir='ltr' id='par_1_39' title="bbox 279 1144 990 1179">
     <span class='ocr_line' id='line_1_39' title="bbox 279 1144 990 1179; baseline 0 -8"><span class='ocrx_word' id='word_1_250' title='bbox 279 1144 409 1178; x_wconf 86' lang='lat' dir='ltr'><strong>Quamvis</strong></span> <span class='ocrx_word' id='word_1_251' title='bbox 424 1144 522 1172; x_wconf 89' lang='lat' dir='ltr'><strong>ﬂuvius</strong></span> <span class='ocrx_word' id='word_1_252' title='bbox 540 1145 591 1177; x_wconf 82' lang='lat' dir='ltr'><strong>sit;</strong></span> <span class='ocrx_word' id='word_1_253' title='bbox 611 1151 660 1171; x_wconf 83' lang='lat' dir='ltr'><strong>nec</strong></span> <span class='ocrx_word' id='word_1_254' title='bbox 671 1151 742 1179; x_wconf 88' lang='lat' dir='ltr'><strong>aqua</strong></span> <span class='ocrx_word' id='word_1_255' title='bbox 757 1151 835 1178; x_wconf 66' lang='lat' dir='ltr'><strong>aqua:</strong></span> <span class='ocrx_word' id='word_1_256' title='bbox 849 1144 990 1171; x_wconf 84' lang='lat' dir='ltr'><strong>miscetur.</strong></span> 
     </span>
    </p>
   </div>
   <div class='ocr_carea' id='block_1_40' title="bbox 280 1179 990 1214">
    <p class='ocr_par' dir='ltr' id='par_1_40' title="bbox 280 1179 990 1214">
     <span class='ocr_line' id='line_1_40' title="bbox 280 1179 990 1214; baseline -0.003 -7"><span class='ocrx_word' id='word_1_257' title='bbox 280 1180 374 1207; x_wconf 76' lang='lat' dir='ltr'><strong>Nautze</strong></span> <span class='ocrx_word' id='word_1_258' title='bbox 385 1184 476 1206; x_wconf 89' lang='lat' dir='ltr'><strong>autem</strong></span> <span class='ocrx_word' id='word_1_259' title='bbox 490 1187 505 1206; x_wconf 90' lang='lat' dir='ltr'><strong>e</strong></span> <span class='ocrx_word' id='word_1_260' title='bbox 520 1183 604 1214; x_wconf 86' lang='lat' dir='ltr'><strong>ponto</strong></span> <span class='ocrx_word' id='word_1_261' title='bbox 617 1179 724 1207; x_wconf 87' lang='lat' dir='ltr'><strong>dulcem</strong></span> <span class='ocrx_word' id='word_1_262' title='bbox 739 1183 831 1214; x_wconf 90' lang='lat' dir='ltr'><strong>potum</strong></span> <span class='ocrx_word' id='word_1_263' title='bbox 845 1179 990 1211; x_wconf 89' lang='lat' dir='ltr'><strong>hauriunt,</strong></span> 
     </span>
    </p>
   </div>
   <div class='ocr_carea' id='block_1_41' title="bbox 279 1214 998 1242">
    <p class='ocr_par' dir='ltr' id='par_1_41' title="bbox 279 1214 998 1242">
     <span class='ocr_line' id='line_1_41' title="bbox 279 1214 998 1242; baseline -0.003 0"><span class='ocrx_word' id='word_1_264' title='bbox 279 1215 379 1242; x_wconf 88' lang='lat' dir='ltr'><strong>Navem</strong></span> <span class='ocrx_word' id='word_1_265' title='bbox 390 1215 492 1242; x_wconf 92' lang='lat' dir='ltr'><strong>ﬂuento</strong></span> <span class='ocrx_word' id='word_1_266' title='bbox 506 1215 681 1241; x_wconf 80' lang='lat' dir='ltr'><strong>admoventes</strong></span> <span class='ocrx_word' id='word_1_267' title='bbox 696 1214 820 1241; x_wconf 86' lang='lat' dir='ltr'><strong>reﬂuenti</strong></span> <span class='ocrx_word' id='word_1_268' title='bbox 835 1214 867 1240; x_wconf 90' lang='lat' dir='ltr'><strong>ad</strong></span> <span class='ocrx_word' id='word_1_269' title='bbox 886 1218 998 1241; x_wconf 86' lang='lat' dir='ltr'><strong>terram.</strong></span> 
     </span>
    </p>
   </div>
   <div class='ocr_carea' id='block_1_42' title="bbox 283 1248 1151 1284">
    <p class='ocr_par' dir='ltr' id='par_1_42' title="bbox 283 1248 1151 1284">
     <span class='ocr_line' id='line_1_42' title="bbox 283 1248 1151 1284; baseline -0.001 -8"><span class='ocrx_word' id='word_1_270' title='bbox 283 1250 336 1277; x_wconf 84' lang='lat'><strong>600</strong></span> <span class='ocrx_word' id='word_1_271' title='bbox 355 1248 413 1276; x_wconf 79' lang='lat' dir='ltr'><strong>Jam</strong></span> <span class='ocrx_word' id='word_1_272' title='bbox 429 1257 493 1276; x_wconf 89' lang='lat' dir='ltr'><strong>vero</strong></span> <span class='ocrx_word' id='word_1_273' title='bbox 508 1249 600 1284; x_wconf 84' lang='lat' dir='ltr'><strong>Euripi</strong></span> <span class='ocrx_word' id='word_1_274' title='bbox 618 1249 748 1276; x_wconf 88' lang='lat' dir='ltr'><strong>audacem</strong></span> <span class='ocrx_word' id='word_1_275' title='bbox 763 1249 815 1276; x_wconf 91' lang='lat' dir='ltr'><strong>vidi</strong></span> <span class='ocrx_word' id='word_1_276' title='bbox 833 1254 961 1281; x_wconf 83' lang='lat' dir='ltr'><strong>meatum,</strong></span> <span class='ocrx_word' id='word_1_277' title='bbox 972 1252 999 1276; x_wconf 92' lang='lat' dir='ltr'><strong>et</strong></span> <span class='ocrx_word' id='word_1_278' title='bbox 1015 1248 1151 1276; x_wconf 76' lang='lat' dir='ltr'><strong>ineﬂabile</strong></span> 
     </span>
    </p>
   </div>
   <div class='ocr_carea' id='block_1_43' title="bbox 281 1284 929 1316">
    <p class='ocr_par' dir='ltr' id='par_1_43' title="bbox 281 1284 929 1316">
     <span class='ocr_line' id='line_1_43' title="bbox 281 1284 929 1316; baseline 0 -6"><span class='ocrx_word' id='word_1_279' title='bbox 281 1284 402 1316; x_wconf 85' lang='lat' dir='ltr'><strong>Fretum,</strong></span> <span class='ocrx_word' id='word_1_280' title='bbox 421 1285 504 1312; x_wconf 84' lang='lat' dir='ltr'><strong>maris</strong></span> <span class='ocrx_word' id='word_1_281' title='bbox 517 1285 632 1314; x_wconf 87' lang='lat' dir='ltr'><strong>clavem.</strong></span> <span class='ocrx_word' id='word_1_282' title='bbox 645 1284 725 1311; x_wconf 90' lang='lat' dir='ltr'><strong>undis</strong></span> <span class='ocrx_word' id='word_1_283' title='bbox 740 1284 929 1311; x_wconf 87' lang='lat' dir='ltr'><strong>resilientibus</strong></span> 
     </span>
    </p>
   </div>
   <div class='ocr_carea' id='block_1_44' title="bbox 280 1318 962 1350">
    <p class='ocr_par' dir='ltr' id='par_1_44' title="bbox 280 1318 962 1350">
     <span class='ocr_line' id='line_1_44' title="bbox 280 1318 962 1350; baseline 0 -4"><span class='ocrx_word' id='word_1_284' title='bbox 280 1319 394 1346; x_wconf 83' lang='lat' dir='ltr'><strong>Furens.</strong></span> <span class='ocrx_word' id='word_1_285' title='bbox 410 1318 514 1347; x_wconf 87' lang='lat' dir='ltr'><strong>Pontus</strong></span> <span class='ocrx_word' id='word_1_286' title='bbox 525 1327 588 1346; x_wconf 92' lang='lat' dir='ltr'><strong>vero</strong></span> <span class='ocrx_word' id='word_1_287' title='bbox 603 1318 673 1350; x_wconf 90' lang='lat' dir='ltr'><strong>ﬂuit,</strong></span> <span class='ocrx_word' id='word_1_288' title='bbox 691 1322 718 1346; x_wconf 90' lang='lat' dir='ltr'><strong>et</strong></span> <span class='ocrx_word' id='word_1_289' title='bbox 733 1318 865 1346; x_wconf 88' lang='lat' dir='ltr'><strong>ﬂuentum</strong></span> <span class='ocrx_word' id='word_1_290' title='bbox 880 1318 962 1346; x_wconf 84' lang='lat' dir='ltr'><strong>redit.</strong></span> 
     </span>
    </p>
   </div>
   <div class='ocr_carea' id='block_1_45' title="bbox 280 1353 1035 1385">
    <p class='ocr_par' dir='ltr' id='par_1_45' title="bbox 280 1353 1035 1385">
     <span class='ocr_line' id='line_1_45' title="bbox 280 1353 1035 1385; baseline -0.001 -4"><span class='ocrx_word' id='word_1_291' title='bbox 280 1354 377 1381; x_wconf 90' lang='lat' dir='ltr'><strong>Nonne</strong></span> <span class='ocrx_word' id='word_1_292' title='bbox 392 1353 516 1382; x_wconf 85' lang='lat' dir='ltr'><strong>Oceanus</strong></span> <span class='ocrx_word' id='word_1_293' title='bbox 532 1354 634 1381; x_wconf 85' lang='lat' dir='ltr'><strong>recedit</strong></span> <span class='ocrx_word' id='word_1_294' title='bbox 646 1362 661 1380; x_wconf 91' lang='lat' dir='ltr'><strong>a</strong></span> <span class='ocrx_word' id='word_1_295' title='bbox 677 1357 761 1385; x_wconf 82' lang='lat' dir='ltr'><strong>terra.</strong></span> <span class='ocrx_word' id='word_1_296' title='bbox 776 1353 874 1381; x_wconf 87' lang='lat' dir='ltr'><strong>deinde</strong></span> <span class='ocrx_word' id='word_1_297' title='bbox 886 1354 918 1381; x_wconf 88' lang='lat' dir='ltr'><strong>ad</strong></span> <span class='ocrx_word' id='word_1_298' title='bbox 933 1358 1035 1381; x_wconf 88' lang='lat' dir='ltr'><strong>terram</strong></span> 
     </span>
    </p>
   </div>
   <div class='ocr_carea' id='block_1_46' title="bbox 282 1389 487 1416">
    <p class='ocr_par' dir='ltr' id='par_1_46' title="bbox 282 1389 487 1416">
     <span class='ocr_line' id='line_1_46' title="bbox 282 1389 487 1416; baseline 0 -1"><span class='ocrx_word' id='word_1_299' title='bbox 282 1389 440 1416; x_wconf 69' lang='lat' dir='ltr'><strong>“evertitur</strong></span> <span class='ocrx_word' id='word_1_300' title='bbox 453 1390 487 1416; x_wconf 92' lang='lat' dir='ltr'><strong>im</strong></span> 
     </span>
    </p>
   </div>
   <div class='ocr_carea' id='block_1_47' title="bbox 525 1388 944 1416">
    <p class='ocr_par' dir='ltr' id='par_1_47' title="bbox 525 1388 944 1416">
     <span class='ocr_line' id='line_1_47' title="bbox 525 1388 944 1416; baseline 0 -1"><span class='ocrx_word' id='word_1_301' title='bbox 525 1389 657 1416; x_wconf 84' lang='lat' dir='ltr'><strong>llentibus</strong></span> <span class='ocrx_word' id='word_1_302' title='bbox 671 1390 781 1416; x_wconf 87' lang='lat' dir='ltr'><strong>irruens</strong></span> <span class='ocrx_word' id='word_1_303' title='bbox 793 1388 944 1416; x_wconf 86' lang='lat' dir='ltr'><strong>ﬂuctibus?</strong></span> 
     </span>
    </p>
   </div>
   <div class='ocr_carea' id='block_1_48' title="bbox 281 1421 1372 1460">
    <p class='ocr_par' dir='ltr' id='par_1_48' title="bbox 281 1421 1372 1460">
     <span class='ocr_line' id='line_1_48' title="bbox 281 1421 1372 1460; baseline -0.003 -8"><span class='ocrx_word' id='word_1_304' title='bbox 281 1424 336 1460; x_wconf 76' lang='grc' dir='ltr'><strong>6οξ</strong></span> <span class='ocrx_word' id='word_1_305' title='bbox 350 1424 382 1450; x_wconf 85' lang='grc' dir='ltr'><strong>Ει</strong></span> <span class='ocrx_word' id='word_1_306' title='bbox 397 1421 540 1460; x_wconf 84' lang='lat' dir='ltr'><strong>(vicissim)</strong></span> <span class='ocrx_word' id='word_1_307' title='bbox 556 1427 630 1460; x_wconf 78' lang='lat' dir='ltr'><strong>terra</strong></span> <span class='ocrx_word' id='word_1_308' title='bbox 644 1427 672 1451; x_wconf 89' lang='lat' dir='ltr'><strong>et</strong></span> <span class='ocrx_word' id='word_1_309' title='bbox 686 1427 792 1460; x_wconf 73' lang='lat' dir='ltr'><strong>pontus</strong></span> <span class='ocrx_word' id='word_1_310' title='bbox 802 1424 975 1458; x_wconf 85' lang='lat' dir='ltr'><strong>(cernuntur)</strong></span> <span class='ocrx_word' id='word_1_311' title='bbox 995 1423 1027 1460; x_wconf 72' lang='lat' dir='ltr'><strong>in</strong></span> <span class='ocrx_word' id='word_1_312' title='bbox 1038 1422 1184 1460; x_wconf 72' lang='lat' dir='ltr'><strong>littoribus</strong></span> <span class='ocrx_word' id='word_1_313' title='bbox 1194 1421 1372 1450; x_wconf 79' lang='lat' dir='ltr'><strong>Cimmeriis?</strong></span> 
     </span>
    </p>
   </div>
   <div class='ocr_carea' id='block_1_49' title="bbox 318 1457 1283 1494">
    <p class='ocr_par' dir='ltr' id='par_1_49' title="bbox 318 1457 1283 1494">
     <span class='ocr_line' id='line_1_49' title="bbox 318 1457 1283 1494; baseline -0.001 -9"><span class='ocrx_word' id='word_1_314' title='bbox 318 1459 365 1487; x_wconf 87' lang='lat' dir='ltr'><strong>Est</strong></span> <span class='ocrx_word' id='word_1_315' title='bbox 381 1457 451 1486; x_wconf 81' lang='lat' dir='ltr'><strong>alius</strong></span> <span class='ocrx_word' id='word_1_316' title='bbox 467 1457 565 1486; x_wconf 85' lang='lat' dir='ltr'><strong>iterum</strong></span> <span class='ocrx_word' id='word_1_317' title='bbox 582 1457 766 1494; x_wconf 29' lang='lat' dir='ltr'><strong>ﬂuvius’ignis</strong></span> <span class='ocrx_word' id='word_1_318' title='bbox 780 1457 906 1494; x_wconf 71' lang='lat' dir='ltr'><strong>ﬂammae,</strong></span> <span class='ocrx_word' id='word_1_319' title='bbox 923 1459 947 1486; x_wconf 88' lang='lat' dir='ltr'><strong>si</strong></span> <span class='ocrx_word' id='word_1_320' title='bbox 964 1458 1074 1494; x_wconf 90' lang='lat' dir='ltr'><strong>quidem</strong></span> <span class='ocrx_word' id='word_1_321' title='bbox 1090 1465 1154 1485; x_wconf 84' lang='lat' dir='ltr'><strong>vera</strong></span> <span class='ocrx_word' id='word_1_322' title='bbox 1173 1457 1283 1490; x_wconf 81' lang='lat' dir='ltr'><strong>lerunt;</strong></span> 
     </span>
    </p>
   </div>
   <div class='ocr_carea' id='block_1_50' title="bbox 284 1493 925 1529">
    <p class='ocr_par' dir='ltr' id='par_1_50' title="bbox 284 1493 925 1529">
     <span class='ocr_line' id='line_1_50' title="bbox 284 1493 925 1529; baseline -0.002 -8"><span class='ocrx_word' id='word_1_323' title='bbox 284 1493 374 1521; x_wconf 59' lang='lat' dir='ltr'><strong>(Elnze</strong></span> <span class='ocrx_word' id='word_1_324' title='bbox 384 1494 505 1529; x_wconf 78' lang='lat' dir='ltr'><strong>scopulis</strong></span> <span class='ocrx_word' id='word_1_325' title='bbox 523 1498 617 1521; x_wconf 85' lang='lat' dir='ltr'><strong>manat</strong></span> <span class='ocrx_word' id='word_1_326' title='bbox 631 1493 734 1521; x_wconf 85' lang='lat' dir='ltr'><strong>tractus</strong></span> <span class='ocrx_word' id='word_1_327' title='bbox 746 1493 925 1525; x_wconf 83' lang='lat' dir='ltr'><strong>incredibilis.</strong></span> 
     </span>
    </p>
   </div>
   <div class='ocr_carea' id='block_1_51' title="bbox 281 1528 1141 1559">
    <p class='ocr_par' dir='ltr' id='par_1_51' title="bbox 281 1528 1141 1559">
     <span class='ocr_line' id='line_1_51' title="bbox 281 1528 1141 1559; baseline -0.001 -4"><span class='ocrx_word' id='word_1_328' title='bbox 281 1529 380 1559; x_wconf 70' lang='lat' dir='ltr'><strong>laneus</strong></span> <span class='ocrx_word' id='word_1_329' title='bbox 395 1528 504 1557; x_wconf 81' lang='lat' dir='ltr'><strong>ﬂuvius.</strong></span> <span class='ocrx_word' id='word_1_330' title='bbox 520 1529 692 1557; x_wconf 83' lang='lat' dir='ltr'><strong>lnsociabilia</strong></span> <span class='ocrx_word' id='word_1_331' title='bbox 708 1529 788 1556; x_wconf 88' lang='lat' dir='ltr'><strong>mista</strong></span> <span class='ocrx_word' id='word_1_332' title='bbox 806 1533 879 1559; x_wconf 88' lang='lat' dir='ltr'><strong>sunt.</strong></span> <span class='ocrx_word' id='word_1_333' title='bbox 898 1529 1008 1556; x_wconf 82' lang='lat' dir='ltr'><strong>Christo</strong></span> <span class='ocrx_word' id='word_1_334' title='bbox 1021 1528 1141 1555; x_wconf 83' lang='lat' dir='ltr'><strong>volente.</strong></span> 
     </span>
    </p>
   </div>
   <div class='ocr_carea' id='block_1_52' title="bbox 305 1563 938 1600">
    <p class='ocr_par' dir='ltr' id='par_1_52' title="bbox 305 1563 938 1600">
     <span class='ocr_line' id='line_1_52' title="bbox 305 1563 938 1600; baseline -0.002 -9"><span class='ocrx_word' id='word_1_335' title='bbox 305 1565 390 1600; x_wconf 28' lang='lat' dir='ltr'><strong>oviAct</strong></span> <span class='ocrx_word' id='word_1_336' title='bbox 402 1565 428 1591; x_wconf 92' lang='lat' dir='ltr'><strong>in</strong></span> <span class='ocrx_word' id='word_1_337' title='bbox 443 1566 533 1600; x_wconf 74' lang='lat' dir='ltr'><strong>parvis</strong></span> <span class='ocrx_word' id='word_1_338' title='bbox 548 1564 648 1592; x_wconf 90' lang='lat' dir='ltr'><strong>similia</strong></span> <span class='ocrx_word' id='word_1_339' title='bbox 659 1564 790 1600; x_wconf 85' lang='lat' dir='ltr'><strong>miracula</strong></span> <span class='ocrx_word' id='word_1_340' title='bbox 807 1563 938 1598; x_wconf 81' lang='lat' dir='ltr'><strong>proferre.</strong></span> 
     </span>
    </p>
   </div>
   <div class='ocr_carea' id='block_1_53' title="bbox 281 1598 1127 1634">
    <p class='ocr_par' dir='ltr' id='par_1_53' title="bbox 281 1598 1127 1634">
     <span class='ocr_line' id='line_1_53' title="bbox 281 1598 1127 1634; baseline -0.001 -9"><span class='ocrx_word' id='word_1_341' title='bbox 281 1599 333 1634; x_wconf 72' lang='grc'><strong>010</strong></span> <span class='ocrx_word' id='word_1_342' title='bbox 352 1598 398 1627; x_wconf 88' lang='lat' dir='ltr'><strong>Est</strong></span> <span class='ocrx_word' id='word_1_343' title='bbox 412 1598 546 1634; x_wconf 81' lang='lat' dir='ltr'><strong>quoddam</strong></span> <span class='ocrx_word' id='word_1_344' title='bbox 564 1599 591 1626; x_wconf 92' lang='lat' dir='ltr'><strong>in</strong></span> <span class='ocrx_word' id='word_1_345' title='bbox 602 1599 754 1626; x_wconf 84' lang='lat' dir='ltr'><strong>seminibus</strong></span> <span class='ocrx_word' id='word_1_346' title='bbox 771 1606 856 1626; x_wconf 90' lang='lat' dir='ltr'><strong>cornu</strong></span> <span class='ocrx_word' id='word_1_347' title='bbox 871 1602 984 1629; x_wconf 84' lang='lat' dir='ltr'><strong>tactum.</strong></span> <span class='ocrx_word' id='word_1_348' title='bbox 997 1601 1027 1624; x_wconf 94' lang='lat' dir='ltr'><strong>ut</strong></span> <span class='ocrx_word' id='word_1_349' title='bbox 1039 1598 1127 1634; x_wconf 83' lang='lat' dir='ltr'><strong>aiunt,</strong></span> 
     </span>
    </p>
   </div>
   <div class='ocr_carea' id='block_1_54' title="bbox 282 1633 1239 1669">
    <p class='ocr_par' dir='ltr' id='par_1_54' title="bbox 282 1633 1239 1669">
     <span class='ocr_line' id='line_1_54' title="bbox 282 1633 1239 1669; baseline -0.001 -9"><span class='ocrx_word' id='word_1_350' title='bbox 282 1633 360 1669; x_wconf 77' lang='lat' dir='ltr'><strong>Quod</strong></span> <span class='ocrx_word' id='word_1_351' title='bbox 376 1635 465 1662; x_wconf 90' lang='lat' dir='ltr'><strong>solum</strong></span> <span class='ocrx_word' id='word_1_352' title='bbox 477 1642 509 1661; x_wconf 74' lang='lat' dir='ltr'><strong>ex</strong></span> <span class='ocrx_word' id='word_1_353' title='bbox 522 1634 661 1666; x_wconf 85' lang='lat' dir='ltr'><strong>omnibus,</strong></span> <span class='ocrx_word' id='word_1_354' title='bbox 678 1638 811 1669; x_wconf 86' lang='lat' dir='ltr'><strong>quotquot</strong></span> <span class='ocrx_word' id='word_1_355' title='bbox 824 1638 950 1669; x_wconf 83' lang='lat' dir='ltr'><strong>procreat</strong></span> <span class='ocrx_word' id='word_1_356' title='bbox 962 1634 1024 1662; x_wconf 68' lang='lat' dir='ltr'><strong>vitae</strong></span> <span class='ocrx_word' id='word_1_357' title='bbox 1043 1633 1134 1659; x_wconf 71' lang='lat' dir='ltr'><strong>datrix</strong></span> <span class='ocrx_word' id='word_1_358' title='bbox 1154 1636 1239 1665; x_wconf 87' lang='lat' dir='ltr'><strong>terra,</strong></span> 
     </span>
    </p>
   </div>
   <div class='ocr_carea' id='block_1_55' title="bbox 283 1668 1036 1704">
    <p class='ocr_par' dir='ltr' id='par_1_55' title="bbox 283 1668 1036 1704">
     <span class='ocr_line' id='line_1_55' title="bbox 283 1668 1036 1704; baseline 0 -10"><span class='ocrx_word' id='word_1_359' title='bbox 283 1668 411 1704; x_wconf 67' lang='lat' dir='ltr'><strong>[tigillum</strong></span> <span class='ocrx_word' id='word_1_360' title='bbox 426 1673 453 1696; x_wconf 89' lang='lat' dir='ltr'><strong>et</strong></span> <span class='ocrx_word' id='word_1_361' title='bbox 466 1669 560 1696; x_wconf 85' lang='lat' dir='ltr'><strong>sterile</strong></span> <span class='ocrx_word' id='word_1_362' title='bbox 574 1669 677 1696; x_wconf 86' lang='lat' dir='ltr'><strong>habens</strong></span> <span class='ocrx_word' id='word_1_363' title='bbox 691 1668 803 1704; x_wconf 86' lang='lat' dir='ltr'><strong>corpus,</strong></span> <span class='ocrx_word' id='word_1_364' title='bbox 820 1668 906 1704; x_wconf 78' lang='lat' dir='ltr'><strong>neque</strong></span> <span class='ocrx_word' id='word_1_365' title='bbox 918 1669 948 1704; x_wconf 84' lang='lat' dir='ltr'><strong>in</strong></span> <span class='ocrx_word' id='word_1_366' title='bbox 958 1673 1036 1704; x_wconf 79' lang='lat' dir='ltr'><strong>terra</strong></span> 
     </span>
    </p>
   </div>
   <div class='ocr_carea' id='block_1_56' title="bbox 285 1703 1064 1739">
    <p class='ocr_par' dir='ltr' id='par_1_56' title="bbox 285 1703 1064 1739">
     <span class='ocr_line' id='line_1_56' title="bbox 285 1703 1064 1739; baseline 0 -9"><span class='ocrx_word' id='word_1_367' title='bbox 285 1703 418 1736; x_wconf 90' lang='lat' dir='ltr'><strong>Solvitur,</strong></span> <span class='ocrx_word' id='word_1_368' title='bbox 438 1711 526 1739; x_wconf 87' lang='lat' dir='ltr'><strong>neque</strong></span> <span class='ocrx_word' id='word_1_369' title='bbox 546 1704 680 1731; x_wconf 89' lang='lat' dir='ltr'><strong>imbribus</strong></span> <span class='ocrx_word' id='word_1_370' title='bbox 695 1703 925 1739; x_wconf 47' lang='lat' dir='ltr'><strong>pinguescit,&#39;scd</strong></span> <span class='ocrx_word' id='word_1_371' title='bbox 941 1703 1064 1739; x_wconf 77' lang='lat' dir='ltr'><strong>rigescit,</strong></span> 
     </span>
    </p>
   </div>
   <div class='ocr_carea' id='block_1_57' title="bbox 280 1739 920 1772">
    <p class='ocr_par' dir='ltr' id='par_1_57' title="bbox 280 1739 920 1772">
     <span class='ocr_line' id='line_1_57' title="bbox 280 1739 920 1772; baseline 0 -6"><span class='ocrx_word' id='word_1_372' title='bbox 280 1739 404 1772; x_wconf 77' lang='lat' dir='ltr'><strong>Aridum,</strong></span> <span class='ocrx_word' id='word_1_373' title='bbox 417 1739 546 1767; x_wconf 88' lang='lat' dir='ltr'><strong>cornibus</strong></span> <span class='ocrx_word' id='word_1_374' title='bbox 558 1739 683 1772; x_wconf 86' lang='lat' dir='ltr'><strong>solidius,</strong></span> <span class='ocrx_word' id='word_1_375' title='bbox 704 1740 731 1766; x_wconf 90' lang='lat' dir='ltr'><strong>in</strong></span> <span class='ocrx_word' id='word_1_376' title='bbox 743 1746 838 1766; x_wconf 87' lang='lat' dir='ltr'><strong>omnes</strong></span> <span class='ocrx_word' id='word_1_377' title='bbox 849 1739 920 1772; x_wconf 83' lang='lat' dir='ltr'><strong>dies,</strong></span> 
     </span>
    </p>
   </div>
   <div class='ocr_carea' id='block_1_58' title="bbox 28 1814 816 1884">
    <p class='ocr_par' dir='ltr' id='par_1_58' title="bbox 28 1814 816 1884">
     <span class='ocr_line' id='line_1_58' title="bbox 65 1814 816 1853; baseline 0.003 -11"><span class='ocrx_word' id='word_1_378' title='bbox 65 1814 119 1842; x_wconf 74' lang='lat'><strong>590</strong></span> <span class='ocrx_word' id='word_1_379' title='bbox 130 1815 249 1849; x_wconf 78' lang='grc' dir='ltr'>Κιρνάς.</span> <span class='ocrx_word' id='word_1_380' title='bbox 262 1814 339 1852; x_wconf 75' lang='lat' dir='ltr'><strong>Chig.</strong></span> <span class='ocrx_word' id='word_1_381' title='bbox 352 1816 458 1851; x_wconf 83' lang='grc' dir='ltr'>κρινάς.</span> <span class='ocrx_word' id='word_1_382' title='bbox 472 1815 534 1843; x_wconf 82' lang='lat' dir='ltr'><strong>Mox</strong></span> <span class='ocrx_word' id='word_1_383' title='bbox 546 1815 611 1853; x_wconf 75' lang='lat' dir='ltr'><strong>Reg.</strong></span> <span class='ocrx_word' id='word_1_384' title='bbox 626 1815 679 1844; x_wconf 75' lang='lat'><strong>993</strong></span> <span class='ocrx_word' id='word_1_385' title='bbox 692 1821 719 1844; x_wconf 88' lang='lat' dir='ltr'><strong>et</strong></span> <span class='ocrx_word' id='word_1_386' title='bbox 733 1816 816 1844; x_wconf 85' lang='lat' dir='ltr'><strong>Coisl.</strong></span> 
     </span>
     <span class='ocr_line' id='line_1_59' title="bbox 28 1850 225 1884; baseline 0.005 -8"><span class='ocrx_word' id='word_1_387' title='bbox 28 1850 75 1876; x_wconf 84' lang='grc' dir='ltr'>ὲόν</span> <span class='ocrx_word' id='word_1_388' title='bbox 92 1858 142 1884; x_wconf 86' lang='lat' dir='ltr'><strong>pro</strong></span> <span class='ocrx_word' id='word_1_389' title='bbox 156 1851 225 1877; x_wconf 84' lang='grc' dir='ltr'>ὅλον.</span> 
     </span>
    </p>
   </div>
   <div class='ocr_carea' id='block_1_59' title="bbox 65 1885 762 1921">
    <p class='ocr_par' dir='ltr' id='par_1_59' title="bbox 65 1885 762 1921">
     <span class='ocr_line' id='line_1_60' title="bbox 65 1885 762 1921; baseline 0.003 -10"><span class='ocrx_word' id='word_1_390' title='bbox 65 1885 120 1921; x_wconf 62' lang='grc' dir='ltr'><strong>5υρ</strong></span> <span class='ocrx_word' id='word_1_391' title='bbox 137 1885 287 1921; x_wconf 68' lang='grc' dir='ltr'>Δεδέσθαι.</span> <span class='ocrx_word' id='word_1_392' title='bbox 304 1885 387 1921; x_wconf 79' lang='lat' dir='ltr'><strong>Regg.</strong></span> <span class='ocrx_word' id='word_1_393' title='bbox 405 1890 462 1913; x_wconf 73' lang='lat' dir='ltr'><strong>tres</strong></span> <span class='ocrx_word' id='word_1_394' title='bbox 480 1890 506 1913; x_wconf 85' lang='lat' dir='ltr'><strong>et</strong></span> <span class='ocrx_word' id='word_1_395' title='bbox 526 1886 603 1921; x_wconf 80' lang='lat' dir='ltr'><strong>Chig.</strong></span> <span class='ocrx_word' id='word_1_396' title='bbox 623 1886 762 1920; x_wconf 79' lang='grc' dir='ltr'>φέρεσθαι.</span> 
     </span>
    </p>
   </div>
   <div class='ocr_carea' id='block_1_60' title="bbox 66 1919 693 1956">
    <p class='ocr_par' dir='ltr' id='par_1_60' title="bbox 66 1919 693 1956">
     <span class='ocr_line' id='line_1_61' title="bbox 66 1919 693 1956; baseline 0 -10"><span class='ocrx_word' id='word_1_397' title='bbox 66 1919 122 1956; x_wconf 64' lang='lat'><strong>595</strong></span> <span class='ocrx_word' id='word_1_398' title='bbox 137 1920 277 1953; x_wconf 81' lang='grc' dir='ltr'><strong>Πυκνοῖς.</strong></span> <span class='ocrx_word' id='word_1_399' title='bbox 294 1919 428 1956; x_wconf 58' lang='grc' dir='ltr'><strong>Βεεξθθδ</strong></span> <span class='ocrx_word' id='word_1_400' title='bbox 442 1925 467 1948; x_wconf 87' lang='lat' dir='ltr'><strong>et</strong></span> <span class='ocrx_word' id='word_1_401' title='bbox 481 1921 558 1956; x_wconf 79' lang='lat' dir='ltr'><strong>Chig.</strong></span> <span class='ocrx_word' id='word_1_402' title='bbox 574 1919 693 1954; x_wconf 58' lang='grc' dir='ltr'>ιῐούῴοις.</span> 
     </span>
    </p>
   </div>
   <div class='ocr_carea' id='block_1_61' title="bbox 66 1955 818 2017">
    <p class='ocr_par' dir='ltr' id='par_1_61' title="bbox 66 1955 818 2017">
     <span class='ocr_line' id='line_1_62' title="bbox 66 1955 818 2017; baseline 0 -35"><span class='ocrx_word' id='word_1_403' title='bbox 66 1955 131 2016; x_wconf 54' lang='grc' dir='ltr'><strong>ᾓ961</strong></span> <span class='ocrx_word' id='word_1_404' title='bbox 139 1956 288 2017; x_wconf 41' lang='grc' dir='ltr'><strong>[ἤρξαμέῶ</strong></span> <span class='ocrx_word' id='word_1_405' title='bbox 302 1955 450 1983; x_wconf 58' lang='grc' dir='ltr'>18⁷1⁷1υνίυε</span> <span class='ocrx_word' id='word_1_406' title='bbox 478 1961 520 1984; x_wconf 88' lang='lat' dir='ltr'><strong>est</strong></span> <span class='ocrx_word' id='word_1_407' title='bbox 537 1955 686 1991; x_wconf 47' lang='lat' dir='ltr'><strong>&#39;Alphacus,</strong></span> <span class='ocrx_word' id='word_1_408' title='bbox 714 1955 746 1982; x_wconf 90' lang='lat' dir='ltr'><strong>de</strong></span> <span class='ocrx_word' id='word_1_409' title='bbox 763 1963 818 1990; x_wconf 90' lang='lat' dir='ltr'><strong>quo</strong></span> 
     </span>
     <span class='ocr_line' id='line_1_63' title="bbox 66 1998 298 2017; baseline 0.009 -2"><span class='ocrx_word' id='word_1_410' title='bbox 66 1999 100 2016; x_wconf 87' lang='lat' dir='ltr'><strong>I.</strong></span> <span class='ocrx_word' id='word_1_411' title='bbox 135 2009 142 2017; x_wconf 90' lang='lat'><strong>.</strong></span> <span class='ocrx_word' id='word_1_412' title='bbox 194 1998 250 2017; x_wconf 70' lang='lat'><strong>2.1</strong></span> <span class='ocrx_word' id='word_1_413' title='bbox 290 2009 298 2017; x_wconf 91' lang='lat'><strong><em>.</em></strong></span> 
     </span>
    </p>
   </div>
   <div class='ocr_carea' id='block_1_62' title="bbox 27 1994 815 2086">
    <p class='ocr_par' dir='ltr' id='par_1_62' title="bbox 27 1994 815 2086">
     <span class='ocr_line' id='line_1_64' title="bbox 28 1994 298 2024; baseline 0.007 -9"><span class='ocrx_word' id='word_1_414' title='bbox 28 1994 100 2016; x_wconf 85' lang='lat' dir='ltr'><strong>tom.</strong></span> <span class='ocrx_word' id='word_1_415' title='bbox 122 1994 142 2022; x_wconf 89' lang='lat' dir='ltr'><strong>l,</strong></span> <span class='ocrx_word' id='word_1_416' title='bbox 158 1996 219 2024; x_wconf 73' lang='lat' dir='ltr'><strong>pag.</strong></span> <span class='ocrx_word' id='word_1_417' title='bbox 238 1994 298 2017; x_wconf 75' lang='lat'><strong>787.</strong></span> 
     </span>
     <span class='ocr_line' id='line_1_65' title="bbox 27 2024 815 2086; baseline 0.003 -36"><span class='ocrx_word' id='word_1_418' title='bbox 27 2024 239 2086; x_wconf 47' lang='grc' dir='ltr'><strong>Εάῗεῖέρὲὖονοχ.</strong></span> <span class='ocrx_word' id='word_1_419' title='bbox 250 2024 288 2052; x_wconf 85' lang='lat' dir='ltr'><strong>lta</strong></span> <span class='ocrx_word' id='word_1_420' title='bbox 296 2025 396 2053; x_wconf 80' lang='lat' dir='ltr'><strong>habent</strong></span> <span class='ocrx_word' id='word_1_421' title='bbox 406 2030 461 2054; x_wconf 87' lang='lat' dir='ltr'><strong>tres</strong></span> <span class='ocrx_word' id='word_1_422' title='bbox 476 2024 558 2061; x_wconf 78' lang='lat' dir='ltr'><strong>Regg.</strong></span> <span class='ocrx_word' id='word_1_423' title='bbox 574 2029 601 2053; x_wconf 91' lang='lat' dir='ltr'><strong>et</strong></span> <span class='ocrx_word' id='word_1_424' title='bbox 622 2025 815 2053; x_wconf 86' lang='lat' dir='ltr'><strong>Coislinianus.</strong></span> 
     </span>
    </p>
   </div>
   <div class='ocr_carea' id='block_1_63' title="bbox 67 2059 816 2130">
    <p class='ocr_par' dir='ltr' id='par_1_63' title="bbox 67 2059 816 2130">
     <span class='ocr_line' id='line_1_66' title="bbox 67 2059 816 2130; baseline 0.003 -10"><span class='ocrx_word' id='word_1_425' title='bbox 67 2059 332 2128; x_wconf 50' lang='grc' dir='ltr'><strong>ἓῗοδιὲἔέἇσϐόλος.</strong></span> <span class='ocrx_word' id='word_1_426' title='bbox 358 2095 455 2123; x_wconf 88' lang='lat' dir='ltr'><strong>Semen</strong></span> <span class='ocrx_word' id='word_1_427' title='bbox 481 2099 522 2123; x_wconf 90' lang='lat' dir='ltr'><strong>est</strong></span> <span class='ocrx_word' id='word_1_428' title='bbox 539 2095 638 2123; x_wconf 90' lang='lat' dir='ltr'><strong>durum</strong></span> <span class='ocrx_word' id='word_1_429' title='bbox 664 2095 736 2130; x_wconf 91' lang='lat' dir='ltr'><strong>quod</strong></span> <span class='ocrx_word' id='word_1_430' title='bbox 754 2103 816 2122; x_wconf 89' lang='lat' dir='ltr'><strong>cum</strong></span> 
     </span>
    </p>
   </div>
   <div class='ocr_carea' id='block_1_64' title="bbox 28 2129 817 2165">
    <p class='ocr_par' dir='ltr' id='par_1_64' title="bbox 28 2129 817 2165">
     <span class='ocr_line' id='line_1_67' title="bbox 28 2129 817 2165; baseline 0 -9"><span class='ocrx_word' id='word_1_431' title='bbox 28 2129 172 2157; x_wconf 80' lang='lat' dir='ltr'><strong>frumento</strong></span> <span class='ocrx_word' id='word_1_432' title='bbox 195 2133 221 2156; x_wconf 90' lang='lat' dir='ltr'><strong>et</strong></span> <span class='ocrx_word' id='word_1_433' title='bbox 238 2130 418 2165; x_wconf 78' lang='lat' dir='ltr'><strong>leguminibus</strong></span> <span class='ocrx_word' id='word_1_434' title='bbox 443 2138 495 2157; x_wconf 90' lang='lat' dir='ltr'><strong>una</strong></span> <span class='ocrx_word' id='word_1_435' title='bbox 514 2131 645 2163; x_wconf 80' lang='lat' dir='ltr'><strong>nascitur,</strong></span> <span class='ocrx_word' id='word_1_436' title='bbox 663 2129 753 2161; x_wconf 79' lang='lat' dir='ltr'><strong>colore</strong></span> <span class='ocrx_word' id='word_1_437' title='bbox 776 2130 817 2157; x_wconf 92' lang='lat' dir='ltr'><strong>ni-</strong></span> 
     </span>
    </p>
   </div>
   <div class='ocr_carea' id='block_1_65' title="bbox 27 2165 815 2201">
    <p class='ocr_par' dir='ltr' id='par_1_65' title="bbox 27 2165 815 2201">
     <span class='ocr_line' id='line_1_68' title="bbox 27 2165 815 2201; baseline 0.004 -12"><span class='ocrx_word' id='word_1_438' title='bbox 27 2172 124 2201; x_wconf 77' lang='lat' dir='ltr'><strong>grum,</strong></span> <span class='ocrx_word' id='word_1_439' title='bbox 142 2165 287 2201; x_wconf 82' lang='lat' dir='ltr'><strong>rotundum</strong></span> <span class='ocrx_word' id='word_1_440' title='bbox 313 2170 340 2192; x_wconf 90' lang='lat' dir='ltr'><strong>et</strong></span> <span class='ocrx_word' id='word_1_441' title='bbox 362 2165 547 2199; x_wconf 79' lang='lat' dir='ltr'><strong>magnitudine</strong></span> <span class='ocrx_word' id='word_1_442' title='bbox 566 2174 651 2200; x_wconf 77' lang='lat' dir='ltr'><strong>grano</strong></span> <span class='ocrx_word' id='word_1_443' title='bbox 667 2166 733 2192; x_wconf 91' lang='lat' dir='ltr'><strong>milii</strong></span> <span class='ocrx_word' id='word_1_444' title='bbox 757 2173 815 2201; x_wconf 87' lang='lat' dir='ltr'><strong>par,</strong></span> 
     </span>
    </p>
   </div>
   <div class='ocr_carea' id='block_1_66' title="bbox 28 2198 816 2234">
    <p class='ocr_par' dir='ltr' id='par_1_66' title="bbox 28 2198 816 2234">
     <span class='ocr_line' id='line_1_69' title="bbox 28 2198 816 2234; baseline 0.001 -9"><span class='ocrx_word' id='word_1_445' title='bbox 28 2198 107 2232; x_wconf 60' lang='lat' dir='ltr'><strong>{Iliad</strong></span> <span class='ocrx_word' id='word_1_446' title='bbox 125 2207 187 2234; x_wconf 82' lang='lat' dir='ltr'><strong>cum</strong></span> <span class='ocrx_word' id='word_1_447' title='bbox 205 2200 266 2227; x_wconf 88' lang='lat' dir='ltr'><strong>aliis</strong></span> <span class='ocrx_word' id='word_1_448' title='bbox 282 2198 466 2234; x_wconf 74' lang='lat' dir='ltr'><strong>leguminibus</strong></span> <span class='ocrx_word' id='word_1_449' title='bbox 484 2198 591 2227; x_wconf 78' lang='lat' dir='ltr'><strong>coctum</strong></span> <span class='ocrx_word' id='word_1_450' title='bbox 611 2201 738 2228; x_wconf 87' lang='lat' dir='ltr'><strong>duritiem</strong></span> <span class='ocrx_word' id='word_1_451' title='bbox 757 2198 816 2227; x_wconf 71' lang='lat' dir='ltr'><strong>non</strong></span> 
     </span>
    </p>
   </div>
   <div class='ocr_carea' id='block_1_67' title="bbox 26 2233 816 2270">
    <p class='ocr_par' dir='ltr' id='par_1_67' title="bbox 26 2233 816 2270">
     <span class='ocr_line' id='line_1_70' title="bbox 26 2233 816 2270; baseline 0.001 -9"><span class='ocrx_word' id='word_1_452' title='bbox 26 2234 157 2269; x_wconf 77' lang='lat' dir='ltr'><strong>deponit.</strong></span> <span class='ocrx_word' id='word_1_453' title='bbox 175 2233 283 2262; x_wconf 84' lang='lat' dir='ltr'><strong>Dictum</strong></span> <span class='ocrx_word' id='word_1_454' title='bbox 307 2233 372 2263; x_wconf 75' lang='lat' dir='ltr'><strong>vero</strong></span> <span class='ocrx_word' id='word_1_455' title='bbox 388 2235 450 2264; x_wconf 90' lang='lat' dir='ltr'><strong>inde</strong></span> <span class='ocrx_word' id='word_1_456' title='bbox 469 2239 521 2267; x_wconf 82' lang='lat' dir='ltr'><strong>est,</strong></span> <span class='ocrx_word' id='word_1_457' title='bbox 543 2236 614 2270; x_wconf 86' lang='lat' dir='ltr'><strong>quod</strong></span> <span class='ocrx_word' id='word_1_458' title='bbox 639 2235 710 2264; x_wconf 87' lang='lat' dir='ltr'><strong>inter</strong></span> <span class='ocrx_word' id='word_1_459' title='bbox 735 2235 816 2263; x_wconf 86' lang='lat' dir='ltr'><strong>semi-</strong></span> 
     </span>
    </p>
   </div>
   <div class='ocr_carea' id='block_1_68' title="bbox 868 1815 1660 1849">
    <p class='ocr_par' dir='ltr' id='par_1_68' title="bbox 868 1815 1660 1849">
     <span class='ocr_line' id='line_1_71' title="bbox 868 1815 1660 1849; baseline -0.003 -6"><span class='ocrx_word' id='word_1_460' title='bbox 868 1816 988 1843; x_wconf 87' lang='lat' dir='ltr'><strong>nandum</strong></span> <span class='ocrx_word' id='word_1_461' title='bbox 1004 1819 1031 1842; x_wconf 86' lang='lat' dir='ltr'><strong>et</strong></span> <span class='ocrx_word' id='word_1_462' title='bbox 1046 1815 1178 1842; x_wconf 85' lang='lat' dir='ltr'><strong>arandum</strong></span> <span class='ocrx_word' id='word_1_463' title='bbox 1193 1822 1296 1842; x_wconf 86' lang='lat' dir='ltr'><strong>cornua</strong></span> <span class='ocrx_word' id='word_1_464' title='bbox 1314 1815 1396 1842; x_wconf 91' lang='lat' dir='ltr'><strong>boum</strong></span> <span class='ocrx_word' id='word_1_465' title='bbox 1420 1817 1522 1849; x_wconf 76' lang='lat' dir='ltr'><strong>tangat,</strong></span> <span class='ocrx_word' id='word_1_466' title='bbox 1535 1818 1563 1843; x_wconf 83' lang='lat' dir='ltr'><strong>et</strong></span> <span class='ocrx_word' id='word_1_467' title='bbox 1575 1815 1602 1842; x_wconf 90' lang='lat' dir='ltr'><strong>in</strong></span> <span class='ocrx_word' id='word_1_468' title='bbox 1622 1822 1660 1842; x_wconf 69' lang='lat' dir='ltr'><strong>ea~</strong></span> 
     </span>
    </p>
   </div>
   <div class='ocr_carea' id='block_1_69' title="bbox 868 1849 1652 1885">
    <p class='ocr_par' dir='ltr' id='par_1_69' title="bbox 868 1849 1652 1885">
     <span class='ocr_line' id='line_1_72' title="bbox 868 1849 1652 1885; baseline -0.003 -7"><span class='ocrx_word' id='word_1_469' title='bbox 868 1851 981 1878; x_wconf 87' lang='lat' dir='ltr'><strong>incidat.</strong></span> <span class='ocrx_word' id='word_1_470' title='bbox 1002 1850 1070 1878; x_wconf 87' lang='lat' dir='ltr'><strong>Hinc</strong></span> <span class='ocrx_word' id='word_1_471' title='bbox 1092 1850 1178 1883; x_wconf 78' lang='lat' dir='ltr'><strong>Plato,</strong></span> <span class='ocrx_word' id='word_1_472' title='bbox 1198 1850 1276 1876; x_wconf 92' lang='lat' dir='ltr'><strong>initio</strong></span> <span class='ocrx_word' id='word_1_473' title='bbox 1297 1850 1344 1877; x_wconf 91' lang='lat' dir='ltr'><strong>lib.</strong></span> <span class='ocrx_word' id='word_1_474' title='bbox 1370 1849 1409 1877; x_wconf 87' lang='lat' dir='ltr'><strong>De</strong></span> <span class='ocrx_word' id='word_1_475' title='bbox 1431 1850 1542 1884; x_wconf 72' lang='lat' dir='ltr'><strong>legibus,</strong></span> <span class='ocrx_word' id='word_1_476' title='bbox 1570 1858 1652 1885; x_wconf 82' lang='grc' dir='ltr'>κερα-</span> 
     </span>
    </p>
   </div>
   <div class='ocr_carea' id='block_1_70' title="bbox 867 1885 1654 1917">
    <p class='ocr_par' dir='ltr' id='par_1_70' title="bbox 867 1885 1654 1917">
     <span class='ocr_line' id='line_1_73' title="bbox 867 1885 1654 1917; baseline -0.003 -5"><span class='ocrx_word' id='word_1_477' title='bbox 867 1886 961 1912; x_wconf 71' lang='grc' dir='ltr'>σῆόλον</span> <span class='ocrx_word' id='word_1_478' title='bbox 980 1886 1045 1913; x_wconf 90' lang='lat' dir='ltr'><strong>dicit</strong></span> <span class='ocrx_word' id='word_1_479' title='bbox 1060 1885 1198 1912; x_wconf 89' lang='lat' dir='ltr'><strong>hominem</strong></span> <span class='ocrx_word' id='word_1_480' title='bbox 1222 1885 1370 1917; x_wconf 86' lang='lat' dir='ltr'><strong>indoctum,</strong></span> <span class='ocrx_word' id='word_1_481' title='bbox 1394 1890 1594 1917; x_wconf 86' lang='lat' dir='ltr'><strong>contumacem,</strong></span> <span class='ocrx_word' id='word_1_482' title='bbox 1616 1885 1654 1911; x_wconf 88' lang='lat' dir='ltr'><strong>le-</strong></span> 
     </span>
    </p>
   </div>
   <div class='ocr_carea' id='block_1_71' title="bbox 866 1919 1654 1975">
    <p class='ocr_par' dir='ltr' id='par_1_71' title="bbox 866 1919 1654 1975">
     <span class='ocr_line' id='line_1_74' title="bbox 866 1919 1654 1975; baseline -0.004 -27"><span class='ocrx_word' id='word_1_483' title='bbox 866 1921 945 1956; x_wconf 78' lang='lat' dir='ltr'><strong>gibus</strong></span> <span class='ocrx_word' id='word_1_484' title='bbox 962 1928 1015 1948; x_wconf 94' lang='lat' dir='ltr'><strong>non</strong></span> <span class='ocrx_word' id='word_1_485' title='bbox 1044 1921 1284 1975; x_wconf 56' lang='lat' dir='ltr'><strong>obtemperantem.</strong></span> <span class='ocrx_word' id='word_1_486' title='bbox 1309 1920 1353 1954; x_wconf 88' lang='grc' dir='ltr'><strong>Μή</strong></span> <span class='ocrx_word' id='word_1_487' title='bbox 1369 1928 1410 1946; x_wconf 86' lang='grc' dir='ltr'><strong>τοι</strong></span> <span class='ocrx_word' id='word_1_488' title='bbox 1436 1919 1576 1953; x_wconf 80' lang='grc' dir='ltr'>ἐγγίνηται</span> <span class='ocrx_word' id='word_1_489' title='bbox 1598 1919 1654 1945; x_wconf 80' lang='grc' dir='ltr'>τῶν</span> 
     </span>
     <span class='ocr_line' id='line_1_75' title="bbox 866 1954 1653 1975; baseline 0 0"><span class='ocrx_word' id='word_1_490' title='bbox 866 1955 981 1975; x_wconf 60' lang='lat' dir='ltr'><strong>min-17m</strong></span> <span class='ocrx_word' id='word_1_491' title='bbox 1006 1955 1084 1975; x_wconf 61' lang='grc' dir='ltr'>ᾖσιιῖιυ</span> <span class='ocrx_word' id='word_1_492' title='bbox 1115 1963 1129 1975; x_wconf 81' lang='lat' dir='ltr'><strong><em>n</em></strong></span> <span class='ocrx_word' id='word_1_493' title='bbox 1143 1963 1171 1975; x_wconf 83' lang='lat' dir='ltr'><strong>nu</strong></span> <span class='ocrx_word' id='word_1_494' title='bbox 1189 1954 1351 1975; x_wconf 66' lang='grc' dir='ltr'><strong>γρηησθὶόληρ</strong></span> <span class='ocrx_word' id='word_1_495' title='bbox 1384 1954 1421 1975; x_wconf 76' lang='lat' dir='ltr'><strong>Nn</strong></span> <span class='ocrx_word' id='word_1_496' title='bbox 1441 1955 1500 1975; x_wconf 63' lang='lat' dir='ltr'><strong>nuit</strong></span> <span class='ocrx_word' id='word_1_497' title='bbox 1522 1955 1590 1975; x_wconf 61' lang='lat' dir='ltr'><strong>inlor</strong></span> <span class='ocrx_word' id='word_1_498' title='bbox 1605 1962 1653 1975; x_wconf 72' lang='lat' dir='ltr'><strong>nm</strong></span> 
     </span>
    </p>
   </div>
   <div class='ocr_carea' id='block_1_72' title="bbox 866 1954 1653 1991">
    <p class='ocr_par' dir='ltr' id='par_1_72' title="bbox 866 1954 1653 1991">
     <span class='ocr_line' id='line_1_76' title="bbox 866 1954 1653 1991; baseline -0.003 -9"><span class='ocrx_word' id='word_1_499' title='bbox 866 1954 981 1982; x_wconf 74' lang='grc' dir='ltr'>πολιτῶν</span> <span class='ocrx_word' id='word_1_500' title='bbox 1006 1955 1093 1991; x_wconf 84' lang='grc' dir='ltr'>ἡμῶν,</span> <span class='ocrx_word' id='word_1_501' title='bbox 1115 1954 1171 1991; x_wconf 77' lang='grc' dir='ltr'>οἷον</span> <span class='ocrx_word' id='word_1_502' title='bbox 1189 1954 1421 1991; x_wconf 39' lang='grc' dir='ltr'>κερασβόλοςηΝε</span> <span class='ocrx_word' id='word_1_503' title='bbox 1441 1955 1500 1989; x_wconf 72' lang='lat' dir='ltr'><strong>qui:</strong></span> <span class='ocrx_word' id='word_1_504' title='bbox 1522 1955 1590 1991; x_wconf 73' lang='lat' dir='ltr'><strong>inter</strong></span> <span class='ocrx_word' id='word_1_505' title='bbox 1605 1962 1653 1981; x_wconf 73' lang='lat' dir='ltr'><strong>nos</strong></span> 
     </span>
    </p>
   </div>
   <div class='ocr_carea' id='block_1_73' title="bbox 865 1989 1654 2025">
    <p class='ocr_par' dir='ltr' id='par_1_73' title="bbox 865 1989 1654 2025">
     <span class='ocr_line' id='line_1_77' title="bbox 865 1989 1654 2025; baseline -0.003 -8"><span class='ocrx_word' id='word_1_506' title='bbox 865 1991 976 2018; x_wconf 72' lang='lat' dir='ltr'><strong>exsistat</strong></span> <span class='ocrx_word' id='word_1_507' title='bbox 991 1989 1054 2017; x_wconf 68' lang='lat' dir='ltr'><strong>ciuis</strong></span> <span class='ocrx_word' id='word_1_508' title='bbox 1069 1990 1166 2025; x_wconf 70' lang='lat' dir='ltr'><strong>aliquis</strong></span> <span class='ocrx_word' id='word_1_509' title='bbox 1186 1990 1293 2016; x_wconf 62' lang='lat' dir='ltr'><strong>taurinis</strong></span> <span class='ocrx_word' id='word_1_510' title='bbox 1307 1989 1376 2024; x_wconf 81' lang='lat' dir='ltr'><strong>quod</strong></span> <span class='ocrx_word' id='word_1_511' title='bbox 1391 1997 1472 2016; x_wconf 84' lang='lat' dir='ltr'><strong>cornu</strong></span> <span class='ocrx_word' id='word_1_512' title='bbox 1490 1989 1585 2023; x_wconf 77' lang='lat' dir='ltr'><strong>tetigit,</strong></span> <span class='ocrx_word' id='word_1_513' title='bbox 1604 1997 1654 2016; x_wconf 80' lang='lat' dir='ltr'><strong>na-</strong></span> 
     </span>
    </p>
   </div>
   <div class='ocr_carea' id='block_1_74' title="bbox 867 2024 1654 2060">
    <p class='ocr_par' dir='ltr' id='par_1_74' title="bbox 867 2024 1654 2060">
     <span class='ocr_line' id='line_1_78' title="bbox 867 2024 1654 2060; baseline -0.003 -8"><span class='ocrx_word' id='word_1_514' title='bbox 867 2030 955 2052; x_wconf 83' lang='lat' dir='ltr'><strong>turam</strong></span> <span class='ocrx_word' id='word_1_515' title='bbox 969 2026 1089 2057; x_wconf 79' lang='lat' dir='ltr'><strong>imitans,</strong></span> <span class='ocrx_word' id='word_1_516' title='bbox 1110 2025 1156 2060; x_wconf 90' lang='lat' dir='ltr'><strong>qui</strong></span> <span class='ocrx_word' id='word_1_517' title='bbox 1182 2024 1249 2052; x_wconf 88' lang='lat' dir='ltr'><strong>adeo</strong></span> <span class='ocrx_word' id='word_1_518' title='bbox 1266 2024 1354 2052; x_wconf 83' lang='lat' dir='ltr'><strong>durus</strong></span> <span class='ocrx_word' id='word_1_519' title='bbox 1367 2029 1394 2052; x_wconf 88' lang='lat' dir='ltr'><strong>et</strong></span> <span class='ocrx_word' id='word_1_520' title='bbox 1414 2024 1654 2060; x_wconf 18' lang='lat' dir='ltr'><strong>pragrractusreva-</strong></span> 
     </span>
    </p>
   </div>
   <div class='ocr_carea' id='block_1_75' title="bbox 866 2059 1652 2094">
    <p class='ocr_par' dir='ltr' id='par_1_75' title="bbox 866 2059 1652 2094">
     <span class='ocr_line' id='line_1_79' title="bbox 866 2059 1652 2094; baseline -0.004 -6"><span class='ocrx_word' id='word_1_521' title='bbox 866 2060 923 2092; x_wconf 88' lang='lat' dir='ltr'><strong>dat,</strong></span> <span class='ocrx_word' id='word_1_522' title='bbox 939 2063 968 2087; x_wconf 92' lang='lat' dir='ltr'><strong>ut</strong></span> <span class='ocrx_word' id='word_1_523' title='bbox 984 2060 1101 2087; x_wconf 88' lang='lat' dir='ltr'><strong>emolliri</strong></span> <span class='ocrx_word' id='word_1_524' title='bbox 1117 2059 1242 2094; x_wconf 77' lang='lat' dir='ltr'><strong>nequeat,</strong></span> <span class='ocrx_word' id='word_1_525' title='bbox 1256 2060 1326 2087; x_wconf 88' lang='lat' dir='ltr'><strong>sicut</strong></span> <span class='ocrx_word' id='word_1_526' title='bbox 1341 2066 1390 2086; x_wconf 90' lang='lat' dir='ltr'><strong>nec</strong></span> <span class='ocrx_word' id='word_1_527' title='bbox 1401 2059 1505 2087; x_wconf 87' lang='lat' dir='ltr'><strong>semina</strong></span> <span class='ocrx_word' id='word_1_528' title='bbox 1519 2059 1564 2086; x_wconf 91' lang='lat' dir='ltr'><strong>illa</strong></span> <span class='ocrx_word' id='word_1_529' title='bbox 1581 2059 1652 2094; x_wconf 74' lang='lat' dir='ltr'><strong>igne.</strong></span> 
     </span>
    </p>
   </div>
   <div class='ocr_carea' id='block_1_76' title="bbox 900 2094 1414 2129">
    <p class='ocr_par' dir='ltr' id='par_1_76' title="bbox 900 2094 1414 2129">
     <span class='ocr_line' id='line_1_80' title="bbox 900 2094 1414 2129; baseline -0.002 -8"><span class='ocrx_word' id='word_1_530' title='bbox 900 2095 949 2122; x_wconf 88' lang='grc'><strong>611</strong></span> <span class='ocrx_word' id='word_1_531' title='bbox 967 2095 1120 2128; x_wconf 82' lang='grc' dir='ltr'>Ζειδωρος.</span> <span class='ocrx_word' id='word_1_532' title='bbox 1138 2094 1203 2129; x_wconf 76' lang='lat' dir='ltr'><strong>Reg.</strong></span> <span class='ocrx_word' id='word_1_533' title='bbox 1224 2094 1275 2121; x_wconf 79' lang='lat'><strong>993</strong></span> <span class='ocrx_word' id='word_1_534' title='bbox 1289 2094 1414 2129; x_wconf 78' lang='grc' dir='ltr'>ζείδωρα.</span> 
     </span>
    </p>
   </div>
   <div class='ocr_carea' id='block_1_77' title="bbox 901 2128 1652 2164">
    <p class='ocr_par' dir='ltr' id='par_1_77' title="bbox 901 2128 1652 2164">
     <span class='ocr_line' id='line_1_81' title="bbox 901 2128 1652 2164; baseline -0.003 -7"><span class='ocrx_word' id='word_1_535' title='bbox 901 2130 953 2157; x_wconf 66' lang='grc'>619.</span> <span class='ocrx_word' id='word_1_536' title='bbox 978 2129 1148 2164; x_wconf 59' lang='grc' dir='ltr'><strong>Ἐσκληηκὸς</strong></span> <span class='ocrx_word' id='word_1_537' title='bbox 1167 2128 1216 2156; x_wconf 67' lang='grc' dir='ltr'><strong>καὶ</strong></span> <span class='ocrx_word' id='word_1_538' title='bbox 1238 2128 1390 2164; x_wconf 68' lang='grc' dir='ltr'>ἄτεγκτον.</span> <span class='ocrx_word' id='word_1_539' title='bbox 1410 2128 1494 2156; x_wconf 87' lang='lat' dir='ltr'><strong>Coisl.</strong></span> <span class='ocrx_word' id='word_1_540' title='bbox 1520 2136 1582 2163; x_wconf 88' lang='lat' dir='ltr'><strong>sup.</strong></span> <span class='ocrx_word' id='word_1_541' title='bbox 1603 2128 1652 2155; x_wconf 89' lang='lat' dir='ltr'><strong>lin.</strong></span> 
     </span>
    </p>
   </div>
   <div class='ocr_carea' id='block_1_78' title="bbox 866 2164 1334 2200">
    <p class='ocr_par' dir='ltr' id='par_1_78' title="bbox 866 2164 1334 2200">
     <span class='ocr_line' id='line_1_82' title="bbox 866 2164 1334 2200; baseline -0.002 -8"><span class='ocrx_word' id='word_1_542' title='bbox 866 2165 1008 2200; x_wconf 72' lang='grc' dir='ltr'>ἀδέψητος.</span> <span class='ocrx_word' id='word_1_543' title='bbox 1026 2164 1083 2192; x_wconf 90' lang='lat' dir='ltr'><strong>Duo</strong></span> <span class='ocrx_word' id='word_1_544' title='bbox 1098 2166 1181 2200; x_wconf 74' lang='lat' dir='ltr'><strong>ltegg.</strong></span> <span class='ocrx_word' id='word_1_545' title='bbox 1201 2164 1334 2200; x_wconf 72' lang='grc' dir='ltr'>ᾄτηκτον.</span> 
     </span>
    </p>
   </div>
   <div class='ocr_carea' id='block_1_79' title="bbox 866 2174 1655 2261">
    <p class='ocr_par' dir='ltr' id='par_1_79' title="bbox 866 2174 1655 2261">
     <span class='ocr_line' id='line_1_83' title="bbox 866 2174 1394 2227; baseline -0.002 -35"><span class='ocrx_word' id='word_1_546' title='bbox 866 2174 1008 2227; x_wconf 55' lang='grc' dir='ltr'>αοεψέτος.</span> <span class='ocrx_word' id='word_1_547' title='bbox 1026 2174 1083 2192; x_wconf 86' lang='lat' dir='ltr'><strong>uuo</strong></span> <span class='ocrx_word' id='word_1_548' title='bbox 1098 2174 1181 2226; x_wconf 58' lang='lat' dir='ltr'><strong>“IDES.</strong></span> <span class='ocrx_word' id='word_1_549' title='bbox 1201 2174 1334 2200; x_wconf 81' lang='grc' dir='ltr'>ατηκτον.</span> <span class='ocrx_word' id='word_1_550' title='bbox 1389 2199 1394 2205; x_wconf 59' lang='lat'><strong><em>.</em></strong></span> 
     </span>
     <span class='ocr_line' id='line_1_84' title="bbox 866 2197 1655 2261; baseline 0 -35"><span class='ocrx_word' id='word_1_551' title='bbox 866 2199 1121 2261; x_wconf 46' lang='lat' dir='ltr'><strong>“gelu-matrerm.</strong></span> <span class='ocrx_word' id='word_1_552' title='bbox 1163 2207 1196 2227; x_wconf 94' lang='lat' dir='ltr'><strong>uo</strong></span> <span class='ocrx_word' id='word_1_553' title='bbox 1210 2199 1293 2235; x_wconf 67' lang='lat' dir='ltr'><strong>llegg.</strong></span> <span class='ocrx_word' id='word_1_554' title='bbox 1308 2203 1335 2228; x_wconf 87' lang='lat' dir='ltr'><strong>et</strong></span> <span class='ocrx_word' id='word_1_555' title='bbox 1349 2198 1432 2228; x_wconf 74' lang='lat' dir='ltr'><strong>Corsl.</strong></span> <span class='ocrx_word' id='word_1_556' title='bbox 1445 2197 1584 2232; x_wconf 77' lang='grc' dir='ltr'>διαίνεται,</span> <span class='ocrx_word' id='word_1_557' title='bbox 1598 2206 1655 2226; x_wconf 82' lang='lat' dir='ltr'><strong>ma-</strong></span> 
     </span>
    </p>
   </div>
   <div class='ocr_carea' id='block_1_80' title="bbox 884 2240 958 2262">
    <p class='ocr_par' dir='ltr' id='par_1_80' title="bbox 884 2240 958 2262">
     <span class='ocr_line' id='line_1_85' title="bbox 884 2240 958 2262; baseline 0 0"><span class='ocrx_word' id='word_1_558' title='bbox 884 2240 958 2262; x_wconf 70' lang='grc' dir='ltr'>εδειι.</span> 
     </span>
    </p>
   </div>
   <div class='ocr_carea' id='block_1_81' title="bbox 682 2325 1010 2356">
    <p class='ocr_par' dir='ltr' id='par_1_81' title="bbox 682 2325 1010 2356">
     <span class='ocr_line' id='line_1_86' title="bbox 682 2325 1010 2356; baseline 0 0"><span class='ocrx_word' id='word_1_559' title='bbox 682 2326 849 2356; x_wconf 74' lang='grc' dir='ltr'><strong>ΜΕΤΒΙΟΛ</strong></span> <span class='ocrx_word' id='word_1_560' title='bbox 862 2325 1010 2356; x_wconf 84' lang='lat' dir='ltr'><strong>VERSIO.</strong></span> 
     </span>
    </p>
   </div>
   <div class='ocr_carea' id='block_1_82' title="bbox 26 2407 1598 2443">
    <p class='ocr_par' dir='ltr' id='par_1_82' title="bbox 26 2407 1598 2443">
     <span class='ocr_line' id='line_1_87' title="bbox 26 2407 1598 2443; baseline -0.001 -7"><span class='ocrx_word' id='word_1_561' title='bbox 26 2409 71 2436; x_wconf 82' lang='lat' dir='ltr'><strong>Ex</strong></span> <span class='ocrx_word' id='word_1_562' title='bbox 87 2407 183 2435; x_wconf 85' lang='lat' dir='ltr'><strong>multis</strong></span> <span class='ocrx_word' id='word_1_563' title='bbox 198 2414 272 2436; x_wconf 87' lang='lat' dir='ltr'><strong>nunc</strong></span> <span class='ocrx_word' id='word_1_564' title='bbox 283 2415 371 2443; x_wconf 86' lang='lat' dir='ltr'><strong>pauca</strong></span> <span class='ocrx_word' id='word_1_565' title='bbox 385 2412 476 2436; x_wconf 86' lang='lat' dir='ltr'><strong>tamen</strong></span> <span class='ocrx_word' id='word_1_566' title='bbox 489 2409 664 2436; x_wconf 87' lang='lat' dir='ltr'><strong>memoranda</strong></span> <span class='ocrx_word' id='word_1_567' title='bbox 677 2409 813 2440; x_wconf 87' lang='lat' dir='ltr'><strong>videntur,</strong></span> <span class='ocrx_word' id='word_1_568' title='bbox 831 2414 851 2441; x_wconf 76' lang='grc' dir='ltr'>Β</span> <span class='ocrx_word' id='word_1_569' title='bbox 866 2408 1002 2441; x_wconf 86' lang='lat' dir='ltr'><strong>Oceanus,</strong></span> <span class='ocrx_word' id='word_1_570' title='bbox 1016 2409 1112 2443; x_wconf 88' lang='lat' dir='ltr'><strong>rapido</strong></span> <span class='ocrx_word' id='word_1_571' title='bbox 1123 2416 1196 2436; x_wconf 91' lang='lat' dir='ltr'><strong>nunc</strong></span> <span class='ocrx_word' id='word_1_572' title='bbox 1210 2409 1338 2436; x_wconf 86' lang='lat' dir='ltr'><strong>verberat</strong></span> <span class='ocrx_word' id='word_1_573' title='bbox 1352 2409 1453 2443; x_wconf 84' lang='lat' dir='ltr'><strong>impete</strong></span> <span class='ocrx_word' id='word_1_574' title='bbox 1469 2413 1571 2436; x_wconf 89' lang='lat' dir='ltr'><strong>terram</strong></span> <span class='ocrx_word' id='word_1_575' title='bbox 1584 2419 1598 2436; x_wconf 69' lang='lat'><strong>:-</strong></span> 
     </span>
    </p>
   </div>
   <div class='ocr_carea' id='block_1_83' title="bbox 25 2443 802 2477">
    <p class='ocr_par' dir='ltr' id='par_1_83' title="bbox 25 2443 802 2477">
     <span class='ocr_line' id='line_1_88' title="bbox 25 2443 802 2477; baseline 0.001 -8"><span class='ocrx_word' id='word_1_576' title='bbox 25 2447 100 2476; x_wconf 75' lang='lat' dir='ltr'><strong>Qua:</strong></span> <span class='ocrx_word' id='word_1_577' title='bbox 116 2444 213 2477; x_wconf 87' lang='lat' dir='ltr'><strong>partim</strong></span> <span class='ocrx_word' id='word_1_578' title='bbox 229 2443 272 2471; x_wconf 88' lang='lat' dir='ltr'><strong>his</strong></span> <span class='ocrx_word' id='word_1_579' title='bbox 288 2444 376 2471; x_wconf 86' lang='lat' dir='ltr'><strong>oculis</strong></span> <span class='ocrx_word' id='word_1_580' title='bbox 385 2444 452 2474; x_wconf 87' lang='lat' dir='ltr'><strong>vidi,</strong></span> <span class='ocrx_word' id='word_1_581' title='bbox 470 2444 568 2476; x_wconf 85' lang='lat' dir='ltr'><strong>partim</strong></span> <span class='ocrx_word' id='word_1_582' title='bbox 580 2445 693 2471; x_wconf 89' lang='lat' dir='ltr'><strong>auribus</strong></span> <span class='ocrx_word' id='word_1_583' title='bbox 708 2444 802 2477; x_wconf 88' lang='lat' dir='ltr'><strong>hausi;</strong></span> 
     </span>
    </p>
   </div>
   <div class='ocr_carea' id='block_1_84' title="bbox 26 2478 814 2514">
    <p class='ocr_par' dir='ltr' id='par_1_84' title="bbox 26 2478 814 2514">
     <span class='ocr_line' id='line_1_89' title="bbox 26 2478 814 2514; baseline 0.001 -10"><span class='ocrx_word' id='word_1_584' title='bbox 26 2478 138 2505; x_wconf 79' lang='lat' dir='ltr'><strong>Partim</strong></span> <span class='ocrx_word' id='word_1_585' title='bbox 148 2478 231 2514; x_wconf 80' lang='lat' dir='ltr'><strong>etiam</strong></span> <span class='ocrx_word' id='word_1_586' title='bbox 243 2483 418 2514; x_wconf 84' lang='lat' dir='ltr'><strong>monumenta</strong></span> <span class='ocrx_word' id='word_1_587' title='bbox 434 2479 512 2506; x_wconf 83' lang='lat' dir='ltr'><strong>[idem</strong></span> <span class='ocrx_word' id='word_1_588' title='bbox 524 2479 589 2505; x_wconf 90' lang='lat' dir='ltr'><strong>mihi</strong></span> <span class='ocrx_word' id='word_1_589' title='bbox 604 2479 695 2514; x_wconf 86' lang='lat' dir='ltr'><strong>prisca</strong></span> <span class='ocrx_word' id='word_1_590' title='bbox 705 2480 814 2507; x_wconf 81' lang='lat' dir='ltr'><strong>dedere.</strong></span> 
     </span>
    </p>
   </div>
   <div class='ocr_carea' id='block_1_85' title="bbox 23 2512 632 2541">
    <p class='ocr_par' dir='ltr' id='par_1_85' title="bbox 23 2512 632 2541">
     <span class='ocr_line' id='line_1_90' title="bbox 23 2512 632 2541; baseline 0.002 -1"><span class='ocrx_word' id='word_1_591' title='bbox 23 2515 134 2541; x_wconf 81' lang='lat' dir='ltr'><strong>Annon</strong></span> <span class='ocrx_word' id='word_1_592' title='bbox 149 2512 247 2540; x_wconf 88' lang='lat' dir='ltr'><strong>declivi</strong></span> <span class='ocrx_word' id='word_1_593' title='bbox 262 2513 392 2541; x_wconf 87' lang='lat' dir='ltr'><strong>labuntur</strong></span> <span class='ocrx_word' id='word_1_594' title='bbox 401 2513 514 2540; x_wconf 90' lang='lat' dir='ltr'><strong>ﬂumina</strong></span> <span class='ocrx_word' id='word_1_595' title='bbox 531 2512 632 2541; x_wconf 80' lang='lat' dir='ltr'><strong>cursu?</strong></span> 
     </span>
    </p>
   </div>
   <div class='ocr_carea' id='block_1_86' title="bbox 24 2547 738 2583">
    <p class='ocr_par' dir='ltr' id='par_1_86' title="bbox 24 2547 738 2583">
     <span class='ocr_line' id='line_1_91' title="bbox 24 2547 738 2583; baseline -0.001 -7"><span class='ocrx_word' id='word_1_596' title='bbox 24 2551 135 2576; x_wconf 88' lang='lat' dir='ltr'><strong>Annon</strong></span> <span class='ocrx_word' id='word_1_597' title='bbox 152 2547 288 2575; x_wconf 89' lang='lat' dir='ltr'><strong>littoribus</strong></span> <span class='ocrx_word' id='word_1_598' title='bbox 302 2556 403 2575; x_wconf 73' lang='lat' dir='ltr'><strong>saevum</strong></span> <span class='ocrx_word' id='word_1_599' title='bbox 418 2548 616 2583; x_wconf 77' lang='lat' dir='ltr'><strong>constringitur</strong></span> <span class='ocrx_word' id='word_1_600' title='bbox 626 2549 738 2583; x_wconf 83' lang='lat' dir='ltr'><strong>:equor?</strong></span> 
     </span>
    </p>
   </div>
   <div class='ocr_carea' id='block_1_87' title="bbox 23 2582 701 2611">
    <p class='ocr_par' dir='ltr' id='par_1_87' title="bbox 23 2582 701 2611">
     <span class='ocr_line' id='line_1_92' title="bbox 23 2582 701 2611; baseline -0.001 0"><span class='ocrx_word' id='word_1_601' title='bbox 23 2585 134 2611; x_wconf 81' lang='lat' dir='ltr'><strong>Annon</strong></span> <span class='ocrx_word' id='word_1_602' title='bbox 147 2582 253 2610; x_wconf 88' lang='lat' dir='ltr'><strong>ﬂamma</strong></span> <span class='ocrx_word' id='word_1_603' title='bbox 268 2584 333 2611; x_wconf 87' lang='lat' dir='ltr'><strong>levis</strong></span> <span class='ocrx_word' id='word_1_604' title='bbox 346 2588 443 2610; x_wconf 85' lang='lat' dir='ltr'><strong>natura</strong></span> <span class='ocrx_word' id='word_1_605' title='bbox 458 2583 544 2611; x_wconf 80' lang='lat' dir='ltr'><strong>fertur</strong></span> <span class='ocrx_word' id='word_1_606' title='bbox 557 2584 582 2610; x_wconf 95' lang='lat' dir='ltr'><strong>in</strong></span> <span class='ocrx_word' id='word_1_607' title='bbox 596 2582 701 2610; x_wconf 82' lang='lat' dir='ltr'><strong>altum?</strong></span> 
     </span>
    </p>
   </div>
   <div class='ocr_carea' id='block_1_88' title="bbox 24 2618 765 2653">
    <p class='ocr_par' dir='ltr' id='par_1_88' title="bbox 24 2618 765 2653">
     <span class='ocr_line' id='line_1_93' title="bbox 24 2618 765 2653; baseline -0.001 -7"><span class='ocrx_word' id='word_1_608' title='bbox 24 2619 67 2646; x_wconf 77' lang='lat' dir='ltr'><strong>Et</strong></span> <span class='ocrx_word' id='word_1_609' title='bbox 82 2622 175 2645; x_wconf 87' lang='lat' dir='ltr'><strong>tamen</strong></span> <span class='ocrx_word' id='word_1_610' title='bbox 189 2622 232 2646; x_wconf 86' lang='lat' dir='ltr'><strong>est</strong></span> <span class='ocrx_word' id='word_1_611' title='bbox 247 2618 357 2651; x_wconf 85' lang='lat' dir='ltr'><strong>ﬂuvius,</strong></span> <span class='ocrx_word' id='word_1_612' title='bbox 371 2619 418 2653; x_wconf 91' lang='lat' dir='ltr'><strong>qui</strong></span> <span class='ocrx_word' id='word_1_613' title='bbox 433 2618 520 2646; x_wconf 82' lang='lat' dir='ltr'><strong>salsas</strong></span> <span class='ocrx_word' id='word_1_614' title='bbox 531 2623 652 2653; x_wconf 84' lang='lat' dir='ltr'><strong>permeat</strong></span> <span class='ocrx_word' id='word_1_615' title='bbox 666 2618 765 2651; x_wconf 86' lang='lat' dir='ltr'><strong>undas,</strong></span> 
     </span>
    </p>
   </div>
   <div class='ocr_carea' id='block_1_89' title="bbox 22 2653 816 2688">
    <p class='ocr_par' dir='ltr' id='par_1_89' title="bbox 22 2653 816 2688">
     <span class='ocr_line' id='line_1_94' title="bbox 22 2653 816 2688; baseline -0.001 -7"><span class='ocrx_word' id='word_1_616' title='bbox 22 2653 90 2681; x_wconf 77' lang='lat' dir='ltr'><strong>Nec</strong></span> <span class='ocrx_word' id='word_1_617' title='bbox 103 2653 251 2687; x_wconf 88' lang='lat' dir='ltr'><strong>quidquam</strong></span> <span class='ocrx_word' id='word_1_618' title='bbox 269 2654 400 2681; x_wconf 81' lang='lat' dir='ltr'><strong>miscetur</strong></span> <span class='ocrx_word' id='word_1_619' title='bbox 417 2653 497 2688; x_wconf 84' lang='lat' dir='ltr'><strong>aquis</strong></span> <span class='ocrx_word' id='word_1_620' title='bbox 517 2661 587 2688; x_wconf 82' lang='lat' dir='ltr'><strong>aqua</strong></span> <span class='ocrx_word' id='word_1_621' title='bbox 600 2653 689 2681; x_wconf 87' lang='lat' dir='ltr'><strong>dulcis</strong></span> <span class='ocrx_word' id='word_1_622' title='bbox 705 2653 816 2681; x_wconf 86' lang='lat' dir='ltr'><strong>amaris.</strong></span> 
     </span>
    </p>
   </div>
   <div class='ocr_carea' id='block_1_90' title="bbox 23 2687 624 2723">
    <p class='ocr_par' dir='ltr' id='par_1_90' title="bbox 23 2687 624 2723">
     <span class='ocr_line' id='line_1_95' title="bbox 23 2687 624 2723; baseline -0.002 -7"><span class='ocrx_word' id='word_1_623' title='bbox 23 2690 69 2716; x_wconf 84' lang='lat' dir='ltr'><strong>At</strong></span> <span class='ocrx_word' id='word_1_624' title='bbox 83 2688 148 2715; x_wconf 86' lang='lat' dir='ltr'><strong>licet</strong></span> <span class='ocrx_word' id='word_1_625' title='bbox 158 2697 174 2715; x_wconf 84' lang='lat' dir='ltr'><strong>e</strong></span> <span class='ocrx_word' id='word_1_626' title='bbox 188 2689 282 2723; x_wconf 75' lang='lat' dir='ltr'><strong>pelago</strong></span> <span class='ocrx_word' id='word_1_627' title='bbox 295 2689 386 2716; x_wconf 87' lang='lat' dir='ltr'><strong>nautis</strong></span> <span class='ocrx_word' id='word_1_628' title='bbox 398 2687 509 2716; x_wconf 83' lang='lat' dir='ltr'><strong>haurire</strong></span> <span class='ocrx_word' id='word_1_629' title='bbox 524 2687 624 2715; x_wconf 88' lang='lat' dir='ltr'><strong>ﬂuenta</strong></span> 
     </span>
    </p>
   </div>
   <div class='ocr_carea' id='block_1_91' title="bbox 24 2722 764 2755">
    <p class='ocr_par' dir='ltr' id='par_1_91' title="bbox 24 2722 764 2755">
     <span class='ocr_line' id='line_1_96' title="bbox 24 2722 764 2755; baseline -0.001 -4"><span class='ocrx_word' id='word_1_630' title='bbox 24 2723 144 2755; x_wconf 84' lang='lat' dir='ltr'><strong>Dulcia,</strong></span> <span class='ocrx_word' id='word_1_631' title='bbox 157 2722 180 2750; x_wconf 89' lang='lat' dir='ltr'><strong>si</strong></span> <span class='ocrx_word' id='word_1_632' title='bbox 190 2722 312 2751; x_wconf 74' lang='lat' dir='ltr'><strong>reﬂuum</strong></span> <span class='ocrx_word' id='word_1_633' title='bbox 328 2724 395 2751; x_wconf 88' lang='lat' dir='ltr'><strong>ratis</strong></span> <span class='ocrx_word' id='word_1_634' title='bbox 407 2724 586 2750; x_wconf 85' lang='lat' dir='ltr'><strong>admoveatur</strong></span> <span class='ocrx_word' id='word_1_635' title='bbox 600 2723 634 2750; x_wconf 88' lang='lat' dir='ltr'><strong>ad</strong></span> <span class='ocrx_word' id='word_1_636' title='bbox 646 2730 764 2750; x_wconf 89' lang='lat' dir='ltr'><strong>amnem.</strong></span> 
     </span>
    </p>
   </div>
   <div class='ocr_carea' id='block_1_92' title="bbox 23 2758 782 2793">
    <p class='ocr_par' dir='ltr' id='par_1_92' title="bbox 23 2758 782 2793">
     <span class='ocr_line' id='line_1_97' title="bbox 23 2758 782 2793; baseline 0 -7"><span class='ocrx_word' id='word_1_637' title='bbox 23 2759 96 2786; x_wconf 85' lang='lat' dir='ltr'><strong>Jam</strong></span> <span class='ocrx_word' id='word_1_638' title='bbox 108 2765 180 2793; x_wconf 18' lang='lat' dir='ltr'><strong>ivero</strong></span> <span class='ocrx_word' id='word_1_639' title='bbox 193 2758 342 2786; x_wconf 89' lang='lat' dir='ltr'><strong>Euboicum</strong></span> <span class='ocrx_word' id='word_1_640' title='bbox 357 2758 414 2786; x_wconf 92' lang='lat' dir='ltr'><strong>vidi</strong></span> <span class='ocrx_word' id='word_1_641' title='bbox 431 2761 602 2793; x_wconf 88' lang='lat' dir='ltr'><strong>tractumque</strong></span> <span class='ocrx_word' id='word_1_642' title='bbox 620 2759 782 2793; x_wconf 76' lang='lat' dir='ltr'><strong>fretumque,</strong></span> 
     </span>
    </p>
   </div>
   <div class='ocr_carea' id='block_1_93' title="bbox 24 2792 728 2827">
    <p class='ocr_par' dir='ltr' id='par_1_93' title="bbox 24 2792 728 2827">
     <span class='ocr_line' id='line_1_98' title="bbox 24 2792 728 2827; baseline 0.004 -9"><span class='ocrx_word' id='word_1_643' title='bbox 24 2792 116 2827; x_wconf 80' lang='lat' dir='ltr'><strong>Quod</strong></span> <span class='ocrx_word' id='word_1_644' title='bbox 131 2792 196 2820; x_wconf 76' lang='lat' dir='ltr'><strong>furit</strong></span> <span class='ocrx_word' id='word_1_645' title='bbox 207 2794 311 2821; x_wconf 82' lang='lat' dir='ltr'><strong>insanis</strong></span> <span class='ocrx_word' id='word_1_646' title='bbox 323 2794 421 2822; x_wconf 88' lang='lat' dir='ltr'><strong>crebro</strong></span> <span class='ocrx_word' id='word_1_647' title='bbox 435 2792 612 2821; x_wconf 84' lang='lat' dir='ltr'><strong>redeuntibus</strong></span> <span class='ocrx_word' id='word_1_648' title='bbox 628 2793 711 2821; x_wconf 91' lang='lat' dir='ltr'><strong>undis</strong></span> <span class='ocrx_word' id='word_1_649' title='bbox 723 2803 728 2820; x_wconf 93' lang='lat'><strong>:</strong></span> 
     </span>
    </p>
   </div>
   <div class='ocr_carea' id='block_1_94' title="bbox 25 2827 764 2863">
    <p class='ocr_par' dir='ltr' id='par_1_94' title="bbox 25 2827 764 2863">
     <span class='ocr_line' id='line_1_99' title="bbox 25 2827 764 2863; baseline -0.001 -7"><span class='ocrx_word' id='word_1_650' title='bbox 25 2828 118 2856; x_wconf 58' lang='lat' dir='ltr'><strong>lfnda</strong></span> <span class='ocrx_word' id='word_1_651' title='bbox 135 2827 193 2856; x_wconf 91' lang='lat' dir='ltr'><strong>ﬂuit</strong></span> <span class='ocrx_word' id='word_1_652' title='bbox 208 2829 362 2863; x_wconf 84' lang='lat' dir='ltr'><strong>reﬂuitque,</strong></span> <span class='ocrx_word' id='word_1_653' title='bbox 376 2832 404 2857; x_wconf 87' lang='lat' dir='ltr'><strong>et</strong></span> <span class='ocrx_word' id='word_1_654' title='bbox 419 2836 529 2856; x_wconf 86' lang='lat' dir='ltr'><strong>rursum</strong></span> <span class='ocrx_word' id='word_1_655' title='bbox 544 2836 622 2856; x_wconf 89' lang='lat' dir='ltr'><strong>versa</strong></span> <span class='ocrx_word' id='word_1_656' title='bbox 635 2829 764 2860; x_wconf 84' lang='lat' dir='ltr'><strong>recurrit,</strong></span> 
     </span>
    </p>
   </div>
   <div class='ocr_carea' id='block_1_95' title="bbox 25 2863 695 2902">
    <p class='ocr_par' dir='ltr' id='par_1_95' title="bbox 25 2863 695 2902">
     <span class='ocr_line' id='line_1_100' title="bbox 25 2863 695 2902; baseline -0.003 -9"><span class='ocrx_word' id='word_1_657' title='bbox 25 2865 76 2893; x_wconf 71' lang='lat' dir='ltr'><strong>Ac</strong></span> <span class='ocrx_word' id='word_1_658' title='bbox 88 2863 172 2892; x_wconf 88' lang='lat' dir='ltr'><strong>modo</strong></span> <span class='ocrx_word' id='word_1_659' title='bbox 181 2863 288 2892; x_wconf 84' lang='lat' dir='ltr'><strong>deserta</strong></span> <span class='ocrx_word' id='word_1_660' title='bbox 302 2865 399 2902; x_wconf 83' lang='lat' dir='ltr'><strong>repetit</strong></span> <span class='ocrx_word' id='word_1_661' title='bbox 412 2864 485 2893; x_wconf 90' lang='lat' dir='ltr'><strong>citus</strong></span> <span class='ocrx_word' id='word_1_662' title='bbox 498 2871 607 2900; x_wconf 64' lang='lat' dir='ltr'><strong>inquom</strong></span> <span class='ocrx_word' id='word_1_663' title='bbox 622 2868 695 2892; x_wconf 85' lang='lat' dir='ltr'><strong>terra</strong></span> 
     </span>
    </p>
   </div>
   <div class='ocr_carea' id='block_1_96' title="bbox 865 2443 1601 2479">
    <p class='ocr_par' dir='ltr' id='par_1_96' title="bbox 865 2443 1601 2479">
     <span class='ocr_line' id='line_1_101' title="bbox 865 2443 1601 2479; baseline 0.001 -9"><span class='ocrx_word' id='word_1_664' title='bbox 865 2444 1066 2479; x_wconf 79' lang='lat' dir='ltr'><strong>Cimmeriaque</strong></span> <span class='ocrx_word' id='word_1_665' title='bbox 1078 2444 1172 2471; x_wconf 87' lang='lat' dir='ltr'><strong>itidem</strong></span> <span class='ocrx_word' id='word_1_666' title='bbox 1185 2443 1214 2470; x_wconf 91' lang='lat' dir='ltr'><strong>in</strong></span> <span class='ocrx_word' id='word_1_667' title='bbox 1230 2444 1289 2479; x_wconf 86' lang='lat' dir='ltr'><strong>ripa</strong></span> <span class='ocrx_word' id='word_1_668' title='bbox 1303 2451 1377 2471; x_wconf 93' lang='lat' dir='ltr'><strong>nunc</strong></span> <span class='ocrx_word' id='word_1_669' title='bbox 1392 2443 1504 2471; x_wconf 89' lang='lat' dir='ltr'><strong>humida</strong></span> <span class='ocrx_word' id='word_1_670' title='bbox 1521 2444 1601 2479; x_wconf 86' lang='lat' dir='ltr'><strong>tellus</strong></span> 
     </span>
    </p>
   </div>
   <div class='ocr_carea' id='block_1_97' title="bbox 865 2478 1617 2514">
    <p class='ocr_par' dir='ltr' id='par_1_97' title="bbox 865 2478 1617 2514">
     <span class='ocr_line' id='line_1_102' title="bbox 865 2478 1617 2514; baseline -0.001 -8"><span class='ocrx_word' id='word_1_671' title='bbox 865 2479 1003 2510; x_wconf 84' lang='lat' dir='ltr'><strong>Cernitur.</strong></span> <span class='ocrx_word' id='word_1_672' title='bbox 1015 2478 1150 2514; x_wconf 65' lang='lat' dir='ltr'><strong>aequoreis</strong></span> <span class='ocrx_word' id='word_1_673' title='bbox 1162 2486 1236 2514; x_wconf 82' lang='lat' dir='ltr'><strong>nunc</strong></span> <span class='ocrx_word' id='word_1_674' title='bbox 1249 2478 1345 2506; x_wconf 82' lang='lat' dir='ltr'><strong>contra</strong></span> <span class='ocrx_word' id='word_1_675' title='bbox 1362 2479 1509 2506; x_wconf 87' lang='lat' dir='ltr'><strong>obducitur</strong></span> <span class='ocrx_word' id='word_1_676' title='bbox 1526 2478 1617 2506; x_wconf 87' lang='lat' dir='ltr'><strong>undis.</strong></span> 
     </span>
    </p>
   </div>
   <div class='ocr_carea' id='block_1_98' title="bbox 900 2513 1571 2545">
    <p class='ocr_par' dir='ltr' id='par_1_98' title="bbox 900 2513 1571 2545">
     <span class='ocr_line' id='line_1_103' title="bbox 900 2513 1571 2545; baseline 0.001 -5"><span class='ocrx_word' id='word_1_677' title='bbox 900 2514 948 2541; x_wconf 90' lang='lat' dir='ltr'><strong>Est</strong></span> <span class='ocrx_word' id='word_1_678' title='bbox 967 2515 1037 2542; x_wconf 91' lang='lat' dir='ltr'><strong>alius</strong></span> <span class='ocrx_word' id='word_1_679' title='bbox 1049 2513 1147 2542; x_wconf 78' lang='lat' dir='ltr'><strong>rursus</strong></span> <span class='ocrx_word' id='word_1_680' title='bbox 1163 2513 1280 2543; x_wconf 84' lang='lat' dir='ltr'><strong>ﬂammis</strong></span> <span class='ocrx_word' id='word_1_681' title='bbox 1293 2513 1453 2541; x_wconf 88' lang='lat' dir='ltr'><strong>ardentibus</strong></span> <span class='ocrx_word' id='word_1_682' title='bbox 1470 2514 1571 2545; x_wconf 86' lang='lat' dir='ltr'><strong>amnis,</strong></span> 
     </span>
    </p>
   </div>
   <div class='ocr_carea' id='block_1_99' title="bbox 867 2547 1573 2580">
    <p class='ocr_par' dir='ltr' id='par_1_99' title="bbox 867 2547 1573 2580">
     <span class='ocr_line' id='line_1_104' title="bbox 867 2547 1573 2580; baseline 0.001 -5"><span class='ocrx_word' id='word_1_683' title='bbox 867 2548 894 2575; x_wconf 91' lang='lat' dir='ltr'><strong>Si</strong></span> <span class='ocrx_word' id='word_1_684' title='bbox 912 2549 992 2576; x_wconf 90' lang='lat' dir='ltr'><strong>modo</strong></span> <span class='ocrx_word' id='word_1_685' title='bbox 1008 2556 1071 2576; x_wconf 87' lang='lat' dir='ltr'><strong>vcra</strong></span> <span class='ocrx_word' id='word_1_686' title='bbox 1089 2549 1190 2580; x_wconf 82' lang='lat' dir='ltr'><strong>ferunt,</strong></span> <span class='ocrx_word' id='word_1_687' title='bbox 1207 2547 1314 2575; x_wconf 69' lang='lat' dir='ltr'><strong>IEtnaco</strong></span> <span class='ocrx_word' id='word_1_688' title='bbox 1329 2549 1432 2576; x_wconf 89' lang='lat' dir='ltr'><strong>vertice</strong></span> <span class='ocrx_word' id='word_1_689' title='bbox 1446 2555 1573 2576; x_wconf 83' lang='lat' dir='ltr'><strong>manans.</strong></span> 
     </span>
    </p>
   </div>
   <div class='ocr_carea' id='block_1_100' title="bbox 866 2583 1496 2619">
    <p class='ocr_par' dir='ltr' id='par_1_100' title="bbox 866 2583 1496 2619">
     <span class='ocr_line' id='line_1_105' title="bbox 866 2583 1496 2619; baseline -0.002 -8"><span class='ocrx_word' id='word_1_690' title='bbox 866 2583 965 2611; x_wconf 84' lang='lat' dir='ltr'><strong>Mirum</strong></span> <span class='ocrx_word' id='word_1_691' title='bbox 985 2583 1165 2619; x_wconf 87' lang='lat' dir='ltr'><strong>proﬂuvium!</strong></span> <span class='ocrx_word' id='word_1_692' title='bbox 1182 2590 1255 2619; x_wconf 77' lang='lat' dir='ltr'><strong>nexu</strong></span> <span class='ocrx_word' id='word_1_693' title='bbox 1268 2583 1390 2619; x_wconf 84' lang='lat' dir='ltr'><strong>sociatur</strong></span> <span class='ocrx_word' id='word_1_694' title='bbox 1407 2585 1496 2610; x_wconf 89' lang='lat' dir='ltr'><strong>amico</strong></span> 
     </span>
    </p>
   </div>
   <div class='ocr_carea' id='block_1_101' title="bbox 866 2617 1547 2653">
    <p class='ocr_par' dir='ltr' id='par_1_101' title="bbox 866 2617 1547 2653">
     <span class='ocr_line' id='line_1_106' title="bbox 866 2617 1547 2653; baseline 0 -8"><span class='ocrx_word' id='word_1_695' title='bbox 866 2619 939 2653; x_wconf 77' lang='lat' dir='ltr'><strong>Ignis</strong></span> <span class='ocrx_word' id='word_1_696' title='bbox 958 2617 1046 2653; x_wconf 64' lang='lat' dir='ltr'><strong>aquae,</strong></span> <span class='ocrx_word' id='word_1_697' title='bbox 1065 2621 1167 2645; x_wconf 84' lang='lat' dir='ltr'><strong>coeunt</strong></span> <span class='ocrx_word' id='word_1_698' title='bbox 1183 2617 1288 2645; x_wconf 82' lang='lat' dir='ltr'><strong>Christi</strong></span> <span class='ocrx_word' id='word_1_699' title='bbox 1303 2619 1441 2645; x_wconf 88' lang='lat' dir='ltr'><strong>contraria</strong></span> <span class='ocrx_word' id='word_1_700' title='bbox 1455 2618 1547 2652; x_wconf 85' lang='lat' dir='ltr'><strong>jussu.</strong></span> 
     </span>
    </p>
   </div>
   <div class='ocr_carea' id='block_1_102' title="bbox 868 2652 1546 2688">
    <p class='ocr_par' dir='ltr' id='par_1_102' title="bbox 868 2652 1546 2688">
     <span class='ocr_line' id='line_1_107' title="bbox 868 2652 1546 2688; baseline 0 -8"><span class='ocrx_word' id='word_1_701' title='bbox 868 2652 938 2686; x_wconf 77' lang='lat' dir='ltr'><strong>Quin</strong></span> <span class='ocrx_word' id='word_1_702' title='bbox 951 2652 1032 2681; x_wconf 79' lang='lat' dir='ltr'><strong>etiam</strong></span> <span class='ocrx_word' id='word_1_703' title='bbox 1044 2654 1071 2681; x_wconf 88' lang='lat' dir='ltr'><strong>in</strong></span> <span class='ocrx_word' id='word_1_704' title='bbox 1086 2653 1179 2688; x_wconf 87' lang='lat' dir='ltr'><strong>parvis</strong></span> <span class='ocrx_word' id='word_1_705' title='bbox 1192 2652 1285 2680; x_wconf 85' lang='lat' dir='ltr'><strong>eadem</strong></span> <span class='ocrx_word' id='word_1_706' title='bbox 1298 2653 1429 2680; x_wconf 91' lang='lat' dir='ltr'><strong>miracula</strong></span> <span class='ocrx_word' id='word_1_707' title='bbox 1443 2654 1546 2681; x_wconf 87' lang='lat' dir='ltr'><strong>lucent.</strong></span> 
     </span>
    </p>
   </div>
   <div class='ocr_carea' id='block_1_103' title="bbox 868 2687 1604 2722">
    <p class='ocr_par' dir='ltr' id='par_1_103' title="bbox 868 2687 1604 2722">
     <span class='ocr_line' id='line_1_108' title="bbox 868 2687 1604 2722; baseline -0.001 -6"><span class='ocrx_word' id='word_1_708' title='bbox 868 2689 935 2716; x_wconf 81' lang='lat' dir='ltr'><strong>Esse</strong></span> <span class='ocrx_word' id='word_1_709' title='bbox 949 2689 1041 2716; x_wconf 79' lang='lat' dir='ltr'><strong>ferunt</strong></span> <span class='ocrx_word' id='word_1_710' title='bbox 1054 2687 1158 2720; x_wconf 80' lang='lat' dir='ltr'><strong>semen,</strong></span> <span class='ocrx_word' id='word_1_711' title='bbox 1170 2688 1242 2722; x_wconf 90' lang='lat' dir='ltr'><strong>quod</strong></span> <span class='ocrx_word' id='word_1_712' title='bbox 1257 2688 1345 2715; x_wconf 89' lang='lat' dir='ltr'><strong>solum</strong></span> <span class='ocrx_word' id='word_1_713' title='bbox 1355 2696 1387 2716; x_wconf 82' lang='lat' dir='ltr'><strong>ex</strong></span> <span class='ocrx_word' id='word_1_714' title='bbox 1404 2689 1532 2716; x_wconf 87' lang='lat' dir='ltr'><strong>omnibus</strong></span> <span class='ocrx_word' id='word_1_715' title='bbox 1549 2687 1604 2716; x_wconf 86' lang='lat' dir='ltr'><strong>illis</strong></span> 
     </span>
    </p>
   </div>
   <div class='ocr_carea' id='block_1_104' title="bbox 869 2723 1527 2759">
    <p class='ocr_par' dir='ltr' id='par_1_104' title="bbox 869 2723 1527 2759">
     <span class='ocr_line' id='line_1_109' title="bbox 869 2723 1527 2759; baseline -0.003 -7"><span class='ocrx_word' id='word_1_716' title='bbox 869 2723 957 2752; x_wconf 89' lang='lat' dir='ltr'><strong>Ubere</strong></span> <span class='ocrx_word' id='word_1_717' title='bbox 971 2732 1032 2759; x_wconf 69' lang='lat' dir='ltr'><strong>qua:</strong></span> <span class='ocrx_word' id='word_1_718' title='bbox 1043 2723 1243 2759; x_wconf 20' lang='lat' dir='ltr'><strong>gremiortellus</strong></span> <span class='ocrx_word' id='word_1_719' title='bbox 1257 2723 1411 2758; x_wconf 77' lang='lat' dir='ltr'><strong>largissima</strong></span> <span class='ocrx_word' id='word_1_720' title='bbox 1428 2723 1527 2755; x_wconf 81' lang='lat' dir='ltr'><strong>fundit,</strong></span> 
     </span>
    </p>
   </div>
   <div class='ocr_carea' id='block_1_105' title="bbox 867 2758 1656 2794">
    <p class='ocr_par' dir='ltr' id='par_1_105' title="bbox 867 2758 1656 2794">
     <span class='ocr_line' id='line_1_110' title="bbox 867 2758 1656 2794; baseline -0.001 -9"><span class='ocrx_word' id='word_1_721' title='bbox 867 2758 1078 2794; x_wconf 41' lang='lat' dir='ltr'><strong>Corpus&#39;habct</strong></span> <span class='ocrx_word' id='word_1_722' title='bbox 1090 2758 1219 2794; x_wconf 77' lang='lat' dir='ltr'><strong>rigidum,</strong></span> <span class='ocrx_word' id='word_1_723' title='bbox 1235 2766 1285 2786; x_wconf 86' lang='lat' dir='ltr'><strong>nec</strong></span> <span class='ocrx_word' id='word_1_724' title='bbox 1301 2763 1373 2794; x_wconf 77' lang='lat' dir='ltr'><strong>terra</strong></span> <span class='ocrx_word' id='word_1_725' title='bbox 1388 2759 1503 2786; x_wconf 89' lang='lat' dir='ltr'><strong>solvitur</strong></span> <span class='ocrx_word' id='word_1_726' title='bbox 1517 2765 1656 2793; x_wconf 70' lang='lat' dir='ltr'><strong>unquam,</strong></span> 
     </span>
    </p>
   </div>
   <div class='ocr_carea' id='block_1_106' title="bbox 869 2793 1634 2829">
    <p class='ocr_par' dir='ltr' id='par_1_106' title="bbox 869 2793 1634 2829">
     <span class='ocr_line' id='line_1_111' title="bbox 869 2793 1634 2829; baseline 0.001 -10"><span class='ocrx_word' id='word_1_727' title='bbox 869 2793 957 2822; x_wconf 79' lang='lat' dir='ltr'><strong>lmbi‘e</strong></span> <span class='ocrx_word' id='word_1_728' title='bbox 970 2802 1020 2822; x_wconf 86' lang='lat' dir='ltr'><strong>nec</strong></span> <span class='ocrx_word' id='word_1_729' title='bbox 1036 2793 1155 2821; x_wconf 77' lang='lat' dir='ltr'><strong>aethereo</strong></span> <span class='ocrx_word' id='word_1_730' title='bbox 1171 2793 1301 2828; x_wconf 78' lang='lat' dir='ltr'><strong>pinguet;</strong></span> <span class='ocrx_word' id='word_1_731' title='bbox 1323 2793 1370 2822; x_wconf 87' lang='lat' dir='ltr'><strong>sed</strong></span> <span class='ocrx_word' id='word_1_732' title='bbox 1387 2798 1493 2829; x_wconf 83' lang='lat' dir='ltr'><strong>tempus</strong></span> <span class='ocrx_word' id='word_1_733' title='bbox 1512 2794 1539 2821; x_wconf 91' lang='lat' dir='ltr'><strong>in</strong></span> <span class='ocrx_word' id='word_1_734' title='bbox 1552 2800 1634 2821; x_wconf 88' lang='lat' dir='ltr'><strong>omne</strong></span> 
     </span>
    </p>
   </div>
   <div class='ocr_carea' id='block_1_107' title="bbox 870 2828 1564 2863">
    <p class='ocr_par' dir='ltr' id='par_1_107' title="bbox 870 2828 1564 2863">
     <span class='ocr_line' id='line_1_112' title="bbox 870 2828 1564 2863; baseline 0.001 -8"><span class='ocrx_word' id='word_1_735' title='bbox 870 2828 991 2856; x_wconf 79' lang='lat' dir='ltr'><strong>Delixum</strong></span> <span class='ocrx_word' id='word_1_736' title='bbox 1005 2829 1164 2863; x_wconf 85' lang='lat' dir='ltr'><strong>siccumque</strong></span> <span class='ocrx_word' id='word_1_737' title='bbox 1175 2831 1277 2862; x_wconf 78' lang='lat' dir='ltr'><strong>manet,</strong></span> <span class='ocrx_word' id='word_1_738' title='bbox 1292 2836 1343 2856; x_wconf 89' lang='lat' dir='ltr'><strong>nec</strong></span> <span class='ocrx_word' id='word_1_739' title='bbox 1355 2828 1484 2856; x_wconf 83' lang='lat' dir='ltr'><strong>cornibus</strong></span> <span class='ocrx_word' id='word_1_740' title='bbox 1500 2829 1564 2856; x_wconf 89' lang='lat' dir='ltr'><strong>ullis</strong></span> 
     </span>
    </p>
   </div>
   <div class='ocr_carea' id='block_1_108' title="bbox 869 2863 1602 2901">
    <p class='ocr_par' dir='ltr' id='par_1_108' title="bbox 869 2863 1602 2901">
     <span class='ocr_line' id='line_1_113' title="bbox 869 2863 1602 2901; baseline 0 -10"><span class='ocrx_word' id='word_1_741' title='bbox 869 2864 976 2895; x_wconf 88' lang='lat' dir='ltr'><strong>Duritie</strong></span> <span class='ocrx_word' id='word_1_742' title='bbox 989 2863 1139 2901; x_wconf 84' lang='lat' dir='ltr'><strong>quidquam</strong></span> <span class='ocrx_word' id='word_1_743' title='bbox 1155 2863 1237 2897; x_wconf 85' lang='lat' dir='ltr'><strong>cedit,</strong></span> <span class='ocrx_word' id='word_1_744' title='bbox 1253 2865 1325 2900; x_wconf 86' lang='lat' dir='ltr'><strong>quod</strong></span> <span class='ocrx_word' id='word_1_745' title='bbox 1339 2864 1442 2893; x_wconf 83' lang='lat' dir='ltr'><strong>scilicet</strong></span> <span class='ocrx_word' id='word_1_746' title='bbox 1457 2864 1540 2892; x_wconf 86' lang='lat' dir='ltr'><strong>ictum</strong></span> <span class='ocrx_word' id='word_1_747' title='bbox 1557 2867 1602 2892; x_wconf 83' lang='lat' dir='ltr'><strong>est</strong></span> 
     </span>
    </p>
   </div>
  </div>
