1942 3047
91 91 148 121 653

91 149 129 178 50
147 147 283 184 Χαρίζετ“,
295 145 383 179 οἶκτος
391 147 415 174 δ’
426 146 626 182 ἀσφαλέστερος
640 147 749 181 φθόνου.

92 195 187 230 Θρόνοῑ
199 194 227 221 δὲ
239 195 312 221 λυτοὶ
326 194 373 220 καὶ
386 193 455 228 φίλοι
470 193 566 229 καιροῦ
581 193 672 220 πλέον.

93 242 145 266 Ἂν
163 238 208 267 οὖν
222 240 333 275 μένωσι,
349 241 474 274 κρεῖσσον
488 239 619 274 ὴττόἱδθαι
631 239 711 273 Θεοῦ,

94 287 131 313 ’Ἡ
149 286 244 322 πρῶτα
259 286 366 312 πάντων
382 285 436 312 τῶν
448 286 594 321 ὁρωμένων
606 285 690 320 ἔχειν.

93 333 130 358 'll
147 332 254 358 πάντων
269 329 338 358 εἶναι
353 331 408 357 τῶν
422 331 568 366 ὁρωμένων
583 331 648 357 ἄνω.

93 375 130 402 55
149 375 228 407 Πόλις
242 375 263 402 δ’
277 375 332 410 ἔχοι
345 384 378 410 με
395 375 518 410 λαμπρὸν
533 376 549 410 ἡ
562 375 705 410 νοουμένη.

130 424 223 456 Κοσμ.
239 421 286 453 Τις
302 422 323 447 δ’
340 421 473 456 ἀσφάλεια
490 421 528 456 τῷ
542 421 638 456 πένητι
654 421 701 447 τοῦ
718 419 776 456 βίου
786 429 793 437 ⁸

94 467 189 502 Τειχη,
205 466 335 499 πυλῶνες,
350 468 479 502 μηχαναὶ,
497 467 654 503 ξιφηφόροις

95 514 150 540 ην.
167 513 333 548 Κάμνοντες,
347 513 417 539 ὥστε
434 512 470 548 μὴ
486 513 516 539 τὸ
533 513 602 548 σῶμ’
617 514 790 550 ὑπεκκλαπῇ’

94 559 183 586 Μόνον
198 559 334 586 πέπασται
349 559 428 585 τοῦτο
443 559 490 585 καὶ
509 559 605 594 μικρὸν
621 560 713 594 ῥάκος.

93 605 130 632 60
151 606 255 632 Ἄλλων
270 607 284 632 ὸ
297 606 408 641 λῃστὴς,
422 606 438 640 ἡ
453 606 580 640 τυραννὶς
595 606 706 641 ἐρρέτω.

100 651 131 677 '0
145 651 204 686 φὼρ
220 651 344 686 ἐχόντων’
361 649 401 682 εἶς
415 651 476 686 ἐμοὶ
492 650 615 682 πλοῦτος,
629 651 704 683 Θεὸς,

97 698 146 723 ⁸ον
157 697 248 724 οὔποτ’
259 697 344 729 οὐδεὶς
358 697 476 733 ἁρπάσει
491 697 660 731 κεκτημένῳ.

95 743 136 769 Τὰ
151 743 173 769 δ’
186 743 243 770 ἄλλ’
256 743 370 778 ἑχόντων
386 740 426 774 οἷς
441 742 527 777 φίλον,
541 742 589 777 τὴν
603 742 695 769 οὐσίαν

633 89 754 119 SECTIO
774 91 807 120 ll.
827 91 990 119 POEMATA
1009 90 1162 119 MOEALIA

1665 92 1717 121 650

893 150 916 179 Α
936 148 1145 184 Ἀρπαζέτωσαν
1158 146 1208 182 τὴν
1227 147 1296 182 ἐμὴν
1312 148 1397 174 πᾶσαι
1414 147 1502 184 χέρες.

932 192 966 219 65
985 193 1103 228 Πένητος
1118 191 1212 227 ἀνδρὸς
1226 192 1300 218 οὐδὲν
1313 193 1521 228 ἀσφαλέστερον·

932 237 996 264 Θύει
1010 238 1112 273 σαγήνῃ
1127 237 1263 269 πλούσιος,
1279 237 1327 273 τὴν
1341 237 1431 270 δεξιὰν

933 283 988 318 Τὴν
1000 284 1081 316 αὐτὸς
1093 284 1187 313 αὐτοῦ.
1205 284 1243 315 ὡς
1259 284 1339 319 φίλην
1355 283 1519 316 ἀσπάζεται,

932 329 988 356 Καὶ
999 329 1052 356 τῶν
1066 330 1155 356 καλῶν
1167 329 1266 365 δοτῆρα
1277 329 1326 364 οὐχ
1339 330 1420 363 ὑμνεῖ
1431 329 1507 362 Θεὸν,

934 375 1006 406 Ἕως
1020 375 1037 404 ἂ
1052 376 1161 411 κέκτητ*
1174 377 1214 407 εις
1229 375 1304 408 ξένου
1323 375 1392 410 πέσῃ
1406 376 1490 410 χέρας

931 422 966 448 70
982 419 1019 448 Οὗ
1034 422 1070 457 μὴ
1083 422 1163 448 θέλει·
1180 422 1205 448 τί
1218 431 1305 457 tam“;
1320 422 1466 457 δυσμενοῦς
1481 422 1556 454 ἴσως,

932 467 1065 495 Κάκεῖθεν
1076 468 1166 499 ἄλλου,
1181 468 1214 494 τὰ
1227 468 1331 504 τροχῶν
1348 468 1512 503 κ’)λίσματα·

938 514 1014 548 Ἐμοὶ
1025 513 1047 539 δ’
1060 514 1131 545 ἄπας
1144 513 1291 549 συνέρχετ“,
1307 514 1339 548 ἢν
1352 514 1434 544 θάνω,
1449 513 1514 548 βίος,

931 561 1014 587 Οὐδὲν
1026 561 1114 596 φθόνῳ
1127 570 1155 587 τε
1168 561 1214 587 καὶ
1228 562 1356 596 στροφαῖς
1369 561 1528 596 λελείψεται.

965 608 1059 640 Κοσμ.
1079 607 1163 633 Πόσον
1177 607 1207 632 τὸ
1219 609 1313 642 χεῖρας
1332 607 1368 642 μὴ
1385 607 1493 642 βλέπειν
1504 608 1543 639 εἰς
1557 608 1696 642 γειτόνων,

933 652 967 678 Ἱῖὶ
988 652 1099 683 ’Ἄλλους
1113 651 1136 678 δ’
1152 653 1179 684 ἐς
1194 653 1281 687 ἡμῶν,
1299 653 1506 688 εὐσεϐεστέρους
1520 654 1592 685 ἴσως.

933 700 986 724 Πν.
1006 698 1091 725 Πόσον
1104 697 1134 724 τὸ
1145 700 1238 733 χεῖρας
1252 699 1291 730 εἰς
1304 699 1372 725 Θεοῦ
1386 699 1466 734 μόνον
1480 698 1600 733 βλέπειν,

935 742 987 768 Τοῦ
1003 743 1048 768 καὶ
1060 742 1175 773 διδόντος
1190 743 1237 769 καὶ
1250 743 1389 778 πατρικῶς
1404 744 1572 779 αἰτουμένου,

346 844 380 871 50
399 843 545 879 Largitur:
562 843 663 870 invidia
677 847 765 870 autem
783 842 923 879 miseratio
938 842 1030 879 tutior.

346 876 529 906 Throni'vero
544 879 639 906 caduci
657 883 721 905 sunt
734 882 760 905 et
775 877 821 912 qui
835 877 965 912 temporis
982 876 1068 910 magis
1083 877 1165 904 amici
1184 881 1267 906 sunt:

346 915 436 949 Atque
449 914 555 942 etiamsi
570 917 757 948 permaneant,
770 911 857 949 satius
871 916 913 939 est
930 911 1123 949 Deousubessc.

346 947 432 982 Quam
448 950 551 984 primas
568 947 594 975 in
609 949 737 984 omnibus
748 948 830 984 rebus
844 947 1054 984 aspectabilibus
1069 952 1172 979 tcncrc,

345 984 399 1010 Aut
413 992 494 1019 supra
514 992 556 1011 res
569 991 663 1011 omnes
677 983 798 1019 visibiles
809 983 896 1009 evehi.

345 1019 381 1046 55
402 1017 471 1047 Urbs
489 1023 578 1046 autem
594 1019 639 1045 illa
657 1018 827 1053 splendidum
843 1025 886 1044 me
898 1017 1011 1054 habeat.
1022 1025 1084 1053 quae
1099 1024 1189 1046 meme
1206 1018 1380 1054 intelligitur.

383 1054 451 1081 Srrc.

473 1054 538 1087 Quae
553 1057 643 1081 autem
660 1052 721 1080 vine
736 1054 869 1080 securitas
883 1052 1013 1087 pauperi?

347 1089 427 1119 Muri.
445 1089 589 1119 vestibula,
607 1089 747 1117 machinae.
760 1087 908 1115 satellites?

347 1124 417 1158 Spir.
439 1124 573 1151 Nimirum
590 1124 754 1154 laborantes,
771 1131 805 1149 ne
820 1123 891 1149 furto
905 1129 1007 1157 corpus
1019 1122 1141 1158 rapiatur
1156 1131 1164 1150 :

348 1159 405 1186 lloc
421 1160 507 1186 solum
526 1159 687 1194 possidetet
705 1159 822 1184 laceram
837 1160 951 1194 vestem.

347 1194 382 1219 60
401 1194 442 1220 Ad
458 1193 626 1221 alios’latro:
646 1193 762 1220 facessat
777 1193 911 1228 tyrannis.

347 1228 402 1255 Fur
416 1230 526 1256 invadat
539 1236 586 1256 eos
602 1229 648 1263 qui
665 1228 764 1255 habent
781 1237 788 1254 τ
804 1228 871 1254 mihi
888 1227 975 1255 unicae
990 1234 1067 1263 opes,
1087 1227 1171 1260 Deus,

346 1263 432 1296 Quem
448 1271 528 1291 nemo
543 1262 660 1298 unquam
671 1263 757 1297 rapiet
769 1262 930 1297 possidenti.

346 1299 406 1325 Alia
427 1299 543 1326 habeant
554 1299 601 1333 qui
618 1299 658 1326 eis
673 1299 844 1326 delectantur
861 1307 867 1325 :
881 1305 940 1325 mea

346 1334 472 1360 Ahrioiat
485 1334 556 1360 bona
571 1334 659 1360 omnis
674 1340 783 1360 manus.

347 1369 382 1404 [55
400 1367 466 1395 Viro
486 1376 602 1404 paupere
619 1368 686 1404 nihil
703 1367 836 1404 securius.

347 1402 408 1430 [leti
421 1411 471 1430 suo
487 1402 610 1430 immolat
627 1403 703 1430 dives
720 1412 726 1429 ε
741 1403 880 1430 dexteram

347 1438 519 1474 395-395
539 1437 622 1474 Suam
637 1438 705 1472 ipse,
722 1441 751 1464 ut
767 1438 882 1474 amicam
895 1438 1046 1474 osculatur,

347 1472 527 1500 Et’bouoruin
542 1473 696 1507 largitorem
714 1480 769 1499 non
791 1472 883 1500 laudat
902 1473 998 1504 Deum,

346 1507 438 1543 Donec
451 1516 482 1535 ea
497 1516 557 1543 quzn
577 1508 696 1542 possidet
709 1508 735 1534 in
755 1507 823 1534 alias
841 1508 961 1534 incidant
978 1514 1075 1534 manus

346 1542 379 1570 70
399 1543 473 1576 Quas
484 1541 594 1570 minime
610 1543 692 1570 velit:
710 1543 775 1578 quid
790 1543 871 1578 dico?
886 1543 955 1570 forte
973 1543 1001 1569 in
1022 1549 1119 1570 manus
1140 1541 1252 1575 inimici,

345 1578 434 1612 Atque
450 1579 513 1606 inde
531 1579 557 1605 in
575 1579 652 1610 alias,
668 1583 790 1604 rotarum
805 1577 901 1605 instar.

346 1612 388 1640 Me
400 1621 475 1644 vero,
492 1613 515 1640 si
533 1614 644 1644 moriar,
666 1620 766 1640 census
784 1613 873 1639 omnis
890 1613 1031 1647 sequithr:

346 1647 418 1674 Nihil
431 1648 539 1675 invidiae
553 1653 580 1675 et
597 1647 833 1675 vicissitudinibus
845 1648 1025 1683 relinquetur.

385 1682 453 1710 δατ.

474 1683 572 1716 Quanti
591 1683 656 1710 illud
674 1682 862 1718 aestimandum
880 1682 932 1714 est;
953 1687 1048 1710 utnon
1069 1683 1096 1709 in
1112 1690 1210 1710 manus
1226 1682 1379 1711 vicinorum
1394 1682 1582 1718 inspiciamus,

349 1717 384 1745 75
404 1718 456 1746 Sed
476 1718 520 1745 alii
537 1719 563 1745 in
580 1722 697 1750 nostras,
718 1721 745 1744 et
761 1717 877 1745 fortasse
900 1718 986 1752 magis
1002 1718 1037 1752 pii
1059 1718 1228 1752 respiciant?

349 1753 421 1787 Spir.
440 1753 540 1786 Quanti
558 1754 635 1785 illud,
650 1757 679 1779 ut
693 1753 755 1788 quis
773 1753 798 1779 in
811 1761 909 1780 manus
926 1753 972 1781 Dei
986 1753 1072 1781 solius
1091 1753 1230 1788 respiciat,

347 1788 398 1821 Qui
413 1787 497 1816 donat
513 1793 540 1816 et
554 1794 666 1824 paterne
678 1788 854 1823 imploratur;

152 1878 170 1905 ο
182 1878 306 1904 Φθόνου.
317 1876 379 1904 Vat.
396 1877 500 1912 θρόνου.

135 1912 165 1939 51
184 1914 284 1940 Λντοί.
306 1912 389 1939 Coisl.
404 1912 491 1939 αὐτοί.
514 1912 609 1939 Throni
625 1920 684 1939 vero
699 1912 750 1946 ipsi
768 1916 793 1938 et
805 1912 884 1938 amici

100 1949 255 1980 temporales
270 1952 341 1974 sunt.

137 1984 172 2010 55
194 1984 239 2010 Ἥ.
259 1983 342 2010 Coisl.
360 1979 391 2016 ᾧ.
407 1982 510 2010 Versus
523 1989 640 2018 sequens
653 1981 729 2009 deest
745 1982 772 2008 in
787 1989 853 2009 mss.

132 2019 166 2045 55
183 2019 275 2052 Ἔχοι.
290 2018 372 2044 Coisl.
387 2018 451 2053 ἔχει.

132 2054 165 2080 58
183 2051 272 2081 "mm
281 2053 324 2088 μὴ
339 2053 371 2079 τὸ
389 2051 462 2085 σῶμ’
475 2052 668 2085 ὐπεκκλαπῇ.
689 2051 773 2088 (ἰοῖς).
793 2052 884 2087 ὑπερ-

100 2088 200 2123 κλαπῇ.
222 2089 276 2115 lloc
288 2089 391 2115 ironice
412 2089 511 2114 dictum
532 2095 538 2113 :
556 2088 728 2123 nequeenim
747 2087 821 2123 fures
837 2094 883 2113 eas

100 2122 196 2151 domos
210 2124 318 2158 aggredi
333 2124 432 2156 solent,
451 2123 477 2150 in
499 2123 598 2158 quibus
612 2122 679 2149 nihil
694 2122 818 2157 estquod
837 2130 882 2148 ra—

101 2165 164 2192 pere
180 2159 295 2194 possint.

970 1877 1004 1904 65
1024 1879 1165 1911 Πένητος.
1183 1876 1228 1904 Sic
1238 1876 1320 1910 infra,
1341 1885 1430 1913 poem.
1454 1886 1556 1911 xxxtu,
1570 1886 1641 1907 vers.
1656 1879 1718 1907 125.

973 1912 1006 1939 66
1020 1913 1098 1944 Θύει,
1110 1917 1163 1938 etc.
1178 1912 1280 1939 Alludit
1299 1913 1331 1939 ad
1343 1912 1408 1940 haec
1425 1914 1506 1940 verba
1522 1914 1623 1941 Hahae.
1642 1915 1718 1947 1,16,

936 1948 1075 1982 qutedieta
1088 1950 1152 1974 sunt
1164 1947 1197 1973 de
1209 1955 1271 1984 rege
1279 1947 1617 1984 Nabucltodonosor,quod
1626 1957 1718 1976 rerum

937 1990 1067 2018 prospere
1082 1987 1218 2018 gestarum
1240 1983 1353 2017 gloriam
1375 1982 1480 2011 viribus
1498 1982 1562 2011 suis
1588 1984 1718 2015 ascribat,

936 2017 1073 2054 propterea
1084 2017 1233 2054 immolqbit
1247 2026 1349 2054 sugente
1364 2025 1427 2050 aute,
1445 2022 1469 2045 et
1485 2019 1647 2054 sacrificabit
1669 2019 1720 2046 reti

935 2061 993 2080 suo.
1011 2052 1079 2080 Vide
1095 2058 1160 2079 tom.
1182 2052 1202 2083 Ι,
1222 2059 1283 2087 pag.
1299 2053 1360 2080 515.

965 2088 999 2114 69
1019 2087 1110 2121 Πέσῃ.
1125 2086 1210 2114 Coisl.
1226 2087 1315 2114 πέσοι.

969 2123 1002 2150 75
1018 2121 1173 2156 Στροφαῑς,
1192 2121 1341 2156 fraudibus.

743 2248 909 2278 METRICA
932 2246 1080 2277 VERSIO.

102 2349 197 2376 Livore
211 2355 294 2383 porro
308 2351 391 2383 tulmr
404 2346 554 2378 miseratio,

102 2380 330 2410 'l‘lironi‘caduci.
348 2381 474 2415 Tempori
492 2387 535 2408 est
549 2380 664 2407 amicior

101 2419 230 2446 Amicus:
245 2421 328 2452 utque
341 2414 448 2452 maneat
462 2416 520 2447 hic,
539 2419 647 2450 praestat
662 2414 716 2441 Deo

103 2454 232 2483 Sultesse,
251 2449 352 2487 primas
368 2451 439 2478 ferre
450 2458 530 2487 quam
540 2449 633 2477 rerum
650 2449 785 2487 (nimium,

102 2490 155 2515 Au-t
169 2485 267 2515 cuncta
285 2494 377 2520 supra,
391 2493 450 2520 quae
464 2485 599 2515 videntur,
613 2485 700 2511 evehi.

102 2523 157 2549 llae
175 2525 282 2550 demum
303 2517 329 2548 in
343 2517 409 2548 urbe
432 2521 688 2555 splendeam,quam
706 2517 882 2555 mensAvidet.

138 2558 231 2584 Mund.
253 2557 319 2589 Quae
332 2556 394 2583 vita:
408 2552 496 2590 egenti
511 2552 631 2589 suppetit
641 2552 794 2581 securitas?

103 2593 254 2623 Vestibula.
270 2591 352 2622 muri.
365 2591 508 2620 machinae.
524 2590 670 2616 satellitum

104 2629 198 2656 Munus
217 2629 354 2655 laborans.
373 2626 444 2660 Spir.
458 2623 706 2660 Corporisrfutlum
721 2623 839 2650 timens?

105 2664 159 2690 lloc
176 2670 294 2698 namque
310 2658 398 2698 solum
411 2665 487 2688 veste
505 2658 623 2698 tlIlll‘Vill
640 2658 755 2698 obtinet.

105 2700 169 2726 Aliis
186 2693 306 2725 latrones
322 2696 477 2727 imminent,
494 2695 535 2721 vis
552 2694 587 2720 sit
603 2693 708 2728 procul.

104 2733 157 2760 Fur
175 2735 241 2769 petit
256 2731 486 2769 haben_tes;_sola2
500 2737 565 2769 opes
580 2728 652 2769 Deus
667 2728 744 2761 mihi,

105 2764 188 2803 Quem
203 2776 283 2796 nemo
297 2767 384 2801 rapiet
396 2767 418 2794 si
437 2764 688 2803 semel‘possedero.

104 2798 132 2832 ιξι
147 2809 244 2840 praeter
258 2798 466 2838 unumcuncta,
479 2798 626 2836 qui’volet,
643 2798 766 2832 auferat;

900 2347 921 2374 Β
937 2343 1094 2370 r’raedentur
1110 2349 1216 2373 omnes,
1231 2342 1254 2368 si
1274 2342 1368 2372 velint.
1384 2349 1450 2377 opes
1466 2351 1541 2371 meas
1555 2353 1562 2370 :

936 2377 1036 2412 Egente
1051 2385 1104 2403 non
1121 2381 1162 2404 est
1178 2377 1262 2403 tutius
1275 2377 1424 2411 quidquam
1443 2378 1509 2404 viro.

935 2411 1015 2439 Dives
1028 2412 1161 2446 superbus
1179 2411 1301 2438 immolat
1318 2413 1367 2439 reti
1379 2420 1440 2444 suo,

934 2446 1067 2481 Velutque
1079 2448 1173 2473 amicis
1184 2447 1230 2473 dat
1246 2454 1302 2473 suae
1315 2447 1416 2474 dextra:
1429 2447 1563 2480 osculum,

934 2481 1030 2509 Omnis
1051 2482 1172 2508 datorem
1186 2488 1236 2508 nec
1251 2481 1313 2508 boni
1330 2482 1423 2508 laudat
1438 2481 1535 2512 Deum.

934 2517 1082 2551 Quousque
1097 2516 1207 2552 tandem
1224 2516 1257 2542 ad
1275 2517 1388 2552 alterum
1403 2517 1503 2552 cadant
1514 2525 1580 2552 opes

934 2551 1020 2585 Quem
1034 2550 1101 2578 nolit
1113 2553 1180 2585 ipse.
1197 2550 1267 2578 forte
1283 2551 1386 2578 inimici
1403 2551 1431 2578 in
1448 2550 1546 2579 manus

937 2587 1098 2618 Volvuntur,
1118 2586 1236 2620 hincque
1247 2586 1280 2612 ad
1294 2586 1421 2618 alterum,
1437 2591 1504 2614 rotat
1516 2587 1544 2613 in
1560 2587 1682 2615 modum.

933 2623 968 2648 At
985 2629 1028 2648 me
1045 2625 1176 2655 sequetur
1189 2628 1289 2648 census
1302 2621 1446 2648 abeuntem
1463 2629 1550 2649 meus.

933 2656 976 2684 Nil
991 2656 1170 2683 vindicabunt
1182 2656 1251 2682 livor
1267 2660 1293 2682 et
1309 2663 1400 2682 rerum
1413 2656 1496 2684 vices.

969 2691 1062 2718 Minui.
1084 2690 1183 2723 Quanti
1195 2691 1384 2718 aestimandum
1396 2691 1511 2726 proximi
1526 2699 1579 2719 non
1591 2699 1624 2718 ex
1638 2699 1720 2719 manu

931 2726 1066 2759 Pendere,
1082 2726 1129 2752 sed
1145 2733 1218 2758 eum,
1233 2726 1302 2752 forte
1316 2726 1467 2757 meliorem,
1485 2734 1518 2754 ex
1531 2734 1601 2754 mea.

932 2762 1003 2796 Spir.
1024 2761 1123 2794 Quanti
1141 2761 1293 2795 putandum
1306 2765 1347 2788 est
1363 2766 1392 2788 ut
1405 2761 1467 2796 quis
1480 2763 1506 2788 in
1524 2761 1610 2788 solam
1623 2760 1684 2794 Dei.

933 2797 985 2830 Qui
1001 2796 1057 2829 dat,
1071 2800 1182 2832 paterne
1197 2799 1225 2823 et
1238 2796 1370 2831 poscitur,
1389 2800 1492 2831 spectet
1511 2802 1646 2830 manum.‘
