1942 3047
240 185 293 213 663
563 185 594 213 S.
614 185 779 215 GREGOBII
798 187 922 216 THEOL.
939 187 1120 217 CARMINUM
1141 189 1240 217 LIBER
1260 189 1280 216 Ι.
1301 188 1527 218 THEOLOGICA.

240 242 319 278 Πηγὴ
334 241 500 277 παφλάζουσ*
512 242 588 269 ἔνθεν
601 243 733 271 ἀσϐέστου
747 245 830 280 πυρὸς

239 288 291 316 195
306 288 416 324 Σχώληξ
429 289 534 316 ἐκεῖθεν
552 289 650 318 ἐσθίων
666 291 768 323 ἀῐδίως·

237 333 329 361 Μέσον
342 333 471 366 συνειδὸς,
487 334 608 370 ἄγραφος
627 336 778 371 κατήγορος

237 379 304 411 Θεὸς
319 379 386 411 Θεός
403 388 454 412 σοι,
472 380 506 414 ἢν
520 381 590 418 φέρῃ
601 381 635 408 τὰ
645 381 730 414 δεξιά·

243 425 321 460 Ἐμοὶ
332 425 472 458 σεϐαστὺς,
486 425 537 452 κᾶν
551 427 620 462 φέρῃ
633 427 770 455 τάναντία.

237 471 275 496 Τὸ
291 471 345 506 γάρ
363 479 397 506 με
411 472 537 506 κάμνειν,
550 473 696 507 φάρμακον
712 474 848 509 σωτηρίας

236 515 290 544 200
306 516 388 543 Ὅσον
403 517 521 552 πιέζομῧ,
536 517 650 554 ἔρχομαι
665 519 735 554 τόσῳ
747 519 831 551 πέλας

236 562 316 588 Θεοῦ
328 562 358 588 τὸ
370 562 423 598 γὰρ
439 564 554 598 πάσχειν
567 573 600 599 με
620 565 763 599 συσφίγγει
780 564 849 600 Θεῷ.

237 607 292 635 Καὶ
301 607 356 645 γὰρ
369 609 484 644 στρατὸς
498 608 602 636 διώκων
617 610 657 641 εἰς
672 610 748 645 τείχη
761 610 847 646 φέρει.

237 653 345 686 Παῖδες,
357 654 426 690 γυνὴ
443 655 484 682 σοὶ
500 655 546 682 καὶ
563 655 634 690 φίλοι
649 656 809 691 παρήγοροι,

240 698 274 724 Ἀ
293 699 340 726 καὶ
353 699 493 734 μεθίσταο’
511 701 527 735 ὴ
546 700 659 736 μεγίστη
678 702 816 737 συμφορά.

236 743 290 772 205
308 745 383 780 Ἐμοὶ
398 745 420 772 δ’
439 745 553 782 ἔρεισμα
568 747 615 773 καὶ
631 747 779 783 παραψυχὴ
792 747 857 780 Θεὸς

238 789 376 823 Πεινῶντι,
395 791 441 818 καὶ
457 792 578 827 ριγοῦντι
593 793 639 819 καὶ
655 793 834 828 στενουμένῳ.

239 836 364 873 ’Υϐριζε,
383 839 459 870 παῖε,
474 838 600 874 δυσγενῆ,
621 838 728 874 πτωχὸν
744 839 831 871 κάλει.

239 880 333 916 Πάτει,
349 881 453 920 βιάζου,
472 884 570 920 μικρὸν
589 883 711 919 ὑϐρίσεις
729 884 832 920 χρόνον.

1040 250 1062 278 Α
1077 246 1137 281 Θεῴ
1148 247 1223 282 φέρω
1234 247 1267 274 τὰ
1279 247 1368 274 πάντα
1379 247 1447 283 πρὸς
1461 248 1491 274 ὃν
1502 248 1549 274 καὶ
1565 246 1665 282 βλέπω.

1076 293 1129 320 210
1144 293 1247 328 Πέμπω
1261 292 1388 328 λογισμὸν
1399 294 1439 324 εἰς
1453 293 1508 328 βίον
1522 293 1567 319 τὸν
1579 292 1701 328 ὕστερον·

1083 339 1155 364 Ἐκεῖ
1169 338 1324 373 “omne”.
1342 339 1424 366 Οὐδὲν
1439 337 1496 366 οἶδα
1511 339 1565 366 τῶν
1575 339 1660 366 κάτω.

1075 383 1152 411 Οὕτω
1162 384 1193 410 τὸ
1206 384 1305 411 λυποῦν
1318 384 1413 420 ῥᾳδίως
1426 385 1567 420 ὲκλυομαι.

1075 430 1109 455 Τί
1124 430 1148 456 τ’
1163 430 1230 457 ἄλλα
1244 438 1252 463 ;
1268 431 1386 466 σήμερον
1399 430 1428 456 δὲ
1441 431 1483 456 σοὶ
1499 430 1548 464 μὲν
1566 430 1603 465 μὴ
1620 429 1712 457 λαϐεῖν

1075 475 1130 510 Τὴν
1141 476 1240 510 ψῆφθνι
1252 477 1281 503 οὗ
1293 476 1420 511 φορητὸν,
1434 476 1471 508 ὥς
1487 475 1510 510 γ’
1527 476 1588 510 ἐμοὶ
1599 475 1682 502 δοκεῖ.

1074 519 1127 546 215
1144 520 1180 546 Οὐ
1197 519 1250 555 γὰρ
1262 520 1338 555 φέρει
1354 519 1536 555 κρατούμενον
1553 520 1583 545 τὸ
1598 518 1715 554 κρατοῦν
1725 517 1778 546 ἀεί.

1077 566 1148 591 Ἴσον
1160 565 1181 591 δ’
1196 566 1257 600 ἐμοὶ
1269 565 1361 592 λαϐεῖν
1374 573 1405 591 τε
1425 565 1470 591 καὶ
1485 565 1514 591 τὸ
1533 564 1570 600 μὴ
1585 564 1686 591 λαϐεῖν.

1081 610 1172 646 Ἀρκεῖ
1186 610 1252 642 Θεός
1266 620 1321 646 μοι,
1338 611 1389 638 κᾶν
1400 611 1433 637 τὰ
1443 611 1520 638 πάντ’
1537 611 1615 642 ἄλλος
1629 611 1709 646 φέρῃ,

1074 655 1153 682 Τοῦτ’
1166 655 1273 687 εὐκλεὲς
1288 655 1414 690 μέγιστον
1430 655 1469 686 εἰς
1482 655 1559 690 νίκην
1576 655 1646 690 ἐμοί.

1114 703 1209 735 Κοσμ.
1225 701 1258 727 Τί
1275 699 1322 727 οὖν
1335 700 1381 727 ἐὰν
1399 701 1500 727 πέσωσι
1516 700 1569 727 τῶν
1580 701 1671 736 ἄκρων
1687 699 1779 733 τινές;

1073 746 1126 774 9‘20
1142 748 1195 774 Πν.
1210 747 1242 773 Τί
1255 744 1300 773 οὗν
1313 747 1359 773 ἐὰν
1371 746 1472 773 πέσωσι
1486 747 1532 772 καὶ
1547 746 1601 774 τῶν
1617 746 1748 782 δευτέρων
1761 754 1769 779 ;

1074 793 1129 820 Καὶ
1143 793 1197 827 γὰρ
1218 791 1366 828 κατορθοῦν
1380 793 1454 818 ἐστιν
1468 792 1578 827 ἀμφοῖν,
1589 791 1636 818 καὶ
1649 792 1750 819 πεσεῖν.

1075 840 1146 865 Ἴσον
1158 839 1225 874 πρὸς
1239 838 1305 871 ἴσον,
1318 838 1375 865 ἀλλ’
1388 837 1442 872 ἐγὼ
1452 838 1558 873 χείρους
1572 837 1639 864 πολὺ

1075 884 1176 920 Trequ
1191 884 1253 915 τοὺς
1261 884 1409 916 πίπτοντας
1423 884 1452 910 ὲν
1466 882 1565 919 πρώτῳ
1579 882 1638 919 βίη-ν

489 985 561 1022 Hinc
580 986 640 1014 fons
655 987 788 1014 ebulliens
802 987 871 1022 ignis
886 985 1126 1022 inexstinguibilis,

489 1021 541 1057 195
553 1021 630 1049 Illinc
646 1023 748 1050 vermis
758 1021 889 1049 :cternum
902 1021 1032 1057 peredens
1047 1031 1052 1048 :

487 1055 574 1092 Media
589 1058 766 1088 conscientia.
779 1057 882 1092 alisque
897 1055 1000 1092 scripto
1019 1057 1183 1085 accusatrix.

488 1091 560 1127 Deus
576 1092 625 1119 tibi
641 1092 712 1119 Deus
724 1097 777 1122 est.
795 1093 819 1119 si
836 1093 918 1119 donet
931 1091 1059 1127 prospera
1074 1103 1080 1120 :

488 1125 553 1154 Mihi
567 1127 740 1155 venerandus
756 1132 808 1159 est,
831 1125 937 1154 etiamsi
955 1125 1023 1155 ferat
1042 1129 1188 1156 contraria.

486 1161 554 1198 Nam
565 1162 593 1198 isi
609 1162 723 1197 alﬂigor,
738 1163 892 1198 pratsidium
910 1163 936 1189 id
955 1163 1051 1190 salutis
1063 1168 1116 1191 est.

486 1197 614 1233 200_Quo
628 1198 715 1232 magis
734 1206 852 1233 premor.
865 1206 898 1225 eo
913 1198 1025 1232 propius
1039 1200 1140 1226 accedo

487 1232 529 1268 Μ
545 1231 629 1259 Deum
650 1242 656 1259 :
672 1231 788 1266 ipsaque
802 1231 1051 1268 alliictio’ast’ringit
1070 1233 1136 1262 Deo.

486 1267 638 1304 bsequens
649 1268 728 1304 enim?
740 1269 877 1304 exercitus
894 1269 927 1295 ad
940 1267 1038 1296 moenia
1052 1268 1177 1304 impellit.

486 1301 548 1330 Tibi
560 1301 639 1333 uxor.
653 1303 729 1337 pueri
741 1307 768 1330 et
784 1303 864 1330 amici
878 1303 1004 1330 solatium
1024 1301 1126 1336 ferunt,

487 1337 609 1370 Quorum
623 1338 730 1372 jactura
748 1338 865 1365 maxima
885 1344 928 1365 cst
947 1339 1099 1366 calamitas.

485 1373 539 1400 205
550 1372 614 1399 Mihi
634 1373 788 1407 praesidium
805 1377 832 1399 et
845 1373 971 1400 solatium
989 1374 1069 1405 Deus,

487 1408 636 1443 Esurieuti.
658 1409 765 1443 rigenti,
786 1408 923 1435 afflictam.

486 1442 822 1504 lujurianifamrpercule,
836 1443 992 1483 ignobilem,
1004 1451 1149 1478 pauperem
1165 1449 1246 1476 voca,

486 1478 580 1504 Calca.
598 1486 652 1504 vum
662 1479 690 1504 in
703 1486 743 1504 er.
758 1486 813 1504 non
833 1479 878 1504 diu
900 1479 1027 1504 iniuriam
1047 1479 1141 1504 facies.

703 1486 718 1505 ἑ

486 1478 580 1509 Calca,
598 1478 652 1505 vim
662 1479 690 1505 in

721 1486 743 1510 ι’,
758 1486 813 1505 non
833 1479 878 1505 diu
900 1479 1027 1513 injuriam
1047 1479 1141 1506 facies.

486 1513 543 1540 Deo
554 1512 640 1540 offero
651 1514 752 1545 omnia,
769 1514 802 1541 ad
818 1522 898 1545 quem
919 1518 946 1541 et
960 1514 1086 1548 respicio.

552 1548 652 1589 Dmilto
665 1549 845 1589 cogitationes
863 1549 891 1576 in
908 1549 1026 1589 futuram
1043 1550 1146 1589 vitam;
1172 1583 1179 1589 _

488 1582 545 1618 Illic
563 1583 654 1611 haereo
667 1592 673 1609 :
684 1582 751 1610 nihil
761 1592 856 1611 eorum
871 1592 932 1618 quae
945 1584 1017 1611 infra
1029 1587 1103 1617 sunt,
1117 1583 1192 1611 novi.

489 1617 535 1645 Sic
551 1626 669 1646 maerore
686 1618 766 1646 facile
785 1617 895 1647 liberor.

487 1653 558 1686 Quid
573 1654 673 1688 plura?
686 1653 771 1681 Hodie
784 1655 833 1681 tibi
849 1662 902 1682 non
917 1653 1068 1688 adjudicari

486 1688 617 1720 Causam,
634 1696 680 1716 res
694 1693 746 1720 est,
765 1694 794 1716 ut
811 1690 876 1716 milii
899 1689 1017 1722 videtur,
1031 1688 1232 1717 intolerabilis:

487 1724 541 1760 215
552 1723 612 1751 Non
626 1724 698 1751 enim
714 1725 785 1760 vinci
805 1733 836 1752 se
856 1724 919 1755 fert,
934 1726 982 1760 qui
999 1732 1107 1760 semper
1120 1724 1216 1751 vincit.

488 1759 553 1795 Mihi
571 1763 669 1795 autem
681 1759 794 1795 perinde
808 1765 850 1787 cst
873 1760 996 1795 accipere
1017 1764 1044 1787 et
1063 1768 1117 1787 non
1132 1760 1265 1794 accipere.

489 1793 592 1822 Sufﬁcit
606 1794 672 1821 mihi
683 1794 765 1825 Deus.
785 1795 892 1822 etiamsi
914 1793 1006 1822 omnia
1017 1796 1088 1822 alius
1103 1795 1226 1828 auferat;

489 1828 553 1865 Haec
570 1829 636 1865 mihi
652 1830 769 1865 maxima
779 1833 821 1857 est
835 1830 867 1856 ad
889 1830 1051 1857 vincendum
1067 1830 1161 1865 gloria.

525 1864 594 1900 Slve.
614 1863 684 1900 Quid
697 1865 780 1900 igitur
795 1865 818 1891 si
835 1873 1003 1892 summorum
1021 1863 1148 1892 labuntur
1163 1863 1266 1898 aliqui?

488 1900 542 1927 220
558 1898 628 1933 Spir.
650 1898 722 1932 Quid
745 1900 768 1927 si
784 1900 910 1927 labantur
927 1900 1009 1927 etiam
1026 1909 1057 1927 ex
1071 1900 1114 1928 his
1126 1901 1172 1934 qui
1187 1899 1336 1926 secundum
1351 1899 1465 1933 gradum
1485 1900 1595 1927 tenent?

491 1934 667 1972 402-403
688 1935 793 1972 Etenim
810 1936 938 1969 praeclare
951 1943 1031 1972 agere
1048 1936 1155 1970 utrique
1168 1940 1281 1969 possunt
1297 1938 1323 1962 et
1337 1934 1442 1962 cadere.

491 1969 545 2005 ger
561 1969 689 2005 utrinde
703 1971 784 2001 ratio,
802 1976 988 1997 verumtamen
1006 1971 1084 2005 longe
1095 1969 1245 1998 deteriores

491 2003 627 2033 Existimo
640 2003 688 2033 eos
701 2013 763 2033 esse
779 2006 826 2040 qui
843 2005 972 2032 labuntur
988 2005 1016 2032 in
1032 2003 1195 2040 pérfectiore
1209 2005 1265 2032 vita
1281 2014 1286 2031 :

273 2104 326 2136 900
343 2105 433 2137 Τόσφ.
449 2105 533 2133 Coisl.
550 2106 633 2135 τόσον.

273 2139 327 2170 209
347 2140 417 2173 Θεῷ.
437 2140 520 2169 Coisl.
546 2141 623 2169 Θεόν.
645 2141 684 2169 ita
712 2142 771 2173 Val,
791 2143 838 2178 qui
862 2143 937 2170 addit
959 2143 1020 2179 μοῦ,

1079 2116 1160 2143 quam
1180 2109 1322 2136 lectionem
1344 2108 1467 2143 sequitur
1494 2106 1578 2135 Leuv.
1602 2105 1686 2134 Deum
1707 2113 1792 2134 nicum
1812 2114 1859 2141 ego

1076 2151 1177 2177 semper
1191 2149 1272 2178 96810.

880 2269 1047 2299 METRICA
1069 2267 1217 2298 VERSIO.

237 2371 471 2407 Censura,judex,
493 2376 576 2400 statio
589 2380 632 2400 cui
650 2380 741 2401 cames
754 2379 864 2407 tremor,

237 2407 308 2436 Hinc
325 2408 387 2435 fons
401 2409 528 2442 perennis
542 2408 659 2435 bulliens
678 2408 803 2441 ﬂammae,
823 2408 920 2443 impias

239 2443 304 2479 §ine
317 2444 370 2470 fine
384 2447 489 2471 mentes
501 2443 602 2471 vermis
624 2444 686 2470 hinc
703 2452 795 2472 morsu
816 2448 910 2479 petens
928 2453 934 2470 :

237 2478 302 2506 Haec
318 2479 389 2506 inter
403 2479 511 2506 animus
535 2479 674 2508 conscius.
693 2480 797 2506 scelera
812 2478 941 2513 arguens,

239 2513 301 2541 Ullo
316 2514 420 2548 absque
433 2514 548 2548 scriplo.
567 2513 635 2540 Tum
649 2513 720 2541 Deus
734 2515 783 2541 tibi
800 2519 842 2542 est
858 2514 930 2542 Deus

237 2548 306 2576 Cum
323 2549 383 2576 laeta
400 2548 498 2581 mittit;
512 2549 584 2575 hunc
597 2553 624 2576 et
637 2549 663 2575 in
673 2549 750 2577 duris
761 2550 821 2577 colo
837 2559 843 2576 :

238 2583 287 2611 Est
300 2591 362 2611 nam
375 2584 472 2611 salutis
489 2591 568 2614 ansa,
585 2584 658 2618 quod
675 2592 794 2619 premor,
813 2584 891 2612 mihi.

239 2618 299 2651 Quo
313 2619 422 2654 gravius
435 2619 665 2681 angor,Npropius
677 2618 777 2647 accedo
793 2620 826 2646 ad
843 2619 938 2647 Deum.

239 2654 306 2681 Nam
326 2662 369 2681 me
387 2661 516 2681 supremo
557 2655 641 2681 umiui
657 2655 785 2681 astrinait
799 2655 887 2681 dolor.

557 2663 565 2681 ι

238 2654 306 2682 Nam
326 2662 369 2681 me
387 2661 516 2688 supremo
532 2654 641 2681 Numini
657 2655 785 2689 astringit
799 2655 887 2687 dolor,

241 2689 275 2717 Ut
287 2690 360 2724 cogit
376 2689 464 2717 hostis
477 2690 625 2724 insequens
637 2690 670 2716 ad
687 2690 798 2718 muenia.

239 2724 345 2755 Proles.
359 2724 450 2756 amici,
467 2729 532 2752 sunt
548 2725 596 2752 tibi
618 2725 725 2755 solatio,

240 2758 379 2794 Uxorque,
395 2767 510 2794 quorum
527 2760 626 2787 damna
639 2767 712 2786 mors
726 2760 773 2787 tibi
790 2761 872 2794 parit.

239 2796 274 2830 ᾼι
291 2794 358 2830 mihi
376 2795 498 2822 levamen
518 2799 599 2830 atque
620 2795 771 2822 subsidium
787 2799 828 2822 est
841 2794 921 2830 Deus,

239 2829 308 2864 Cum
323 2829 421 2864 frigus,
435 2834 482 2856 aut
499 2838 542 2858 me
555 2829 627 2857 dura
644 2837 705 2856 cum
717 2829 803 2857 fames
817 2829 923 2864 premit.

240 2863 335 2899 lilude.
346 2863 428 2894 ciede.
443 2872 599 2899 paliperem,
613 2865 760 2892 obscurum
775 2863 852 2895 νοω,

241 2898 337 2933 Galea.
351 2898 474 2935 opprime
485 2898 578 2934 etiam,
589 2907 645 2928 uon
655 2899 701 2928 diu
719 2907 760 2927 mc
776 2904 908 2935 protcrcs.

1040 2379 1061 2406 Β
1076 2374 1144 2402 Fero
1157 2377 1256 2401 cuncta
1276 2380 1395 2403 summo.
1409 2377 1498 2401 mente
1511 2379 1591 2407 quem
1602 2377 1696 2404 cerno,
1714 2370 1780 2399 Deo.

1079 2409 1165 2435 Vitam
1179 2413 1336 2442 sequentem
1348 2408 1447 2443 cogito,
1463 2409 1518 2435 illic
1526 2408 1654 2434 collocor.

1075 2444 1147 2471 Nihil
1164 2441 1313 2471 inl‘erarum
1328 2441 1466 2477 cognitum
1482 2448 1524 2471 est
1539 2449 1630 2470 rerum
1641 2441 1719 2468 mihi.

1078 2479 1158 2506 Nullo
1174 2479 1266 2506 labore
1279 2478 1320 2506 sic
1336 2478 1404 2512 fugit
1419 2485 1522 2505 maeror
1535 2485 1622 2505 meus.

1077 2514 1146 2546 Quid
1164 2514 1262 2548 plura?
1277 2514 1299 2541 si
1312 2518 1342 2540 tu
1361 2509 1429 2540 lbrte
1443 2521 1516 2540 nunc
1530 2519 1614 2540 causa
1628 2509 1722 2544 cadas,

1077 2551 1131 2576 Aut
1143 2549 1232 2580 fallor,
1249 2549 1322 2575 istud
1338 2553 1384 2575 aut
1403 2548 1473 2576 feres
1486 2548 1665 2582 gravissime:

1078 2583 1129 2615 Qui
1144 2584 1231 2610 vincit
1246 2584 1344 2611 etenim
1360 2591 1475 2617 semper,
1491 2583 1514 2610 is
1529 2583 1599 2610 vinci
1610 2582 1692 2610 dolet.

1078 2619 1191 2646 Vincam
1205 2619 1264 2653 ipsa
1275 2626 1369 2650 causa,
1384 2616 1425 2645 vel
1439 2619 1544 2649 cedam.
1558 2625 1607 2652 par
1623 2622 1665 2653 est
1679 2616 1756 2648 mihi,

1078 2654 1163 2681 Deum
1179 2652 1261 2680 modo
1272 2654 1404 2684 habeam;
1420 2654 1533 2687 reliqua.
1547 2653 1593 2688 qui
1605 2652 1687 2682 volet.
1704 2652 1784 2680 ferat.

1077 2689 1221 2723 Dccusque
1238 2688 1315 2716 famae
1330 2689 1440 2715 maximi
1455 2691 1487 2714 ad
1505 2689 1621 2723 palmam
1638 2688 1754 2714 aestimo.

1114 2723 1208 2750 Mund.
1221 2723 1291 2755 Quid
1311 2731 1376 2757 ergo
1396 2731 1502 2750 summo
1522 2723 1543 2750 si
1558 2724 1655 2749 cadant
1670 2730 1702 2749 ex
1715 2723 1811 2750 ordine

1079 2759 1216 2791 Quidam?
1231 2758 1302 2792 Spir.
1318 2758 1387 2791 Quid
1400 2766 1463 2792 ergo
1479 2759 1501 2785 si
1513 2759 1611 2785 cadant
1628 2766 1660 2785 ex
1673 2758 1776 2785 altero?

1078 2793 1145 2820 Nam
1158 2794 1210 2821 labi
1220 2795 1338 2828 utrique.
1354 2794 1483 2828 consequi
1495 2799 1522 2820 et
1539 2793 1644 2820 laudem
1662 2796 1774 2826 queunt.

1079 2829 1132 2856 Par
1150 2837 1211 2855 cum
1234 2829 1290 2863 pari
1304 2829 1356 2859 sit;
1372 2828 1447 2862 pejor
1461 2833 1488 2854 at
1502 2828 1587 2854 multo
1607 2828 1673 2854 Inibi

1080 2863 1193 2891 Videtur
1205 2864 1227 2891 is
1239 2864 1284 2898 qui
1300 2864 1422 2898 principe
1436 2864 1463 2890 in
1482 2864 1537 2890 vita
1553 2864 1625 2890 cadit
1644 2871 1650 2889 :

1081 2900 1145 2929 Tum
1159 2907 1217 2927 sum
1229 2897 1307 2928 malis
1319 2897 1431 2926 infesta!
1446 2907 1506 2928 nam
1524 2905 1638 2936 quorum
1651 2897 1738 2934 magis
