  <div class='ocr_page' id='page_1' title='image "/cluster/home/n/w/nwhite01/storage/ocr_20150623/37/njp.32101077772562/367.png"; bbox 0 0 1942 3047; ppageno 0'>
   <div class='ocr_carea' id='block_1_1' title="bbox 251 86 303 114">
    <p class='ocr_par' dir='ltr' id='par_1_1' title="bbox 251 86 303 114">
     <span class='ocr_line' id='line_1_1' title="bbox 251 86 303 114; baseline 0 0"><span class='ocrx_word' id='word_1_1' title='bbox 251 86 303 114; x_wconf 81' lang='lat'><strong>675</strong></span> 
     </span>
    </p>
   </div>
   <div class='ocr_carea' id='block_1_2' title="bbox 256 138 904 176">
    <p class='ocr_par' dir='ltr' id='par_1_2' title="bbox 256 138 904 176">
     <span class='ocr_line' id='line_1_2' title="bbox 256 138 904 176; baseline -0.008 -7"><span class='ocrx_word' id='word_1_2' title='bbox 256 142 301 174; x_wconf 78' lang='grc' dir='ltr'>Ὠς</span> <span class='ocrx_word' id='word_1_3' title='bbox 317 141 370 169; x_wconf 77' lang='grc' dir='ltr'>οὐδ’</span> <span class='ocrx_word' id='word_1_4' title='bbox 383 140 443 176; x_wconf 67' lang='grc' dir='ltr'>ὄψις</span> <span class='ocrx_word' id='word_1_5' title='bbox 453 140 547 176; x_wconf 69' lang='grc' dir='ltr'>ἔμοιγε</span> <span class='ocrx_word' id='word_1_6' title='bbox 566 139 634 174; x_wconf 83' lang='grc' dir='ltr'>μόνη</span> <span class='ocrx_word' id='word_1_7' title='bbox 646 139 767 173; x_wconf 82' lang='grc' dir='ltr'><strong>θηήσατο</strong></span> <span class='ocrx_word' id='word_1_8' title='bbox 789 138 888 164; x_wconf 81' lang='grc' dir='ltr'>λευστὰ</span> <span class='ocrx_word' id='word_1_9' title='bbox 897 157 904 169; x_wconf 79' lang='lat'><em>,</em></span> 
     </span>
    </p>
   </div>
   <div class='ocr_carea' id='block_1_3' title="bbox 252 183 1037 224">
    <p class='ocr_par' dir='ltr' id='par_1_3' title="bbox 252 183 1037 224">
     <span class='ocr_line' id='line_1_3' title="bbox 252 183 1037 224; baseline -0.01 -8"><span class='ocrx_word' id='word_1_10' title='bbox 252 188 307 216; x_wconf 78' lang='grc' dir='ltr'><strong>Καὶ</strong></span> <span class='ocrx_word' id='word_1_11' title='bbox 321 187 392 224; x_wconf 83' lang='grc' dir='ltr'>μάλα</span> <span class='ocrx_word' id='word_1_12' title='bbox 410 187 559 222; x_wconf 81' lang='grc' dir='ltr'><strong>δερκομένη</strong></span> <span class='ocrx_word' id='word_1_13' title='bbox 576 194 639 221; x_wconf 84' lang='grc' dir='ltr'>περ,</span> <span class='ocrx_word' id='word_1_14' title='bbox 655 186 720 216; x_wconf 77' lang='grc' dir='ltr'>ἑκὰς</span> <span class='ocrx_word' id='word_1_15' title='bbox 741 184 858 220; x_wconf 78' lang='grc' dir='ltr'><strong>μεγάλου</strong></span> <span class='ocrx_word' id='word_1_16' title='bbox 874 183 1037 213; x_wconf 78' lang='grc' dir='ltr'><strong>Φαέθοντος·</strong></span> 
     </span>
    </p>
   </div>
   <div class='ocr_carea' id='block_1_4' title="bbox 251 228 1039 268">
    <p class='ocr_par' dir='ltr' id='par_1_4' title="bbox 251 228 1039 268">
     <span class='ocr_line' id='line_1_4' title="bbox 251 228 1039 268; baseline -0.01 -6"><span class='ocrx_word' id='word_1_17' title='bbox 251 235 287 262; x_wconf 80' lang='lat'><strong>95</strong></span> <span class='ocrx_word' id='word_1_18' title='bbox 300 234 386 266; x_wconf 79' lang='grc' dir='ltr'>Αὐτὸς</span> <span class='ocrx_word' id='word_1_19' title='bbox 407 233 431 260; x_wconf 77' lang='grc' dir='ltr'><strong>δ’</strong></span> <span class='ocrx_word' id='word_1_20' title='bbox 453 233 554 268; x_wconf 72' lang='grc' dir='ltr'>ὄμματ’</span> <span class='ocrx_word' id='word_1_21' title='bbox 580 231 695 266; x_wconf 75' lang='grc' dir='ltr'>ἔλαμψε,</span> <span class='ocrx_word' id='word_1_22' title='bbox 729 231 776 256; x_wconf 78' lang='grc' dir='ltr'><strong>καὶ</strong></span> <span class='ocrx_word' id='word_1_23' title='bbox 808 230 929 265; x_wconf 72' lang='grc' dir='ltr'>ὄμμασιν</span> <span class='ocrx_word' id='word_1_24' title='bbox 959 228 1039 260; x_wconf 75' lang='grc' dir='ltr'>αὐτὸς</span> 
     </span>
    </p>
   </div>
   <div class='ocr_carea' id='block_1_5' title="bbox 875 275 1000 311">
    <p class='ocr_par' dir='ltr' id='par_1_5' title="bbox 875 275 1000 311">
     <span class='ocr_line' id='line_1_5' title="bbox 875 275 1000 311; baseline 0 -10"><span class='ocrx_word' id='word_1_25' title='bbox 875 275 1000 311; x_wconf 74' lang='grc' dir='ltr'><strong>[ἐφάνθη.</strong></span> 
     </span>
    </p>
   </div>
   <div class='ocr_carea' id='block_1_6' title="bbox 253 320 985 359">
    <p class='ocr_par' dir='ltr' id='par_1_6' title="bbox 253 320 985 359">
     <span class='ocr_line' id='line_1_6' title="bbox 253 320 985 359; baseline -0.01 -7"><span class='ocrx_word' id='word_1_26' title='bbox 253 325 328 352; x_wconf 76' lang='grc' dir='ltr'>Δοιαὶ</span> <span class='ocrx_word' id='word_1_27' title='bbox 344 324 394 359; x_wconf 79' lang='grc' dir='ltr'>μὲν</span> <span class='ocrx_word' id='word_1_28' title='bbox 415 323 541 358; x_wconf 75' lang='grc' dir='ltr'><strong>μεγάλοιο</strong></span> <span class='ocrx_word' id='word_1_29' title='bbox 554 321 621 348; x_wconf 78' lang='grc' dir='ltr'><strong>Θεοῦ</strong></span> <span class='ocrx_word' id='word_1_30' title='bbox 640 320 707 357; x_wconf 78' lang='grc' dir='ltr'>πρὸς</span> <span class='ocrx_word' id='word_1_31' title='bbox 720 320 864 356; x_wconf 70' lang='grc' dir='ltr'><strong>κρείσσονα</strong></span> <span class='ocrx_word' id='word_1_32' title='bbox 883 321 985 355; x_wconf 85' lang='grc' dir='ltr'>μοῖραι,</span> 
     </span>
    </p>
   </div>
   <div class='ocr_carea' id='block_1_7' title="bbox 254 365 949 406">
    <p class='ocr_par' dir='ltr' id='par_1_7' title="bbox 254 365 949 406">
     <span class='ocr_line' id='line_1_7' title="bbox 254 365 949 406; baseline -0.007 -9"><span class='ocrx_word' id='word_1_33' title='bbox 254 370 353 406; x_wconf 81' lang='grc' dir='ltr'><strong>Πρώτη</strong></span> <span class='ocrx_word' id='word_1_34' title='bbox 373 369 396 396; x_wconf 83' lang='lat'><strong>0’</strong></span> <span class='ocrx_word' id='word_1_35' title='bbox 409 368 521 402; x_wconf 84' lang='grc' dir='ltr'>ὑστατίη</span> <span class='ocrx_word' id='word_1_36' title='bbox 535 376 576 399; x_wconf 80' lang='grc' dir='ltr'><strong>τε,</strong></span> <span class='ocrx_word' id='word_1_37' title='bbox 594 367 620 402; x_wconf 77' lang='grc' dir='ltr'><strong>τη</strong></span> <span class='ocrx_word' id='word_1_38' title='bbox 637 366 665 393; x_wconf 76' lang='grc' dir='ltr'><strong>δέ</strong></span> <span class='ocrx_word' id='word_1_39' title='bbox 677 374 707 393; x_wconf 83' lang='grc' dir='ltr'>τε</span> <span class='ocrx_word' id='word_1_40' title='bbox 722 366 769 392; x_wconf 75' lang='grc' dir='ltr'><strong>καὶ</strong></span> <span class='ocrx_word' id='word_1_41' title='bbox 785 365 849 400; x_wconf 78' lang='grc' dir='ltr'>παρ’</span> <span class='ocrx_word' id='word_1_42' title='bbox 864 365 949 400; x_wconf 81' lang='grc' dir='ltr'>ὲμοϊο.</span> 
     </span>
    </p>
   </div>
   <div class='ocr_carea' id='block_1_8' title="bbox 255 409 943 448">
    <p class='ocr_par' dir='ltr' id='par_1_8' title="bbox 255 409 943 448">
     <span class='ocr_line' id='line_1_8' title="bbox 255 409 943 448; baseline -0.007 -7"><span class='ocrx_word' id='word_1_43' title='bbox 255 415 351 446; x_wconf 80' lang='grc' dir='ltr'>Κὲῖνος</span> <span class='ocrx_word' id='word_1_44' title='bbox 363 413 457 440; x_wconf 76' lang='grc' dir='ltr'>δεκτὺν</span> <span class='ocrx_word' id='word_1_45' title='bbox 469 413 549 448; x_wconf 79' lang='grc' dir='ltr'><strong>ἔθηκε</strong></span> <span class='ocrx_word' id='word_1_46' title='bbox 566 412 660 443; x_wconf 82' lang='grc' dir='ltr'>καλοῦ,</span> <span class='ocrx_word' id='word_1_47' title='bbox 676 412 722 438; x_wconf 77' lang='grc' dir='ltr'>καὶ</span> <span class='ocrx_word' id='word_1_48' title='bbox 733 411 832 446; x_wconf 84' lang='grc' dir='ltr'><strong>κάρτος</strong></span> <span class='ocrx_word' id='word_1_49' title='bbox 847 409 943 441; x_wconf 76' lang='grc' dir='ltr'>ὀπάζει</span> 
     </span>
    </p>
   </div>
   <div class='ocr_carea' id='block_1_9' title="bbox 255 455 1041 492">
    <p class='ocr_par' dir='ltr' id='par_1_9' title="bbox 255 455 1041 492">
     <span class='ocr_line' id='line_1_9' title="bbox 255 455 1041 492; baseline -0.006 -6"><span class='ocrx_word' id='word_1_50' title='bbox 255 459 339 489; x_wconf 55' lang='lat' dir='ltr'><strong>Agat;</strong></span> <span class='ocrx_word' id='word_1_51' title='bbox 357 459 378 485; x_wconf 85' lang='grc' dir='ltr'><strong>δ’</strong></span> <span class='ocrx_word' id='word_1_52' title='bbox 405 459 434 484; x_wconf 84' lang='grc' dir='ltr'>ὲν</span> <span class='ocrx_word' id='word_1_53' title='bbox 451 457 559 492; x_wconf 80' lang='grc' dir='ltr'>μεσάτῳ</span> <span class='ocrx_word' id='word_1_54' title='bbox 585 455 778 491; x_wconf 82' lang='grc' dir='ltr'>σταδιηδρόμος</span> <span class='ocrx_word' id='word_1_55' title='bbox 797 456 826 481; x_wconf 82' lang='grc' dir='ltr'>οὐ</span> <span class='ocrx_word' id='word_1_56' title='bbox 848 456 908 490; x_wconf 77' lang='grc' dir='ltr'>μάλ’</span> <span class='ocrx_word' id='word_1_57' title='bbox 925 455 1041 490; x_wconf 73' lang='grc' dir='ltr'>ἐλαφρὸς</span> 
     </span>
    </p>
   </div>
   <div class='ocr_carea' id='block_1_10' title="bbox 256 499 1041 538">
    <p class='ocr_par' dir='ltr' id='par_1_10' title="bbox 256 499 1041 538">
     <span class='ocr_line' id='line_1_10' title="bbox 256 499 1041 538; baseline -0.008 -8"><span class='ocrx_word' id='word_1_58' title='bbox 256 503 308 530; x_wconf 87' lang='grc'><strong>100</strong></span> <span class='ocrx_word' id='word_1_59' title='bbox 326 503 480 538; x_wconf 84' lang='grc' dir='ltr'>Ἔρχομαι,</span> <span class='ocrx_word' id='word_1_60' title='bbox 509 501 559 527; x_wconf 83' lang='grc' dir='ltr'><strong>οὺχ</strong></span> <span class='ocrx_word' id='word_1_61' title='bbox 585 500 752 536; x_wconf 81' lang='grc' dir='ltr'>ἀγέραστος,</span> <span class='ocrx_word' id='word_1_62' title='bbox 782 501 811 526; x_wconf 82' lang='grc' dir='ltr'>ὲν</span> <span class='ocrx_word' id='word_1_63' title='bbox 835 499 936 534; x_wconf 76' lang='grc' dir='ltr'>ἆλμασι</span> <span class='ocrx_word' id='word_1_64' title='bbox 967 499 1041 525; x_wconf 82' lang='grc' dir='ltr'>κῶλα</span> 
     </span>
    </p>
   </div>
   <div class='ocr_carea' id='block_1_11' title="bbox 861 543 994 578">
    <p class='ocr_par' dir='ltr' id='par_1_11' title="bbox 861 543 994 578">
     <span class='ocr_line' id='line_1_11' title="bbox 861 543 994 578; baseline 0.008 -9"><span class='ocrx_word' id='word_1_65' title='bbox 861 543 994 578; x_wconf 85' lang='grc' dir='ltr'><strong>[τιταίνων</strong></span> 
     </span>
    </p>
   </div>
   <div class='ocr_carea' id='block_1_12' title="bbox 257 588 1039 628">
    <p class='ocr_par' dir='ltr' id='par_1_12' title="bbox 257 588 1039 628">
     <span class='ocr_line' id='line_1_12' title="bbox 257 588 1039 628; baseline -0.008 -9"><span class='ocrx_word' id='word_1_66' title='bbox 257 591 373 628; x_wconf 78' lang='grc' dir='ltr'>Χριστὸν</span> <span class='ocrx_word' id='word_1_67' title='bbox 386 591 454 626; x_wconf 75' lang='grc' dir='ltr'><strong>ἔχων</strong></span> <span class='ocrx_word' id='word_1_68' title='bbox 469 589 574 625; x_wconf 81' lang='grc' dir='ltr'><strong>πνοιὴν,</strong></span> <span class='ocrx_word' id='word_1_69' title='bbox 588 588 705 625; x_wconf 75' lang='grc' dir='ltr'>Χριστὸν</span> <span class='ocrx_word' id='word_1_70' title='bbox 722 588 824 620; x_wconf 79' lang='grc' dir='ltr'>σθένος,</span> <span class='ocrx_word' id='word_1_71' title='bbox 839 588 916 614; x_wconf 71' lang='grc' dir='ltr'>ὄλϐον</span> <span class='ocrx_word' id='word_1_72' title='bbox 927 588 1039 624; x_wconf 72' lang='grc' dir='ltr'>ἀγητὸν,</span> 
     </span>
    </p>
   </div>
   <div class='ocr_carea' id='block_1_13' title="bbox 257 634 919 673">
    <p class='ocr_par' dir='ltr' id='par_1_13' title="bbox 257 634 919 673">
     <span class='ocr_line' id='line_1_13' title="bbox 257 634 919 673; baseline -0.008 -9"><span class='ocrx_word' id='word_1_73' title='bbox 257 640 307 669; x_wconf 80' lang='grc' dir='ltr'><strong>’⁷υς</strong></span> <span class='ocrx_word' id='word_1_74' title='bbox 321 646 354 673; x_wconf 83' lang='grc' dir='ltr'>με</span> <span class='ocrx_word' id='word_1_75' title='bbox 367 637 414 664; x_wconf 74' lang='grc' dir='ltr'><strong>καὶ</strong></span> <span class='ocrx_word' id='word_1_76' title='bbox 431 637 557 672; x_wconf 81' lang='grc' dir='ltr'>ὼπήεντα</span> <span class='ocrx_word' id='word_1_77' title='bbox 573 636 618 661; x_wconf 78' lang='grc' dir='ltr'><strong>καὶ</strong></span> <span class='ocrx_word' id='word_1_78' title='bbox 631 635 808 670; x_wconf 81' lang='grc' dir='ltr'>εὺδρομέοντα</span> <span class='ocrx_word' id='word_1_79' title='bbox 821 634 919 669; x_wconf 72' lang='grc' dir='ltr'>τίθησι.</span> 
     </span>
    </p>
   </div>
   <div class='ocr_carea' id='block_1_14' title="bbox 257 679 981 714">
    <p class='ocr_par' dir='ltr' id='par_1_14' title="bbox 257 679 981 714">
     <span class='ocr_line' id='line_1_14' title="bbox 257 679 981 714; baseline -0.006 -4"><span class='ocrx_word' id='word_1_80' title='bbox 257 683 355 710; x_wconf 79' lang='grc' dir='ltr'><strong>Κεινου</strong></span> <span class='ocrx_word' id='word_1_81' title='bbox 369 683 391 708; x_wconf 80' lang='grc' dir='ltr'><strong>δ’</strong></span> <span class='ocrx_word' id='word_1_82' title='bbox 409 682 496 713; x_wconf 75' lang='grc' dir='ltr'>ἐκτὸς,</span> <span class='ocrx_word' id='word_1_83' title='bbox 512 681 631 712; x_wconf 74' lang='grc' dir='ltr'>ἅπαντες</span> <span class='ocrx_word' id='word_1_84' title='bbox 642 680 740 707; x_wconf 78' lang='grc' dir='ltr'><strong>ἐτώσια</strong></span> <span class='ocrx_word' id='word_1_85' title='bbox 757 680 867 714; x_wconf 76' lang='grc' dir='ltr'>παίγνια</span> <span class='ocrx_word' id='word_1_86' title='bbox 880 679 981 714; x_wconf 72' lang='grc' dir='ltr'>θνητοὶ,</span> 
     </span>
    </p>
   </div>
   <div class='ocr_carea' id='block_1_15' title="bbox 257 725 920 762">
    <p class='ocr_par' dir='ltr' id='par_1_15' title="bbox 257 725 920 762">
     <span class='ocr_line' id='line_1_15' title="bbox 257 725 920 762; baseline -0.005 -6"><span class='ocrx_word' id='word_1_87' title='bbox 257 729 312 756; x_wconf 74' lang='grc' dir='ltr'><strong>Καὶ</strong></span> <span class='ocrx_word' id='word_1_88' title='bbox 327 729 420 760; x_wconf 79' lang='grc' dir='ltr'><strong>νέκυες</strong></span> <span class='ocrx_word' id='word_1_89' title='bbox 438 728 561 760; x_wconf 78' lang='grc' dir='ltr'><strong>ζώοντες,</strong></span> <span class='ocrx_word' id='word_1_90' title='bbox 578 726 704 757; x_wconf 77' lang='grc' dir='ltr'><strong>ὀδωδότες</strong></span> <span class='ocrx_word' id='word_1_91' title='bbox 724 725 920 762; x_wconf 80' lang='grc' dir='ltr'>ἀμπλακίῃσιν.</span> 
     </span>
    </p>
   </div>
   <div class='ocr_carea' id='block_1_16' title="bbox 584 71 1556 112">
    <p class='ocr_par' dir='ltr' id='par_1_16' title="bbox 584 71 1556 112">
     <span class='ocr_line' id='line_1_16' title="bbox 584 71 1556 112; baseline -0.014 0"><span class='ocrx_word' id='word_1_92' title='bbox 584 83 614 112; x_wconf 83' lang='lat' dir='ltr'><strong>S.</strong></span> <span class='ocrx_word' id='word_1_93' title='bbox 634 81 797 112; x_wconf 76' lang='lat' dir='ltr'><strong>GREGORII</strong></span> <span class='ocrx_word' id='word_1_94' title='bbox 816 80 941 108; x_wconf 85' lang='lat' dir='ltr'><strong>THEOL.</strong></span> <span class='ocrx_word' id='word_1_95' title='bbox 961 75 1143 106; x_wconf 77' lang='lat' dir='ltr'><strong>CARMINUM</strong></span> <span class='ocrx_word' id='word_1_96' title='bbox 1163 74 1265 103; x_wconf 76' lang='lat' dir='ltr'><strong>LIBER</strong></span> <span class='ocrx_word' id='word_1_97' title='bbox 1283 74 1305 102; x_wconf 85' lang='lat' dir='ltr'><strong>l.</strong></span> <span class='ocrx_word' id='word_1_98' title='bbox 1327 71 1556 101; x_wconf 74' lang='lat' dir='ltr'><strong>THEOLOUICA.</strong></span> 
     </span>
    </p>
   </div>
   <div class='ocr_carea' id='block_1_17' title="bbox 1818 67 1875 96">
    <p class='ocr_par' dir='ltr' id='par_1_17' title="bbox 1818 67 1875 96">
     <span class='ocr_line' id='line_1_17' title="bbox 1818 67 1875 96; baseline 0 -1"><span class='ocrx_word' id='word_1_99' title='bbox 1818 67 1875 96; x_wconf 79' lang='grc' dir='ltr'><strong>6ῒο</strong></span> 
     </span>
    </p>
   </div>
   <div class='ocr_carea' id='block_1_18' title="bbox 1048 125 1839 166">
    <p class='ocr_par' dir='ltr' id='par_1_18' title="bbox 1048 125 1839 166">
     <span class='ocr_line' id='line_1_18' title="bbox 1048 125 1839 166; baseline -0.011 -7"><span class='ocrx_word' id='word_1_100' title='bbox 1048 137 1072 164; x_wconf 89' lang='grc' dir='ltr'><strong>Α</strong></span> <span class='ocrx_word' id='word_1_101' title='bbox 1087 132 1138 159; x_wconf 76' lang='grc'><strong>105</strong></span> <span class='ocrx_word' id='word_1_102' title='bbox 1150 131 1216 158; x_wconf 74' lang='grc' dir='ltr'><strong>Οὐδὲ</strong></span> <span class='ocrx_word' id='word_1_103' title='bbox 1233 131 1288 166; x_wconf 74' lang='grc' dir='ltr'><strong>γὰρ</strong></span> <span class='ocrx_word' id='word_1_104' title='bbox 1308 131 1389 165; x_wconf 80' lang='grc' dir='ltr'>ἠέρος</span> <span class='ocrx_word' id='word_1_105' title='bbox 1406 129 1484 160; x_wconf 80' lang='grc' dir='ltr'>ἐκτὸς</span> <span class='ocrx_word' id='word_1_106' title='bbox 1498 128 1552 159; x_wconf 85' lang='grc' dir='ltr'>ἴδες</span> <span class='ocrx_word' id='word_1_107' title='bbox 1570 125 1735 161; x_wconf 81' lang='grc' dir='ltr'>πωτὼμενον</span> <span class='ocrx_word' id='word_1_108' title='bbox 1751 125 1839 160; x_wconf 73' lang='grc' dir='ltr'>ὅρνιν,</span> 
     </span>
    </p>
   </div>
   <div class='ocr_carea' id='block_1_19' title="bbox 1087 171 1802 213">
    <p class='ocr_par' dir='ltr' id='par_1_19' title="bbox 1087 171 1802 213">
     <span class='ocr_line' id='line_1_19' title="bbox 1087 171 1802 213; baseline -0.013 -8"><span class='ocrx_word' id='word_1_109' title='bbox 1087 178 1155 205; x_wconf 78' lang='grc' dir='ltr'><strong>Οὐδὲ</strong></span> <span class='ocrx_word' id='word_1_110' title='bbox 1169 178 1219 213; x_wconf 80' lang='grc' dir='ltr'>μὲν</span> <span class='ocrx_word' id='word_1_111' title='bbox 1233 177 1327 208; x_wconf 80' lang='grc' dir='ltr'>ὓδατος</span> <span class='ocrx_word' id='word_1_112' title='bbox 1340 176 1417 207; x_wconf 73' lang='grc' dir='ltr'>ἐκτὸς</span> <span class='ocrx_word' id='word_1_113' title='bbox 1434 175 1577 210; x_wconf 84' lang='grc' dir='ltr'>ἁλὶδρομος</span> <span class='ocrx_word' id='word_1_114' title='bbox 1590 173 1690 199; x_wconf 77' lang='grc' dir='ltr'><strong>ἔπτατο</strong></span> <span class='ocrx_word' id='word_1_115' title='bbox 1700 171 1802 206; x_wconf 72' lang='grc' dir='ltr'>δελφίς.</span> 
     </span>
    </p>
   </div>
   <div class='ocr_carea' id='block_1_20' title="bbox 1089 218 1738 258">
    <p class='ocr_par' dir='ltr' id='par_1_20' title="bbox 1089 218 1738 258">
     <span class='ocr_line' id='line_1_20' title="bbox 1089 218 1738 258; baseline -0.011 -8"><span class='ocrx_word' id='word_1_116' title='bbox 1089 225 1136 255; x_wconf 82' lang='grc' dir='ltr'>Ὣς</span> <span class='ocrx_word' id='word_1_117' title='bbox 1151 223 1210 250; x_wconf 75' lang='grc' dir='ltr'>οὐδὲ</span> <span class='ocrx_word' id='word_1_118' title='bbox 1233 224 1359 258; x_wconf 84' lang='grc' dir='ltr'>Χριστοῖο</span> <span class='ocrx_word' id='word_1_119' title='bbox 1371 222 1430 256; x_wconf 81' lang='grc' dir='ltr'>δίχα</span> <span class='ocrx_word' id='word_1_120' title='bbox 1444 220 1538 256; x_wconf 74' lang='grc' dir='ltr'>βροτὸς</span> <span class='ocrx_word' id='word_1_121' title='bbox 1555 220 1626 254; x_wconf 76' lang='grc' dir='ltr'>ἴχνος</span> <span class='ocrx_word' id='word_1_122' title='bbox 1642 218 1738 254; x_wconf 82' lang='grc' dir='ltr'>ἀείρει,</span> 
     </span>
    </p>
   </div>
   <div class='ocr_carea' id='block_1_21' title="bbox 1087 263 1699 302">
    <p class='ocr_par' dir='ltr' id='par_1_21' title="bbox 1087 263 1699 302">
     <span class='ocr_line' id='line_1_21' title="bbox 1087 263 1699 302; baseline -0.008 -9"><span class='ocrx_word' id='word_1_123' title='bbox 1087 266 1132 302; x_wconf 85' lang='grc' dir='ltr'><strong>Τῷ</strong></span> <span class='ocrx_word' id='word_1_124' title='bbox 1150 268 1185 302; x_wconf 84' lang='grc' dir='ltr'>μή</span> <span class='ocrx_word' id='word_1_125' title='bbox 1200 275 1244 302; x_wconf 88' lang='grc' dir='ltr'><strong>μοι</strong></span> <span class='ocrx_word' id='word_1_126' title='bbox 1263 267 1323 301; x_wconf 75' lang='grc' dir='ltr'>λίην</span> <span class='ocrx_word' id='word_1_127' title='bbox 1340 265 1495 300; x_wconf 75' lang='grc' dir='ltr'>μεγαλίζεο,</span> <span class='ocrx_word' id='word_1_128' title='bbox 1509 264 1569 299; x_wconf 78' lang='grc' dir='ltr'><strong>μηδ’</strong></span> <span class='ocrx_word' id='word_1_129' title='bbox 1586 264 1632 289; x_wconf 73' lang='grc' dir='ltr'><strong>ἐπὶ</strong></span> <span class='ocrx_word' id='word_1_130' title='bbox 1643 263 1699 289; x_wconf 84' lang='grc' dir='ltr'>σεῖο</span> 
     </span>
    </p>
   </div>
   <div class='ocr_carea' id='block_1_22' title="bbox 1088 308 1879 350">
    <p class='ocr_par' dir='ltr' id='par_1_22' title="bbox 1088 308 1879 350">
     <span class='ocr_line' id='line_1_22' title="bbox 1088 308 1879 350; baseline -0.01 -10"><span class='ocrx_word' id='word_1_131' title='bbox 1088 313 1195 348; x_wconf 77' lang='grc' dir='ltr'>Κάρτος</span> <span class='ocrx_word' id='word_1_132' title='bbox 1215 313 1286 348; x_wconf 73' lang='grc' dir='ltr'>ἔχειν</span> <span class='ocrx_word' id='word_1_133' title='bbox 1319 312 1502 350; x_wconf 60' lang='grc' dir='ltr'>πραπίδςσσι,</span> <span class='ocrx_word' id='word_1_134' title='bbox 1526 310 1574 337; x_wconf 81' lang='grc' dir='ltr'><strong>καὶ</strong></span> <span class='ocrx_word' id='word_1_135' title='bbox 1599 310 1624 336; x_wconf 89' lang='grc' dir='ltr'><strong>εἰ</strong></span> <span class='ocrx_word' id='word_1_136' title='bbox 1642 309 1714 344; x_wconf 82' lang='grc' dir='ltr'>μάλα</span> <span class='ocrx_word' id='word_1_137' title='bbox 1739 308 1879 341; x_wconf 79' lang='grc' dir='ltr'>πάνσοφος</span> 
     </span>
    </p>
   </div>
   <div class='ocr_carea' id='block_1_23' title="bbox 1757 353 1841 388">
    <p class='ocr_par' dir='ltr' id='par_1_23' title="bbox 1757 353 1841 388">
     <span class='ocr_line' id='line_1_23' title="bbox 1757 353 1841 388; baseline -0.036 0"><span class='ocrx_word' id='word_1_138' title='bbox 1757 353 1841 388; x_wconf 68' lang='grc' dir='ltr'><strong>[εἴης.</strong></span> 
     </span>
    </p>
   </div>
   <div class='ocr_carea' id='block_1_24' title="bbox 1387 398 1877 439">
    <p class='ocr_par' dir='ltr' id='par_1_24' title="bbox 1387 398 1877 439">
     <span class='ocr_line' id='line_1_24' title="bbox 1387 398 1877 439; baseline -0.012 -9"><span class='ocrx_word' id='word_1_139' title='bbox 1387 403 1514 439; x_wconf 80' lang='grc' dir='ltr'>εἰσορέων</span> <span class='ocrx_word' id='word_1_140' title='bbox 1551 401 1758 437; x_wconf 80' lang='grc' dir='ltr'>χθαμαλώτερον</span> <span class='ocrx_word' id='word_1_141' title='bbox 1797 398 1877 433; x_wconf 48' lang='lat' dir='ltr'><strong>ocos</strong></span> 
     </span>
    </p>
   </div>
   <div class='ocr_carea' id='block_1_25' title="bbox 1710 445 1840 481">
    <p class='ocr_par' dir='ltr' id='par_1_25' title="bbox 1710 445 1840 481">
     <span class='ocr_line' id='line_1_25' title="bbox 1710 445 1840 481; baseline -0.008 -9"><span class='ocrx_word' id='word_1_142' title='bbox 1710 445 1823 481; x_wconf 79' lang='grc' dir='ltr'>[ἀερθῇς</span> <span class='ocrx_word' id='word_1_143' title='bbox 1832 464 1840 476; x_wconf 88' lang='grc'><strong>,</strong></span> 
     </span>
    </p>
   </div>
   <div class='ocr_carea' id='block_1_26' title="bbox 1094 490 1877 532">
    <p class='ocr_par' dir='ltr' id='par_1_26' title="bbox 1094 490 1877 532">
     <span class='ocr_line' id='line_1_26' title="bbox 1094 490 1877 532; baseline -0.011 -8"><span class='ocrx_word' id='word_1_144' title='bbox 1094 497 1138 529; x_wconf 81' lang='grc' dir='ltr'>Ὠς</span> <span class='ocrx_word' id='word_1_145' title='bbox 1155 497 1263 523; x_wconf 84' lang='grc' dir='ltr'>πάντων</span> <span class='ocrx_word' id='word_1_146' title='bbox 1285 496 1418 532; x_wconf 78' lang='grc' dir='ltr'>κρατέων,</span> <span class='ocrx_word' id='word_1_147' title='bbox 1434 494 1482 521; x_wconf 72' lang='grc' dir='ltr'><strong>καὶ</strong></span> <span class='ocrx_word' id='word_1_148' title='bbox 1498 493 1632 529; x_wconf 81' lang='grc' dir='ltr'>τέρματος</span> <span class='ocrx_word' id='word_1_149' title='bbox 1647 500 1730 519; x_wconf 87' lang='grc' dir='ltr'>ασσον</span> <span class='ocrx_word' id='word_1_150' title='bbox 1745 490 1877 517; x_wconf 77' lang='grc' dir='ltr'>ἐλαύνων.</span> 
     </span>
    </p>
   </div>
   <div class='ocr_carea' id='block_1_27' title="bbox 1091 536 1842 578">
    <p class='ocr_par' dir='ltr' id='par_1_27' title="bbox 1091 536 1842 578">
     <span class='ocr_line' id='line_1_27' title="bbox 1091 536 1842 578; baseline -0.011 -8"><span class='ocrx_word' id='word_1_151' title='bbox 1091 543 1231 578; x_wconf 82' lang='grc' dir='ltr'>Τέρματος</span> <span class='ocrx_word' id='word_1_152' title='bbox 1244 542 1442 576; x_wconf 80' lang='grc' dir='ltr'>ὲντὺςὲμεινεν,</span> <span class='ocrx_word' id='word_1_153' title='bbox 1453 541 1482 572; x_wconf 85' lang='grc' dir='ltr'>ὃς</span> <span class='ocrx_word' id='word_1_154' title='bbox 1494 540 1544 566; x_wconf 86' lang='grc' dir='ltr'><strong>οὐκ</strong></span> <span class='ocrx_word' id='word_1_155' title='bbox 1559 539 1597 566; x_wconf 85' lang='grc' dir='ltr'><strong>ἴδε</strong></span> <span class='ocrx_word' id='word_1_156' title='bbox 1616 539 1705 574; x_wconf 87' lang='grc' dir='ltr'>τέρμα</span> <span class='ocrx_word' id='word_1_157' title='bbox 1718 536 1842 572; x_wconf 78' lang='grc' dir='ltr'>παρείης.</span> 
     </span>
    </p>
   </div>
   <div class='ocr_carea' id='block_1_28' title="bbox 1091 584 1770 624">
    <p class='ocr_par' dir='ltr' id='par_1_28' title="bbox 1091 584 1770 624">
     <span class='ocr_line' id='line_1_28' title="bbox 1091 584 1770 624; baseline -0.006 -9"><span class='ocrx_word' id='word_1_158' title='bbox 1091 589 1158 624; x_wconf 79' lang='grc' dir='ltr'>Λίην</span> <span class='ocrx_word' id='word_1_159' title='bbox 1174 588 1210 623; x_wconf 79' lang='grc' dir='ltr'>μὴ</span> <span class='ocrx_word' id='word_1_160' title='bbox 1226 587 1364 623; x_wconf 83' lang='grc' dir='ltr'>τρομέειν,</span> <span class='ocrx_word' id='word_1_161' title='bbox 1376 586 1436 621; x_wconf 82' lang='grc' dir='ltr'>λίην</span> <span class='ocrx_word' id='word_1_162' title='bbox 1451 585 1479 612; x_wconf 81' lang='grc' dir='ltr'><strong>δέ</strong></span> <span class='ocrx_word' id='word_1_163' title='bbox 1495 594 1524 611; x_wconf 89' lang='grc' dir='ltr'>τε</span> <span class='ocrx_word' id='word_1_164' title='bbox 1544 585 1580 620; x_wconf 85' lang='grc' dir='ltr'>μὴ</span> <span class='ocrx_word' id='word_1_165' title='bbox 1592 584 1770 620; x_wconf 77' lang='grc' dir='ltr'>βλεμεαίνειν.</span> 
     </span>
    </p>
   </div>
   <div class='ocr_carea' id='block_1_29' title="bbox 1091 629 1788 667">
    <p class='ocr_par' dir='ltr' id='par_1_29' title="bbox 1091 629 1788 667">
     <span class='ocr_line' id='line_1_29' title="bbox 1091 629 1788 667; baseline -0.007 -8"><span class='ocrx_word' id='word_1_166' title='bbox 1091 634 1138 664; x_wconf 75' lang='grc' dir='ltr'><strong>Εἰς</strong></span> <span class='ocrx_word' id='word_1_167' title='bbox 1152 633 1203 667; x_wconf 82' lang='grc' dir='ltr'>γῆν</span> <span class='ocrx_word' id='word_1_168' title='bbox 1215 633 1281 667; x_wconf 54' lang='lat' dir='ltr'><strong>ﬁcio;</strong></span> <span class='ocrx_word' id='word_1_169' title='bbox 1303 632 1410 667; x_wconf 78' lang='grc' dir='ltr'><strong>ἔθηκεν,</strong></span> <span class='ocrx_word' id='word_1_170' title='bbox 1430 631 1458 662; x_wconf 84' lang='grc' dir='ltr'>ἐς</span> <span class='ocrx_word' id='word_1_171' title='bbox 1481 630 1593 665; x_wconf 72' lang='grc' dir='ltr'>οὐρανὸν</span> <span class='ocrx_word' id='word_1_172' title='bbox 1611 629 1689 660; x_wconf 67' lang='grc' dir='ltr'>ἐλπὶς</span> <span class='ocrx_word' id='word_1_173' title='bbox 1702 629 1788 663; x_wconf 79' lang='grc' dir='ltr'>ἄειρε,</span> 
     </span>
    </p>
   </div>
   <div class='ocr_carea' id='block_1_30' title="bbox 1092 675 1778 714">
    <p class='ocr_par' dir='ltr' id='par_1_30' title="bbox 1092 675 1778 714">
     <span class='ocr_line' id='line_1_30' title="bbox 1092 675 1778 714; baseline -0.01 -8"><span class='ocrx_word' id='word_1_174' title='bbox 1092 680 1143 706; x_wconf 80' lang='grc'><strong>115</strong></span> <span class='ocrx_word' id='word_1_175' title='bbox 1154 679 1207 705; x_wconf 85' lang='grc' dir='ltr'>Καί</span> <span class='ocrx_word' id='word_1_176' title='bbox 1221 680 1244 714; x_wconf 75' lang='grc' dir='ltr'>ῤ’</span> <span class='ocrx_word' id='word_1_177' title='bbox 1265 678 1443 714; x_wconf 80' lang='grc' dir='ltr'>ὑπεροπλίῃσι</span> <span class='ocrx_word' id='word_1_178' title='bbox 1453 677 1520 708; x_wconf 81' lang='grc' dir='ltr'><strong>Θεὸς</strong></span> <span class='ocrx_word' id='word_1_179' title='bbox 1532 676 1619 702; x_wconf 80' lang='grc' dir='ltr'>κοτέει</span> <span class='ocrx_word' id='word_1_180' title='bbox 1635 675 1778 710; x_wconf 81' lang='grc' dir='ltr'>μεγάλῃσι.</span> 
     </span>
    </p>
   </div>
   <div class='ocr_carea' id='block_1_31' title="bbox 1092 719 1885 762">
    <p class='ocr_par' dir='ltr' id='par_1_31' title="bbox 1092 719 1885 762">
     <span class='ocr_line' id='line_1_31' title="bbox 1092 719 1885 762; baseline -0.01 -9"><span class='ocrx_word' id='word_1_181' title='bbox 1092 726 1205 762; x_wconf 81' lang='grc' dir='ltr'>Μάρπτε</span> <span class='ocrx_word' id='word_1_182' title='bbox 1230 725 1260 751; x_wconf 78' lang='grc' dir='ltr'>τὸ</span> <span class='ocrx_word' id='word_1_183' title='bbox 1276 725 1325 761; x_wconf 80' lang='grc' dir='ltr'>μὲν</span> <span class='ocrx_word' id='word_1_184' title='bbox 1339 724 1470 760; x_wconf 82' lang='grc' dir='ltr'>χείρεσσι,</span> <span class='ocrx_word' id='word_1_185' title='bbox 1486 723 1516 749; x_wconf 79' lang='grc' dir='ltr'>τὸ</span> <span class='ocrx_word' id='word_1_186' title='bbox 1525 723 1546 749; x_wconf 88' lang='grc' dir='ltr'>δ’</span> <span class='ocrx_word' id='word_1_187' title='bbox 1561 722 1650 754; x_wconf 75' lang='grc' dir='ltr'>ἔλπεο,</span> <span class='ocrx_word' id='word_1_188' title='bbox 1661 721 1700 756; x_wconf 85' lang='grc' dir='ltr'>τῷ</span> <span class='ocrx_word' id='word_1_189' title='bbox 1713 721 1735 747; x_wconf 68' lang='grc' dir='ltr'><strong>δ’</strong></span> <span class='ocrx_word' id='word_1_190' title='bbox 1751 719 1885 758; x_wconf 47' lang='grc' dir='ltr'><strong>ὑπόεικεῂ</strong></span> 
     </span>
    </p>
   </div>
   <div class='ocr_carea' id='block_1_32' title="bbox 1089 404 1342 441">
    <p class='ocr_par' dir='ltr' id='par_1_32' title="bbox 1089 404 1342 441">
     <span class='ocr_line' id='line_1_32' title="bbox 1089 404 1342 441; baseline -0.012 -8"><span class='ocrx_word' id='word_1_191' title='bbox 1089 406 1141 433; x_wconf 84' lang='grc'><strong>110</strong></span> <span class='ocrx_word' id='word_1_192' title='bbox 1178 405 1254 441; x_wconf 82' lang='grc' dir='ltr'><strong>Μηδέ</strong></span> <span class='ocrx_word' id='word_1_193' title='bbox 1291 404 1342 431; x_wconf 74' lang='grc' dir='ltr'>τιν’</span> 
     </span>
    </p>
   </div>
   <div class='ocr_carea' id='block_1_33' title="bbox 505 803 1413 839">
    <p class='ocr_par' dir='ltr' id='par_1_33' title="bbox 505 803 1413 839">
     <span class='ocr_line' id='line_1_33' title="bbox 505 803 1413 839; baseline -0.002 -7"><span class='ocrx_word' id='word_1_194' title='bbox 505 804 738 838; x_wconf 82' lang='lat' dir='ltr'><strong>Quemadmodum</strong></span> <span class='ocrx_word' id='word_1_195' title='bbox 755 812 805 832; x_wconf 90' lang='lat' dir='ltr'><strong>nec</strong></span> <span class='ocrx_word' id='word_1_196' title='bbox 824 804 900 831; x_wconf 87' lang='lat' dir='ltr'><strong>solus</strong></span> <span class='ocrx_word' id='word_1_197' title='bbox 915 805 1013 832; x_wconf 85' lang='lat' dir='ltr'><strong>oculus</strong></span> <span class='ocrx_word' id='word_1_198' title='bbox 1027 811 1104 832; x_wconf 89' lang='lat' dir='ltr'><strong>meus</strong></span> <span class='ocrx_word' id='word_1_199' title='bbox 1119 804 1296 839; x_wconf 85' lang='lat' dir='ltr'><strong>aspectabilia</strong></span> <span class='ocrx_word' id='word_1_200' title='bbox 1315 803 1413 836; x_wconf 84' lang='lat' dir='ltr'><strong>cernit,</strong></span> 
     </span>
    </p>
   </div>
   <div class='ocr_carea' id='block_1_34' title="bbox 505 840 1209 875">
    <p class='ocr_par' dir='ltr' id='par_1_34' title="bbox 505 840 1209 875">
     <span class='ocr_line' id='line_1_34' title="bbox 505 840 1209 875; baseline -0.001 -8"><span class='ocrx_word' id='word_1_201' title='bbox 505 841 636 873; x_wconf 81' lang='lat' dir='ltr'><strong>Quamvis</strong></span> <span class='ocrx_word' id='word_1_202' title='bbox 652 840 917 875; x_wconf 83' lang='lat' dir='ltr'><strong>perspicacissimus,</strong></span> <span class='ocrx_word' id='word_1_203' title='bbox 935 840 993 867; x_wconf 85' lang='lat' dir='ltr'><strong>sine</strong></span> <span class='ocrx_word' id='word_1_204' title='bbox 1006 840 1072 867; x_wconf 88' lang='lat' dir='ltr'><strong>solis</strong></span> <span class='ocrx_word' id='word_1_205' title='bbox 1087 840 1209 866; x_wconf 80' lang='lat' dir='ltr'><strong>lumine:</strong></span> 
     </span>
    </p>
   </div>
   <div class='ocr_carea' id='block_1_35' title="bbox 506 875 1264 910">
    <p class='ocr_par' dir='ltr' id='par_1_35' title="bbox 506 875 1264 910">
     <span class='ocr_line' id='line_1_35' title="bbox 506 875 1264 910; baseline -0.004 -7"><span class='ocrx_word' id='word_1_206' title='bbox 506 876 542 903; x_wconf 75' lang='lat'><strong>95</strong></span> <span class='ocrx_word' id='word_1_207' title='bbox 562 876 621 910; x_wconf 83' lang='lat' dir='ltr'><strong>Ipse</strong></span> <span class='ocrx_word' id='word_1_208' title='bbox 637 875 708 902; x_wconf 92' lang='lat' dir='ltr'><strong>enim</strong></span> <span class='ocrx_word' id='word_1_209' title='bbox 724 875 763 902; x_wconf 86' lang='lat' dir='ltr'><strong>sol</strong></span> <span class='ocrx_word' id='word_1_210' title='bbox 777 875 872 902; x_wconf 83' lang='lat' dir='ltr'><strong>oculos</strong></span> <span class='ocrx_word' id='word_1_211' title='bbox 887 876 1006 902; x_wconf 87' lang='lat' dir='ltr'><strong>illustrat</strong></span> <span class='ocrx_word' id='word_1_212' title='bbox 1018 880 1045 902; x_wconf 88' lang='lat' dir='ltr'><strong>et</strong></span> <span class='ocrx_word' id='word_1_213' title='bbox 1059 875 1147 902; x_wconf 90' lang='lat' dir='ltr'><strong>oculis</strong></span> <span class='ocrx_word' id='word_1_214' title='bbox 1164 875 1264 901; x_wconf 82' lang='lat' dir='ltr'><strong>illucet.</strong></span> 
     </span>
    </p>
   </div>
   <div class='ocr_carea' id='block_1_36' title="bbox 506 909 1311 945">
    <p class='ocr_par' dir='ltr' id='par_1_36' title="bbox 506 909 1311 945">
     <span class='ocr_line' id='line_1_36' title="bbox 506 909 1311 945; baseline -0.001 -8"><span class='ocrx_word' id='word_1_215' title='bbox 506 910 571 937; x_wconf 57' lang='lat' dir='ltr'><strong>Dote</strong></span> <span class='ocrx_word' id='word_1_216' title='bbox 589 910 696 945; x_wconf 84' lang='lat' dir='ltr'><strong>quidem</strong></span> <span class='ocrx_word' id='word_1_217' title='bbox 718 909 807 944; x_wconf 77' lang='lat' dir='ltr'><strong>magni</strong></span> <span class='ocrx_word' id='word_1_218' title='bbox 823 909 868 936; x_wconf 86' lang='lat' dir='ltr'><strong>Dei</strong></span> <span class='ocrx_word' id='word_1_219' title='bbox 885 911 917 937; x_wconf 91' lang='lat' dir='ltr'><strong>ad</strong></span> <span class='ocrx_word' id='word_1_220' title='bbox 933 911 1022 937; x_wconf 88' lang='lat' dir='ltr'><strong>honos</strong></span> <span class='ocrx_word' id='word_1_221' title='bbox 1038 914 1116 937; x_wconf 88' lang='lat' dir='ltr'><strong>actus</strong></span> <span class='ocrx_word' id='word_1_222' title='bbox 1133 914 1196 937; x_wconf 88' lang='lat' dir='ltr'><strong>sunt</strong></span> <span class='ocrx_word' id='word_1_223' title='bbox 1210 914 1311 944; x_wconf 84' lang='lat' dir='ltr'><strong>partes,</strong></span> 
     </span>
    </p>
   </div>
   <div class='ocr_carea' id='block_1_37' title="bbox 507 945 1060 972">
    <p class='ocr_par' dir='ltr' id='par_1_37' title="bbox 507 945 1060 972">
     <span class='ocr_line' id='line_1_37' title="bbox 507 945 1060 972; baseline 0 -1"><span class='ocrx_word' id='word_1_224' title='bbox 507 945 597 972; x_wconf 86' lang='lat' dir='ltr'><strong>Prima</strong></span> <span class='ocrx_word' id='word_1_225' title='bbox 613 948 639 971; x_wconf 86' lang='lat' dir='ltr'><strong>ct</strong></span> <span class='ocrx_word' id='word_1_226' title='bbox 654 945 748 971; x_wconf 91' lang='lat' dir='ltr'><strong>ultima</strong></span> <span class='ocrx_word' id='word_1_227' title='bbox 763 954 769 971; x_wconf 98' lang='lat'>:</span> <span class='ocrx_word' id='word_1_228' title='bbox 788 952 839 971; x_wconf 89' lang='lat' dir='ltr'><strong>una</strong></span> <span class='ocrx_word' id='word_1_229' title='bbox 855 953 920 972; x_wconf 88' lang='lat' dir='ltr'><strong>vero</strong></span> <span class='ocrx_word' id='word_1_230' title='bbox 936 953 995 972; x_wconf 86' lang='lat' dir='ltr'><strong>mea</strong></span> <span class='ocrx_word' id='word_1_231' title='bbox 1009 949 1060 971; x_wconf 81' lang='lat' dir='ltr'><strong>est.</strong></span> 
     </span>
    </p>
   </div>
   <div class='ocr_carea' id='block_1_38' title="bbox 507 979 1231 1014">
    <p class='ocr_par' dir='ltr' id='par_1_38' title="bbox 507 979 1231 1014">
     <span class='ocr_line' id='line_1_38' title="bbox 507 979 1231 1014; baseline -0.001 -8"><span class='ocrx_word' id='word_1_232' title='bbox 507 981 553 1006; x_wconf 86' lang='lat' dir='ltr'><strong>Ille</strong></span> <span class='ocrx_word' id='word_1_233' title='bbox 569 988 611 1008; x_wconf 92' lang='lat' dir='ltr'><strong>me</strong></span> <span class='ocrx_word' id='word_1_234' title='bbox 626 987 753 1014; x_wconf 85' lang='lat' dir='ltr'><strong>capacem</strong></span> <span class='ocrx_word' id='word_1_235' title='bbox 768 979 847 1006; x_wconf 78' lang='lat' dir='ltr'><strong>elﬁcit</strong></span> <span class='ocrx_word' id='word_1_236' title='bbox 863 980 925 1007; x_wconf 80' lang='lat' dir='ltr'><strong>horti</strong></span> <span class='ocrx_word' id='word_1_237' title='bbox 940 985 966 1006; x_wconf 80' lang='lat' dir='ltr'><strong>et</strong></span> <span class='ocrx_word' id='word_1_238' title='bbox 981 980 1052 1006; x_wconf 79' lang='lat' dir='ltr'><strong>vires</strong></span> <span class='ocrx_word' id='word_1_239' title='bbox 1066 979 1231 1014; x_wconf 72' lang='lat' dir='ltr'><strong>suppeditat.</strong></span> 
     </span>
    </p>
   </div>
   <div class='ocr_carea' id='block_1_39' title="bbox 508 1012 1478 1049">
    <p class='ocr_par' dir='ltr' id='par_1_39' title="bbox 508 1012 1478 1049">
     <span class='ocr_line' id='line_1_39' title="bbox 508 1012 1478 1049; baseline -0.002 -8"><span class='ocrx_word' id='word_1_240' title='bbox 508 1015 564 1049; x_wconf 79' lang='lat' dir='ltr'><strong>Ego</strong></span> <span class='ocrx_word' id='word_1_241' title='bbox 577 1022 642 1041; x_wconf 86' lang='lat' dir='ltr'><strong>vero</strong></span> <span class='ocrx_word' id='word_1_242' title='bbox 657 1012 683 1041; x_wconf 81' lang='lat' dir='ltr'><strong>in</strong></span> <span class='ocrx_word' id='word_1_243' title='bbox 698 1014 796 1046; x_wconf 88' lang='lat' dir='ltr'><strong>medio,</strong></span> <span class='ocrx_word' id='word_1_244' title='bbox 811 1015 882 1041; x_wconf 82' lang='lat' dir='ltr'><strong>velut</strong></span> <span class='ocrx_word' id='word_1_245' title='bbox 902 1016 927 1042; x_wconf 92' lang='lat' dir='ltr'><strong>in</strong></span> <span class='ocrx_word' id='word_1_246' title='bbox 945 1015 1034 1042; x_wconf 86' lang='lat' dir='ltr'><strong>stadio</strong></span> <span class='ocrx_word' id='word_1_247' title='bbox 1049 1012 1156 1046; x_wconf 51' lang='lat' dir='ltr'><strong>cursor,</strong></span> <span class='ocrx_word' id='word_1_248' title='bbox 1175 1022 1228 1040; x_wconf 89' lang='lat' dir='ltr'><strong>non</strong></span> <span class='ocrx_word' id='word_1_249' title='bbox 1246 1012 1478 1049; x_wconf 19' lang='lat' dir='ltr'><strong>admodumrlevis</strong></span> 
     </span>
    </p>
   </div>
   <div class='ocr_carea' id='block_1_40' title="bbox 508 1046 1636 1084">
    <p class='ocr_par' dir='ltr' id='par_1_40' title="bbox 508 1046 1636 1084">
     <span class='ocr_line' id='line_1_40' title="bbox 508 1046 1636 1084; baseline -0.001 -7"><span class='ocrx_word' id='word_1_250' title='bbox 508 1046 560 1077; x_wconf 79' lang='grc'><strong>100</strong></span> <span class='ocrx_word' id='word_1_251' title='bbox 577 1050 703 1082; x_wconf 82' lang='lat' dir='ltr'><strong>Gradior,</strong></span> <span class='ocrx_word' id='word_1_252' title='bbox 720 1057 772 1076; x_wconf 89' lang='lat' dir='ltr'><strong>non</strong></span> <span class='ocrx_word' id='word_1_253' title='bbox 790 1049 849 1077; x_wconf 85' lang='lat' dir='ltr'><strong>sine</strong></span> <span class='ocrx_word' id='word_1_254' title='bbox 867 1050 967 1084; x_wconf 59' lang='lat' dir='ltr'><strong>praemii</strong></span> <span class='ocrx_word' id='word_1_255' title='bbox 988 1057 1046 1084; x_wconf 80' lang='lat' dir='ltr'><strong>spe,</strong></span> <span class='ocrx_word' id='word_1_256' title='bbox 1063 1051 1132 1076; x_wconf 88' lang='lat' dir='ltr'><strong>inter</strong></span> <span class='ocrx_word' id='word_1_257' title='bbox 1146 1050 1310 1076; x_wconf 87' lang='lat' dir='ltr'><strong>currendum</strong></span> <span class='ocrx_word' id='word_1_258' title='bbox 1326 1048 1446 1084; x_wconf 82' lang='lat' dir='ltr'><strong>membra</strong></span> <span class='ocrx_word' id='word_1_259' title='bbox 1460 1046 1636 1084; x_wconf 78' lang='lat' dir='ltr'><strong>protendens.</strong></span> 
     </span>
    </p>
   </div>
   <div class='ocr_carea' id='block_1_41' title="bbox 508 1082 1671 1119">
    <p class='ocr_par' dir='ltr' id='par_1_41' title="bbox 508 1082 1671 1119">
     <span class='ocr_line' id='line_1_41' title="bbox 508 1082 1671 1119; baseline 0 -8"><span class='ocrx_word' id='word_1_260' title='bbox 508 1085 649 1112; x_wconf 74' lang='lat' dir='ltr'><strong>Christum</strong></span> <span class='ocrx_word' id='word_1_261' title='bbox 664 1085 766 1112; x_wconf 87' lang='lat' dir='ltr'><strong>habens</strong></span> <span class='ocrx_word' id='word_1_262' title='bbox 779 1092 827 1118; x_wconf 88' lang='lat' dir='ltr'><strong>pro</strong></span> <span class='ocrx_word' id='word_1_263' title='bbox 843 1082 944 1114; x_wconf 79' lang='lat' dir='ltr'><strong>alllatu.</strong></span> <span class='ocrx_word' id='word_1_264' title='bbox 959 1082 1098 1111; x_wconf 77' lang='lat' dir='ltr'><strong>Christum</strong></span> <span class='ocrx_word' id='word_1_265' title='bbox 1115 1092 1163 1119; x_wconf 89' lang='lat' dir='ltr'><strong>pro</strong></span> <span class='ocrx_word' id='word_1_266' title='bbox 1178 1085 1286 1115; x_wconf 81' lang='lat' dir='ltr'><strong>robore.</strong></span> <span class='ocrx_word' id='word_1_267' title='bbox 1301 1091 1351 1118; x_wconf 86' lang='lat' dir='ltr'><strong>pro</strong></span> <span class='ocrx_word' id='word_1_268' title='bbox 1365 1083 1463 1117; x_wconf 85' lang='lat' dir='ltr'><strong>opibus</strong></span> <span class='ocrx_word' id='word_1_269' title='bbox 1479 1082 1671 1118; x_wconf 78' lang='lat' dir='ltr'><strong>amplissimis,</strong></span> 
     </span>
    </p>
   </div>
   <div class='ocr_carea' id='block_1_42' title="bbox 509 1120 1432 1154">
    <p class='ocr_par' dir='ltr' id='par_1_42' title="bbox 509 1120 1432 1154">
     <span class='ocr_line' id='line_1_42' title="bbox 509 1120 1432 1154; baseline -0.002 -8"><span class='ocrx_word' id='word_1_270' title='bbox 509 1120 560 1152; x_wconf 87' lang='lat' dir='ltr'><strong>Qui</strong></span> <span class='ocrx_word' id='word_1_271' title='bbox 577 1120 643 1146; x_wconf 88' lang='lat' dir='ltr'><strong>mihi</strong></span> <span class='ocrx_word' id='word_1_272' title='bbox 657 1125 683 1146; x_wconf 88' lang='lat' dir='ltr'><strong>et</strong></span> <span class='ocrx_word' id='word_1_273' title='bbox 698 1121 869 1154; x_wconf 76' lang='lat' dir='ltr'><strong>perspicaccs</strong></span> <span class='ocrx_word' id='word_1_274' title='bbox 885 1121 979 1146; x_wconf 84' lang='lat' dir='ltr'><strong>oculos</strong></span> <span class='ocrx_word' id='word_1_275' title='bbox 994 1125 1019 1147; x_wconf 84' lang='lat' dir='ltr'><strong>et</strong></span> <span class='ocrx_word' id='word_1_276' title='bbox 1036 1127 1181 1154; x_wconf 79' lang='lat' dir='ltr'><strong>prosperus</strong></span> <span class='ocrx_word' id='word_1_277' title='bbox 1198 1127 1295 1146; x_wconf 84' lang='lat' dir='ltr'><strong>cursus</strong></span> <span class='ocrx_word' id='word_1_278' title='bbox 1312 1122 1432 1154; x_wconf 66' lang='lat' dir='ltr'><strong>praestat.</strong></span> 
     </span>
    </p>
   </div>
   <div class='ocr_carea' id='block_1_43' title="bbox 509 1153 1426 1197">
    <p class='ocr_par' dir='ltr' id='par_1_43' title="bbox 509 1153 1426 1197">
     <span class='ocr_line' id='line_1_43' title="bbox 509 1153 1426 1197; baseline -0.002 -16"><span class='ocrx_word' id='word_1_279' title='bbox 509 1153 963 1197; x_wconf 35' lang='grc' dir='ltr'><strong>βία-41⁸1151110ἰρερεοιιηιιρε</strong></span> <span class='ocrx_word' id='word_1_280' title='bbox 980 1163 1048 1197; x_wconf 71' lang='lat' dir='ltr'><strong>vana</strong></span> <span class='ocrx_word' id='word_1_281' title='bbox 1070 1155 1186 1181; x_wconf 83' lang='lat' dir='ltr'><strong>ludibria</strong></span> <span class='ocrx_word' id='word_1_282' title='bbox 1206 1159 1270 1182; x_wconf 89' lang='lat' dir='ltr'><strong>sunt</strong></span> <span class='ocrx_word' id='word_1_283' title='bbox 1286 1153 1426 1185; x_wconf 90' lang='lat' dir='ltr'><strong>mortales,</strong></span> 
     </span>
    </p>
   </div>
   <div class='ocr_carea' id='block_1_44' title="bbox 511 1190 1042 1224">
    <p class='ocr_par' dir='ltr' id='par_1_44' title="bbox 511 1190 1042 1224">
     <span class='ocr_line' id='line_1_44' title="bbox 511 1190 1042 1224; baseline 0 -8"><span class='ocrx_word' id='word_1_284' title='bbox 511 1190 544 1216; x_wconf 80' lang='lat' dir='ltr'><strong>Et</strong></span> <span class='ocrx_word' id='word_1_285' title='bbox 558 1190 658 1224; x_wconf 83' lang='lat' dir='ltr'><strong>mortui</strong></span> <span class='ocrx_word' id='word_1_286' title='bbox 675 1190 806 1220; x_wconf 78' lang='lat' dir='ltr'><strong>viventes,</strong></span> <span class='ocrx_word' id='word_1_287' title='bbox 823 1190 898 1217; x_wconf 80' lang='lat' dir='ltr'><strong>fetidi</strong></span> <span class='ocrx_word' id='word_1_288' title='bbox 914 1191 1042 1224; x_wconf 75' lang='lat' dir='ltr'><strong>peccatis.</strong></span> 
     </span>
    </p>
   </div>
   <div class='ocr_carea' id='block_1_45' title="bbox 511 1223 1268 1259">
    <p class='ocr_par' dir='ltr' id='par_1_45' title="bbox 511 1223 1268 1259">
     <span class='ocr_line' id='line_1_45' title="bbox 511 1223 1268 1259; baseline -0.001 -8"><span class='ocrx_word' id='word_1_289' title='bbox 511 1224 562 1252; x_wconf 76' lang='grc'><strong>103</strong></span> <span class='ocrx_word' id='word_1_290' title='bbox 581 1223 674 1259; x_wconf 77' lang='lat' dir='ltr'><strong>Neque</strong></span> <span class='ocrx_word' id='word_1_291' title='bbox 687 1225 758 1251; x_wconf 92' lang='lat' dir='ltr'><strong>enim</strong></span> <span class='ocrx_word' id='word_1_292' title='bbox 772 1225 831 1251; x_wconf 89' lang='lat' dir='ltr'><strong>sine</strong></span> <span class='ocrx_word' id='word_1_293' title='bbox 843 1223 1011 1251; x_wconf 32' lang='lat' dir='ltr'><strong>acrc’vidisti</strong></span> <span class='ocrx_word' id='word_1_294' title='bbox 1027 1225 1163 1251; x_wconf 74' lang='lat' dir='ltr'><strong>volantem</strong></span> <span class='ocrx_word' id='word_1_295' title='bbox 1178 1231 1268 1257; x_wconf 85' lang='lat' dir='ltr'><strong>avem,</strong></span> 
     </span>
    </p>
   </div>
   <div class='ocr_carea' id='block_1_46' title="bbox 469 1259 1250 1294">
    <p class='ocr_par' dir='ltr' id='par_1_46' title="bbox 469 1259 1250 1294">
     <span class='ocr_line' id='line_1_46' title="bbox 469 1259 1250 1294; baseline -0.001 -8"><span class='ocrx_word' id='word_1_296' title='bbox 469 1269 476 1276; x_wconf 69' lang='grc' dir='ltr'><em>α</em></span> <span class='ocrx_word' id='word_1_297' title='bbox 510 1259 604 1294; x_wconf 81' lang='lat' dir='ltr'><strong>Neque</strong></span> <span class='ocrx_word' id='word_1_298' title='bbox 617 1261 676 1286; x_wconf 86' lang='lat' dir='ltr'><strong>sine</strong></span> <span class='ocrx_word' id='word_1_299' title='bbox 688 1267 756 1293; x_wconf 88' lang='lat' dir='ltr'><strong>aqua</strong></span> <span class='ocrx_word' id='word_1_300' title='bbox 771 1260 853 1286; x_wconf 86' lang='lat' dir='ltr'><strong>maris</strong></span> <span class='ocrx_word' id='word_1_301' title='bbox 867 1267 964 1286; x_wconf 88' lang='lat' dir='ltr'><strong>cursor</strong></span> <span class='ocrx_word' id='word_1_302' title='bbox 979 1261 1080 1286; x_wconf 79' lang='lat' dir='ltr'><strong>natavit</strong></span> <span class='ocrx_word' id='word_1_303' title='bbox 1094 1259 1250 1294; x_wconf 88' lang='lat' dir='ltr'><strong>delphinus.</strong></span> 
     </span>
    </p>
   </div>
   <div class='ocr_carea' id='block_1_47' title="bbox 512 1294 1166 1329">
    <p class='ocr_par' dir='ltr' id='par_1_47' title="bbox 512 1294 1166 1329">
     <span class='ocr_line' id='line_1_47' title="bbox 512 1294 1166 1329; baseline -0.002 -8"><span class='ocrx_word' id='word_1_304' title='bbox 512 1294 558 1321; x_wconf 87' lang='lat' dir='ltr'><strong>Sic</strong></span> <span class='ocrx_word' id='word_1_305' title='bbox 570 1302 619 1321; x_wconf 84' lang='lat' dir='ltr'><strong>nec</strong></span> <span class='ocrx_word' id='word_1_306' title='bbox 632 1295 691 1322; x_wconf 78' lang='lat' dir='ltr'><strong>sine</strong></span> <span class='ocrx_word' id='word_1_307' title='bbox 706 1295 817 1321; x_wconf 83' lang='lat' dir='ltr'><strong>Christo</strong></span> <span class='ocrx_word' id='word_1_308' title='bbox 832 1296 952 1321; x_wconf 88' lang='lat' dir='ltr'><strong>mortalis</strong></span> <span class='ocrx_word' id='word_1_309' title='bbox 965 1295 1058 1329; x_wconf 71' lang='lat' dir='ltr'><strong>pedem</strong></span> <span class='ocrx_word' id='word_1_310' title='bbox 1076 1298 1166 1321; x_wconf 80' lang='lat' dir='ltr'><strong>movet</strong></span> 
     </span>
    </p>
   </div>
   <div class='ocr_carea' id='block_1_48' title="bbox 511 1329 1172 1364">
    <p class='ocr_par' dir='ltr' id='par_1_48' title="bbox 511 1329 1172 1364">
     <span class='ocr_line' id='line_1_48' title="bbox 511 1329 1172 1364; baseline 0 -9"><span class='ocrx_word' id='word_1_311' title='bbox 511 1329 704 1361; x_wconf 81' lang='lat' dir='ltr'><strong>Quamobrem,</strong></span> <span class='ocrx_word' id='word_1_312' title='bbox 725 1337 758 1356; x_wconf 89' lang='lat' dir='ltr'><strong>ne</strong></span> <span class='ocrx_word' id='word_1_313' title='bbox 773 1329 885 1355; x_wconf 90' lang='lat' dir='ltr'><strong>nimium</strong></span> <span class='ocrx_word' id='word_1_314' title='bbox 900 1330 1035 1364; x_wconf 76' lang='lat' dir='ltr'><strong>glorieris.</strong></span> <span class='ocrx_word' id='word_1_315' title='bbox 1054 1336 1102 1356; x_wconf 88' lang='lat' dir='ltr'><strong>nec</strong></span> <span class='ocrx_word' id='word_1_316' title='bbox 1118 1333 1172 1355; x_wconf 68' lang='lat' dir='ltr'><strong>tua:</strong></span> 
     </span>
    </p>
   </div>
   <div class='ocr_carea' id='block_1_49' title="bbox 514 1363 1351 1399">
    <p class='ocr_par' dir='ltr' id='par_1_49' title="bbox 514 1363 1351 1399">
     <span class='ocr_line' id='line_1_49' title="bbox 514 1363 1351 1399; baseline -0.001 -9"><span class='ocrx_word' id='word_1_317' title='bbox 514 1363 624 1390; x_wconf 83' lang='lat' dir='ltr'><strong>Viribus</strong></span> <span class='ocrx_word' id='word_1_318' title='bbox 638 1365 736 1390; x_wconf 80' lang='lat' dir='ltr'><strong>utentis</strong></span> <span class='ocrx_word' id='word_1_319' title='bbox 747 1365 877 1396; x_wconf 79' lang='lat' dir='ltr'><strong>conﬁdas,</strong></span> <span class='ocrx_word' id='word_1_320' title='bbox 890 1365 942 1391; x_wconf 86' lang='lat' dir='ltr'><strong>etsi</strong></span> <span class='ocrx_word' id='word_1_321' title='bbox 957 1372 1120 1399; x_wconf 75' lang='lat' dir='ltr'><strong>magnopere</strong></span> <span class='ocrx_word' id='word_1_322' title='bbox 1133 1364 1242 1398; x_wconf 84' lang='lat' dir='ltr'><strong>sapiens</strong></span> <span class='ocrx_word' id='word_1_323' title='bbox 1256 1363 1351 1390; x_wconf 82' lang='lat' dir='ltr'><strong>lueris.</strong></span> 
     </span>
    </p>
   </div>
   <div class='ocr_carea' id='block_1_50' title="bbox 513 1397 1419 1433">
    <p class='ocr_par' dir='ltr' id='par_1_50' title="bbox 513 1397 1419 1433">
     <span class='ocr_line' id='line_1_50' title="bbox 513 1397 1419 1433; baseline -0.001 -8"><span class='ocrx_word' id='word_1_324' title='bbox 513 1399 565 1425; x_wconf 90' lang='grc'><strong>110</strong></span> <span class='ocrx_word' id='word_1_325' title='bbox 585 1399 677 1433; x_wconf 83' lang='lat' dir='ltr'><strong>Neque</strong></span> <span class='ocrx_word' id='word_1_326' title='bbox 690 1399 806 1433; x_wconf 78' lang='lat' dir='ltr'><strong>aliquem</strong></span> <span class='ocrx_word' id='word_1_327' title='bbox 823 1400 915 1426; x_wconf 85' lang='lat' dir='ltr'><strong>videns</strong></span> <span class='ocrx_word' id='word_1_328' title='bbox 933 1397 1122 1433; x_wconf 57' lang='lat' dir='ltr'><strong>abjetwtiorem,</strong></span> <span class='ocrx_word' id='word_1_329' title='bbox 1135 1397 1260 1425; x_wconf 41' lang='lat' dir='ltr'><strong>in&#39;altum</strong></span> <span class='ocrx_word' id='word_1_330' title='bbox 1275 1397 1419 1430; x_wconf 87' lang='lat' dir='ltr'><strong>attollaris,</strong></span> 
     </span>
    </p>
   </div>
   <div class='ocr_carea' id='block_1_51' title="bbox 513 1433 1355 1468">
    <p class='ocr_par' dir='ltr' id='par_1_51' title="bbox 513 1433 1355 1468">
     <span class='ocr_line' id='line_1_51' title="bbox 513 1433 1355 1468; baseline -0.001 -8"><span class='ocrx_word' id='word_1_331' title='bbox 513 1433 597 1466; x_wconf 81' lang='lat' dir='ltr'><strong>Quasi</strong></span> <span class='ocrx_word' id='word_1_332' title='bbox 615 1434 740 1461; x_wconf 91' lang='lat' dir='ltr'><strong>omnibus</strong></span> <span class='ocrx_word' id='word_1_333' title='bbox 753 1435 890 1468; x_wconf 88' lang='lat' dir='ltr'><strong>superior,</strong></span> <span class='ocrx_word' id='word_1_334' title='bbox 901 1439 928 1461; x_wconf 88' lang='lat' dir='ltr'><strong>ct</strong></span> <span class='ocrx_word' id='word_1_335' title='bbox 942 1436 975 1460; x_wconf 87' lang='lat' dir='ltr'><strong>ad</strong></span> <span class='ocrx_word' id='word_1_336' title='bbox 989 1438 1086 1461; x_wconf 89' lang='lat' dir='ltr'><strong>metam</strong></span> <span class='ocrx_word' id='word_1_337' title='bbox 1104 1434 1216 1468; x_wconf 87' lang='lat' dir='ltr'><strong>propius</strong></span> <span class='ocrx_word' id='word_1_338' title='bbox 1229 1436 1355 1461; x_wconf 76' lang='lat' dir='ltr'><strong>accedas.</strong></span> 
     </span>
    </p>
   </div>
   <div class='ocr_carea' id='block_1_52' title="bbox 513 1468 1387 1504">
    <p class='ocr_par' dir='ltr' id='par_1_52' title="bbox 513 1468 1387 1504">
     <span class='ocr_line' id='line_1_52' title="bbox 513 1468 1387 1504; baseline 0 -9"><span class='ocrx_word' id='word_1_339' title='bbox 513 1469 586 1504; x_wconf 72' lang='lat' dir='ltr'><strong>intra</strong></span> <span class='ocrx_word' id='word_1_340' title='bbox 598 1473 695 1495; x_wconf 86' lang='lat' dir='ltr'><strong>metam</strong></span> <span class='ocrx_word' id='word_1_341' title='bbox 709 1469 844 1501; x_wconf 76' lang='lat' dir='ltr'><strong>subsistit.</strong></span> <span class='ocrx_word' id='word_1_342' title='bbox 858 1470 903 1503; x_wconf 89' lang='lat' dir='ltr'><strong>qui</strong></span> <span class='ocrx_word' id='word_1_343' title='bbox 918 1478 971 1496; x_wconf 88' lang='lat' dir='ltr'><strong>non</strong></span> <span class='ocrx_word' id='word_1_344' title='bbox 986 1470 1124 1504; x_wconf 76' lang='lat' dir='ltr'><strong>prospexit</strong></span> <span class='ocrx_word' id='word_1_345' title='bbox 1135 1475 1232 1504; x_wconf 86' lang='lat' dir='ltr'><strong>metam</strong></span> <span class='ocrx_word' id='word_1_346' title='bbox 1248 1468 1387 1496; x_wconf 84' lang='lat' dir='ltr'><strong>curriculi.</strong></span> 
     </span>
    </p>
   </div>
   <div class='ocr_carea' id='block_1_53' title="bbox 513 1503 1195 1538">
    <p class='ocr_par' dir='ltr' id='par_1_53' title="bbox 513 1503 1195 1538">
     <span class='ocr_line' id='line_1_53' title="bbox 513 1503 1195 1538; baseline 0.001 -8"><span class='ocrx_word' id='word_1_347' title='bbox 513 1503 605 1538; x_wconf 85' lang='lat' dir='ltr'><strong>Neque</strong></span> <span class='ocrx_word' id='word_1_348' title='bbox 620 1504 732 1530; x_wconf 87' lang='lat' dir='ltr'><strong>nimium</strong></span> <span class='ocrx_word' id='word_1_349' title='bbox 748 1505 854 1535; x_wconf 87' lang='lat' dir='ltr'><strong>timeas,</strong></span> <span class='ocrx_word' id='word_1_350' title='bbox 872 1513 921 1531; x_wconf 88' lang='lat' dir='ltr'><strong>nec</strong></span> <span class='ocrx_word' id='word_1_351' title='bbox 935 1503 1195 1531; x_wconf 30' lang='lat' dir='ltr'><strong>nimium’coniidas.</strong></span> 
     </span>
    </p>
   </div>
   <div class='ocr_carea' id='block_1_54' title="bbox 514 1538 1260 1573">
    <p class='ocr_par' dir='ltr' id='par_1_54' title="bbox 514 1538 1260 1573">
     <span class='ocr_line' id='line_1_54' title="bbox 514 1538 1260 1573; baseline 0 -8"><span class='ocrx_word' id='word_1_352' title='bbox 514 1538 543 1565; x_wconf 87' lang='lat' dir='ltr'><strong>in</strong></span> <span class='ocrx_word' id='word_1_353' title='bbox 560 1543 659 1565; x_wconf 86' lang='lat' dir='ltr'><strong>terram</strong></span> <span class='ocrx_word' id='word_1_354' title='bbox 677 1540 804 1573; x_wconf 83' lang='lat' dir='ltr'><strong>superbia</strong></span> <span class='ocrx_word' id='word_1_355' title='bbox 820 1539 923 1571; x_wconf 81' lang='lat' dir='ltr'><strong>dcjicit.</strong></span> <span class='ocrx_word' id='word_1_356' title='bbox 939 1540 966 1566; x_wconf 91' lang='lat' dir='ltr'><strong>in</strong></span> <span class='ocrx_word' id='word_1_357' title='bbox 981 1539 1082 1566; x_wconf 73' lang='lat' dir='ltr'><strong>cmlutn</strong></span> <span class='ocrx_word' id='word_1_358' title='bbox 1099 1546 1163 1573; x_wconf 83' lang='lat' dir='ltr'><strong>spes</strong></span> <span class='ocrx_word' id='word_1_359' title='bbox 1178 1539 1260 1572; x_wconf 89' lang='lat' dir='ltr'><strong>tollit,</strong></span> 
     </span>
    </p>
   </div>
   <div class='ocr_carea' id='block_1_55' title="bbox 516 1573 1042 1601">
    <p class='ocr_par' dir='ltr' id='par_1_55' title="bbox 516 1573 1042 1601">
     <span class='ocr_line' id='line_1_55' title="bbox 516 1573 1042 1601; baseline 0 -1"><span class='ocrx_word' id='word_1_360' title='bbox 516 1573 568 1600; x_wconf 79' lang='lat'><strong>“5</strong></span> <span class='ocrx_word' id='word_1_361' title='bbox 588 1574 619 1599; x_wconf 86' lang='lat' dir='ltr'><strong>Et</strong></span> <span class='ocrx_word' id='word_1_362' title='bbox 636 1573 706 1601; x_wconf 84' lang='lat' dir='ltr'><strong>Deus</strong></span> <span class='ocrx_word' id='word_1_363' title='bbox 723 1574 808 1601; x_wconf 76' lang='lat' dir='ltr'><strong>fastus</strong></span> <span class='ocrx_word' id='word_1_364' title='bbox 822 1575 880 1600; x_wconf 90' lang='lat' dir='ltr'><strong>odit</strong></span> <span class='ocrx_word' id='word_1_365' title='bbox 894 1575 1042 1601; x_wconf 78' lang='lat' dir='ltr'><strong>insolentes</strong></span> 
     </span>
    </p>
   </div>
   <div class='ocr_carea' id='block_1_56' title="bbox 515 1609 1284 1644">
    <p class='ocr_par' dir='ltr' id='par_1_56' title="bbox 515 1609 1284 1644">
     <span class='ocr_line' id='line_1_56' title="bbox 515 1609 1284 1644; baseline 0 -10"><span class='ocrx_word' id='word_1_366' title='bbox 515 1609 693 1643; x_wconf 80' lang='lat' dir='ltr'><strong>Apprehcnde</strong></span> <span class='ocrx_word' id='word_1_367' title='bbox 708 1609 759 1636; x_wconf 87' lang='lat' dir='ltr'><strong>hoc</strong></span> <span class='ocrx_word' id='word_1_368' title='bbox 777 1610 915 1641; x_wconf 88' lang='lat' dir='ltr'><strong>manibus,</strong></span> <span class='ocrx_word' id='word_1_369' title='bbox 931 1609 1002 1637; x_wconf 83' lang='lat' dir='ltr'><strong>istud</strong></span> <span class='ocrx_word' id='word_1_370' title='bbox 1020 1617 1110 1644; x_wconf 89' lang='lat' dir='ltr'><strong>spera,</strong></span> <span class='ocrx_word' id='word_1_371' title='bbox 1128 1610 1193 1640; x_wconf 86' lang='lat' dir='ltr'><strong>huic</strong></span> <span class='ocrx_word' id='word_1_372' title='bbox 1207 1616 1284 1642; x_wconf 83' lang='lat' dir='ltr'><strong>ceae,</strong></span> 
     </span>
    </p>
   </div>
   <div class='ocr_carea' id='block_1_57' title="bbox 304 1695 874 1732">
    <p class='ocr_par' dir='ltr' id='par_1_57' title="bbox 304 1695 874 1732">
     <span class='ocr_line' id='line_1_57' title="bbox 304 1695 874 1732; baseline 0 -8"><span class='ocrx_word' id='word_1_373' title='bbox 304 1698 339 1725; x_wconf 66' lang='grc'><strong>94</strong></span> <span class='ocrx_word' id='word_1_374' title='bbox 361 1697 454 1730; x_wconf 64' lang='grc' dir='ltr'><em>Ἐνώς.</em></span> <span class='ocrx_word' id='word_1_375' title='bbox 471 1695 562 1724; x_wconf 86' lang='lat' dir='ltr'><strong>Schol.</strong></span> <span class='ocrx_word' id='word_1_376' title='bbox 578 1697 638 1732; x_wconf 83' lang='grc' dir='ltr'>δίχα</span> <span class='ocrx_word' id='word_1_377' title='bbox 652 1697 738 1731; x_wconf 74' lang='grc' dir='ltr'>φωτὸς</span> <span class='ocrx_word' id='word_1_378' title='bbox 751 1697 874 1732; x_wconf 75' lang='grc' dir='ltr'>ἡλιακοῦ.</span> 
     </span>
    </p>
   </div>
   <div class='ocr_carea' id='block_1_58' title="bbox 305 1732 1034 1768">
    <p class='ocr_par' dir='ltr' id='par_1_58' title="bbox 305 1732 1034 1768">
     <span class='ocr_line' id='line_1_58' title="bbox 305 1732 1034 1768; baseline 0.001 -8"><span class='ocrx_word' id='word_1_379' title='bbox 305 1732 340 1760; x_wconf 83' lang='lat'><strong>96</strong></span> <span class='ocrx_word' id='word_1_380' title='bbox 358 1733 432 1766; x_wconf 79' lang='grc' dir='ltr'>Πρὸς</span> <span class='ocrx_word' id='word_1_381' title='bbox 446 1733 617 1768; x_wconf 58' lang='grc' dir='ltr'><strong>κρεισᾳοῂᾳ.</strong></span> <span class='ocrx_word' id='word_1_382' title='bbox 637 1733 727 1768; x_wconf 87' lang='lat' dir='ltr'><strong>Schol.</strong></span> <span class='ocrx_word' id='word_1_383' title='bbox 745 1733 813 1767; x_wconf 79' lang='grc' dir='ltr'>πρὸς</span> <span class='ocrx_word' id='word_1_384' title='bbox 829 1733 876 1768; x_wconf 85' lang='grc' dir='ltr'>τὴν</span> <span class='ocrx_word' id='word_1_385' title='bbox 895 1733 1034 1768; x_wconf 73' lang='grc' dir='ltr'>ἐργασίαν.</span> 
     </span>
    </p>
   </div>
   <div class='ocr_carea' id='block_1_59' title="bbox 306 1767 859 1802">
    <p class='ocr_par' dir='ltr' id='par_1_59' title="bbox 306 1767 859 1802">
     <span class='ocr_line' id='line_1_59' title="bbox 306 1767 859 1802; baseline 0 -8"><span class='ocrx_word' id='word_1_386' title='bbox 306 1768 354 1794; x_wconf 88' lang='grc'><strong>101</strong></span> <span class='ocrx_word' id='word_1_387' title='bbox 379 1767 510 1801; x_wconf 73' lang='grc' dir='ltr'><strong>Ἀγ-ητόν.</strong></span> <span class='ocrx_word' id='word_1_388' title='bbox 530 1767 566 1793; x_wconf 89' lang='lat' dir='ltr'><strong>Ita</strong></span> <span class='ocrx_word' id='word_1_389' title='bbox 583 1767 642 1794; x_wconf 86' lang='lat' dir='ltr'><strong>Vat.</strong></span> <span class='ocrx_word' id='word_1_390' title='bbox 662 1767 731 1794; x_wconf 79' lang='lat' dir='ltr'><strong>Edit.</strong></span> <span class='ocrx_word' id='word_1_391' title='bbox 747 1768 859 1802; x_wconf 86' lang='grc' dir='ltr'>ἀγητύν.</span> 
     </span>
    </p>
   </div>
   <div class='ocr_carea' id='block_1_60' title="bbox 305 1801 846 1837">
    <p class='ocr_par' dir='ltr' id='par_1_60' title="bbox 305 1801 846 1837">
     <span class='ocr_line' id='line_1_60' title="bbox 305 1801 846 1837; baseline 0.002 -9"><span class='ocrx_word' id='word_1_392' title='bbox 305 1802 356 1829; x_wconf 85' lang='grc'><strong>109</strong></span> <span class='ocrx_word' id='word_1_393' title='bbox 371 1802 493 1837; x_wconf 76' lang='grc' dir='ltr'>Κάρτος.</span> <span class='ocrx_word' id='word_1_394' title='bbox 513 1802 569 1837; x_wconf 74' lang='lat' dir='ltr'><strong>Vat.</strong></span> <span class='ocrx_word' id='word_1_395' title='bbox 585 1803 617 1829; x_wconf 87' lang='lat' dir='ltr'><strong>ad</strong></span> <span class='ocrx_word' id='word_1_396' title='bbox 637 1809 720 1836; x_wconf 70' lang='lat' dir='ltr'><strong>marg.</strong></span> <span class='ocrx_word' id='word_1_397' title='bbox 737 1801 846 1837; x_wconf 77' lang='grc' dir='ltr'>θράσος.</span> 
     </span>
    </p>
   </div>
   <div class='ocr_carea' id='block_1_61' title="bbox 307 1836 1051 1879">
    <p class='ocr_par' dir='ltr' id='par_1_61' title="bbox 307 1836 1051 1879">
     <span class='ocr_line' id='line_1_61' title="bbox 307 1836 1051 1879; baseline 0.004 -16"><span class='ocrx_word' id='word_1_398' title='bbox 307 1837 359 1879; x_wconf 54' lang='grc' dir='ltr'>μβ</span> <span class='ocrx_word' id='word_1_399' title='bbox 377 1837 441 1879; x_wconf 60' lang='grc' dir='ltr'><strong>ἐξε.</strong></span> <span class='ocrx_word' id='word_1_400' title='bbox 457 1836 494 1863; x_wconf 87' lang='lat' dir='ltr'><strong>Ita</strong></span> <span class='ocrx_word' id='word_1_401' title='bbox 508 1836 568 1863; x_wconf 90' lang='lat' dir='ltr'><strong>Bill.</strong></span> <span class='ocrx_word' id='word_1_402' title='bbox 586 1842 611 1864; x_wconf 85' lang='lat' dir='ltr'><strong>et</strong></span> <span class='ocrx_word' id='word_1_403' title='bbox 625 1838 744 1872; x_wconf 79' lang='lat' dir='ltr'><strong>postulat</strong></span> <span class='ocrx_word' id='word_1_404' title='bbox 755 1836 886 1865; x_wconf 85' lang='lat' dir='ltr'><strong>metrum.</strong></span> <span class='ocrx_word' id='word_1_405' title='bbox 902 1837 973 1864; x_wconf 86' lang='lat' dir='ltr'><strong>Edit.</strong></span> <span class='ocrx_word' id='word_1_406' title='bbox 986 1836 1051 1866; x_wconf 80' lang='grc' dir='ltr'>οἵδε.</span> 
     </span>
    </p>
   </div>
   <div class='ocr_carea' id='block_1_62' title="bbox 270 1870 1053 1942">
    <p class='ocr_par' dir='ltr' id='par_1_62' title="bbox 270 1870 1053 1942">
     <span class='ocr_line' id='line_1_62' title="bbox 270 1870 1053 1942; baseline 0 -8"><span class='ocrx_word' id='word_1_407' title='bbox 270 1871 359 1934; x_wconf 39' lang='lat' dir='ltr'><strong>catuli?)</strong></span> <span class='ocrx_word' id='word_1_408' title='bbox 469 1907 512 1940; x_wconf 81' lang='grc' dir='ltr'>μὴ</span> <span class='ocrx_word' id='word_1_409' title='bbox 535 1907 677 1941; x_wconf 76' lang='grc' dir='ltr'>τρομέειν.</span> <span class='ocrx_word' id='word_1_410' title='bbox 696 1907 788 1934; x_wconf 88' lang='lat' dir='ltr'><strong>Schol.</strong></span> <span class='ocrx_word' id='word_1_411' title='bbox 812 1908 948 1942; x_wconf 78' lang='grc' dir='ltr'>Προσήκει</span> <span class='ocrx_word' id='word_1_412' title='bbox 965 1907 1053 1935; x_wconf 82' lang='grc' dir='ltr'>τοίνυν</span> 
     </span>
    </p>
   </div>
   <div class='ocr_carea' id='block_1_63' title="bbox 274 1942 1054 1978">
    <p class='ocr_par' dir='ltr' id='par_1_63' title="bbox 274 1942 1054 1978">
     <span class='ocr_line' id='line_1_63' title="bbox 274 1942 1054 1978; baseline 0.001 -10"><span class='ocrx_word' id='word_1_413' title='bbox 274 1942 342 1977; x_wconf 82' lang='grc' dir='ltr'>μήτε</span> <span class='ocrx_word' id='word_1_414' title='bbox 356 1942 415 1969; x_wconf 86' lang='grc' dir='ltr'>λίαν</span> <span class='ocrx_word' id='word_1_415' title='bbox 430 1942 579 1976; x_wconf 71' lang='grc' dir='ltr'>φοὸεῖσθαι,</span> <span class='ocrx_word' id='word_1_416' title='bbox 602 1943 669 1978; x_wconf 81' lang='grc' dir='ltr'>μήτε</span> <span class='ocrx_word' id='word_1_417' title='bbox 688 1943 748 1969; x_wconf 86' lang='grc' dir='ltr'>λίαν</span> <span class='ocrx_word' id='word_1_418' title='bbox 765 1942 887 1978; x_wconf 71' lang='grc' dir='ltr'>θαρρεῖν.</span> <span class='ocrx_word' id='word_1_419' title='bbox 909 1942 980 1969; x_wconf 84' lang='lat' dir='ltr'><strong>Edil.</strong></span> <span class='ocrx_word' id='word_1_420' title='bbox 1005 1943 1054 1978; x_wconf 79' lang='grc' dir='ltr'>μὲν</span> 
     </span>
    </p>
   </div>
   <div class='ocr_carea' id='block_1_64' title="bbox 271 1978 1054 2048">
    <p class='ocr_par' dir='ltr' id='par_1_64' title="bbox 271 1978 1054 2048">
     <span class='ocr_line' id='line_1_64' title="bbox 271 1978 405 2012; baseline 0.007 -9"><span class='ocrx_word' id='word_1_421' title='bbox 271 1978 405 2012; x_wconf 83' lang='grc' dir='ltr'>τρομέειν.</span> 
     </span>
     <span class='ocr_line' id='line_1_65' title="bbox 309 2011 1054 2048; baseline 0 -9"><span class='ocrx_word' id='word_1_422' title='bbox 309 2014 360 2040; x_wconf 74' lang='grc'><strong>114</strong></span> <span class='ocrx_word' id='word_1_423' title='bbox 385 2013 494 2046; x_wconf 83' lang='grc' dir='ltr'>Ἐλπίς,</span> <span class='ocrx_word' id='word_1_424' title='bbox 512 2016 565 2040; x_wconf 90' lang='lat' dir='ltr'><strong>etc.</strong></span> <span class='ocrx_word' id='word_1_425' title='bbox 584 2011 629 2040; x_wconf 87' lang='lat' dir='ltr'><strong>Sic</strong></span> <span class='ocrx_word' id='word_1_426' title='bbox 647 2012 729 2040; x_wconf 90' lang='lat' dir='ltr'><strong>Coisl.</strong></span> <span class='ocrx_word' id='word_1_427' title='bbox 750 2012 821 2040; x_wconf 87' lang='lat' dir='ltr'><strong>Edit.</strong></span> <span class='ocrx_word' id='word_1_428' title='bbox 836 2013 912 2048; x_wconf 69' lang='grc' dir='ltr'>ὕψος.</span> <span class='ocrx_word' id='word_1_429' title='bbox 928 2012 1010 2040; x_wconf 88' lang='lat' dir='ltr'><strong>Schol</strong></span> <span class='ocrx_word' id='word_1_430' title='bbox 1037 2014 1054 2047; x_wconf 83' lang='grc' dir='ltr'>ἡ</span> 
     </span>
    </p>
   </div>
   <div class='ocr_carea' id='block_1_65' title="bbox 1108 1695 1890 1734">
    <p class='ocr_par' dir='ltr' id='par_1_65' title="bbox 1108 1695 1890 1734">
     <span class='ocr_line' id='line_1_66' title="bbox 1108 1695 1890 1734; baseline -0.004 -10"><span class='ocrx_word' id='word_1_431' title='bbox 1108 1698 1161 1734; x_wconf 81' lang='grc' dir='ltr'><strong>γὰρ</strong></span> <span class='ocrx_word' id='word_1_432' title='bbox 1175 1698 1289 1733; x_wconf 74' lang='grc' dir='ltr'>ἔπαρσις</span> <span class='ocrx_word' id='word_1_433' title='bbox 1304 1707 1343 1730; x_wconf 85' lang='grc' dir='ltr'><strong>ε.ς</strong></span> <span class='ocrx_word' id='word_1_434' title='bbox 1357 1706 1408 1734; x_wconf 85' lang='grc' dir='ltr'>γην</span> <span class='ocrx_word' id='word_1_435' title='bbox 1420 1698 1613 1734; x_wconf 55' lang='grc' dir='ltr'>κατήγαγεν,ὴ</span> <span class='ocrx_word' id='word_1_436' title='bbox 1627 1696 1703 1734; x_wconf 77' lang='grc' dir='ltr'>ἐλπὶς</span> <span class='ocrx_word' id='word_1_437' title='bbox 1713 1696 1740 1722; x_wconf 77' lang='grc' dir='ltr'><strong>δὲ</strong></span> <span class='ocrx_word' id='word_1_438' title='bbox 1754 1695 1890 1734; x_wconf 74' lang='grc' dir='ltr'><strong>ἀνήγαγεν</strong></span> 
     </span>
    </p>
   </div>
   <div class='ocr_carea' id='block_1_66' title="bbox 1108 1731 1848 1769">
    <p class='ocr_par' dir='ltr' id='par_1_66' title="bbox 1108 1731 1848 1769">
     <span class='ocr_line' id='line_1_67' title="bbox 1108 1731 1848 1769; baseline -0.004 -9"><span class='ocrx_word' id='word_1_439' title='bbox 1108 1731 1152 1765; x_wconf 50' lang='lat' dir='ltr'><strong>sic</strong></span> <span class='ocrx_word' id='word_1_440' title='bbox 1163 1733 1208 1760; x_wconf 76' lang='grc' dir='ltr'><strong>τὸν</strong></span> <span class='ocrx_word' id='word_1_441' title='bbox 1218 1731 1342 1769; x_wconf 74' lang='grc' dir='ltr'>οὖρανόν.</span> <span class='ocrx_word' id='word_1_442' title='bbox 1357 1731 1441 1761; x_wconf 73' lang='grc'><strong>(20151.</strong></span> <span class='ocrx_word' id='word_1_443' title='bbox 1454 1731 1540 1762; x_wconf 67' lang='lat' dir='ltr'><strong>schol.</strong></span> <span class='ocrx_word' id='word_1_444' title='bbox 1556 1743 1562 1760; x_wconf 91' lang='lat'>:</span> <span class='ocrx_word' id='word_1_445' title='bbox 1582 1731 1749 1769; x_wconf 64' lang='grc' dir='ltr'>Ἐ’πηρμένον</span> <span class='ocrx_word' id='word_1_446' title='bbox 1764 1731 1848 1769; x_wconf 82' lang='grc' dir='ltr'>φρόνη</span> 
     </span>
    </p>
   </div>
   <div class='ocr_carea' id='block_1_67' title="bbox 1109 1767 1888 1803">
    <p class='ocr_par' dir='ltr' id='par_1_67' title="bbox 1109 1767 1888 1803">
     <span class='ocr_line' id='line_1_68' title="bbox 1109 1767 1888 1803; baseline -0.004 -9"><span class='ocrx_word' id='word_1_447' title='bbox 1109 1767 1275 1803; x_wconf 76' lang='grc' dir='ltr'>κατήνεγκέν</span> <span class='ocrx_word' id='word_1_448' title='bbox 1292 1769 1330 1800; x_wconf 78' lang='grc' dir='ltr'><strong>εἰς</strong></span> <span class='ocrx_word' id='word_1_449' title='bbox 1347 1770 1408 1803; x_wconf 81' lang='grc' dir='ltr'>γῆν,</span> <span class='ocrx_word' id='word_1_450' title='bbox 1428 1769 1504 1801; x_wconf 80' lang='grc' dir='ltr'>ἐλπὶς</span> <span class='ocrx_word' id='word_1_451' title='bbox 1515 1769 1541 1794; x_wconf 79' lang='grc' dir='ltr'><strong>δὲ</strong></span> <span class='ocrx_word' id='word_1_452' title='bbox 1556 1768 1695 1802; x_wconf 66' lang='grc' dir='ltr'>ἁνύψωσεν</span> <span class='ocrx_word' id='word_1_453' title='bbox 1707 1767 1748 1803; x_wconf 60' lang='grc' dir='ltr'><strong>τίς</strong></span> <span class='ocrx_word' id='word_1_454' title='bbox 1765 1767 1888 1803; x_wconf 68' lang='grc' dir='ltr'>οὐρανόν.</span> 
     </span>
    </p>
   </div>
   <div class='ocr_carea' id='block_1_68' title="bbox 1110 1801 1888 1837">
    <p class='ocr_par' dir='ltr' id='par_1_68' title="bbox 1110 1801 1888 1837">
     <span class='ocr_line' id='line_1_69' title="bbox 1110 1801 1888 1837; baseline -0.006 -6"><span class='ocrx_word' id='word_1_455' title='bbox 1110 1801 1290 1831; x_wconf 72' lang='lat' dir='ltr'><strong>Conibclisius</strong></span> <span class='ocrx_word' id='word_1_456' title='bbox 1303 1801 1426 1837; x_wconf 72' lang='lat' dir='ltr'><strong>intélligit</strong></span> <span class='ocrx_word' id='word_1_457' title='bbox 1439 1805 1493 1831; x_wconf 79' lang='lat' dir='ltr'><strong>Inec</strong></span> <span class='ocrx_word' id='word_1_458' title='bbox 1509 1805 1541 1830; x_wconf 77' lang='lat' dir='ltr'><strong>de</strong></span> <span class='ocrx_word' id='word_1_459' title='bbox 1554 1801 1662 1829; x_wconf 69' lang='lat' dir='ltr'><strong>Christo</strong></span> <span class='ocrx_word' id='word_1_460' title='bbox 1676 1811 1681 1828; x_wconf 92' lang='lat'>:</span> <span class='ocrx_word' id='word_1_461' title='bbox 1695 1801 1747 1834; x_wconf 79' lang='lat' dir='ltr'><strong>Qui</strong></span> <span class='ocrx_word' id='word_1_462' title='bbox 1760 1801 1888 1832; x_wconf 73' lang='lat' dir='ltr'><strong>ascendit,</strong></span> 
     </span>
    </p>
   </div>
   <div class='ocr_carea' id='block_1_69' title="bbox 1109 1837 1890 1873">
    <p class='ocr_par' dir='ltr' id='par_1_69' title="bbox 1109 1837 1890 1873">
     <span class='ocr_line' id='line_1_70' title="bbox 1109 1837 1890 1873; baseline -0.005 -8"><span class='ocrx_word' id='word_1_463' title='bbox 1109 1840 1162 1872; x_wconf 80' lang='lat' dir='ltr'><strong>ipse</strong></span> <span class='ocrx_word' id='word_1_464' title='bbox 1176 1845 1215 1865; x_wconf 73' lang='lat' dir='ltr'><strong>est</strong></span> <span class='ocrx_word' id='word_1_465' title='bbox 1230 1839 1274 1873; x_wconf 85' lang='lat' dir='ltr'><strong>qui</strong></span> <span class='ocrx_word' id='word_1_466' title='bbox 1289 1838 1431 1871; x_wconf 76' lang='lat' dir='ltr'><strong>descendit,</strong></span> <span class='ocrx_word' id='word_1_467' title='bbox 1441 1844 1468 1865; x_wconf 79' lang='lat' dir='ltr'><strong>ut</strong></span> <span class='ocrx_word' id='word_1_468' title='bbox 1483 1839 1655 1866; x_wconf 72' lang='lat' dir='ltr'><strong>exaltatianis</strong></span> <span class='ocrx_word' id='word_1_469' title='bbox 1668 1837 1736 1864; x_wconf 63' lang='lat' dir='ltr'><strong>ciant</strong></span> <span class='ocrx_word' id='word_1_470' title='bbox 1752 1837 1890 1862; x_wconf 81' lang='lat' dir='ltr'><strong>humilita-</strong></span> 
     </span>
    </p>
   </div>
   <div class='ocr_carea' id='block_1_70' title="bbox 1111 1874 1333 1900">
    <p class='ocr_par' dir='ltr' id='par_1_70' title="bbox 1111 1874 1333 1900">
     <span class='ocr_line' id='line_1_71' title="bbox 1111 1874 1333 1900; baseline -0.005 0"><span class='ocrx_word' id='word_1_471' title='bbox 1111 1881 1161 1900; x_wconf 82' lang='lat' dir='ltr'><strong>tem</strong></span> <span class='ocrx_word' id='word_1_472' title='bbox 1177 1874 1333 1900; x_wconf 77' lang='lat' dir='ltr'><strong>ostenderet.</strong></span> 
     </span>
    </p>
   </div>
   <div class='ocr_carea' id='block_1_71' title="bbox 1145 1905 1890 1943">
    <p class='ocr_par' dir='ltr' id='par_1_71' title="bbox 1145 1905 1890 1943">
     <span class='ocr_line' id='line_1_72' title="bbox 1145 1905 1890 1943; baseline -0.005 -9"><span class='ocrx_word' id='word_1_473' title='bbox 1145 1909 1195 1934; x_wconf 76' lang='lat' dir='ltr'><strong>illi</strong></span> <span class='ocrx_word' id='word_1_474' title='bbox 1211 1909 1341 1942; x_wconf 65' lang='grc' dir='ltr'>Μάρπτε.</span> <span class='ocrx_word' id='word_1_475' title='bbox 1359 1909 1462 1940; x_wconf 80' lang='lat' dir='ltr'><strong>Schol.,</strong></span> <span class='ocrx_word' id='word_1_476' title='bbox 1478 1909 1507 1935; x_wconf 78' lang='grc' dir='ltr'>τὸ</span> <span class='ocrx_word' id='word_1_477' title='bbox 1525 1908 1573 1943; x_wconf 76' lang='grc' dir='ltr'>μὲν</span> <span class='ocrx_word' id='word_1_478' title='bbox 1588 1906 1708 1943; x_wconf 58' lang='grc' dir='ltr'>λάμϐανε</span> <span class='ocrx_word' id='word_1_479' title='bbox 1723 1905 1776 1943; x_wconf 83' lang='grc' dir='ltr'><strong>τῶν</strong></span> <span class='ocrx_word' id='word_1_480' title='bbox 1791 1905 1890 1943; x_wconf 73' lang='grc' dir='ltr'>καλῶν,</span> 
     </span>
    </p>
   </div>
   <div class='ocr_carea' id='block_1_72' title="bbox 1109 1941 1890 1978">
    <p class='ocr_par' dir='ltr' id='par_1_72' title="bbox 1109 1941 1890 1978">
     <span class='ocr_line' id='line_1_73' title="bbox 1109 1941 1890 1978; baseline -0.006 -8"><span class='ocrx_word' id='word_1_481' title='bbox 1109 1944 1178 1970; x_wconf 77' lang='lat' dir='ltr'><strong>ibid.</strong></span> <span class='ocrx_word' id='word_1_482' title='bbox 1194 1944 1232 1978; x_wconf 80' lang='grc' dir='ltr'>τῷ</span> <span class='ocrx_word' id='word_1_483' title='bbox 1242 1941 1264 1970; x_wconf 64' lang='grc' dir='ltr'><strong>ὀς</strong></span> <span class='ocrx_word' id='word_1_484' title='bbox 1276 1944 1395 1971; x_wconf 69' lang='grc' dir='ltr'><strong>ὑπόεικε.</strong></span> <span class='ocrx_word' id='word_1_485' title='bbox 1410 1945 1500 1971; x_wconf 61' lang='lat' dir='ltr'><strong>Schol.</strong></span> <span class='ocrx_word' id='word_1_486' title='bbox 1514 1941 1572 1969; x_wconf 71' lang='grc' dir='ltr'><strong>τάδε</strong></span> <span class='ocrx_word' id='word_1_487' title='bbox 1593 1941 1662 1975; x_wconf 80' lang='grc' dir='ltr'>ὑπὲρ</span> <span class='ocrx_word' id='word_1_488' title='bbox 1676 1942 1724 1976; x_wconf 76' lang='grc' dir='ltr'>τὴν</span> <span class='ocrx_word' id='word_1_489' title='bbox 1741 1941 1795 1978; x_wconf 70' lang='grc' dir='ltr'>σὴν</span> <span class='ocrx_word' id='word_1_490' title='bbox 1807 1942 1890 1966; x_wconf 78' lang='grc' dir='ltr'>κατά-</span> 
     </span>
    </p>
   </div>
   <div class='ocr_carea' id='block_1_73' title="bbox 1109 1976 1891 2014">
    <p class='ocr_par' dir='ltr' id='par_1_73' title="bbox 1109 1976 1891 2014">
     <span class='ocr_line' id='line_1_74' title="bbox 1109 1976 1891 2014; baseline -0.005 -9"><span class='ocrx_word' id='word_1_491' title='bbox 1109 1979 1188 2012; x_wconf 72' lang='grc' dir='ltr'>ληψιν</span> <span class='ocrx_word' id='word_1_492' title='bbox 1200 1976 1303 2014; x_wconf 79' lang='grc' dir='ltr'>νόμιζε,</span> <span class='ocrx_word' id='word_1_493' title='bbox 1317 1978 1363 2006; x_wconf 81' lang='lat' dir='ltr'><strong>hoc</strong></span> <span class='ocrx_word' id='word_1_494' title='bbox 1379 1985 1483 2014; x_wconf 81' lang='lat' dir='ltr'><strong>captum</strong></span> <span class='ocrx_word' id='word_1_495' title='bbox 1496 1985 1568 2005; x_wconf 84' lang='lat' dir='ltr'><strong>tuum</strong></span> <span class='ocrx_word' id='word_1_496' title='bbox 1583 1984 1706 2012; x_wconf 79' lang='lat' dir='ltr'><strong>superare</strong></span> <span class='ocrx_word' id='word_1_497' title='bbox 1719 1976 1851 2007; x_wconf 68' lang='lat' dir='ltr'><strong>existima,</strong></span> <span class='ocrx_word' id='word_1_498' title='bbox 1867 1980 1891 2002; x_wconf 78' lang='lat' dir='ltr'><strong>te</strong></span> 
     </span>
    </p>
   </div>
   <div class='ocr_carea' id='block_1_74' title="bbox 1110 2013 1332 2047">
    <p class='ocr_par' dir='ltr' id='par_1_74' title="bbox 1110 2013 1332 2047">
     <span class='ocr_line' id='line_1_75' title="bbox 1110 2013 1332 2047; baseline 0.005 -8"><span class='ocrx_word' id='word_1_499' title='bbox 1110 2014 1235 2047; x_wconf 61' lang='lat' dir='ltr'><strong>imparem</strong></span> <span class='ocrx_word' id='word_1_500' title='bbox 1249 2013 1332 2040; x_wconf 79' lang='lat' dir='ltr'><strong>crede.</strong></span> 
     </span>
    </p>
   </div>
   <div class='ocr_carea' id='block_1_75' title="bbox 914 2104 1252 2134">
    <p class='ocr_par' dir='ltr' id='par_1_75' title="bbox 914 2104 1252 2134">
     <span class='ocr_line' id='line_1_76' title="bbox 914 2104 1252 2134; baseline -0.003 0"><span class='ocrx_word' id='word_1_501' title='bbox 914 2105 1077 2134; x_wconf 75' lang='lat' dir='ltr'><strong>METRICA</strong></span> <span class='ocrx_word' id='word_1_502' title='bbox 1105 2104 1252 2134; x_wconf 69' lang='lat' dir='ltr'><strong>VERSIO.</strong></span> 
     </span>
    </p>
   </div>
   <div class='ocr_carea' id='block_1_76' title="bbox 275 2196 1031 2231">
    <p class='ocr_par' dir='ltr' id='par_1_76' title="bbox 275 2196 1031 2231">
     <span class='ocr_line' id='line_1_77' title="bbox 275 2196 1031 2231; baseline -0.004 -6"><span class='ocrx_word' id='word_1_503' title='bbox 275 2197 342 2225; x_wconf 82' lang='lat' dir='ltr'><strong>Nam</strong></span> <span class='ocrx_word' id='word_1_504' title='bbox 362 2201 407 2224; x_wconf 89' lang='lat' dir='ltr'><strong>tua</strong></span> <span class='ocrx_word' id='word_1_505' title='bbox 424 2204 489 2224; x_wconf 85' lang='lat' dir='ltr'><strong>cura</strong></span> <span class='ocrx_word' id='word_1_506' title='bbox 504 2196 585 2224; x_wconf 87' lang='lat' dir='ltr'><strong>etiam</strong></span> <span class='ocrx_word' id='word_1_507' title='bbox 601 2196 777 2231; x_wconf 85' lang='lat' dir='ltr'><strong>studiumque</strong></span> <span class='ocrx_word' id='word_1_508' title='bbox 792 2197 902 2225; x_wconf 89' lang='lat' dir='ltr'><strong>accedat</strong></span> <span class='ocrx_word' id='word_1_509' title='bbox 914 2200 1031 2231; x_wconf 82' lang='lat' dir='ltr'><strong>oportet.</strong></span> 
     </span>
    </p>
   </div>
   <div class='ocr_carea' id='block_1_77' title="bbox 276 2231 1038 2266">
    <p class='ocr_par' dir='ltr' id='par_1_77' title="bbox 276 2231 1038 2266">
     <span class='ocr_line' id='line_1_78' title="bbox 276 2231 1038 2266; baseline -0.003 -7"><span class='ocrx_word' id='word_1_510' title='bbox 276 2232 332 2259; x_wconf 83' lang='lat' dir='ltr'><strong>Nec</strong></span> <span class='ocrx_word' id='word_1_511' title='bbox 348 2240 457 2259; x_wconf 86' lang='lat' dir='ltr'><strong>rursum</strong></span> <span class='ocrx_word' id='word_1_512' title='bbox 473 2232 518 2258; x_wconf 89' lang='lat' dir='ltr'><strong>illa</strong></span> <span class='ocrx_word' id='word_1_513' title='bbox 537 2235 582 2258; x_wconf 87' lang='lat' dir='ltr'><strong>tua</strong></span> <span class='ocrx_word' id='word_1_514' title='bbox 600 2231 788 2258; x_wconf 84' lang='lat' dir='ltr'><strong>tantummodo</strong></span> <span class='ocrx_word' id='word_1_515' title='bbox 802 2238 892 2259; x_wconf 82' lang='lat' dir='ltr'><strong>mente</strong></span> <span class='ocrx_word' id='word_1_516' title='bbox 907 2235 1038 2266; x_wconf 88' lang='lat' dir='ltr'><strong>paratur:</strong></span> 
     </span>
    </p>
   </div>
   <div class='ocr_carea' id='block_1_78' title="bbox 277 2267 974 2302">
    <p class='ocr_par' dir='ltr' id='par_1_78' title="bbox 277 2267 974 2302">
     <span class='ocr_line' id='line_1_79' title="bbox 277 2267 974 2302; baseline 0 -8"><span class='ocrx_word' id='word_1_517' title='bbox 277 2267 365 2301; x_wconf 88' lang='lat' dir='ltr'><strong>Majus</strong></span> <span class='ocrx_word' id='word_1_518' title='bbox 380 2268 452 2294; x_wconf 86' lang='lat' dir='ltr'><strong>cuitu</strong></span> <span class='ocrx_word' id='word_1_519' title='bbox 469 2267 564 2297; x_wconf 80' lang='lat' dir='ltr'><strong>robur,</strong></span> <span class='ocrx_word' id='word_1_520' title='bbox 580 2267 710 2300; x_wconf 80' lang='lat' dir='ltr'><strong>majorem</strong></span> <span class='ocrx_word' id='word_1_521' title='bbox 725 2267 812 2301; x_wconf 89' lang='lat' dir='ltr'><strong>poscit</strong></span> <span class='ocrx_word' id='word_1_522' title='bbox 831 2274 974 2302; x_wconf 85' lang='lat' dir='ltr'><strong>opemque.</strong></span> 
     </span>
    </p>
   </div>
   <div class='ocr_carea' id='block_1_79' title="bbox 277 2301 976 2336">
    <p class='ocr_par' dir='ltr' id='par_1_79' title="bbox 277 2301 976 2336">
     <span class='ocr_line' id='line_1_80' title="bbox 277 2301 976 2336; baseline 0 -8"><span class='ocrx_word' id='word_1_523' title='bbox 277 2303 382 2336; x_wconf 84' lang='lat' dir='ltr'><strong>Quippe</strong></span> <span class='ocrx_word' id='word_1_524' title='bbox 398 2309 447 2329; x_wconf 86' lang='lat' dir='ltr'><strong>nec</strong></span> <span class='ocrx_word' id='word_1_525' title='bbox 462 2302 529 2336; x_wconf 81' lang='lat' dir='ltr'><strong>ipse,</strong></span> <span class='ocrx_word' id='word_1_526' title='bbox 548 2301 610 2328; x_wconf 85' lang='lat' dir='ltr'><strong>licet</strong></span> <span class='ocrx_word' id='word_1_527' title='bbox 625 2302 685 2328; x_wconf 85' lang='lat' dir='ltr'><strong>visu</strong></span> <span class='ocrx_word' id='word_1_528' title='bbox 701 2301 976 2336; x_wconf 37' lang='lat' dir='ltr'><strong>priccellat,’ocellus,</strong></span> 
     </span>
    </p>
   </div>
   <div class='ocr_carea' id='block_1_80' title="bbox 278 2337 971 2371">
    <p class='ocr_par' dir='ltr' id='par_1_80' title="bbox 278 2337 971 2371">
     <span class='ocr_line' id='line_1_81' title="bbox 278 2337 971 2371; baseline -0.003 -6"><span class='ocrx_word' id='word_1_529' title='bbox 278 2337 341 2365; x_wconf 83' lang='lat' dir='ltr'><strong>Sole</strong></span> <span class='ocrx_word' id='word_1_530' title='bbox 356 2342 445 2364; x_wconf 86' lang='lat' dir='ltr'><strong>tamen</strong></span> <span class='ocrx_word' id='word_1_531' title='bbox 459 2338 578 2371; x_wconf 88' lang='lat' dir='ltr'><strong>dempto,</strong></span> <span class='ocrx_word' id='word_1_532' title='bbox 594 2343 693 2370; x_wconf 88' lang='lat' dir='ltr'><strong>corpus</strong></span> <span class='ocrx_word' id='word_1_533' title='bbox 708 2337 856 2370; x_wconf 65' lang='lat' dir='ltr'><strong>spectabile</strong></span> <span class='ocrx_word' id='word_1_534' title='bbox 873 2337 971 2363; x_wconf 84' lang='lat' dir='ltr'><strong>cernit.</strong></span> 
     </span>
    </p>
   </div>
   <div class='ocr_carea' id='block_1_81' title="bbox 278 2371 1004 2404">
    <p class='ocr_par' dir='ltr' id='par_1_81' title="bbox 278 2371 1004 2404">
     <span class='ocr_line' id='line_1_82' title="bbox 278 2371 1004 2404; baseline -0.004 -4"><span class='ocrx_word' id='word_1_535' title='bbox 278 2373 325 2400; x_wconf 84' lang='lat' dir='ltr'><strong>lllc</strong></span> <span class='ocrx_word' id='word_1_536' title='bbox 344 2373 443 2399; x_wconf 86' lang='lat' dir='ltr'><strong>etenim</strong></span> <span class='ocrx_word' id='word_1_537' title='bbox 460 2376 486 2398; x_wconf 90' lang='lat' dir='ltr'><strong>ct</strong></span> <span class='ocrx_word' id='word_1_538' title='bbox 502 2375 610 2398; x_wconf 87' lang='lat' dir='ltr'><strong>nostros</strong></span> <span class='ocrx_word' id='word_1_539' title='bbox 628 2371 722 2398; x_wconf 65' lang='lat' dir='ltr'><strong>oculos</strong></span> <span class='ocrx_word' id='word_1_540' title='bbox 738 2371 855 2398; x_wconf 82' lang='lat' dir='ltr'><strong>illustrat</strong></span> <span class='ocrx_word' id='word_1_541' title='bbox 870 2381 877 2404; x_wconf 83' lang='lat'><strong>;</strong></span> <span class='ocrx_word' id='word_1_542' title='bbox 891 2374 917 2397; x_wconf 82' lang='lat' dir='ltr'><strong>ct</strong></span> <span class='ocrx_word' id='word_1_543' title='bbox 934 2371 1004 2398; x_wconf 71' lang='lat' dir='ltr'><strong>idem</strong></span> 
     </span>
    </p>
   </div>
   <div class='ocr_carea' id='block_1_82' title="bbox 278 2405 970 2440">
    <p class='ocr_par' dir='ltr' id='par_1_82' title="bbox 278 2405 970 2440">
     <span class='ocr_line' id='line_1_83' title="bbox 278 2405 970 2440; baseline -0.003 -6"><span class='ocrx_word' id='word_1_544' title='bbox 278 2407 344 2434; x_wconf 83' lang='lat' dir='ltr'><strong>Post</strong></span> <span class='ocrx_word' id='word_1_545' title='bbox 359 2407 446 2433; x_wconf 83' lang='lat' dir='ltr'><strong>oculis</strong></span> <span class='ocrx_word' id='word_1_546' title='bbox 461 2414 520 2434; x_wconf 71' lang='lat' dir='ltr'><strong>sese</strong></span> <span class='ocrx_word' id='word_1_547' title='bbox 538 2405 646 2439; x_wconf 80' lang='lat' dir='ltr'><strong>infudit,</strong></span> <span class='ocrx_word' id='word_1_548' title='bbox 660 2407 813 2440; x_wconf 75' lang='lat' dir='ltr'><strong>praebetque</strong></span> <span class='ocrx_word' id='word_1_549' title='bbox 828 2406 970 2434; x_wconf 86' lang='lat' dir='ltr'><strong>tuendum.</strong></span> 
     </span>
    </p>
   </div>
   <div class='ocr_carea' id='block_1_83' title="bbox 279 2441 988 2476">
    <p class='ocr_par' dir='ltr' id='par_1_83' title="bbox 279 2441 988 2476">
     <span class='ocr_line' id='line_1_84' title="bbox 279 2441 988 2476; baseline -0.003 -8"><span class='ocrx_word' id='word_1_550' title='bbox 279 2443 367 2476; x_wconf 84' lang='lat' dir='ltr'><strong>Atque</strong></span> <span class='ocrx_word' id='word_1_551' title='bbox 384 2442 439 2470; x_wconf 83' lang='lat' dir='ltr'><strong>Dei.</strong></span> <span class='ocrx_word' id='word_1_552' title='bbox 456 2445 485 2468; x_wconf 92' lang='lat' dir='ltr'><strong>ut</strong></span> <span class='ocrx_word' id='word_1_553' title='bbox 499 2442 585 2468; x_wconf 88' lang='lat' dir='ltr'><strong>virtus</strong></span> <span class='ocrx_word' id='word_1_554' title='bbox 604 2441 705 2468; x_wconf 87' lang='lat' dir='ltr'><strong>homini</strong></span> <span class='ocrx_word' id='word_1_555' title='bbox 721 2442 877 2475; x_wconf 76' lang='lat' dir='ltr'><strong>contingere</strong></span> <span class='ocrx_word' id='word_1_556' title='bbox 892 2441 988 2476; x_wconf 80' lang='lat' dir='ltr'><strong>possit,</strong></span> 
     </span>
    </p>
   </div>
   <div class='ocr_carea' id='block_1_84' title="bbox 281 2476 1061 2512">
    <p class='ocr_par' dir='ltr' id='par_1_84' title="bbox 281 2476 1061 2512">
     <span class='ocr_line' id='line_1_85' title="bbox 281 2476 1061 2512; baseline -0.005 -8"><span class='ocrx_word' id='word_1_557' title='bbox 281 2477 350 2504; x_wconf 88' lang='lat' dir='ltr'><strong>Sunt</strong></span> <span class='ocrx_word' id='word_1_558' title='bbox 365 2476 478 2512; x_wconf 77' lang='lat' dir='ltr'><strong>gemime</strong></span> <span class='ocrx_word' id='word_1_559' title='bbox 490 2482 589 2510; x_wconf 85' lang='lat' dir='ltr'><strong>partes,</strong></span> <span class='ocrx_word' id='word_1_560' title='bbox 603 2476 688 2510; x_wconf 87' lang='lat' dir='ltr'><strong>prima</strong></span> <span class='ocrx_word' id='word_1_561' title='bbox 704 2481 731 2503; x_wconf 91' lang='lat' dir='ltr'><strong>et</strong></span> <span class='ocrx_word' id='word_1_562' title='bbox 745 2480 878 2510; x_wconf 73' lang='lat' dir='ltr'><strong>postrema</strong></span> <span class='ocrx_word' id='word_1_563' title='bbox 893 2486 898 2502; x_wconf 95' lang='lat'><strong>:</strong></span> <span class='ocrx_word' id='word_1_564' title='bbox 912 2482 1023 2503; x_wconf 84' lang='lat' dir='ltr'><strong>necesse</strong></span> <span class='ocrx_word' id='word_1_565' title='bbox 1035 2478 1061 2500; x_wconf 90' lang='lat' dir='ltr'><strong>at</strong></span> 
     </span>
    </p>
   </div>
   <div class='ocr_carea' id='block_1_85' title="bbox 281 2511 974 2545">
    <p class='ocr_par' dir='ltr' id='par_1_85' title="bbox 281 2511 974 2545">
     <span class='ocr_line' id='line_1_86' title="bbox 281 2511 974 2545; baseline 0 -7"><span class='ocrx_word' id='word_1_566' title='bbox 281 2514 301 2538; x_wconf 83' lang='grc' dir='ltr'><strong>Λ</strong></span> <span class='ocrx_word' id='word_1_567' title='bbox 320 2511 398 2539; x_wconf 79' lang='lat' dir='ltr'><strong>nobis</strong></span> <span class='ocrx_word' id='word_1_568' title='bbox 412 2519 493 2538; x_wconf 88' lang='lat' dir='ltr'><strong>unam</strong></span> <span class='ocrx_word' id='word_1_569' title='bbox 510 2515 551 2538; x_wconf 91' lang='lat' dir='ltr'><strong>est</strong></span> <span class='ocrx_word' id='word_1_570' title='bbox 564 2511 733 2545; x_wconf 78' lang='lat' dir='ltr'><strong>mediamque</strong></span> <span class='ocrx_word' id='word_1_571' title='bbox 748 2511 876 2538; x_wconf 82' lang='lat' dir='ltr'><strong>accedere</strong></span> <span class='ocrx_word' id='word_1_572' title='bbox 893 2512 974 2538; x_wconf 86' lang='lat' dir='ltr'><strong>binis.</strong></span> 
     </span>
    </p>
   </div>
   <div class='ocr_carea' id='block_1_86' title="bbox 282 2546 1008 2581">
    <p class='ocr_par' dir='ltr' id='par_1_86' title="bbox 282 2546 1008 2581">
     <span class='ocr_line' id='line_1_87' title="bbox 282 2546 1008 2581; baseline -0.003 -8"><span class='ocrx_word' id='word_1_573' title='bbox 282 2546 399 2573; x_wconf 80' lang='lat' dir='ltr'><strong>Virtutis</strong></span> <span class='ocrx_word' id='word_1_574' title='bbox 417 2554 534 2580; x_wconf 90' lang='lat' dir='ltr'><strong>namque</strong></span> <span class='ocrx_word' id='word_1_575' title='bbox 552 2547 597 2573; x_wconf 86' lang='lat' dir='ltr'><strong>ille</strong></span> <span class='ocrx_word' id='word_1_576' title='bbox 613 2546 679 2572; x_wconf 91' lang='lat' dir='ltr'><strong>mihi</strong></span> <span class='ocrx_word' id='word_1_577' title='bbox 696 2546 771 2572; x_wconf 84' lang='lat' dir='ltr'><strong>dedit</strong></span> <span class='ocrx_word' id='word_1_578' title='bbox 784 2554 845 2573; x_wconf 81' lang='lat' dir='ltr'><strong>esse</strong></span> <span class='ocrx_word' id='word_1_579' title='bbox 861 2553 988 2581; x_wconf 83' lang='lat' dir='ltr'><strong>capacem</strong></span> <span class='ocrx_word' id='word_1_580' title='bbox 1003 2554 1008 2571; x_wconf 84' lang='lat'><strong>:</strong></span> 
     </span>
    </p>
   </div>
   <div class='ocr_carea' id='block_1_87' title="bbox 282 2581 932 2615">
    <p class='ocr_par' dir='ltr' id='par_1_87' title="bbox 282 2581 932 2615">
     <span class='ocr_line' id='line_1_88' title="bbox 282 2581 932 2615; baseline 0 -7"><span class='ocrx_word' id='word_1_581' title='bbox 282 2582 314 2608; x_wconf 84' lang='lat' dir='ltr'><strong>Et</strong></span> <span class='ocrx_word' id='word_1_582' title='bbox 330 2582 433 2608; x_wconf 86' lang='lat' dir='ltr'><strong>validas</strong></span> <span class='ocrx_word' id='word_1_583' title='bbox 446 2581 515 2608; x_wconf 87' lang='lat' dir='ltr'><strong>idem</strong></span> <span class='ocrx_word' id='word_1_584' title='bbox 532 2582 604 2608; x_wconf 86' lang='lat' dir='ltr'><strong>vires</strong></span> <span class='ocrx_word' id='word_1_585' title='bbox 619 2589 771 2615; x_wconf 79' lang='lat' dir='ltr'><strong>nervosque</strong></span> <span class='ocrx_word' id='word_1_586' title='bbox 785 2581 932 2608; x_wconf 85' lang='lat' dir='ltr'><strong>ministrat.</strong></span> 
     </span>
    </p>
   </div>
   <div class='ocr_carea' id='block_1_88' title="bbox 281 2617 1028 2650">
    <p class='ocr_par' dir='ltr' id='par_1_88' title="bbox 281 2617 1028 2650">
     <span class='ocr_line' id='line_1_89' title="bbox 281 2617 1028 2650; baseline -0.003 -7"><span class='ocrx_word' id='word_1_587' title='bbox 281 2618 332 2643; x_wconf 87' lang='lat' dir='ltr'><strong>Ast</strong></span> <span class='ocrx_word' id='word_1_588' title='bbox 347 2624 407 2650; x_wconf 77' lang='lat' dir='ltr'><strong>ego,</strong></span> <span class='ocrx_word' id='word_1_589' title='bbox 425 2621 454 2642; x_wconf 89' lang='lat' dir='ltr'><strong>ut</strong></span> <span class='ocrx_word' id='word_1_590' title='bbox 472 2617 498 2642; x_wconf 92' lang='lat' dir='ltr'><strong>in</strong></span> <span class='ocrx_word' id='word_1_591' title='bbox 515 2617 615 2647; x_wconf 86' lang='lat' dir='ltr'><strong>stadio,</strong></span> <span class='ocrx_word' id='word_1_592' title='bbox 634 2624 688 2642; x_wconf 89' lang='lat' dir='ltr'><strong>non</strong></span> <span class='ocrx_word' id='word_1_593' title='bbox 705 2624 771 2643; x_wconf 83' lang='lat' dir='ltr'><strong>sane</strong></span> <span class='ocrx_word' id='word_1_594' title='bbox 789 2620 905 2650; x_wconf 70' lang='lat' dir='ltr'><strong>praepete</strong></span> <span class='ocrx_word' id='word_1_595' title='bbox 920 2623 1028 2650; x_wconf 76' lang='lat' dir='ltr'><strong>gressu,</strong></span> 
     </span>
    </p>
   </div>
   <div class='ocr_carea' id='block_1_89' title="bbox 284 2651 984 2685">
    <p class='ocr_par' dir='ltr' id='par_1_89' title="bbox 284 2651 984 2685">
     <span class='ocr_line' id='line_1_90' title="bbox 284 2651 984 2685; baseline -0.001 -8"><span class='ocrx_word' id='word_1_596' title='bbox 284 2651 391 2681; x_wconf 80' lang='lat' dir='ltr'><strong>lncedo,</strong></span> <span class='ocrx_word' id='word_1_597' title='bbox 408 2659 556 2685; x_wconf 84' lang='lat' dir='ltr'><strong>moveoque</strong></span> <span class='ocrx_word' id='word_1_598' title='bbox 572 2651 643 2677; x_wconf 85' lang='lat' dir='ltr'><strong>haud</strong></span> <span class='ocrx_word' id='word_1_599' title='bbox 659 2658 727 2677; x_wconf 85' lang='lat' dir='ltr'><strong>vano</strong></span> <span class='ocrx_word' id='word_1_600' title='bbox 741 2651 861 2677; x_wconf 88' lang='lat' dir='ltr'><strong>membra</strong></span> <span class='ocrx_word' id='word_1_601' title='bbox 882 2651 984 2681; x_wconf 82' lang='lat' dir='ltr'><strong>labore,</strong></span> 
     </span>
    </p>
   </div>
   <div class='ocr_carea' id='block_1_90' title="bbox 283 2685 1066 2755">
    <p class='ocr_par' dir='ltr' id='par_1_90' title="bbox 283 2685 1066 2755">
     <span class='ocr_line' id='line_1_91' title="bbox 283 2685 1066 2755; baseline 0 -43"><span class='ocrx_word' id='word_1_602' title='bbox 283 2685 351 2712; x_wconf 82' lang='lat' dir='ltr'><strong>Dum</strong></span> <span class='ocrx_word' id='word_1_603' title='bbox 361 2686 486 2713; x_wconf 86' lang='lat' dir='ltr'><strong>Christus</strong></span> <span class='ocrx_word' id='word_1_604' title='bbox 498 2686 563 2713; x_wconf 88' lang='lat' dir='ltr'><strong>mihi</strong></span> <span class='ocrx_word' id='word_1_605' title='bbox 575 2689 782 2722; x_wconf 73' lang='lat' dir='ltr'><strong>pra-statopcm,</strong></span> <span class='ocrx_word' id='word_1_606' title='bbox 794 2686 859 2712; x_wconf 87' lang='lat' dir='ltr'><strong>mihi</strong></span> <span class='ocrx_word' id='word_1_607' title='bbox 869 2689 979 2755; x_wconf 56' lang='lat' dir='ltr'><strong>praesth</strong></span> <span class='ocrx_word' id='word_1_608' title='bbox 987 2693 1066 2720; x_wconf 91' lang='lat' dir='ltr'><strong>opes-</strong></span> 
     </span>
     <span class='ocr_line' id='line_1_92' title="bbox 968 2729 1031 2754; baseline 0.032 -8"><span class='ocrx_word' id='word_1_609' title='bbox 968 2729 1031 2754; x_wconf 81' lang='lat' dir='ltr'><strong>que.</strong></span> 
     </span>
    </p>
   </div>
   <div class='ocr_carea' id='block_1_91' title="bbox 968 2729 1031 2754">
    <p class='ocr_par' dir='ltr' id='par_1_91' title="bbox 968 2729 1031 2754">
     <span class='ocr_line' id='line_1_93' title="bbox 968 2729 1031 2754; baseline 0.032 -8"><span class='ocrx_word' id='word_1_610' title='bbox 968 2729 1031 2754; x_wconf 81' lang='lat' dir='ltr'><strong>que.</strong></span> 
     </span>
    </p>
   </div>
   <div class='ocr_carea' id='block_1_92' title="bbox 285 2755 1010 2790">
    <p class='ocr_par' dir='ltr' id='par_1_92' title="bbox 285 2755 1010 2790">
     <span class='ocr_line' id='line_1_94' title="bbox 285 2755 1010 2790; baseline 0.001 -8"><span class='ocrx_word' id='word_1_611' title='bbox 285 2755 336 2789; x_wconf 83' lang='lat' dir='ltr'><strong>Qui</strong></span> <span class='ocrx_word' id='word_1_612' title='bbox 353 2756 417 2783; x_wconf 80' lang='lat' dir='ltr'><strong>facit</strong></span> <span class='ocrx_word' id='word_1_613' title='bbox 431 2761 459 2782; x_wconf 91' lang='lat' dir='ltr'><strong>ut</strong></span> <span class='ocrx_word' id='word_1_614' title='bbox 475 2763 594 2788; x_wconf 82' lang='lat' dir='ltr'><strong>cernam,</strong></span> <span class='ocrx_word' id='word_1_615' title='bbox 612 2764 693 2783; x_wconf 89' lang='lat' dir='ltr'><strong>cursu</strong></span> <span class='ocrx_word' id='word_1_616' title='bbox 710 2756 781 2784; x_wconf 76' lang='lat' dir='ltr'><strong>ferar</strong></span> <span class='ocrx_word' id='word_1_617' title='bbox 795 2760 876 2790; x_wconf 87' lang='lat' dir='ltr'><strong>atque</strong></span> <span class='ocrx_word' id='word_1_618' title='bbox 891 2756 1010 2783; x_wconf 84' lang='lat' dir='ltr'><strong>secundo</strong></span> 
     </span>
    </p>
   </div>
   <div class='ocr_carea' id='block_1_93' title="bbox 284 2791 966 2824">
    <p class='ocr_par' dir='ltr' id='par_1_93' title="bbox 284 2791 966 2824">
     <span class='ocr_line' id='line_1_95' title="bbox 284 2791 966 2824; baseline -0.001 -6"><span class='ocrx_word' id='word_1_619' title='bbox 284 2791 346 2824; x_wconf 82' lang='lat' dir='ltr'><strong>Quo</strong></span> <span class='ocrx_word' id='word_1_620' title='bbox 363 2793 421 2819; x_wconf 88' lang='lat' dir='ltr'><strong>sine</strong></span> <span class='ocrx_word' id='word_1_621' title='bbox 440 2792 569 2820; x_wconf 87' lang='lat' dir='ltr'><strong>mortales</strong></span> <span class='ocrx_word' id='word_1_622' title='bbox 583 2791 730 2819; x_wconf 84' lang='lat' dir='ltr'><strong>vanissima</strong></span> <span class='ocrx_word' id='word_1_623' title='bbox 744 2791 849 2819; x_wconf 83' lang='lat' dir='ltr'><strong>ludicra</strong></span> <span class='ocrx_word' id='word_1_624' title='bbox 864 2791 966 2823; x_wconf 88' lang='lat' dir='ltr'><strong>cuncti,</strong></span> 
     </span>
    </p>
   </div>
   <div class='ocr_carea' id='block_1_94' title="bbox 1110 2440 1792 2476">
    <p class='ocr_par' dir='ltr' id='par_1_94' title="bbox 1110 2440 1792 2476">
     <span class='ocr_line' id='line_1_96' title="bbox 1110 2440 1792 2476; baseline 0.003 -10"><span class='ocrx_word' id='word_1_625' title='bbox 1110 2440 1148 2467; x_wconf 82' lang='lat' dir='ltr'><strong>Ne</strong></span> <span class='ocrx_word' id='word_1_626' title='bbox 1164 2440 1213 2466; x_wconf 89' lang='lat' dir='ltr'><strong>tibi</strong></span> <span class='ocrx_word' id='word_1_627' title='bbox 1230 2440 1290 2475; x_wconf 88' lang='lat' dir='ltr'><strong>plus</strong></span> <span class='ocrx_word' id='word_1_628' title='bbox 1304 2448 1381 2474; x_wconf 71' lang='lat' dir='ltr'><strong>mquo</strong></span> <span class='ocrx_word' id='word_1_629' title='bbox 1396 2445 1510 2472; x_wconf 78' lang='lat' dir='ltr'><strong>trtouas.</strong></span> <span class='ocrx_word' id='word_1_630' title='bbox 1529 2445 1555 2467; x_wconf 84' lang='lat' dir='ltr'><strong>et</strong></span> <span class='ocrx_word' id='word_1_631' title='bbox 1569 2446 1657 2468; x_wconf 81' lang='lat' dir='ltr'><strong>ruente</strong></span> <span class='ocrx_word' id='word_1_632' title='bbox 1675 2440 1792 2476; x_wconf 79' lang='lat' dir='ltr'><strong>superba</strong></span> 
     </span>
    </p>
   </div>
   <div class='ocr_carea' id='block_1_95' title="bbox 1111 2475 1766 2511">
    <p class='ocr_par' dir='ltr' id='par_1_95' title="bbox 1111 2475 1766 2511">
     <span class='ocr_line' id='line_1_97' title="bbox 1111 2475 1766 2511; baseline 0.003 -10"><span class='ocrx_word' id='word_1_633' title='bbox 1111 2475 1221 2501; x_wconf 76' lang='lat' dir='ltr'><strong>Viribus</strong></span> <span class='ocrx_word' id='word_1_634' title='bbox 1238 2477 1295 2510; x_wconf 77' lang='lat' dir='ltr'><strong>ipse</strong></span> <span class='ocrx_word' id='word_1_635' title='bbox 1311 2477 1364 2502; x_wconf 87' lang='lat' dir='ltr'><strong>luis</strong></span> <span class='ocrx_word' id='word_1_636' title='bbox 1384 2476 1463 2508; x_wconf 77' lang='lat' dir='ltr'><strong>lidas,</strong></span> <span class='ocrx_word' id='word_1_637' title='bbox 1481 2477 1682 2511; x_wconf 81' lang='lat' dir='ltr'><strong>quantumlibet</strong></span> <span class='ocrx_word' id='word_1_638' title='bbox 1695 2475 1721 2503; x_wconf 82' lang='lat' dir='ltr'><strong>in</strong></span> <span class='ocrx_word' id='word_1_639' title='bbox 1741 2482 1766 2503; x_wconf 90' lang='lat' dir='ltr'><strong>te</strong></span> 
     </span>
    </p>
   </div>
   <div class='ocr_carea' id='block_1_96' title="bbox 1112 2511 1814 2546">
    <p class='ocr_par' dir='ltr' id='par_1_96' title="bbox 1112 2511 1814 2546">
     <span class='ocr_line' id='line_1_98' title="bbox 1112 2511 1814 2546; baseline 0.001 -9"><span class='ocrx_word' id='word_1_640' title='bbox 1112 2511 1225 2544; x_wconf 75' lang='lat' dir='ltr'><strong>Fulgeat</strong></span> <span class='ocrx_word' id='word_1_641' title='bbox 1243 2511 1357 2543; x_wconf 70' lang='lat' dir='ltr'><strong>insignis</strong></span> <span class='ocrx_word' id='word_1_642' title='bbox 1375 2511 1509 2545; x_wconf 84' lang='lat' dir='ltr'><strong>sapientia</strong></span> <span class='ocrx_word' id='word_1_643' title='bbox 1525 2520 1531 2537; x_wconf 92' lang='lat'><strong>:</strong></span> <span class='ocrx_word' id='word_1_644' title='bbox 1545 2519 1612 2538; x_wconf 86' lang='lat' dir='ltr'><strong>neve</strong></span> <span class='ocrx_word' id='word_1_645' title='bbox 1625 2512 1713 2538; x_wconf 86' lang='lat' dir='ltr'><strong>virum</strong></span> <span class='ocrx_word' id='word_1_646' title='bbox 1731 2519 1814 2546; x_wconf 85' lang='lat' dir='ltr'><strong>quem</strong></span> 
     </span>
    </p>
   </div>
   <div class='ocr_carea' id='block_1_97' title="bbox 1077 2189 1817 2230">
    <p class='ocr_par' dir='ltr' id='par_1_97' title="bbox 1077 2189 1817 2230">
     <span class='ocr_line' id='line_1_99' title="bbox 1077 2189 1817 2230; baseline 0.001 -8"><span class='ocrx_word' id='word_1_647' title='bbox 1077 2189 1097 2216; x_wconf 79' lang='grc' dir='ltr'><strong>Β</strong></span> <span class='ocrx_word' id='word_1_648' title='bbox 1111 2196 1170 2228; x_wconf 88' lang='lat' dir='ltr'><strong>Quo</strong></span> <span class='ocrx_word' id='word_1_649' title='bbox 1185 2195 1277 2222; x_wconf 83' lang='lat' dir='ltr'><strong>cuncti</strong></span> <span class='ocrx_word' id='word_1_650' title='bbox 1293 2195 1352 2222; x_wconf 91' lang='lat' dir='ltr'><strong>sine</strong></span> <span class='ocrx_word' id='word_1_651' title='bbox 1369 2195 1427 2222; x_wconf 85' lang='lat' dir='ltr'><strong>viva</strong></span> <span class='ocrx_word' id='word_1_652' title='bbox 1446 2195 1588 2227; x_wconf 78' lang='lat' dir='ltr'><strong>cadavera,</strong></span> <span class='ocrx_word' id='word_1_653' title='bbox 1602 2196 1711 2230; x_wconf 86' lang='lat' dir='ltr'><strong>putrida</strong></span> <span class='ocrx_word' id='word_1_654' title='bbox 1730 2197 1817 2223; x_wconf 72' lang='lat' dir='ltr'><strong>noxis.</strong></span> 
     </span>
    </p>
   </div>
   <div class='ocr_carea' id='block_1_98' title="bbox 1111 2231 1808 2265">
    <p class='ocr_par' dir='ltr' id='par_1_98' title="bbox 1111 2231 1808 2265">
     <span class='ocr_line' id='line_1_100' title="bbox 1111 2231 1808 2265; baseline 0 -8"><span class='ocrx_word' id='word_1_655' title='bbox 1111 2231 1178 2258; x_wconf 82' lang='lat' dir='ltr'><strong>Nam</strong></span> <span class='ocrx_word' id='word_1_656' title='bbox 1196 2238 1283 2265; x_wconf 88' lang='lat' dir='ltr'><strong>neque</strong></span> <span class='ocrx_word' id='word_1_657' title='bbox 1295 2231 1422 2257; x_wconf 84' lang='lat' dir='ltr'><strong>submoto</strong></span> <span class='ocrx_word' id='word_1_658' title='bbox 1435 2231 1579 2258; x_wconf 88' lang='lat' dir='ltr'><strong>volitantes</strong></span> <span class='ocrx_word' id='word_1_659' title='bbox 1594 2231 1695 2258; x_wconf 76' lang='lat' dir='ltr'><strong>aethere</strong></span> <span class='ocrx_word' id='word_1_660' title='bbox 1712 2239 1808 2258; x_wconf 85' lang='lat' dir='ltr'><strong>cernas</strong></span> 
     </span>
    </p>
   </div>
   <div class='ocr_carea' id='block_1_99' title="bbox 1112 2265 1893 2301">
    <p class='ocr_par' dir='ltr' id='par_1_99' title="bbox 1112 2265 1893 2301">
     <span class='ocr_line' id='line_1_101' title="bbox 1112 2265 1893 2301; baseline 0 -8"><span class='ocrx_word' id='word_1_661' title='bbox 1112 2266 1276 2300; x_wconf 71' lang='lat' dir='ltr'><strong>Pennigeras</strong></span> <span class='ocrx_word' id='word_1_662' title='bbox 1288 2267 1412 2292; x_wconf 88' lang='lat' dir='ltr'><strong>volucres</strong></span> <span class='ocrx_word' id='word_1_663' title='bbox 1425 2274 1431 2291; x_wconf 90' lang='lat'><strong>:</strong></span> <span class='ocrx_word' id='word_1_664' title='bbox 1445 2273 1496 2292; x_wconf 89' lang='lat' dir='ltr'><strong>nec</strong></span> <span class='ocrx_word' id='word_1_665' title='bbox 1507 2265 1625 2300; x_wconf 86' lang='lat' dir='ltr'><strong>demptis</strong></span> <span class='ocrx_word' id='word_1_666' title='bbox 1636 2266 1764 2294; x_wconf 83' lang='lat' dir='ltr'><strong>[luctibus</strong></span> <span class='ocrx_word' id='word_1_667' title='bbox 1776 2274 1893 2301; x_wconf 88' lang='lat' dir='ltr'><strong>unquant</strong></span> 
     </span>
    </p>
   </div>
   <div class='ocr_carea' id='block_1_100' title="bbox 1115 2301 1764 2335">
    <p class='ocr_par' dir='ltr' id='par_1_100' title="bbox 1115 2301 1764 2335">
     <span class='ocr_line' id='line_1_102' title="bbox 1115 2301 1764 2335; baseline 0.003 -9"><span class='ocrx_word' id='word_1_668' title='bbox 1115 2301 1236 2335; x_wconf 83' lang='lat' dir='ltr'><strong>Delphini</strong></span> <span class='ocrx_word' id='word_1_669' title='bbox 1251 2307 1375 2334; x_wconf 66' lang='lat' dir='ltr'><strong>aequorea</strong></span> <span class='ocrx_word' id='word_1_670' title='bbox 1394 2304 1521 2334; x_wconf 89' lang='lat' dir='ltr'><strong>poterant</strong></span> <span class='ocrx_word' id='word_1_671' title='bbox 1534 2302 1644 2335; x_wconf 73' lang='lat' dir='ltr'><strong>regione</strong></span> <span class='ocrx_word' id='word_1_672' title='bbox 1659 2306 1764 2328; x_wconf 85' lang='lat' dir='ltr'><strong>natare.</strong></span> 
     </span>
    </p>
   </div>
   <div class='ocr_carea' id='block_1_101' title="bbox 1114 2335 1868 2370">
    <p class='ocr_par' dir='ltr' id='par_1_101' title="bbox 1114 2335 1868 2370">
     <span class='ocr_line' id='line_1_103' title="bbox 1114 2335 1868 2370; baseline 0.001 -8"><span class='ocrx_word' id='word_1_673' title='bbox 1114 2336 1159 2362; x_wconf 74' lang='lat' dir='ltr'><strong>Sic</strong></span> <span class='ocrx_word' id='word_1_674' title='bbox 1176 2343 1282 2370; x_wconf 88' lang='lat' dir='ltr'><strong>quoque</strong></span> <span class='ocrx_word' id='word_1_675' title='bbox 1301 2335 1426 2370; x_wconf 73' lang='lat' dir='ltr'><strong>prrcsiuio</strong></span> <span class='ocrx_word' id='word_1_676' title='bbox 1440 2335 1541 2362; x_wconf 82' lang='lat' dir='ltr'><strong>Christi</strong></span> <span class='ocrx_word' id='word_1_677' title='bbox 1561 2337 1619 2363; x_wconf 90' lang='lat' dir='ltr'><strong>sine</strong></span> <span class='ocrx_word' id='word_1_678' title='bbox 1635 2337 1729 2363; x_wconf 85' lang='lat' dir='ltr'><strong>tollere</strong></span> <span class='ocrx_word' id='word_1_679' title='bbox 1745 2344 1868 2370; x_wconf 81' lang='lat' dir='ltr'><strong>gressum</strong></span> 
     </span>
    </p>
   </div>
   <div class='ocr_carea' id='block_1_102' title="bbox 1114 2370 1895 2442">
    <p class='ocr_par' dir='ltr' id='par_1_102' title="bbox 1114 2370 1895 2442">
     <span class='ocr_line' id='line_1_104' title="bbox 1114 2370 1895 2442; baseline 0.001 -45"><span class='ocrx_word' id='word_1_680' title='bbox 1114 2370 1191 2397; x_wconf 89' lang='lat' dir='ltr'><strong>llaud</strong></span> <span class='ocrx_word' id='word_1_681' title='bbox 1216 2378 1335 2405; x_wconf 88' lang='lat' dir='ltr'><strong>unquam</strong></span> <span class='ocrx_word' id='word_1_682' title='bbox 1360 2371 1473 2397; x_wconf 78' lang='lat' dir='ltr'><strong>mortale</strong></span> <span class='ocrx_word' id='word_1_683' title='bbox 1493 2378 1578 2406; x_wconf 77' lang='lat' dir='ltr'><strong>genus</strong></span> <span class='ocrx_word' id='word_1_684' title='bbox 1596 2374 1688 2405; x_wconf 84' lang='lat' dir='ltr'><strong>queat.</strong></span> <span class='ocrx_word' id='word_1_685' title='bbox 1707 2371 1895 2442; x_wconf 51' lang='lat' dir='ltr'><strong>Ergohelaven-</strong></span> 
     </span>
     <span class='ocr_line' id='line_1_105' title="bbox 1816 2415 1860 2433; baseline -0.023 0"><span class='ocrx_word' id='word_1_686' title='bbox 1816 2415 1860 2433; x_wconf 91' lang='lat' dir='ltr'><strong>um</strong></span> 
     </span>
    </p>
   </div>
   <div class='ocr_carea' id='block_1_103' title="bbox 1796 2407 1860 2433">
    <p class='ocr_par' dir='ltr' id='par_1_103' title="bbox 1796 2407 1860 2433">
     <span class='ocr_line' id='line_1_106' title="bbox 1796 2407 1860 2433; baseline -0.016 0"><span class='ocrx_word' id='word_1_687' title='bbox 1796 2407 1860 2433; x_wconf 89' lang='lat' dir='ltr'><strong>dum</strong></span> 
     </span>
    </p>
   </div>
   <div class='ocr_carea' id='block_1_104' title="bbox 1113 2545 1738 2580">
    <p class='ocr_par' dir='ltr' id='par_1_104' title="bbox 1113 2545 1738 2580">
     <span class='ocr_line' id='line_1_107' title="bbox 1113 2545 1738 2580; baseline 0.003 -8"><span class='ocrx_word' id='word_1_688' title='bbox 1113 2545 1244 2573; x_wconf 79' lang='lat' dir='ltr'><strong>inferiore</strong></span> <span class='ocrx_word' id='word_1_689' title='bbox 1261 2546 1344 2580; x_wconf 81' lang='lat' dir='ltr'><strong>gradu</strong></span> <span class='ocrx_word' id='word_1_690' title='bbox 1359 2553 1484 2577; x_wconf 83' lang='lat' dir='ltr'><strong>cernens,</strong></span> <span class='ocrx_word' id='word_1_691' title='bbox 1501 2546 1625 2572; x_wconf 79' lang='lat' dir='ltr'><strong>attollere</strong></span> <span class='ocrx_word' id='word_1_692' title='bbox 1640 2547 1738 2574; x_wconf 81' lang='lat' dir='ltr'><strong>cristas</strong></span> 
     </span>
    </p>
   </div>
   <div class='ocr_carea' id='block_1_105' title="bbox 1114 2581 1796 2616">
    <p class='ocr_par' dir='ltr' id='par_1_105' title="bbox 1114 2581 1796 2616">
     <span class='ocr_line' id='line_1_108' title="bbox 1114 2581 1796 2616; baseline 0.003 -10"><span class='ocrx_word' id='word_1_693' title='bbox 1114 2581 1241 2616; x_wconf 76' lang='lat' dir='ltr'><strong>incipias,</strong></span> <span class='ocrx_word' id='word_1_694' title='bbox 1260 2586 1387 2615; x_wconf 86' lang='lat' dir='ltr'><strong>tanquam</strong></span> <span class='ocrx_word' id='word_1_695' title='bbox 1403 2582 1544 2608; x_wconf 88' lang='lat' dir='ltr'><strong>sublimior</strong></span> <span class='ocrx_word' id='word_1_696' title='bbox 1556 2581 1695 2612; x_wconf 87' lang='lat' dir='ltr'><strong>omnibus.</strong></span> <span class='ocrx_word' id='word_1_697' title='bbox 1714 2586 1796 2616; x_wconf 90' lang='lat' dir='ltr'><strong>atque</strong></span> 
     </span>
    </p>
   </div>
   <div class='ocr_carea' id='block_1_106' title="bbox 1117 2615 1767 2648">
    <p class='ocr_par' dir='ltr' id='par_1_106' title="bbox 1117 2615 1767 2648">
     <span class='ocr_line' id='line_1_109' title="bbox 1117 2615 1767 2648; baseline 0.002 -6"><span class='ocrx_word' id='word_1_698' title='bbox 1117 2615 1230 2643; x_wconf 83' lang='lat' dir='ltr'><strong>Vicinus</strong></span> <span class='ocrx_word' id='word_1_699' title='bbox 1243 2620 1320 2642; x_wconf 71' lang='lat' dir='ltr'><strong>uictae</strong></span> <span class='ocrx_word' id='word_1_700' title='bbox 1334 2626 1340 2642; x_wconf 91' lang='lat'>:</span> <span class='ocrx_word' id='word_1_701' title='bbox 1355 2620 1452 2642; x_wconf 80' lang='lat' dir='ltr'><strong>metam</strong></span> <span class='ocrx_word' id='word_1_702' title='bbox 1469 2624 1529 2643; x_wconf 89' lang='lat' dir='ltr'><strong>nam</strong></span> <span class='ocrx_word' id='word_1_703' title='bbox 1546 2617 1669 2643; x_wconf 88' lang='lat' dir='ltr'><strong>constitit</strong></span> <span class='ocrx_word' id='word_1_704' title='bbox 1685 2615 1767 2648; x_wconf 81' lang='lat' dir='ltr'><strong>intra,</strong></span> 
     </span>
    </p>
   </div>
   <div class='ocr_carea' id='block_1_107' title="bbox 1117 2651 1784 2685">
    <p class='ocr_par' dir='ltr' id='par_1_107' title="bbox 1117 2651 1784 2685">
     <span class='ocr_line' id='line_1_110' title="bbox 1117 2651 1784 2685; baseline 0.003 -8"><span class='ocrx_word' id='word_1_705' title='bbox 1117 2651 1232 2678; x_wconf 85' lang='lat' dir='ltr'><strong>Virtutis</strong></span> <span class='ocrx_word' id='word_1_706' title='bbox 1244 2652 1400 2685; x_wconf 85' lang='lat' dir='ltr'><strong>quicunque</strong></span> <span class='ocrx_word' id='word_1_707' title='bbox 1413 2652 1483 2678; x_wconf 75' lang='lat' dir='ltr'><strong>viam</strong></span> <span class='ocrx_word' id='word_1_708' title='bbox 1496 2659 1550 2678; x_wconf 93' lang='lat' dir='ltr'><strong>non</strong></span> <span class='ocrx_word' id='word_1_709' title='bbox 1565 2659 1676 2685; x_wconf 88' lang='lat' dir='ltr'><strong>prorsus</strong></span> <span class='ocrx_word' id='word_1_710' title='bbox 1689 2652 1784 2679; x_wconf 88' lang='lat' dir='ltr'><strong>obivit.</strong></span> 
     </span>
    </p>
   </div>
   <div class='ocr_carea' id='block_1_108' title="bbox 1118 2685 1827 2717">
    <p class='ocr_par' dir='ltr' id='par_1_108' title="bbox 1118 2685 1827 2717">
     <span class='ocr_line' id='line_1_111' title="bbox 1118 2685 1827 2717; baseline 0.001 -5"><span class='ocrx_word' id='word_1_711' title='bbox 1118 2685 1155 2712; x_wconf 82' lang='lat' dir='ltr'><strong>Ne</strong></span> <span class='ocrx_word' id='word_1_712' title='bbox 1170 2687 1266 2712; x_wconf 78' lang='lat' dir='ltr'><strong>timeas</strong></span> <span class='ocrx_word' id='word_1_713' title='bbox 1283 2687 1407 2717; x_wconf 84' lang='lat' dir='ltr'><strong>nimium,</strong></span> <span class='ocrx_word' id='word_1_714' title='bbox 1425 2686 1538 2713; x_wconf 87' lang='lat' dir='ltr'><strong>nimium</strong></span> <span class='ocrx_word' id='word_1_715' title='bbox 1555 2695 1605 2713; x_wconf 75' lang='lat' dir='ltr'><strong>nec</strong></span> <span class='ocrx_word' id='word_1_716' title='bbox 1621 2687 1723 2713; x_wconf 84' lang='lat' dir='ltr'><strong>lumina</strong></span> <span class='ocrx_word' id='word_1_717' title='bbox 1737 2687 1827 2713; x_wconf 82' lang='lat' dir='ltr'><strong>tollas.</strong></span> 
     </span>
    </p>
   </div>
   <div class='ocr_carea' id='block_1_109' title="bbox 1117 2720 1818 2756">
    <p class='ocr_par' dir='ltr' id='par_1_109' title="bbox 1117 2720 1818 2756">
     <span class='ocr_line' id='line_1_112' title="bbox 1117 2720 1818 2756; baseline 0.003 -10"><span class='ocrx_word' id='word_1_718' title='bbox 1117 2720 1237 2747; x_wconf 86' lang='lat' dir='ltr'><strong>Detrahit</strong></span> <span class='ocrx_word' id='word_1_719' title='bbox 1252 2722 1278 2747; x_wconf 93' lang='lat' dir='ltr'><strong>in</strong></span> <span class='ocrx_word' id='word_1_720' title='bbox 1294 2726 1393 2747; x_wconf 83' lang='lat' dir='ltr'><strong>terram</strong></span> <span class='ocrx_word' id='word_1_721' title='bbox 1412 2720 1516 2748; x_wconf 80' lang='lat' dir='ltr'><strong>fastus:</strong></span> <span class='ocrx_word' id='word_1_722' title='bbox 1531 2729 1593 2756; x_wconf 88' lang='lat' dir='ltr'><strong>spes</strong></span> <span class='ocrx_word' id='word_1_723' title='bbox 1607 2723 1675 2748; x_wconf 84' lang='lat' dir='ltr'><strong>tollit</strong></span> <span class='ocrx_word' id='word_1_724' title='bbox 1688 2721 1720 2748; x_wconf 86' lang='lat' dir='ltr'><strong>ad</strong></span> <span class='ocrx_word' id='word_1_725' title='bbox 1734 2726 1818 2748; x_wconf 79' lang='lat' dir='ltr'><strong>astra.</strong></span> 
     </span>
    </p>
   </div>
   <div class='ocr_carea' id='block_1_110' title="bbox 1116 2756 1828 2791">
    <p class='ocr_par' dir='ltr' id='par_1_110' title="bbox 1116 2756 1828 2791">
     <span class='ocr_line' id='line_1_113' title="bbox 1116 2756 1828 2791; baseline 0.003 -10"><span class='ocrx_word' id='word_1_726' title='bbox 1116 2757 1205 2791; x_wconf 48' lang='lat' dir='ltr'><strong>Atque</strong></span> <span class='ocrx_word' id='word_1_727' title='bbox 1219 2756 1263 2782; x_wconf 87' lang='lat' dir='ltr'><strong>Dei</strong></span> <span class='ocrx_word' id='word_1_728' title='bbox 1280 2756 1306 2782; x_wconf 86' lang='lat' dir='ltr'><strong>in</strong></span> <span class='ocrx_word' id='word_1_729' title='bbox 1322 2759 1426 2783; x_wconf 86' lang='lat' dir='ltr'><strong>mentes</strong></span> <span class='ocrx_word' id='word_1_730' title='bbox 1440 2764 1546 2790; x_wconf 84' lang='lat' dir='ltr'><strong>semper</strong></span> <span class='ocrx_word' id='word_1_731' title='bbox 1561 2757 1626 2783; x_wconf 86' lang='lat' dir='ltr'><strong>lurit</strong></span> <span class='ocrx_word' id='word_1_732' title='bbox 1639 2758 1680 2783; x_wconf 89' lang='lat' dir='ltr'><strong>ira</strong></span> <span class='ocrx_word' id='word_1_733' title='bbox 1695 2761 1828 2791; x_wconf 71' lang='lat' dir='ltr'><strong>supernas</strong></span> 
     </span>
    </p>
   </div>
   <div class='ocr_carea' id='block_1_111' title="bbox 1117 2790 1848 2827">
    <p class='ocr_par' dir='ltr' id='par_1_111' title="bbox 1117 2790 1848 2827">
     <span class='ocr_line' id='line_1_114' title="bbox 1117 2790 1848 2827; baseline 0.001 -9"><span class='ocrx_word' id='word_1_734' title='bbox 1117 2790 1174 2818; x_wconf 84' lang='lat' dir='ltr'><strong>Hoc</strong></span> <span class='ocrx_word' id='word_1_735' title='bbox 1186 2791 1312 2818; x_wconf 85' lang='lat' dir='ltr'><strong>manibus</strong></span> <span class='ocrx_word' id='word_1_736' title='bbox 1323 2791 1378 2826; x_wconf 85' lang='lat' dir='ltr'><strong>jam</strong></span> <span class='ocrx_word' id='word_1_737' title='bbox 1393 2798 1473 2826; x_wconf 84' lang='lat' dir='ltr'><strong>carpe</strong></span> <span class='ocrx_word' id='word_1_738' title='bbox 1487 2792 1540 2819; x_wconf 89' lang='lat' dir='ltr'><strong>tuis</strong></span> <span class='ocrx_word' id='word_1_739' title='bbox 1553 2801 1559 2820; x_wconf 82' lang='lat'><em>:</em></span> <span class='ocrx_word' id='word_1_740' title='bbox 1572 2799 1651 2827; x_wconf 86' lang='lat' dir='ltr'><strong>spera</strong></span> <span class='ocrx_word' id='word_1_741' title='bbox 1664 2790 1736 2819; x_wconf 86' lang='lat' dir='ltr'><strong>istud</strong></span> <span class='ocrx_word' id='word_1_742' title='bbox 1749 2801 1754 2819; x_wconf 90' lang='lat'><strong>:</strong></span> <span class='ocrx_word' id='word_1_743' title='bbox 1767 2797 1795 2818; x_wconf 91' lang='lat' dir='ltr'><strong>at</strong></span> <span class='ocrx_word' id='word_1_744' title='bbox 1810 2792 1848 2819; x_wconf 87' lang='lat' dir='ltr'><strong>illi</strong></span> 
     </span>
    </p>
   </div>
  </div>
