1942 3047
88 87 140 115 C77

89 147 145 174 Καὶ
159 147 190 173 τὸ
205 146 402 183 σαοφροσύνης,
414 145 491 181 μέτρ’
506 146 610 180 ἴδμεναι
626 144 659 182 ἦς
675 146 805 181 βιοτῆτος.

125 190 200 219 Ἶσόν
218 202 245 219 τι
260 193 344 219 κακόν
354 194 427 219 ἐστιν
436 193 485 219 ἀπ’
501 192 604 223 ἐλπίδος
616 192 697 218 ἐσθλὰ
711 192 843 224 τίθεσθαι,

90 238 145 264 Καὶ
163 238 235 272 μέγα
252 237 352 272 θάρσος
363 237 446 272 ἔχειν,
463 237 500 268 ὡς
520 237 632 268 εὐπετὲς
650 237 745 272 ἓμμεν’
757 237 878 272 ἄριστον.

92 283 144 311 120
166 283 342 319 ’Δμφοτέρως
360 292 407 309 κεν
438 283 508 310 ὁδοῖο
536 283 623 318 κακὴν
642 284 736 310 στάσιν
754 285 782 309 ἐν
800 284 880 319 φρεσὶ

747 329 842 365 [θείης.

91 376 150 402 Atat
161 384 202 402 σοι
218 376 249 402 τὸ
266 376 393 411 βέλεμνον
410 375 558 402 ἐπίσκοπον
573 376 602 401 ἐν
611 376 671 411 χερὶ
688 376 788 402 κείσθω
800 385 806 390 ·

91 421 183 456 Μηδὲν
198 421 388 456 ὺπερπέμπειν
398 421 516 456 Χριστοῦ
534 420 659 456 μεγάλοιο
674 422 806 457 ἐφετμῆς,

92 466 168 502 Μηδὲ
184 466 233 501 μὲν
248 466 323 496 ὲντὸς
341 467 418 500 ἄγειν
430 475 436 480 ·
453 466 539 502 ἀϐλὴς
564 465 875 502 σκοπὸς-ἀμφοτέρωθεν.

93 511 211 538 Πολλάκι
225 512 272 538 καὶ
286 511 316 538 τὸ
333 511 463 546 περισσὸν
478 511 603 546 ἀχρήῖον,
620 509 681 537 εὖτε
692 512 762 538 νέοιο

92 557 146 584 1⁸25
160 557 261 588 Κύδεος
274 557 434 593 ῐμείροντες,
450 557 585 592 ὑπέρτονα
605 556 770 592 τοξεύοιμεν.

95 603 145 628 Ἢν
161 602 387 637 μεγαλοφρονέῃς,
408 602 502 637 μνήσω
517 601 539 627 σ¹
558 601 618 627 ὃθεν
632 602 660 632 ἐς
673 601 728 635 βίον
741 599 833 636 ἦλθες,

93 648 140 680 Τίς
154 649 203 683 μὲν
220 648 266 683 ἕης
285 648 439 684 τοπάροιθε,
450 648 491 678 τίς
505 649 533 673 ὲν
549 647 740 682 σπλάγχνοισιν
756 647 878 680 ὲκεύΘου,

93 694 141 725 Τίς
154 694 176 720 δ’
191 694 234 729 ἄρ’
250 694 298 729 ἔσῃ
315 694 471 729 μετέπειτα,
485 693 573 724 κόνις,
586 693 633 719 καὶ
641 692 719 727 σητδς
733 693 827 729 ἐδωδὴ,

92 740 184 775 Μηδὲν
200 740 383 767 ἀκιδνοτάτοιο
396 740 486 775 φέρων
507 739 586 766 πλέον
601 739 630 766 ἐν
642 739 793 766 νεκύεσσιν.

637 85 760 114 SECTIO
780 85 810 114 IL
831 84 996 113 POEMATA
1015 83 1179 112 MORALIA.

894 150 917 176 Λ
967 146 1017 172 150
1046 145 1096 171 Ἢν
1119 143 1371 179 χθαμαλοφρονέῃς,
1390 142 1502 177 πλάσμα
1523 140 1650 176 Χριστοῖο
1673 140 1719 167 τέ-

1665 80 1717 108 678

1583 185 1683 220 Ιτυξαι,

931 237 987 264 Καὶ
1000 237 1078 272 πνοὴ,
1098 236 1178 271 μοίρη
1190 244 1220 261 τε
1235 234 1391 269 σεϐάσμιος,
1406 233 1482 259 ἐνθεν
1496 232 1630 268 ὲπήχθης,

932 284 1077 318 Οὑράνιος,
1093 282 1208 317 χθόνιος,
1225 281 1321 312 τυκτὸς
1334 280 1409 311 Θεὸς,
1428 280 1507 314 ἔργον
1521 279 1647 314 ἄληστον,

931 329 992 360 Τοῖς
1003 328 1122 364 Χριστοῦ
1135 327 1281 353 παθέεσσιν
1296 327 1323 357 ες
1336 325 1447 359 ἄφθιτον
1465 323 1543 359 εὖχος
1556 323 1664 350 ὁδεύων.

931 373 1051 400 Τοῦνεκα
1065 374 1102 408 μὴ
1124 373 1254 408 σάρκεσσι
1269 371 1388 407 χαρίζεο,
1406 371 1442 406 μὴ
1455 370 1489 397 τὰ
1502 370 1620 406 περισσὰ

931 419 984 445 155
1004 419 1086 445 Τοῦδε
1100 419 1157 453 βίου
1177 419 1289 453 φιλέειν,
1306 418 1368 452 νηὸν
1378 418 1406 444 δέ
1423 426 1452 443 τε
1466 416 1553 451 λῴονα
1565 415 1681 449 τεύχειν.

932 465 1004 500 Νηὸς
1018 465 1072 501 γὰρ
1089 465 1216 500 μεγάλοιο
1227 464 1294 490 Θεοῦ
1309 463 1413 498 βροτὸς,
1429 463 1513 497 ὅνπερ
1525 461 1616 494 ἔτευξε

931 511 1084 546 Κινύμενος
1100 510 1222 545 γαίηοεν,
1236 511 1264 541 ἐς
1281 509 1392 545 οὐρανὸν
1404 508 1462 534 αἰὲν
1471 507 1580 533 ὁδεύων.

931 557 983 583 Τόν
1001 565 1054 591 περ
1067 556 1121 590 ἐγὼ
1135 555 1247 590 κέλομαί
1259 563 1288 580 σε
1300 553 1402 580 θυώδεα
1411 554 1477 579 πᾶσι
1491 553 1638 587 φυλάσσειν

932 602 1087 637 ’Ἑργμασιν
1101 602 1148 636 ἡδὲ
1163 601 1289 634 λόγοισιν,
1308 599 1351 626 ἀεὶ
1370 599 1436 625 Θεὸν
1452 599 1528 629 ἐντος
1542 599 1649 633 ἔχοντα,

934 649 985 676 MO
1003 649 1063 674 Λὶὲν
1079 648 1188 683 ἄριστον
1203 648 1292 678 ἐόντα,
1306 646 1448 681 ἐτήτυμον,
1469 644 1498 670 οὐ
1514 644 1651 672 δοκέοντα.

933 695 979 730 Μὴ
992 695 1058 721 ναῦν
1077 693 1273 730 μιλτοπάρῃον,
1290 693 1411 727 ὲΰχροον,
1427 691 1444 725 ἢ
1465 690 1638 726 παρασήμοις

935 739 1070 767 Κάλλεσιν
1087 739 1299 774 ἀστράπτουσαι]
1313 738 1390 771 ἄγειν
1408 735 1454 762 ἐπὶ
1476 734 1549 762 νῶτα
1571 734 1720 772 Θαλάσσης·

346 860 379 888 Ει
394 860 445 888 hoc
461 859 639 895 temperantis
654 859 737 886 animi
753 863 806 891 est,
820 860 884 887 vitae
895 867 952 887 suae
966 859 1076 887 modum
1091 867 1269 895 cognoscere.

380 895 433 922 Par
449 895 583 930 quoddam
599 895 700 921 malum
718 897 770 926 est.
784 902 858 929 spem
872 895 981 922 virtutis
997 895 1115 929 abjicere

345 930 379 957 Et
395 929 507 957 nimiam
526 930 651 957 ﬁduciam
667 929 777 962 habere,
791 934 920 964 tanquam
936 929 1016 956 facile
1029 930 1064 956 sit
1076 937 1137 957 esse
1154 931 1296 964 optimum.

345 966 397 992 1‘20
417 965 526 992 Utrovis
540 965 611 992 enim
627 965 706 991 modo
719 964 832 992 all‘cctus
847 965 941 997 l'ueris,
955 965 1109 999 perniciose
1126 965 1152 991 in
1167 966 1209 992 via
1224 964 1371 992 subsisles.

347 1000 459 1035 Semper
474 1001 522 1027 libi
538 1000 637 1034 sagitta
651 1001 684 1026 ad
700 1007 813 1034 scopum
829 999 934 1026 directa
955 1008 1010 1034 prae
1026 1000 1151 1027 manibus
1167 1000 1202 1027 sit
1219 1009 1226 1027 :

345 1034 439 1070 Neque
451 1036 575 1062 mittatur
590 1035 660 1061 ultra
675 1035 764 1068 magni
781 1034 883 1061 Christi
896 1039 1072 1070 praeceptum,

344 1070 401 1097 Nec
417 1071 500 1102 citra;
515 1078 529 1096 a
543 1077 626 1104 scopo
643 1070 784 1096 aberrabis
799 1075 914 1104 utroque
926 1071 1017 1097 modo.

345 1105 450 1140 Saepius
462 1106 543 1132 etiam
558 1105 764 1131 innuoderatum
781 1105 900 1132 studium
916 1105 1022 1137 inutile,
1038 1112 1100 1133 cum
1116 1112 1194 1132 novae

347 1140 399 1167 1‘25
418 1140 518 1167 Gloriae,
532 1139 634 1174 cupidi,
650 1139 730 1166 nimis
745 1141 850 1166 intento
863 1148 927 1166 arcu
943 1140 1106 1174 iaculantur.

348 1174 377 1202 Si
395 1175 574 1210 superbieris.
591 1176 617 1201 in
634 1175 793 1206 memoriam
810 1176 955 1206 revocabo,
973 1176 1045 1202 unde
1062 1176 1087 1201 in
1100 1176 1183 1202 vitam
1198 1174 1318 1206 veneris,

347 1210 415 1243 Quis
429 1218 506 1238 esses
522 1215 613 1241 antea,
626 1209 688 1244 quis
703 1216 765 1235 Clllll
781 1210 807 1236 in
823 1210 953 1237 maternis
970 1211 1119 1237 visceribus
1134 1210 1343 1237 abscondereris

346 1245 417 1278 Quid
435 1249 529 1280 postea
544 1244 652 1280 futurus
667 1245 716 1280 sis,
734 1245 822 1278 pulvis
837 1249 864 1271 et
881 1245 1011 1272 vermium
1025 1246 1113 1276 cibus,

345 1280 418 1307 Nihil
431 1279 548 1315 amplius
563 1279 651 1307 ferens
668 1279 740 1305 inter
756 1285 888 1311 mortuos,
904 1288 984 1314 quam
1000 1281 1070 1314 quod
1089 1280 1290 1307 infirmissimus
1303 1279 1429 1314 quisque.

384 1315 436 1342 150
456 1314 484 1342 Si
501 1315 582 1342 nimis
597 1315 704 1348 abiecto
719 1315 811 1341 animo
826 1315 920 1346 fueris,
935 1315 1023 1350 cogita
1036 1319 1062 1342 te
1075 1315 1177 1342 Christi
1196 1315 1352 1350 ﬁgmentum
1368 1322 1440 1348 esse,

347 1351 381 1378 Et
394 1351 543 1385 spiramen,
557 1353 584 1377 et
601 1354 742 1385 augustam
758 1355 872 1384 partem,
890 1350 961 1376 unde
974 1356 1131 1384 compactus
1147 1358 1188 1380 es.

347 1384 491 1412 Caeiéstem
506 1389 532 1412 et
549 1389 717 1415 terrestrem,
734 1384 816 1411 Deum
832 1385 976 1417 l‘actitium,
992 1392 1059 1418 opus
1076 1385 1240 1417 immortale,

347 1419 400 1447 Per
413 1420 514 1447 Christi
532 1420 675 1454 passiones
695 1419 726 1445 ad
745 1419 924 1446 immortalem
941 1420 1055 1454 gloriam
1069 1421 1189 1447 tendere.

349 1455 531 1488 Quamobrem
550 1463 583 1481 ne
595 1455 671 1481 carni
690 1454 840 1488 indulgeas,
854 1462 904 1481 nec
920 1454 1056 1488 superflua

348 1490 400 1517 155
419 1490 505 1524 llujus
520 1489 580 1516 vita:
592 1489 700 1524 diligas,
715 1489 761 1516 sed
777 1490 907 1523 templum
922 1490 1095 1524 praestantius
1108 1489 1236 1517 :editices.

345 1524 487 1559 Templqu
504 1525 575 1551 enim
594 1525 684 1555 magni
702 1524 747 1551 Dci
764 1529 806 1551 est
825 1525 916 1555 homo,
932 1525 1004 1558 quod
1017 1525 1146 1557 exstruit,

345 1560 414 1586 Cum
432 1559 547 1587 elferens
562 1568 592 1587 se
606 1568 620 1586 a
635 1564 717 1591 terra,
731 1560 759 1586 in
777 1560 875 1586 coelum
891 1567 998 1593 semper
1016 1560 1112 1586 tendit.

345 1594 522 1630 412-413
541 1594 598 1621 Hoc
613 1595 693 1628 igitur
704 1595 845 1629 templum,
857 1601 907 1630 ego
918 1595 1008 1626 velim,
1023 1599 1050 1620 tu
1063 1602 1169 1629 semper
1179 1593 1298 1629 flagrans
1307 1595 1435 1623 omnibus
1446 1602 1524 1624 serva
1536 1596 1617 1625 bonis

345 1629 505 1656 ﬁctionibus
521 1634 547 1656 ct
561 1630 745 1660 sermonibus,
763 1637 872 1664 semper
888 1629 972 1656 Deum
989 1630 1063 1656 intus
1080 1629 1243 1663 possidens:

347 1664 398 1690 MO
418 1664 529 1699 Semper
544 1672 624 1699 quam
638 1665 756 1699 optimus
769 1672 830 1692 esse
845 1665 955 1691 studeas
970 1672 999 1691 re
1011 1665 1080 1699 ipsa,
1094 1672 1148 1691 non
1160 1665 1251 1699 specie
1263 1668 1387 1698 tantum;

348 1699 387 1726 Ne
401 1707 494 1727 navem
508 1700 592 1726 minio
608 1699 736 1730 fucatam,
754 1699 874 1734 pulchris
889 1699 1028 1726 coloribus
1044 1699 1170 1731 tinctam,
1184 1704 1230 1726 aut
1248 1699 1400 1728 adulterina

349 1734 555 1762 Pulchritudine
568 1735 714 1771 fulgentem
730 1734 886 1762 committas
898 1735 993 1770 pelago
1008 1734 1091 1769 hujus
1105 1735 1181 1768 vita;

137 1812 187 1848 117
204 1813 428 1847 Σαοφροσύνης.
446 1813 536 1840 Schol.
559 1813 744 1848 σωφροσύνης.

211 1849 437 1884 ⁴Υπερπέμπειν.
455 1849 545 1884 Schol.
567 1847 798 1883 ὑπερακοντίζειν.

138 1883 189 1910 127
211 1885 258 1917 Τίς
275 1885 318 1910 ἐν.
331 1884 415 1911 Coisl.
436 1888 466 1911 et.
479 1883 538 1910 Vat.
559 1884 584 1909 τί
598 1884 619 1909 δ’
639 1884 677 1910 ἐν.

139 1918 186 1954 151
215 1919 374 1954 Ἐπήχθης.
396 1919 488 1946 Schol.
507 1919 644 1954 ὲπλὰσθης
672 1918 700 1945 ld
716 1922 768 1949 est,
784 1923 886 1952 partem

102 1953 181 1989 hujus
199 1963 214 1980 a
228 1963 278 1989 qua
293 1953 442 1989 eontpactus
459 1962 496 1980 es.
515 1954 552 1980 id.
574 1953 654 1980 habet
667 1953 824 1988 σεϐάσμιος,
836 1962 887 1988 pro

104 1988 260 2024 σεϐάσμιον.
276 1990 348 2024 quod
365 1990 465 2016 habent
482 1989 546 2016 edit.
568 1989 720 2024 (ϐειιιΑυ.)

138 2025 190 2052 132
207 2026 368 2058 Ἀληστον.
390 2024 482 2052 Schol.
499 2024 640 2051 ἀθάνατον.

969 1813 1026 1855 ,15⁵5
1039 1812 1217 1841 Παθέεσσιν.
1240 1812 1330 1840 Schol.
1347 1812 1392 1839 διὰ
1413 1813 1466 1839 τῶν
1487 1813 1605 1848 Χριστοῦ
1633 1813 1720 1849 παθη-

941 1856 1042 1882 ματων.

974 1883 1024 1909 155
1041 1883 1152 1915 mpm-(1.
1175 1882 1265 1918 Schol.
1287 1883 1441 1918 κρείσσονα.

973 1919 1025 1944 158
1044 1918 1168 1944 Θυώδεα.
1188 1916 1253 1952 Sup.
1273 1916 1320 1944 lin.
1339 1916 1482 1978 εὐώδᾞδιὰ
1493 1917 1602 1948 παντός.

974 1953 1022 1978 Hi
1042 1954 1262 1978 Μιλτοπάοπον.
1278 1952 1362 1978 Coisl.
1389 1961 1418 1978 ut
1435 1953 1586 1978 τοπάοειον.

974 1953 1022 1979 Hi
1042 1954 1262 1986 Μιλτοπάρῃον.
1278 1952 1362 1980 Coisl.
1376 1952 1586 1988 ptkom'tgstov.

975 1988 1027 2015 142
1040 1987 1212 2020 Θαλάσσης.
1231 1987 1323 2014 Schol.
1341 1987 1387 2013 τοῦ
1405 1988 1461 2022 βίου
1475 1987 1569 2013 τούτου

741 2114 906 2144 METRICA
931 2113 1078 2143 VERSIO.

103 2195 175 2230 Cede
188 2195 310 2227 humilis,
327 2195 468 2230 prudentis
484 2195 556 2222 enim
572 2199 614 2222 est
627 2202 774 2230 agnoscere
790 2196 850 2224 vitae
900 2198 922 2227 Β
938 2228 946 2230 Α
972 2194 1020 2221 Sin
1033 2194 1116 2222 nimis
1134 2202 1164 2221 es
1178 2194 1285 2228 deiecto
1299 2194 1400 2225 animo,
1417 2193 1596 2230 reminiscere
1611 2195 1684 2228 quod
1696 2199 1721 2224 te

104 2227 235 2258 Humana:
252 2227 402 2257 modulum.
419 2229 477 2257 Non
489 2235 532 2257 est
548 2231 573 2257 in
589 2227 698 2264 disp'are
714 2231 804 2265 culpa,

104 2266 157 2298 Qui
172 2267 242 2293 bona
258 2265 396 2300 desperat,
414 2266 528 2292 nimium
549 2266 590 2293 vel
603 2267 649 2300 qui
665 2265 728 2297 sibi,
744 2267 857 2293 credens

104 2301 230 2328 Proclive
245 2308 306 2327 esse
321 2301 432 2332 bonum,
449 2301 518 2332 tidit,
537 2300 627 2328 victus
643 2300 787 2335 utrinque;

105 2336 227 2370 Namque
243 2335 279 2361 ita
292 2336 411 2362 cessabit
426 2336 585 2370 praclarum
602 2336 727 2362 insistere
740 2336 848 2363 callem.

105 2370 255 2397 Missilibus
267 2371 328 2397 telis
345 2378 452 2404 semper
467 2375 526 2405 pete
539 2371 667 2405 pr0vidus
683 2370 784 2404 album,

106 2406 165 2432 Non
182 2406 251 2432 ultra
266 2405 368 2432 Christi
385 2405 477 2432 tendat
493 2410 625 2440 princepta
644 2406 740 2439 sagitta
756 2415 761 2432 :

104 2440 164 2467 Non
185 2440 266 2467 etiam
281 2440 366 2471 citra;
384 2440 424 2466 sic
439 2448 556 2474 namque
571 2442 697 2475 utrinque
711 2440 812 2467 teretur

106 2476 197 2507 Irrita,
212 2482 283 2509 smpe
298 2475 398 2501 etenim
417 2475 578 2502 immodicus
592 2474 706 2502 conatus
720 2476 754 2502 ab
770 2474 844 2502 omni

107 2510 236 2537 Delicitur
251 2510 352 2541 l'ructu,
367 2516 443 2536 vanae
456 2510 521 2536 dum
539 2511 626 2538 laudis
638 2518 730 2538 amore

106 2546 183 2577 Tela,
200 2544 310 2572 modum
327 2550 434 2579 praeter,
448 2548 560 2572 curvato
575 2546 709 2572 mittimus
724 2552 800 2572 arcu.

105 2581 183 2613 Quod
199 2581 222 2607 si
239 2580 308 2607 forte
324 2583 398 2606 tuam
415 2580 545 2607 damnosa
562 2581 689 2614 superbia
705 2585 823 2607 mentem

107 2616 251 2648 Sollicitet,
270 2618 326 2641 tum
341 2619 370 2641 tu
388 2615 514 2649 quisnam
529 2615 576 2641 tibi
591 2615 704 2642 cesserit
714 2620 791 2642 ortus

106 2652 172 2678 Esto
188 2657 301 2682 memor,
320 2649 450 2684 quidnam
465 2649 550 2677 fueris
565 2650 642 2684 prius
654 2650 721 2684 ipse,
735 2649 853 2684 parentis

106 2686 242 2719 Quidnam
259 2692 321 2711 cum
339 2686 448 2720 gravida
467 2686 597 2719 tegereris
612 2693 707 2712 rursus
722 2686 748 2711 in
764 2685 835 2717 alvo,

109 2721 227 2755 penique
244 2720 373 2754 qtﬁdnam
392 2720 430 2747 sis
443 2725 505 2754 post
521 2720 615 2746 ultima
630 2720 682 2746 l‘ata
699 2719 816 2752 futurus,

105 2754 208 2790 Nempe
220 2756 301 2786 cinis,
322 2755 455 2789 tineaeque
470 2755 558 2786 cibus,
574 2756 611 2781 nil
628 2755 729 2781 lumine
742 2762 836 2782 cassos

106 2791 230 2826 Amplius
246 2791 316 2819 inter
332 2790 445 2825 habens,
459 2797 541 2825 quam
557 2790 646 2826 quivis
657 2797 777 2825 paupere
792 2798 885 2819 censu.

938 2228 966 2256 In
985 2230 1073 2256 lucem
1089 2230 1218 2256 extulerit
1234 2230 1373 2261 Christus,
1393 2229 1464 2264 quod
1480 2230 1570 2257 cmlite
1585 2230 1652 2256 ﬂatu

939 2264 982 2291 Sis
997 2268 1082 2295 ortus,
1098 2265 1169 2299 quod
1188 2265 1227 2291 sis
1243 2265 1324 2291 simul
1337 2269 1363 2291 et
1377 2264 1496 2291 ctelestis
1511 2265 1587 2299 origo

938 2299 1130 2333 Terrenusque
1145 2300 1236 2330 simul.
1253 2300 1340 2326 factus
1358 2299 1438 2331 Deus,
1450 2307 1481 2325 ac
1495 2299 1701 2327 memorandum

938 2334 1055 2362 Prorsus
1065 2335 1256 2369 opus,Christi
1276 2334 1348 2369 quod
1367 2342 1415 2369 per
1440 2339 1574 2361 tormenta
1597 2342 1720 2361 crucem-

1033 2389 1036 2393 .
1621 2377 1684 2403 [que

938 2405 979 2432 Ad
995 2405 1078 2432 decus
1092 2409 1223 2432 aeternum
1240 2412 1379 2438 properes,
1398 2405 1530 2438 sedesque
1545 2370 1664 2438 pioruldlilf

938 2440 1008 2475 Ergo
1025 2448 1092 2475 nega
1107 2440 1266 2474 obsequium
1284 2440 1371 2472 carni,
1388 2447 1437 2466 nec
1449 2439 1678 2475 dilige_quidquid

937 2473 999 2502 Vita
1014 2473 1309 2509 supervacui'praesens
1322 2475 1413 2506 habet,
1429 2479 1509 2508 atque
1526 2473 1643 2500 Tonanti

939 2509 1055 2537 Sedulus
1071 2511 1098 2536 in
1115 2510 1204 2536 medio
1218 2509 1361 2536 delubrum
1376 2513 1485 2543 pectore
1498 2509 1595 2535 conde.

937 2545 1060 2578 Namque
1074 2544 1215 2571 salutifero
1230 2545 1357 2578 templum
1373 2548 1429 2570 tum
1444 2544 1560 2578 denique
1575 2543 1685 2570 Christo

938 2580 1097 2611 Condiinus,
1108 2580 1255 2606 aethereum
1266 2586 1328 2605 cum
1339 2587 1414 2606 uictis
1425 2579 1477 2606 cita
1489 2580 1575 2605 l'crtur
1584 2578 1618 2604 ad
1629 2586 1717 2606 axem.

938 2614 1013 2641 lstud
1027 2615 1148 2641 odoratis
1164 2614 1246 2648 igitur
1261 2613 1394 2648 factisque
1411 2619 1486 2640 tuere

943 2649 1059 2676 Sedulus
1075 2657 1107 2676 ac
1123 2649 1204 2675 dictis
1220 2658 1226 2675 :
1244 2653 1270 2675 et
1282 2648 1309 2675 in
1326 2649 1385 2683 ipso
1402 2656 1508 2683 semper
1522 2649 1622 2684 olympi

942 2684 1046 2711 Numen
1065 2684 1143 2717 habe,
1161 2691 1261 2710 curans
1278 2688 1306 2709 ut
1325 2691 1377 2710 non
1395 2684 1514 2716 videare,
1530 2684 1576 2711 sed
1595 2689 1624 2710 ut
1637 2684 1676 2712 sis

942 2720 1067 2754 Optimus
1085 2728 1090 2745 :
1106 2719 1187 2753 idque
1199 2726 1308 2750 cavens,
1326 2719 1408 2746 minio
1421 2727 1455 2745 ne
1470 2719 1552 2745 tincta
1567 2720 1659 2746 carina

941 2755 1029 2789 Atque
1048 2754 1130 2780 notho
1145 2754 1289 2788 splendore
1306 2755 1395 2780 nitens
1411 2755 1533 2789 falsoque
1549 2754 1647 2782 decore

941 2789 1061 2817 Ducatur
1076 2789 1161 2824 rapidi
1176 2789 1267 2824 gravia
1283 2789 1317 2817 ad
1334 2789 1494 2818 discrimina
1510 2789 1603 2824 ponti;
