1942 3047
6 169 65 198 ’μοι

6 227 46 254 ΟΞ
66 227 202 263 Χαρμίδαι
216 236 246 254 τε
262 227 309 255 καὶ
325 227 411 261 σκέπη
423 225 585 260 τριϐωνίων,

13 273 81 307 ’Υφ”
93 271 128 309 ἧς
139 274 174 300 τὰ
190 274 249 301 θεῖα
261 275 319 305 τοῖς
334 274 404 305 νέοις
421 276 435 301 ὁ
448 274 582 309 γεννάδας

5 320 68 346 290
87 320 183 355 Συνῆν.
200 320 283 347 Μόνοι
300 320 356 356 γὰρ
370 322 393 347 οἱ
409 322 486 349 καλοὶ⁹
501 321 640 356 νοήμονες.

6 366 120 401 Μηδεὶς
137 366 219 401 ἔρωτι
233 366 365 402 σωμάτων
379 367 517 402 θηρευέτω

7 412 52 438 Τὸ
67 411 173 444 κάλλος.
196 413 244 446 ’Ὡς
257 412 343 439 ὄλοιτο
356 415 416 440 τοῖα
433 414 593 448 σκέμματα·

7 457 109 492 Χωρὶς
124 458 158 484 τὰ
174 458 275 485 Μυσῶν
291 459 338 485 καὶ
352 458 444 485 Λυδῶν
458 459 603 494 ὁρίσματα.

14 502 201 538 ’Λλκμαίονος
216 503 245 530 δὲ
260 504 303 536 τίς
315 504 368 530 τόδ’
382 504 483 531 αἰνέσει
495 505 559 532 ποτέ
568 525 577 538 ,

6 548 68 575 295
91 549 139 581 ’ος
150 549 237 585 πρῶτ’
258 549 405 586 Ἀθηναίων
418 550 472 577 τῶν
486 550 616 584 ἀοιδίμων
630 551 720 587 φέρων

16 595 104 631 Ἀνὴρ
118 595 192 629 γένει
207 604 238 622 τε
253 597 300 623 καὶ
313 597 409 632 κράτει
424 597 512 623 πνέων
529 597 610 633 μέγα,

7 641 150 668 Τοσοῦτον
164 641 241 678 ὤφθη
259 643 408 678 χρημάτων
423 643 588 678 ἡττώμενος,

9 687 98 713 ’Ὅσον
112 695 165 723 περ
180 687 253 719 εἰκὸς
268 686 302 724 ἦν
315 689 431 723 φανῆναι
442 688 583 724 κρείττονα
597 698 604 722 ;

9 733 133 767 Κροίσου
151 734 205 769 γὰρ
222 733 303 761 αὐτὸν
317 734 422 762 πλείοσι
437 734 618 771 δεξιουμένου,

270 821 434 858 gharmidaa,
446 826 473 849 et
487 825 613 858 tegumen
632 822 788 858 palliorum,

571 166 692 196 SECTIO
712 166 742 194 ll.
763 165 927 193 POEMATA
947 166 1113 194 MORALIA.

1596 160 1649 190 702

827 225 847 252 Α
861 224 913 251 300
931 222 982 251 Ὧν
998 225 1036 256 ἓν,
1052 225 1152 259 ταμεῖα
1166 221 1266 258 χρυσοῦ
1283 222 1390 249 ἅπαντα
1403 220 1524 257 προθεὶς,

867 270 909 302 Ὠς
925 270 958 296 ἂν
973 270 1106 305 δυνάστης
1118 271 1150 304 τῇ
1168 269 1236 304 τύχῃ
1255 268 1326 303 μέγα
1342 267 1458 303 φρονῶν,

861 318 953 353 Ἕχειν
968 317 1109 344 ἐκέλευσεν
1126 317 1187 342 ὅσον
1202 315 1311 341 δύναιτο
1324 313 1478 350 ψηγμάτων
1489 321 1497 328 ·

859 365 967 400 Πλήσας
980 363 1007 390 δὲ
1022 363 1149 393 κόλπους,
1168 362 1216 388 καὶ
1230 361 1356 395 γνάθους,
1371 361 1419 387 καὶ
1433 360 1482 396 τὴν
1496 359 1584 396 κόμην

858 411 921 442 Θεὶς
937 410 1123 444 χρυσόπαστον
1137 408 1197 444 (τῆς
1209 407 1341 443 ἀμετρίας
1354 407 1403 442 ὅση
1413 407 1433 441 1)

859 457 911 485 505
929 455 1051 492 Προῆλθε
1066 455 1161 484 Λυδοῖς
1175 454 1300 484 πλούσιος
1314 451 1478 487 γελώμενος.

894 503 926 530 Τί
943 503 965 530 δ’
978 503 992 529 ό
1004 501 1115 528 Πλάτων
1131 508 1182 532 σοι,
1195 500 1297 534 καίπερ
1313 498 1350 525 ὣν
1362 497 1516 533 σοφώτατος

866 548 998 586 Ἀνδρῶν;
1014 548 1047 574 Τί
1061 547 1082 574 δ’
1103 547 1296 582 Ἀρίστιππος;
1311 545 1356 571 τὸν
1372 544 1480 579 ἣδιστον
1493 543 1566 578 λέγω

859 597 892 622 Τί
908 596 931 622 δ’
947 596 961 622 ὁ
978 594 1082 630 χαρίεις
1094 592 1276 624 Σπεύσιππος,
1295 591 1389 626 ὥσπερ
1403 591 1512 626 οῐομαι;

866 643 895 668 'U
914 642 962 677 μὲν
979 639 1101 676 καπήλου
1115 637 1262 673 δυστυχοῦς
1281 636 1328 672 ἔζη
1346 636 1413 671 βίον,

859 688 910 715 ’510
930 687 1029 719 Πόνους
1042 684 1172 713 διαντλῶν
1185 683 1308 718 κέρδεσιν
1323 682 1497 714 θαλαττίους·

862 735 969 762 Ἔλαιον
984 731 1018 769 ἦν
1029 733 1042 759 ὁ
1058 731 1166 768 φόρτος.
1181 729 1265 757 Οΰπω
1278 728 1348 755 τοῦτ’
1364 729 1429 760 ἴσως

270 856 328 900 ἕλιξ)
342 865 398 900 quo
413 853 559 900 praeelarus
572 853 752 900 philosophus
766 853 897 900 (lembus
910 853 1244 900 divinis!euAmliuxonibus

268 891 322 928 200
341 890 636 927 Colloquebatnr.'Soli
652 890 724 921 enim
740 894 846 928 pulchri
860 891 1037 928 intelligentia
1052 890 1170 925 praediti.

268 926 355 954 Nemo
371 926 516 961 corporum
530 935 633 959 amore,
648 926 776 956 virtutem

269 961 397 998 Venetur.
416 962 532 990 Peream
547 963 681 997 ejusmodi
698 963 899 998 speculationes
920 971 927 989 :

270 996 331 1034 §int
346 997 461 1034 separati
478 996 614 1034 Mysorum
628 1003 654 1025 et
665 996 802 1034 Lydorum
817 997 935 1025 termini.

268 1031 674 1070 1It‘tntve’rooillud:Alcmaaonis
688 1031 750 1068 quis
768 1034 929 1065 laudaverit,
981 1067 985 1070 _
1005 1067 1011 1070 _
1040 1067 1044 1070 _
1152 1064 1157 1069 _
1223 1063 1240 1070 η

266 1067 320 1104 295
332 1068 396 1104 rViri
411 1068 480 1095 inter
495 1068 683 1100 Athenienses,
696 1067 819 1104 quorum
833 1076 932 1104 magna
948 1067 1102 1104 celebritas,
1117 1067 1253 1100 primarii,

269 1102 309 1138 Ac
323 1103 356 1130 de
370 1111 469 1138 genere
483 1108 511 1130 et
528 1104 688 1131 auctoritate
705 1102 819 1131 multum
835 1111 864 1130 se
877 1102 1024 1136 efferentis,

269 1137 322 1170 Qui
337 1137 413 1165 tanto
429 1146 459 1165 se
474 1138 630 1166 inferiorem
643 1140 764 1173 pecunite
775 1139 908 1170 exhibuit,

267 1173 376 1208 Quanto
392 1173 467 1201 illum
483 1181 530 1208 par
544 1177 604 1201 erat
619 1174 743 1202 altiorem
759 1174 866 1201 videri?

267 1207 413 1244 ljlrarmicum
432 1207 507 1235 illum
521 1209 633 1236 Croesus
649 1209 771 1244 pluribus
787 1209 867 1236 donis
881 1211 1018 1244 ornasset,

267 1243 321 1278 βου
340 1243 412 1271 Inter
426 1251 486 1278 quae
505 1243 571 1271 illud
583 1240 695 1275 exstitit,
714 1249 742 1271 ut
757 1251 864 1272 omnem
877 1243 935 1270 auri
947 1243 1106 1270 thesaurum
1125 1242 1149 1270 ei
1167 1240 1319 1277 proferens,

269 1277 370 1313 Utpote
387 1277 515 1313 regnator
530 1278 639 1306 fortuna
656 1281 755 1311 elatus,

269 1312 387 1340 Tantum
400 1312 510 1348 juberet
524 1314 631 1342 auferre
644 1323 675 1342 ex
688 1315 829 1346 ramentis,
846 1317 979 1349 quantum
993 1314 1098 1347 posset,

268 1348 296 1384 lis
309 1353 336 1376 et
352 1349 442 1376 sinum
457 1353 484 1375 et
498 1349 600 1377 buccas
614 1350 740 1384 implens.
756 1354 784 1378 et
802 1357 908 1376 comam

269 1383 374 1411 Gerens
391 1384 557 1416 inauratam,
573 1392 589 1410 ο
602 1383 706 1419 quanta
723 1384 930 1412 immoderatio.

270 1419 323 1446 505
342 1419 447 1446 Prodiit
461 1427 553 1447 coram
569 1419 652 1454 Lydis
666 1419 743 1448 dives
761 1420 870 1447 irrisus.

305 1453 376 1487 Quid
394 1459 483 1490 autem
497 1454 574 1482 Plato
591 1453 651 1486 tibi,
669 1456 793 1490 quamvis
810 1454 1030 1488 sapientissimus

270 1488 433 1525 Hominum?
447 1488 517 1525 Quid
531 1488 686 1525 Aristippus
698 1491 709 1516 7
723 1490 921 1525 lepidissimum
936 1490 1012 1516 illum
1026 1488 1100 1515 dico.

269 1524 339 1560 Quid
355 1525 469 1552 festivus
485 1524 664 1560 Speusippus,
679 1530 708 1552 ut
724 1524 849 1560 equidem
866 1525 984 1560 opinor?

269 1559 373 1586 Horum
390 1567 461 1587 unus
474 1559 610 1595 cauponis?
621 1561 739 1588 infelicis
751 1559 839 1587 Vvitam
854 1559 981 1591 ducebat,

271 1595 323 1622 5l0
343 1595 461 1622 Labores
477 1596 619 1623 exantlans
633 1597 666 1623 ad
685 1596 760 1622 lucra
775 1596 904 1624 marinos.

270 1629 365 1657 Oleum
384 1635 442 1657 erat
456 1631 575 1658 sarcina.
593 1631 646 1659 Sed
661 1631 733 1658 forte
749 1631 869 1658 nondum

53 1720 109 1748 288
124 1720 156 1746 Ol
169 1718 313 1754 Χαρμίδαι
326 1728 368 1746 τε.
386 1719 444 1746 lllic
455 1720 647 1754 παιδεραστίας
667 1719 807 1748 Socratem

19 1755 174 1791 insimulat
192 1753 352 1791 Gregorius.
377 1755 515 1782 Nonnulla
544 1759 608 1782 sunt
638 1756 669 1791 in
702 1756 809 1791 dialogo

18 1791 145 1818 Platonis
167 1789 299 1831 inscripto
320 1789 487 1831 Oliarmides,
514 1797 574 1831 quin
597 1790 678 1825 hujus
697 1789 809 1831 sceleris

21 1833 123 1861 purum
143 1833 197 1852 non
224 1825 309 1852 fuisse
328 1826 401 1852 hunc
425 1825 615 1861 philosophum
641 1825 770 1860 produnt,
794 1834 809 1852 a

20 1860 76 1895 quo
96 1860 274 1888 nihilominus
287 1869 349 1888 eutn
364 1861 434 1887 alius
451 1868 466 1887 e
483 1860 540 1888 suis
551 1860 702 1894 discipulis,
721 1861 810 1889 Xeno«

20 1896 107 1931 pbon,
126 1896 256 1923 vindicat.
275 1895 341 1923 Vide
358 1895 572 1922 Memorabilium
591 1896 637 1931 lib.
655 1904 674 1927 t,
689 1903 749 1931 cap.
765 1896 808 1929 11,

21 1930 113 1975 ιι.έοέῇ
131 1930 196 1975 l'bnid’.
216 1930 709 1975 ρκέῖη..ῼοίξ1ἰγσιξέτξαιζτριϐωνίων.

138 1966 195 2000 Ὑφ’
212 1964 259 2002 ἧς.
276 1964 360 1993 Οὸὶει.
376 1971 402 1994 et
414 1965 474 2002 Vat.
490 1966 535 2000 ὑφ’
549 1964 600 1997 οἷς.

58 2001 118 2036 290,
129 2001 222 2028 Μόνοι
237 2001 292 2036 γὰρ
304 2003 331 2028 οι
347 2001 444 2028 καλοί.
459 2001 535 2028 Salse
547 2002 598 2028 hoc
615 2001 686 2032 loco,
703 2001 742 2028 ait
757 2001 811 2028 Bil-

22 2037 90 2068 lius,
107 2035 247 2064 Socratem
259 2037 428 2072 perstringit,
449 2040 478 2063 ut
496 2038 542 2071 qui
555 2044 587 2063 ea
601 2036 635 2063 de
651 2044 734 2072 causa
748 2043 811 2072 etim

23 2072 165 2108 praestanti
180 2071 268 2108 forma
281 2071 500 2108 adolescentibus
518 2071 744 2108 consuetudinem
760 2071 810 2098 ha-

24 2107 113 2139 beret,
133 2107 205 2141 quod
231 2108 336 2134 scilicet
354 2107 372 2133 ii
394 2107 444 2134 soli
464 2107 563 2134 mentis
585 2107 711 2133 acumine
732 2111 812 2141 atque

23 2143 194 2203 inteliligendi
218 2141 345 2169 facultate
365 2142 510 2176 pollerent,
533 2143 581 2176 qui
600 2142 708 2178 egregia
725 2141 812 2168 forma

26 2186 82 2203 01⁵1ιὲ
103 2186 109 2203 1
125 2187 131 2203 l
150 2183 238 2203 erant.

46 2178 131 2204 rarditi
150 2183 238 2204 erant.

24 2187 131 2213 ριίυιιιιι
150 2187 238 2204 erant.

61 2213 115 2239 292
133 2211 261 2245 Κάλλος.
276 2211 335 2238 Vat.
350 2212 442 2240 καλόν.

62 2248 116 2275 295
130 2247 254 2274 Μυσῶν.
276 2247 347 2274 Edit.
371 2248 500 2276 mendose
525 2247 635 2283 Μήδων.
654 2246 722 2274 Vide
742 2247 812 2283 infra

25 2283 74 2310 lib.
91 2291 121 2314 ιι⁷
137 2287 203 2310 secl.
221 2283 246 2312 1,
265 2290 349 2309 carm.
366 2291 406 2315 xl,
429 2283 466 2310 De
489 2283 542 2309 vita
564 2282 623 2314 sua,
638 2290 710 2309 vers.
734 2282 811 2309 1240.

25 2318 86 2346 lloc
99 2318 185 2345 utitur
196 2325 229 2346 co
243 2318 294 2345 loci
308 2318 452 2353 proverbio
464 2317 622 2353 Gregorius,
645 2322 674 2344 ut
687 2317 813 2345 ostendat

861 1720 934 1748 inter
954 1720 1096 1747 honestam
1122 1720 1237 1748 docendi
1262 1721 1408 1753 rationem,
1431 1725 1513 1756 atque
1529 1721 1646 1755 impudi-

859 1763 922 1816 oulm
940 1763 1070 1789 amorem,
1091 1763 1146 1791 quo
1171 1756 1303 1791 flagrabat
1330 1757 1469 1789 Socrates,
1497 1756 1646 1791 plurimum

860 1799 886 1817 ιιι
902 1798 1006 1818 eresse.

885 1811 1161 1860 é‘élw‘ztuixyat'ovoc.
1177 1826 1262 1855 Coisl.
1278 1827 1324 1859 Τίς
1338 1826 1360 1852 δ’
1381 1825 1556 1861 Ἀλκμαίονος
1573 1825 1646 1853 τοῦτ’

860 1861 997 1887 ἐπαινέσει
1012 1861 1086 1887 ποτέ.

894 1895 946 1923 296
966 1896 1077 1923 Πνέων.
1094 1895 1138 1923 Sic
1157 1895 1241 1924 Coisl.
1257 1900 1284 1921 et
1299 1895 1360 1923 Vat.
1377 1896 1448 1923 Edit.
1470 1896 1568 1922 πλέων.

895 1932 947 1958 500
968 1931 1081 1965 Ταμεῖα.
1104 1931 1189 1958 Coisl.
1213 1936 1240 1958 et
1265 1930 1326 1958 Vat.
1354 1933 1383 1958 ὲν
1407 1931 1511 1966 ταμείῳ
1531 1929 1644 1966 χρυσίου

860 1966 961 1993 πάντα.

895 2001 944 2028 501
967 2001 1005 2036 Τῇ
1021 2002 1106 2036 τύχῃ.
1128 2000 1210 2037 Coisl.
1227 2003 1276 2037 τῆς
1290 2001 1384 2036 τύχης.

895 2036 948 2063 502
970 2036 1149 2063 Ἐκέλευσεν
1165 2036 1240 2063 ὅσον
1255 2036 1350 2063 ⁷00151.
1368 2036 1487 2062 ὲκέλευσ¹
1503 2036 1575 2063 ὅσον.

896 2071 948 2098 501
969 2071 1035 2105 Τῆς.
1054 2072 1090 2099 Ita
1104 2071 1190 2098 Coisl.
1208 2071 1277 2098 Edit.
1300 2071 1429 2098 mendose
1441 2072 1502 2106 τήν.

895 2106 947 2133 508
967 2107 996 2133 Tl
1009 2107 1035 2132 δ’
1050 2109 1066 2133 ό
1081 2106 1203 2140 χαρίεις.
1228 2107 1400 2140 Suspicatur,
1427 2114 1477 2133 nec
1499 2105 1645 2136 immerito,

861 2141 957 2168 Billius
970 2142 1041 2182 hunc
1055 2149 1164 2181 versum
1180 2142 1316 2182 glossema
1329 2141 1464 2180 quoddam
1482 2149 1554 2180 esse,
1565 2140 1647 2182 quod

861 2180 956 2212 postea
970 2177 997 2204 in
1013 2181 1117 2204 textum
1134 2177 1274 2211 irrepserit
1290 2186 1295 2203 :
1311 2176 1431 2210 loquitur
1443 2176 1515 2203 enim
1530 2176 1648 2203 subinde

861 2212 895 2238 de
912 2211 1024 2239 Platone
1043 2218 1070 2239 et
1088 2211 1238 2246 Aristippo,
1257 2219 1308 2238 nec
1330 2212 1416 2238 ullum
1437 2211 1471 2238 de
1495 2210 1649 2246 Speusippo

861 2218 895 2238 ae
911 2218 1070 2273 lI)'tatoIt_1e_et
1088 2218 1238 2246 Λτιδιῳρο,
1257 2219 1308 2238 nec
1330 2218 1416 2238 ultum
1437 2218 1471 2238 oe
1495 2218 1630 2247 bpeusnpp

861 2254 908 2274 ver
929 2255 972 2272 um
999 2251 1063 2274 acu.

896 2281 948 2308 5l0
965 2282 1156 2314 Θαλαττίους.
1174 2281 1258 2308 Coisl.
1275 2281 1446 2313 θαλασσίους.

898 2317 946 2343 511
969 2318 1089 2344 Ἕλαιον
1099 2315 1138 2352 ἦν
1153 2317 1271 2351 φόρτος.
1286 2317 1376 2344 Oleum
1389 2317 1449 2343 hinc
1459 2316 1518 2344 inde
1531 2315 1648 2344 vehebat.

675 2407 842 2437 METRICA
855 2406 993 2437 VERSIO

27 2504 62 2532 Et.
79 2502 252 2538 Charmides,
267 2506 294 2529 et
312 2503 386 2538 pallii
403 2502 492 2530 velum
508 2502 604 2534 exteri,

28 2539 88 2566 Sub
104 2545 158 2573 quo
175 2537 292 2565 docebat
304 2537 435 2573 puberum
452 2537 596 2572 pulchrum
612 2544 720 2572 gregem

29 2573 146 2605 Divina;
163 2573 214 2600 soli
227 2573 334 2608 pulchri
342 2573 422 2603 ,enim
436 2573 546 2608 ingenio
560 2573 661 2608 valent.

29 2611 65 2637 At
83 2615 163 2635 nemo
178 2607 272 2636 amore
285 2616 441 2643 corporum,
454 2607 528 2642 quod
543 2611 585 2634 est
603 2607 702 2643 bonum

29 2646 126 2678 Captet
140 2653 146 2670 :
161 2643 320 2678 utinamque
334 2642 484 2671 scemmata
502 2643 560 2669 haec
577 2642 752 2669 intercidant.

31 2680 123 2714 Mysos
140 2678 285 2714 Lydosque
302 2683 372 2706 meta
390 2678 425 2706 sit
441 2686 501 2713 qua:
513 2682 632 2712 separet.

32 2711 101 2742 lll'ud
116 2711 177 2748 quis
192 2711 283 2741 autem
299 2714 391 2741 laudet
405 2711 523 2748 unquam
538 2711 712 2746 Alcmaeonis,

32 2751 83 2782 Qui
99 2757 160 2776 cum
177 2756 290 2776 suorum
308 2750 407 2776 civium
425 2752 498 2776 esset
511 2748 658 2780 maximus,

35 2786 68 2812 Et
81 2785 166 2819 stirpe
180 2785 255 2811 clara
270 2785 388 2819 generis,
408 2788 435 2810 et
451 2784 582 2818 potentia,

34 2821 101 2847 Tam
118 2819 190 2846 findo
207 2827 300 2847 amore
313 2820 401 2846 victus
417 2823 459 2846 est
478 2819 609 2852 pecuniae,

34 2856 121 2888 Quam
136 2855 206 2881 vinci
225 2856 259 2882 ab
274 2855 320 2881 illo
335 2862 383 2889 par
395 2859 453 2881 erat
468 2854 555 2881 ﬂuxas
570 2854 652 2889 opes?

37 2890 160 2925 Namque
172 2890 234 2924 ipsi,
251 2888 369 2918 honores
383 2894 482 2924 pmtcr
495 2890 563 2917 alios
578 2888 720 2924 plurimos,

832 2504 854 2532 B
867 2501 935 2528 Cum
951 2500 1063 2529 Crcesus
1075 2501 1134 2528 auri
1153 2501 1298 2527 maximam
1318 2499 1373 2526 vim
1385 2498 1551 2532 ostenderet,

868 2536 903 2563 Ut
917 2543 964 2563 rex
980 2537 1057 2563 beata
1073 2539 1147 2564 sorte
1160 2543 1213 2561 non
1228 2543 1324 2569 parum
1340 2539 1458 2564 tumens.

867 2571 969 2598 Ell'erre
984 2575 1116 2606 quantum
1131 2574 1224 2605 posset
1241 2570 1474 2606 omninorjubens,

866 2606 944 2633 Tunc
960 2605 1005 2633 ille
1023 2607 1133 2636 buccas,
1151 2610 1179 2631 et
1195 2606 1284 2632 sinum
1302 2605 1417 2639 implens
1431 2608 1458 2631 et
1475 2611 1582 2631 comam

865 2642 940 2668 Auro
956 2641 1065 2676 (cupido
1083 2644 1194 2675 quanta,
1207 2647 1288 2676 quam
1304 2639 1494 2674 praepostera)!

865 2677 949 2712 Lydis
961 2675 1128 2703 'caChinnum
1146 2675 1246 2710 prodiit
1261 2683 1397 2712 summum
1413 2681 1536 2712 movens.

903 2712 981 2738 Plato
994 2712 1059 2746 quid
1076 2709 1177 2741 autem,
1191 2710 1340 2746 quamlibet
1358 2709 1556 2746 doctissimus?

867 2747 992 2775 Festit'us
1003 2744 1051 2773 ille
1065 2746 1193 2780 quidnam
1201 2744 1384 2779 ’Aristippus?
1398 2744 1468 2778 Quid
1483 2747 1511 2772 et

868 2782 1037 2817 Speusippus
1055 2782 1100 2808 illc
1116 2781 1232 2815 lepidus,
1248 2784 1281 2817 ut
1289 2780 1440 2817 existimo?

866 2815 943 2844 Plato
958 2815 1109 2848 victitabat,
1122 2821 1151 2842 ut
1163 2817 1232 2842 solet
1248 2815 1329 2842 miser
1343 2815 1462 2849 institor,

867 2853 968 2880 Ferens
985 2853 1091 2879 labores
1104 2852 1222 2884 aequoris
1239 2850 1329 2877 studio
1342 2850 1422 2876 lucri.

867 2887 962 2916 Oleum
978 2887 1079 2915 ferebat
1092 2887 1214 2917 scilicet;
1229 2890 1254 2912 at
1273 2887 1322 2913 hoc
1336 2884 1438 2914 dixeris
