1942 3047
279 163 332 192 705

285 222 372 257 Ἐρεῖς
386 221 530 256 ἄπληστον,
549 223 595 248 καὶ
608 223 687 258 πενία
697 233 723 250 τι
740 226 910 261 προσνέμεις.
954 238 958 246 ι

278 267 315 292 Τὸ
328 267 356 292 δὲ
371 266 509 301 τραπέζας
527 270 689 302 προσκυνεῖν
704 271 868 304 τυραννικὰς

279 312 425 338 “ldum/an
445 313 495 346 φεῦ
509 313 594 346 λόγων
607 322 636 339 τε
654 314 701 340 καὶ
720 316 825 349 σεμνῶν
840 316 942 343 πόνωνῑ

277 357 329 383 515
354 358 405 383 Ἐὠ
419 357 504 391 λέγειν
517 359 615 392 πρᾶσιν
632 367 661 385 τε
679 360 724 386 καὶ
739 361 798 395 οὐχὶ
818 362 929 398 πρᾶσιν,

278 403 310 428 Εἰ
328 403 364 437 μὴ
381 402 500 429 Πλάτωνί
515 412 555 434 τις
572 404 655 434 Λίϐυς
670 405 718 439 τῆς
738 405 862 438 Ἑλλάδος

280 447 367 482 Ὠφθη
385 447 410 480 γ’
425 447 553 482 ἀμείνων,
568 449 613 474 καὶ
628 448 725 483 μικροῦ
739 451 893 485 τιμήματος

277 493 359 526 Δόξαν
372 501 401 519 τε
415 494 460 520 καὶ
478 493 619 525 Πλάτωνος
638 494 746 521 ὠνεῖται
757 495 861 530 λόγους.

313 539 365 566 Τοῦ
381 539 403 565 δ’
423 541 455 566 ἐκ
472 540 609 575 Κυρήνης,
626 541 696 576 μέγα
716 541 765 576 μὲν
778 542 794 576 ἡ
809 541 967 578 παῤῥησία’

277 585 328 613 5ἓο
348 586 440 620 Ὅμως
455 586 477 611 δ’
492 586 566 620 ἔμιξε
583 586 620 621 τῷ
633 587 765 622 ἐλευθέρῳ
779 588 895 622 τρυφὴν,

278 631 408 658 Βλάπτων
422 632 452 658 τὸ
465 631 546 658 καλὸν
559 631 673 667 ἁλμυρῷ
687 633 724 667 τῷ
738 633 863 668 δόγματι.

278 676 378 711 Μύρων
393 677 446 711 γὰρ
463 676 543 709 ὄζων,
562 677 706 711 συμποτῶν
725 677 871 704 κατέπνεε·

278 723 314 748 Τὸ
325 722 347 748 δ’
364 723 522 758 εὐχάριστον
539 721 586 748 τοῦ
603 723 703 758 τρόπου
717 723 763 748 καὶ
775 723 915 758 στωμύλον

283 768 392 804 Ὀδηγὸν
404 766 460 804 εἶχε
475 769 635 804 λημμάτων.
652 768 730 795 Οὕτω
746 768 811 794 ποτὲ

621 166 650 193 S.
671 166 835 195 GREGORII
855 168 979 196 TllEOL.
1000 167 1182 197 CARMINUM
1201 168 1302 195 LIBER
1320 168 1341 195 I.
1362 168 1587 196 TllEOLOGlCA.

1853 167 1905 198 706

1077 227 1101 255 Α
1114 225 1165 251 5‘25
1182 225 1280 260 Στολὴν
1295 225 1441 259 γυναικῶν,
1459 225 1603 261 Ἀρχελάου
1617 224 1663 251 τοῦ
1677 224 1769 259 σοφοῦ,

1119 271 1175 296 Οὐκ
1191 268 1237 296 οἷδ’
1257 271 1329 302 ὅπως
1345 279 1374 296 τε
1388 270 1434 296 καὶ
1448 270 1482 296 δι’
1501 270 1535 305 ἣν
1547 271 1595 305 τὴν
1613 270 1710 302 αἰτίαν,

1117 315 1303 351 Δωρουμὲνου,
1317 315 1429 342 Πλάτων
1445 316 1492 350 μὲν
1508 316 1538 342 οὺ
1553 316 1719 351 προσήκατο,

1118 361 1230 396 Ἰαμῆον
1246 361 1329 387 εἰπὼν
1345 361 1448 396 καίριον
1464 361 1492 393 ἐξ
1507 361 1651 396 Εὐριπίδου
1662 369 1669 376 ·

1119 416 1128 432 ‹
1151 407 1207 433 Οὐκ
1222 407 1254 433 ἃν
1266 406 1398 441 δυναίμην
1415 405 1497 440 θῆλυν
1509 406 1614 432 ἐνδῦναι
1629 406 1734 442 στολήν.
1755 415 1765 432 I

1115 452 1167 479 550
1191 453 1219 479 '0
1236 453 1268 483 δ’,
1286 453 1323 483 ὡς
1345 452 1375 478 τὸ
1389 451 1492 487 δώρημ’
1508 450 1589 487 ἦλθεν
1605 453 1645 483 εἰς
1668 452 1750 479 αὐτοῦ
1771 452 1867 488 χέρας,

1115 497 1246 532 Φέροντος
1259 496 1365 531 ἀνδρὸς,
1382 496 1428 522 καὶ
1446 495 1593 531 προθύμως
1606 496 1747 531 λαμϐάνει,

1115 542 1169 568 Καὶ
1183 541 1231 576 τὴν
1249 541 1345 576 ἰάμϐου
1359 541 1507 576 κομψότητ*
1520 542 1620 577 ξαμὸίῳ

1116 587 1221 618 Βάλλει,
1235 586 1287 612 τόδ’
1304 586 1388 612 εἰπών
1399 594 1406 601 ο
1427 595 1436 611 ι
1456 586 1507 612 Καὶ
1523 587 1576 622 γὰρ
1589 587 1617 613 ὲν
1632 587 1819 622 βακχεύμασιν

1116 631 1179 659 Οῧσ“
1196 633 1246 667 ἦγε
1263 632 1389 667 σώφρων,
1403 633 1433 658 οὐ
1447 632 1668 668 διαφθαρήσεται.
1691 642 1701 659 »

1116 680 1167 706 555
1192 680 1219 706 ὐ
1231 680 1253 706 δ’
1264 679 1344 710 αὐτὸς
1366 678 1518 713 Ἀρχέλαος,
1534 679 1570 710 ὥς
1587 687 1679 713 φασιν,
1695 680 1760 707 ποτὲ

1115 724 1215 750 Λαὸεῐν
1230 724 1388 763 θελήσαντάς
1402 732 1427 750 τι
1440 724 1486 750 τοῦ
1498 724 1670 758 Σοφοκλέους,

1116 769 1248 806 Εὐριπίδῃ
1262 769 1351 796 δίδωσι
1365 770 1403 805 τῷ
1419 769 1574 805 σοφωτάτῳ,

526 846 554 882 id
572 846 647 882 dices
660 845 858 882 inexplebilem
871 845 1023 882 avaritiam,
1033 850 1084 882 aut
1101 847 1255 882 paupertati
1271 847 1373 882 aliquid
1387 847 1530 876 concedes.

527 880 579 907 Sed
595 880 667 915 quod
682 887 789 907 mensas
803 880 961 915 tyrannicas
973 881 1078 908 colebat

525 915 621 942 Plato:
638 915 688 941 heu
705 915 789 942 libros
803 919 831 941 et
847 915 991 948 praeclaros
1009 916 1131 944 labores!

523 950 697 1011 ἔθα-43],
718 950 769 976 515
789 949 865 976 Mitto
876 950 1041 981 auctionem,
1055 951 1109 979 imo
1127 960 1161 979 ne
1176 953 1329 980 auctionem
1345 952 1466 987 quidem,

549 986 581 1012 isi
597 986 700 1012 Libvus
716 984 826 1012 quidam
842 984 946 1011 Platoni
958 984 1061 1012 Griecia

559 984 581 1012 si
597 984 700 1019 Libyus
716 984 826 1018 quidam
842 984 946 1011 Platoni
958 984 1061 1012 Griecia

524 1020 661 1057 bit-liorem
677 1026 715 1057 ae_
722 1019 908 1057 benigniorem
923 1027 952 1047 se
967 1020 1146 1057 exhibuisset,
1167 1027 1194 1048 et
1209 1030 1294 1057 parvo
1310 1023 1398 1057 pretio

525 1055 643 1082 Gloriam
658 1058 685 1081 et
699 1054 820 1080 Platonis
834 1055 917 1081 libros
935 1055 1057 1082 emisset.

559 1090 720 1126 Cyrenensis
734 1095 821 1126 autem
836 1097 932 1126 magna
946 1090 1054 1126 quidem
1067 1091 1172 1119 exstitit
1184 1092 1292 1120 dicendi
1306 1092 1433 1126 libertas;

524 1124 586 1152 520⁷
596 1125 648 1151 Sed
663 1129 751 1151 tamen
767 1124 884 1151 libertati
897 1126 988 1151 luxurii
1002 1125 1123 1158 miscuit,

524 1159 628 1186 Bonum
640 1159 740 1186 hederis
752 1159 956 1186 salsamentaria
971 1160 1108 1187 doctrina.

524 1195 607 1230 Qlens
625 1194 698 1221 enim
713 1198 849 1230 unguenta
865 1198 1036 1230 compotores
1053 1196 1194 1230 perﬂabat.

525 1229 629 1256 Moruin
646 1233 735 1255 autem
750 1229 891 1256 urbanitas
905 1235 929 1256 et
942 1229 1074 1257 dicacitas

526 1264 576 1300 Via
595 1265 633 1300 illi
649 1268 726 1290 erant
740 1264 773 1290 ad
786 1263 919 1300 captanda
936 1272 1057 1291 munera.
1073 1264 1119 1292 Sic
1133 1265 1278 1300 aliquando

530 1299 582 1326 525
607 1299 712 1326 Vestem
732 1299 902 1330 muliebrem,
918 1301 1038 1333 sapiente
1051 1299 1195 1332 Archelao,

525 1333 622 1361 Nescio
633 1334 779 1369 quomodo,
792 1338 837 1369 aut
847 1341 928 1368 quam
941 1334 976 1361 ob
987 1342 1108 1367 causam,

527 1368 660 1401 Donanté,
674 1368 750 1395 Plato
763 1368 871 1402 quidem
889 1369 960 1394 illam
977 1377 1031 1397 non
1046 1369 1160 1403 accepit,

526 1404 646 1430 lambum
665 1412 698 1431 ex
712 1403 838 1437 Euripide
856 1403 997 1438 proferens
1013 1409 1165 1439 opportune
1178 1425 1184 1431 .

530 1449 539 1463 ι
556 1439 632 1465 llaud
650 1439 810 1466 feminarum
827 1439 948 1465 vestibus
963 1440 1065 1473 possim
1082 1439 1167 1467 indui.
1185 1449 1194 1465 ι

526 1474 578 1500 550
597 1474 641 1500 llle
654 1481 727 1504 vero,
742 1477 770 1500 ut
784 1481 880 1500 uulnus
896 1473 922 1500 in
936 1473 995 1507 ejus
1008 1482 1104 1502 manus
1118 1477 1206 1508 venit,

520 1509 561 1535 Ab
578 1509 669 1542 aliquo
684 1509 805 1540 allatum,
822 1508 946 1542 protinus
960 1508 1046 1536 libens
1060 1510 1145 1544 cepit,

523 1543 555 1569 At
570 1544 650 1570 iambi
668 1544 785 1577 leporem
803 1543 918 1570 iambico
933 1543 987 1569 telo

522 1578 661 1605 PercuSsit
677 1579 719 1605 his
735 1578 822 1604 verbis
836 1585 843 1604 :
859 1587 868 1603 ι
883 1577 940 1604 Non
955 1578 1027 1604 enim
1044 1577 1072 1605 in
1085 1577 1186 1606 Bacchi
1202 1578 1301 1613 orgiis,

526 1613 553 1639 Si
567 1617 642 1639 casta
657 1614 754 1640 mulier
770 1613 884 1644 exstitit,
900 1613 1052 1639 vitiabitur.
1067 1622 1075 1637 ι

524 1648 575 1674 55Γί
595 1647 665 1674 Idem
680 1648 838 1679 Archelaus,
858 1651 887 1674 ut
899 1651 1022 1679 narrant,
1039 1655 1100 1673 eum
1114 1645 1262 1680 aliquando

523 1683 631 1716 Aliquid
650 1684 683 1708 ab
695 1691 728 1708 eo
743 1683 821 1708 vellet
835 1683 959 1717 accipere
973 1682 1132 1716 Sophocles,

529 1717 644 1744 Donavit
656 1717 682 1744 id
698 1717 819 1752 Euripidi
835 1717 1048 1752 sapientissimo,

309 1805 361 1833 515
381 1805 417 1843 Τὸ
433 1806 467 1843 δὲ
482 1806 633 1840 τραπέζας.
663 1807 704 1834 Sit
728 1808 764 1834 ita
788 1815 863 1840 sane,
886 1807 959 1843 quod
981 1807 1057 1834 Plato

274 1841 408 1875 vituperio
427 1841 525 1876 dignus
546 1850 600 1868 non
620 1842 664 1873 sit,
685 1843 721 1869 ob
740 1848 846 1869 vectum
863 1841 1057 1877 iu'zﬁgyptum

277 1880 436 1903 meicatura:
455 1884 538 1903 causa
553 1878 658 1910 oleum;
679 1885 714 1904 an
735 1886 799 1904 vero
822 1879 849 1904 in
873 1879 919 1904 tali
939 1879 998 1905 viro
1016 1885 1058 1903 re-

274 1911 455 1947 prehensione
473 1912 585 1946 dignum
599 1920 653 1939 non
676 1917 728 1944 est,
748 1913 820 1947 quod
838 1913 864 1939 in
879 1912 1001 1939 Siciliam
1022 1912 1053 1938 ad

274 1945 433 1980 Dionysium
465 1945 601 1980 juniorem
636 1955 666 1974 se
698 1945 846 1975 contulerit
880 1948 1056 1981 cupediaruin

274 1981 387 2017 amore?
409 1982 482 2015 quod
509 1987 582 2009 certe
606 1982 796 2016 philosophum
823 1982 981 2015 dedecebat,
1011 1982 1058 2017 qui

275 2016 385 2050 scriptis
400 2018 487 2043 victus
504 2017 661 2044 tenuitatem
678 2017 862 2051 proﬁtebatur.

310 2051 361 2077 3M
380 2051 438 2078 Φεῦ
452 2052 560 2085 λόγων.
576 2051 615 2078 lta
631 2052 731 2079 habent
747 2053 827 2080 codd.
843 2052 929 2080 Coisl.
949 2055 976 2079 et
992 2051 1054 2078 Vat.

274 2084 360 2112 Ρη]ιό
376 2088 440 2113 edit.
453 2084 551 2120 λέγων.

310 2121 362 2147 515
383 2121 434 2147 Ἐῶ
452 2121 552 2155 λέγειν
565 2122 676 2155 πράσιν
692 2131 732 2148 τε.
748 2122 877 2154 Quaedam
892 2121 1054 2156 exponenda

276 2160 349 2187 sunt,
370 2160 398 2182 ut
417 2158 582 2191 inlclligatur
602 2158 645 2183 hie
669 2158 754 2184 locus.
782 2157 856 2183 Plato
871 2164 885 2183 e
901 2156 994 2183 Sicilia
1011 2164 1054 2183 re—

276 2190 364 2223 diens,
377 2192 408 2218 ad
422 2190 547 2225 Egiliam
563 2193 677 2219 insulam
695 2193 839 2227 appulsus,
857 2191 890 2218 ad
908 2199 989 2226 quam
1007 2199 1054 2217 ac-

277 2227 370 2252 cedere
385 2227 597 2254 Atheniensibus
613 2228 727 2261 capitale
742 2232 810 2257 erat.
829 2227 976 2252 maximum
994 2226 1056 2252 vita:

276 2261 422 2288 discrimen
446 2262 522 2287 adiit.
547 2261 666 2289 Tandem
690 2262 800 2291 quidam
823 2261 898 2290 Aier.
924 2261 1056 2291 Anicetis,

277 2271 422 2288 ιΙΙδΕΓΙΠΙΕη
446 2271 522 2287 λιυιιι.
552 2271 666 2289 tandem
690 2271 697 2288 (
711 2271 800 2288 lllualll
823 2271 898 2290 mer.
924 2271 1056 2291 mulcens,

277 2296 415 2323 meliorem
433 2305 462 2323 se
477 2302 529 2323 tota
547 2298 679 2324 exhibens
692 2271 806 2327 (lirzecia,
822 2304 882 2330 quae
897 2296 930 2323 ab
946 2295 1057 2330 ngine-

276 2331 311 2358 tis
334 2331 367 2359 de
393 2331 549 2359 redimendo
578 2332 691 2359 Platone
718 2332 873 2359 nullatenus
904 2331 1056 2362 laborabat,

1107 1814 1168 1833 eum
1184 1811 1265 1840 atque
1285 1805 1372 1840 ipSius
1397 1804 1495 1832 tamam
1515 1808 1542 1832 et
1564 1805 1718 1833 doctrinam
1734 1804 1832 1841 viginti
1850 1811 1899 1834 aut

1107 1842 1221 1875 triginta
1236 1841 1317 1868 minis
1331 1841 1439 1867 eoemit.

1142 1874 1193 1903 3M5
1210 1878 1243 1903 Εὶ
1264 1876 1307 1910 μὴ
1330 1874 1467 1902 Πλάτωνί
1485 1883 1530 1907 τις
1548 1875 1640 1908 Λίϐυς
1659 1874 1713 1907 τῆς
1742 1875 1895 1909 Ἑλλάδος.

1107 1910 1154 1938 Sic
1172 1911 1325 1946 legendum,
1347 1915 1489 1946 ut_sensus
1508 1915 1535 1937 et
1553 1914 1672 1946 metrum
1683 1914 1800 1937 constet.
1821 1911 1893 1938 Edit.

1110 1947 1141 1972 Εὶ
1156 1944 1290 1980 μὴήΛίϐυς
1303 1954 1343 1977 τις
1360 1944 1410 1980 τῆς
1422 1945 1563 1976 Πλάτωνος
1583 1945 1717 1976 Ἑλλάδος.

1142 1979 1192 2007 Sil
1209 1980 1364 2007 Βλάπῖων.
1386 1979 1446 2006 Vat.
1476 1979 1595 2014 βάπτων.
1630 1979 1774 2013 Ἀλμυρῷ.
1802 1979 1896 2007 Salsa—

1107 2016 1268 2042 mentariam
1289 2015 1420 2049 Aristippi
1438 2014 1590 2041 doctrinam
1605 2016 1733 2051 appellat,
1747 2016 1820 2049 quod
1836 2017 1895 2051 ipse

1106 2051 1252 2085 voluptatis
1269 2054 1390 2078 assertor
1406 2055 1474 2076 erat.

1143 2084 1194 2112 5:29
1213 2085 1323 2119 θῆλυν,
1341 2086 1378 2111 ita
1398 2085 1482 2111 Coisl.
1508 2084 1579 2111 Edit.
1595 2085 1714 2119 Θήλειαν.
1738 2085 1840 2112 Versus
1853 2085 1897 2112 hic

1106 2125 1149 2147 est
1162 2121 1298 2154 Euripidis
1311 2121 1337 2147 in
1350 2120 1460 2146 Bacchis
1475 2119 1537 2146 854.
1555 2119 1620 2147 Vide
1635 2119 1773 2147 Laertiou
1787 2121 1815 2147 in
1836 2119 1897 2146 Vita

1105 2155 1248 2182 Aristippi.

1124 2164 1282 2234 féfiipﬁ‘sa
1298 2190 1361 2224 ἥγε.
1378 2189 1423 2216 Sic
1443 2189 1506 2216 Vat.
1527 2193 1554 2216 et
1570 2189 1655 2217 Coisl.
1677 2189 1748 2217 Edit.
1764 2190 1836 2217 male
1845 2190 1895 2225 οὐχ

1109 2235 1139 2252 ου
1153 2234 1213 2258 ηγε.

1127 2234 1402 2321 ;;5Y€'88;1130arrdg
1417 2268 1443 2286 τι
1456 2259 1519 2286 τοῦ.
1537 2259 1620 2287 Coisl.
1636 2264 1663 2287 et
1675 2258 1737 2286 Vat.
1749 2259 1897 2294 ἐθελήσαν-

1143 2304 1155 2321 Ξ
1171 2304 1203 2321 Υε
1215 2304 1272 2321 του-

1110 2304 1155 2326 τος
1171 2304 1203 2328 γε
1215 2304 1272 2321 του.

912 2387 1079 2417 METRICA
1102 2386 1249 2416 VERSIO.

276 2446 335 2483 Non
353 2447 552 2483 criminandum
566 2457 572 2475 :
586 2447 690 2482 dasque
703 2448 803 2483 inopiae
813 2447 963 2483 quidpiam.

277 2482 383 2518 Mensas
399 2482 537 2510 Platonem
549 2483 596 2510 sed
612 2484 690 2518 sequi
708 2482 876 2518 tyrannicas,

276 2516 377 2553 Turpe,
391 2522 417 2544 et
433 2519 538 2545 labores
553 2522 634 2553 atque
646 2516 799 2546 doctrinam
815 2518 946 2545 indecens
959 2525 966 2544 :

277 2551 354 2579 Mixto
372 2554 538 2584 auctionem,
556 2551 616 2587 quae
631 2562 681 2581 nec
695 2554 836 2580 habuisset
852 2554 954 2585 locum,

277 2586 308 2614 Ni
326 2588 496 2620 praestitisset
512 2586 614 2615 Grzecia
630 2597 689 2616 sese
707 2588 816 2616 Africus

277 2622 484 2658 Benigniorem;
501 2631 618 2658 namque
636 2624 731 2658 paucis
747 2623 869 2650 numulis

277 2657 400 2692 Philonis
414 2658 479 2684 emit
494 2657 611 2692 gloriam
631 2657 663 2685 ac
679 2659 834 2685 scientiam.

316 2690 428 2728 Fiducia
444 2690 506 2720 οτίέ
515 2701 612 2728 magna
629 2694 768 2728 Aristippo
782 2694 853 2720 fuit:

280 2726 333 2754 Sed
347 2727 440 2761 juncta
456 2726 572 2754 nimiuui
587 2729 661 2755 luxui
681 2726 753 2756 foedo
770 2733 870 2755 tamen.

279 2761 442 2798 [lassumque
458 2763 539 2790 niisto
553 2764 682 2798 dogmate
692 2768 734 2790 est
751 2763 820 2790 falso
833 2764 943 2790 bonum.

280 2796 348 2833 Nam
365 2798 552 2831 comliiboues,
569 2796 689 2832 unguine
706 2799 762 2833 ipse
777 2798 901 2832 perlitus,

282 2831 411 2864 Aillabat;
426 2837 507 2866 atque
521 2831 636 2860 comitas
649 2831 766 2865 morum,
777 2831 810 2859 iet
823 2832 893 2860 sales

284 2866 353 2894 Huic
367 2867 526 2898 muniebant
538 2869 686 2896 niaximum
699 2868 733 2895 ad
746 2872 878 2904 quaestum
890 2868 970 2894 Viam.

1075 2455 1097 2482 Β
1113 2446 1158 2473 Sic
1172 2446 1306 2482 Archelao
1323 2445 1516 2482 regequodam
1534 2449 1656 2482 tempore

1113 2482 1219 2508 Vestem
1237 2479 1365 2508 olferente
1383 2479 1482 2508 femina
1496 2481 1605 2514 dignam
1622 2480 1710 2515 (haud
1724 2479 1782 2508 scio

1112 2518 1169 2549 Qua
1184 2521 1274 2543 mente
1289 2523 1389 2542 munus
1403 2516 1497 2550 istud),
1515 2516 1584 2541 hanc
1601 2516 1712 2550 quidem
1723 2515 1801 2544 Plato

1111 2551 1227 2584 llejeeit.
1243 2550 1310 2577 illud
1323 2552 1465 2584 proferens
1479 2550 1618 2584 Euripidis
1630 2560 1637 2578 :

1115 2596 1123 2612 ι
1141 2587 1198 2612 Non
1214 2586 1374 2612 feminarum
1391 2586 1513 2613 vestibus
1529 2593 1627 2620 queam
1642 2585 1730 2612 indui.
1743 2594 1753 2612 ι

1111 2621 1162 2648 llic
1181 2625 1283 2652 autem,
1299 2625 1328 2647 ut
1343 2621 1403 2654 ejus
1420 2628 1520 2647 munus
1535 2622 1562 2647 iu
1576 2628 1671 2647 manus
1684 2621 1766 2654 idem,

1112 2656 1227 2683 Ferenie
1242 2657 1371 2690 quodam,
1390 2657 1471 2686 venit,
1490 2657 1539 2682 hoc
1557 2655 1648 2682 statim
1661 2656 1770 2690 accipit,-

1113 2691 1229 2718 Versum
1244 2697 1270 2717 et
1286 2691 1406 2726 rependit
1424 2691 1514 2726 versui
1528 2691 1754 2726 lepideqaltﬁerum,

1113 2726 1177 2753 Haec
1191 2726 1264 2753 dicta
1281 2725 1396 2752 fundens
1410 2735 1416 2752 :
1433 2735 1441 2750 ε
1455 2725 1514 2762 Non
1528 2726 1599 2752 enim
1614 2725 1640 2751 in
1658 2725 1757 2753 Bacchi
1770 2725 1863 2762 Orgiis

1115 2762 1237 2789 Matrona
1253 2765 1330 2788 casta
1346 2761 1415 2788 labis
1434 2761 1535 2795 aliquid
1550 2762 1701 2787 contrahet.
1717 2770 1726 2786 ι

1115 2797 1187 2824 Idem
1199 2796 1359 2826 Archelaus,
1375 2801 1403 2822 ut
1420 2795 1520 2827 ferunt,
1537 2803 1597 2822 cum
1614 2799 1740 2829 posceret

1117 2831 1265 2866 Sophocles
1279 2832 1312 2858 ab
1327 2831 1373 2858 illo
1388 2831 1538 2865 quidpiam,
1554 2831 1604 2866 hoc
1616 2830 1738 2865 Euripidi

1118 2865 1195 2894 Dedit
1208 2866 1315 2894 erudito
1329 2867 1464 2901 protinus,
1481 2866 1562 2893 verba
1574 2865 1630 2892 hac
1645 2865 1780 2901 loquens:
