1942 3047
227 110 280 137 715

227 167 279 195 480
292 162 342 192 Ὧν
353 174 403 198 εις,
416 163 446 190 τὸ
463 163 553 190 πλεῖον
566 163 621 189 τῶν
637 163 794 196 ἀναγκαίων
808 163 880 200 ἔχειν

227 213 318 248 Μηδέν
333 220 360 238 τε
378 211 477 247 μέτρον
487 209 585 236 εἰδέναι
600 209 650 244 τῆς
665 210 796 244 κτήσεως,

227 258 320 286 Κακοῦ
334 257 364 284 τὸ
379 258 469 292 χεῖρον
482 255 627 292 φάρμακον
637 255 822 290 ποιουμένους,

228 304 367 339 Διψῶντας
379 302 452 337 αὑτῷ
469 302 508 337 τῷ
522 301 596 336 ποτῷ
610 301 821 336 καυσουμὲνους.

235 350 280 382 Ἐξ
291 347 332 382 οὗ,
346 347 472 382 τίγίνεθ“,
488 347 526 378 ὡς
541 345 700 382 παράδοξον,
714 346 820 378 σκόπει,

229 396 282 424 485
299 395 355 422 Ἀεὶ⁹
369 393 496 421 πένεσθαι
506 392 545 428 τῷ
555 392 659 419 λιπόντι
671 392 838 427 κτωμένους,

230 441 332 477 Τέρψιν
343 440 370 467 δὲ
381 439 427 466 τοῦ
444 439 590 474 κτηθέντος
599 439 629 464 οὐ
645 438 753 465 δύνασθ*
770 439 853 474 ἔχειν,

229 483 328 530 Τῷςμὴ
345 486 479 530 παρόντιᾷ
489 486 535 512 καὶ
551 485 605 520 γὰρ
617 486 727 530 ὲιιτήχει
744 485 855 521 φρένας.

263 526 376 566 Πρῶτος
390 531 439 566 μὲν
451 526 528 562 οὗτος
541 529 665 561 εὐτελοῦς
680 530 751 565 ζωῆς
766 530 856 565 νόμος,

231 578 323 605 Ἔστιν
342 576 364 603 δ’
377 575 624 611 ἐκεῖνος-δεύτερος.
639 576 690 601 Τὸν
711 574 835 610 Ἀϐραὰμ

230 623 282 651 490
301 622 353 649 Τὸν
369 622 552 658 πατριάρχην,
565 623 610 648 τὸν
625 622 741 656 Θεόπτην
758 621 803 647 τὸν
819 621 914 656 μέγαν,

230 669 321 702 Οἴκου,
339 668 434 703 γένους
445 676 485 700 τε,
500 667 629 703 πατρίδος
648 667 805 700 ἐξελκύσας,

235 716 265 742 '0
282 715 336 741 τῶν
349 714 483 750 μεγίστων
494 714 634 748 οἰκονόμος
650 712 815 748 μυστηρίων,

231 760 278 792 Εἰς
291 760 343 795 γῆν
359 759 491 795 μετήγαγ’
505 759 622 790 εὐκόλως
636 758 791 793 ἀλλοτρίαν,

546 106 574 133 S.
595 105 760 135 GBEGORII
780 105 904 138 THEOL.
925 105 1108 137 CARMINUM
1127 104 1229 132 LIBER
1249 104 1270 132 l.
1291 103 1520 131 THEOLOGICA.

1798 103 1854 133 718

1029 165 1051 194 Α
1065 161 1155 192 Ξένον,
1170 160 1310 195 πάροικον,
1326 159 1450 193 ἇστεγον,
1465 157 1648 194 πλανώμενον.

1068 206 1121 233 495
1137 205 1231 236 Πίστις
1243 205 1297 241 γὰρ
1312 202 1401 231 εἷλκεν
1418 204 1532 231 ἐλπίδων
1546 204 1600 231 τῶν
1615 204 1760 240 μειζόνωνο

1071 253 1168 288 Ἀρτον
1184 251 1206 278 δ’
1224 251 1319 278 Ἰακὼϐ
1335 251 1381 277 καὶ
1395 251 1498 286 σκέπην
1508 251 1568 285 ῇτει
1582 251 1672 285 μόνον,

1074 298 1180 334 Ὀρμῶν
1191 297 1318 332 ποταμῶν
1333 298 1391 323 ποτ’
1406 298 1445 328 εἰς
1458 297 1553 332 μέσην,
1569 296 1661 333 ὥσπερ
1676 297 1767 332 λογος,

1068 344 1100 370 Εἰ
1113 343 1159 370 καὶ
1169 343 1367 378 πολυθρέμμων
1382 343 1519 368 ἐπάνεισιν
1531 341 1656 378 ὕστερον,

1065 390 1167 417 Μισϐὸν
1177 389 1279 416 δίκαιον
1291 390 1436 425 εὑρόμενος
1453 386 1528 415 οὗτον
1539 389 1636 415 πόνων.

1066 437 1117 463 500
1129 436 1183 462 Καὶ
1195 435 1274 461 τοῦτο
1290 435 1312 461 δ’
1323 435 1409 461 εἰπεῖν
1424 433 1453 461 εὖ
1469 434 1525 470 ἔχει
1539 435 1606 469 πρὸς
1618 433 1659 466 οἷς
1673 434 1740 470 ἔφην
1753 442 1761 450 ’

1066 481 1169 516 Μωσῆς
1185 482 1222 508 ὅτ’
1237 481 1302 507 εἵσω
1319 481 1366 508 τοῦ
1381 481 1481 515 γνόφου
1502 481 1581 516 μόνος
1602 482 1675 516 μόνῳ

1066 527 1126 562 Θεῷ
1141 527 1341 563 προσωμίλησε,
1357 528 1405 554 καὶ
1417 526 1514 559 πλαξὶν
1528 527 1608 562 νόμον

1067 573 1181 600 Διπλοῦν
1197 573 1307 606 ἐδέξαθ’,
1325 570 1346 608 ᾧ
1357 573 1426 600 λεὼν
1440 572 1491 609 ἦγε
1504 574 1590 610 μέγαν
1601 581 1608 588 ·

1067 621 1126 646 Τότ’
1141 618 1187 646 οὖν
1205 620 1321 656 μερίζων
1334 621 1366 656 ἢν
1378 621 1510 656 κατέσχον
1530 621 1562 647 ὲκ
1577 620 1656 652 Θεοῦ,

1067 666 1120 693 505
1131 665 1237 697 Ἀλλοις
1251 666 1300 701 μὲν
1317 667 1399 702 ἄλλην
1412 668 1464 702 γῆν
1479 667 1613 702 ὲμέτρησε
1630 666 1717 702 ξένην·

1069 712 1142 744 Υἱοῖς
1157 711 1186 738 δὲ
1201 711 1267 738 Λευῒ
1281 713 1381 749 κλῆρον
1391 714 1420 740 οὐ
1433 713 1508 749 νέμει
1524 713 1622 748 μόνοις.

1068 757 1175 792 Κλῆρος
1192 757 1246 792 γὰρ
1263 759 1356 792 αὐτοῖς
1370 760 1383 786 ὁ
1399 759 1551 794 κράτιστος,
1563 757 1596 794 ἦν
1608 758 1683 790 Θεός.

480 880 534 918 ίιβο
554 879 656 918 ιιοιζιιιιι
671 888 724 918 una
737 884 789 911 est,
810 881 871 915 plus
887 888 968 918 quam
985 883 1136 910 necessitas
1155 883 1286 918 requirat,
1302 883 1414 914 habere,

480 915 536 952 Nec
553 915 664 952 modum
676 916 761 952 ullum
776 915 982 952 possessionum
995 924 1153 952 agnoscere,

481 950 550 977 Malo
562 951 681 985 pejorem
694 951 758 978 dum
772 951 888 978 facimus
902 950 1076 984 medicinam,

482 986 665 1020 Sitientesque
682 986 741 1020 ipso
754 989 820 1020 potu
832 991 989 1014 aestuamus.

482 994 665 1020 amentesque
682 994 689 1012 ι
711 994 741 1013 so
754 994 820 1020 pom
832 994 989 1014 aeswamus.

480 1020 520 1047 Ex
534 1029 588 1056 quo
603 1021 669 1055 quid
682 994 738 1052 diu,
752 1028 889 1056 quamque
903 1021 1003 1048 mirum
1020 1020 1066 1052 sit,
1082 1020 1242 1047 considera:

479 1055 533 1082 485
551 1055 603 1082 Per
614 1055 640 1082 id
652 1056 724 1090 quod
739 1056 825 1087 deest,
843 1063 950 1090 semper
964 1063 1059 1083 sumus
1077 1063 1209 1090 pauperes
1220 1057 1246 1082 in
1263 1056 1370 1090 opibus,

481 1090 575 1124 Neque
591 1098 625 1118 ex
643 1090 785 1125 acquisitis
800 1090 965 1125 voluptatem
981 1091 1064 1117 ullam
1077 1091 1216 1125 percipere
1233 1098 1391 1125 possumus,

482 1125 595 1160 Propter
615 1125 642 1152 id
659 1125 730 1160 quod
750 1133 803 1152 non
818 1126 895 1152 adest
910 1136 916 1153 :
930 1125 981 1152 hoc
991 1125 1063 1152 enim
1081 1130 1197 1152 mentem
1211 1126 1348 1152 Iabel'acit.

517 1160 605 1195 Atque
617 1161 662 1187 illa
675 1161 783 1194 quidem
800 1160 886 1195 prima
900 1161 1005 1188 exstitit
1021 1160 1083 1187 vita:
1097 1161 1229 1195 simplicis
1246 1161 1298 1191 lex.

481 1194 544 1222 Haec
557 1199 648 1222 autem
665 1194 997 1222 secundaJAbraliamum

481 1230 534 1258 490
551 1229 750 1260 Patriarcham,
768 1237 895 1265 magnum
910 1229 956 1256 Dei
974 1229 1227 1264 contemplatorem,

481 1265 578 1300 Domo,
595 1272 703 1298 genere,
723 1265 810 1300 patria
826 1268 990 1297 extractum,

481 1299 534 1332 Qui
552 1296 732 1327 maiimbruni
746 1299 918 1334 dispensator
931 1304 974 1326 est
984 1296 1196 1334 mysteriorum,

482 1334 511 1361 ln
525 1339 624 1361 terram
636 1334 707 1360 haud
721 1335 835 1361 invitum
851 1335 990 1361 transtulit
1005 1338 1173 1363 extraneum,

482 1369 634 1404 Hospitem,
651 1369 825 1404 inquilinum.
840 1370 899 1396 sine
915 1373 997 1400 tecto,
1013 1366 1207 1404 errabundum.

481 1402 630 1431 495'lllum
642 1402 713 1430 enim
731 1404 796 1431 ﬁdes
812 1404 869 1438 spei
887 1404 998 1437 majoris
1013 1402 1148 1430 trahebat.

483 1439 583 1466 Panem
598 1438 683 1466 Jacob
694 1442 721 1466 et
737 1444 826 1466 vesles
841 1438 1030 1465 tantummodo
1048 1438 1167 1472 petebat,

482 1473 624 1501 Profectus
641 1473 788 1508 aliquando
807 1475 834 1500 in
852 1469 1086 1508 Mesopotamiam,
1100 1475 1129 1497 ut
1146 1471 1229 1498 rel'ert
1245 1469 1397 1505 Scriptura,

482 1509 643 1543 Quanquam
662 1507 753 1543 postea
769 1509 845 1536 dives
861 1507 1006 1543 pecoribus
1022 1507 1110 1537 rediit,

481 1543 588 1570 Justam
604 1544 674 1570 hanc
689 1543 841 1571 mercedem
857 1544 981 1571 laborum
1002 1543 1127 1577 adeptus.

482 1579 534 1605 500
553 1578 641 1613 Atque
656 1579 723 1605 illud
738 1579 818 1605 etiam
833 1578 886 1608 his,
902 1586 963 1613 quae
978 1578 1045 1609 dixi,
1061 1584 1171 1613 :equurn
1185 1581 1225 1603 est
1240 1576 1340 1603 addere
1355 1584 1361 1602 :

481 1611 605 1646 Quando
615 1612 703 1640 Moses
718 1615 791 1639 intra
806 1611 950 1648 caliginem
965 1613 1041 1639 solus
1053 1619 1115 1648 cum
1133 1611 1190 1648 solo

482 1648 640 1683 Collocutus
655 1653 697 1675 est
711 1648 776 1680 Deo,
795 1655 827 1674 ac
842 1646 978 1683 lapidibus
995 1647 1157 1683 insculptam
1174 1646 1258 1683 legem

483 1682 623 1717 Duplicem
638 1684 753 1717 accepit.
769 1690 822 1717 qua
838 1681 965 1717 magnum
980 1682 1090 1716 regebat
1105 1681 1233 1715 populum
1251 1689 1257 1706 :

483 1716 560 1744 Tunc
575 1717 697 1744 dividens
715 1722 825 1748 terram,
846 1716 928 1751 quam
947 1725 961 1743 ιι
976 1717 1030 1744 Deo
1045 1717 1136 1743 datam
1150 1716 1290 1745 tenebant,

580 1751 657 1787 44],
673 1753 724 1779 505
736 1753 802 1779 Aliis
818 1753 928 1786 quidem
942 1752 1023 1778 aliam
1038 1759 1166 1787 emensus
1178 1754 1220 1777 est
1234 1755 1391 1777 extraneam
1406 1753 1518 1782 terram,

487 1786 559 1813 Solis
574 1786 663 1813 autem
685 1787 746 1814 liliis
760 1787 822 1814 Levi
837 1787 939 1813 nullam
954 1790 1056 1821 partem
1073 1786 1223 1813 distribuit.

486 1821 554 1849 Pars
570 1822 642 1849 enim
658 1822 712 1850 illis
727 1822 955 1850 ormstantissima
970 1826 1028 1848 erat
1042 1821 1124 1848 Deus.

270 1942 322 1970 482
337 1941 544 1975 Ποιουμέινους,
566 1941 602 1968 Ita
617 1940 700 1968 Coisl.
716 1941 786 1976 Edit.
802 1941 979 1976 ποιουμένοις.

270 1978 322 2004 485
331 1976 412 2008 Αὐτῷ
427 1976 476 2008 τῷ.
493 1977 532 2002 lla
546 1976 627 2003 Coisl.
640 1976 710 2003 Edit.
725 1975 792 2002 εἶναι
805 1976 852 2011 τῷ.
873 1976 933 2003 Mox
951 1984 1016 2002 καυ-

237 2013 364 2046 σουμένου
370 2021 390 2043 ς,
403 2011 560 2038 combustos.

270 2045 322 2074 485
336 2046 377 2078 Τῷ
387 2047 506 2072 λιπόντι
517 2045 694 2080 κτωμένους.
711 2045 793 2073 Coisl.
806 2046 924 2072 λειπόντι
938 2054 1019 2080 τηκο-

273 2091 342 2113 νους.

237 2082 392 2151 μὲιῖἓῗῗῖοῦ
406 2116 573 2149 κτηθέντος.
589 2115 672 2151 Qoisl.
688 2115 744 2151 ρῶν
765 2115 928 2151 κτηθέντων.

270 2152 323 2178 495
337 2149 455 2178 Εἶλκεν.
475 2151 533 2177 Vat.
550 2155 575 2177 et
588 2150 670 2178 Coisl.
687 2148 763 2185 ἦγεν.

1105 1941 1156 1967 499
1171 1942 1284 1968 Miami?
1309 1941 1425 1967 δίκαιον
1444 1943 1602 1975 είυοόμενος
1623 1939 1714 1969 οὗτον
1739 1944 1850 1971 πόνων.

1065 1975 1150 2002 Coisl.
1170 1976 1263 2011 μισθὸν
1279 1976 1389 2002 δικαίων
1405 1977 1551 2011 εὑράμενος
1570 1977 1670 2004 τοῦτον.
1690 1977 1748 2005 Vat.
1768 1979 1850 2006 etiam

1069 2010 1228 2046 εὑράμενος.
1241 2026 1274 2030 ~—
1287 2010 1451 2038 Benedictini
1466 2010 1524 2046 post
1536 2011 1600 2038 edit.
1617 2021 1706 2039 servm
1713 2018 1790 2040 erunt
1807 2022 1853 2040 vo-

1069 2043 1128 2071 cem
1140 2043 1230 2076 οὗτον,
1251 2054 1310 2080 quae
1327 2046 1420 2073 Gmco
1438 2043 1557 2073 idiomati
1579 2052 1706 2074 extranea
1723 2048 1851 2080 videtur;

1070 2079 1251 2118 diciturenim
1260 2079 1367 2118 ίτοῠτον,
1380 2089 1432 2108 non
1447 2090 1510 2108 vero
1520 2080 1604 2118 οὖτον.
1619 2081 1697 2110 Forte
1709 2083 1852 2118 legendum

1071 2115 1141 2142 foret
1158 2115 1255 2147 οὕτως.
1274 2117 1311 2142 sic
1321 2116 1423 2150 justam
1438 2117 1588 2149 mercedum,
1605 2121 1658 2144 etc.

486 2255 507 2282 ,ι
887 2244 1053 2273 METRICA
1068 2244 1217 2274 VERSIO.

237 2339 358 2372 Quorum
373 2345 444 2366 unus
456 2343 498 2366 est
512 2337 556 2366 hic
567 2359 574 2371 ,
590 2337 649 2373 plus
663 2338 763 2366 habere
777 2338 898 2369 scilicet,

237 2375 324 2407 Quam
340 2374 376 2400 sit
391 2381 517 2405 necesse.
533 2374 604 2401 scire
618 2381 667 2400 nec
683 2381 781 2400 census
798 2373 907 2399 modum
924 2382 930 2400 :

239 2410 388 2442 Morboque
401 2409 441 2435 sic
457 2412 499 2436 est
513 2410 690 2443 pharmacum
707 2409 862 2435 nocentius.

239 2445 307 2471 llin’:
322 2451 418 2478 porro,
434 2451 514 2478 quam
529 2451 571 2470 res
590 2444 658 2470 mira
675 2443 812 2477 contingat
823 2463 830 2474 ,
845 2443 905 2470 vide
921 2451 927 2469 :

239 2479 275 2506 Iit
290 2487 387 2513 mmipe
402 2479 489 2512 major
502 2483 597 2514 surgat
609 2486 641 2505 ex
657 2482 721 2512 potu
736 2478 797 2505 sitis
807 2499 814 2510 ,

238 2515 291 2541 Per
307 2514 388 2548 idque
403 2514 506 2545 miseri,
522 2522 576 2548 quo
590 2517 695 2543 carent,
712 2513 825 2548 penuria

240 2550 353 2583 Semper
367 2549 500 2580 laborent,
515 2548 644 2582 gaudium
661 2549 710 2575 nec
724 2549 843 2574 sentiant

239 2585 280 2611 0b
294 2582 388 2616 parta;
403 2591 463 2610 nam
480 2584 551 2618 quod
569 2583 670 2614 delieit,
685 2587 802 2610 mentem
818 2582 925 2617 premit.

274 2619 363 2652 Atque
376 2619 427 2645 ista
442 2619 504 2646 vita:
517 2619 603 2652 prima
621 2619 662 2645 lex
675 2623 717 2645 est
732 2618 870 2652 pauperis.

239 2654 275 2681 At
293 2654 349 2680 haec
364 2654 483 2680 secunda
498 2663 505 2680 :
518 2661 623 2680 summa
637 2653 684 2687 qui
699 2653 827 2688 mysteria

240 2688 396 2723 Dispensat.
415 2689 480 2723 egit,
498 2689 651 2723 patriarcha
672 2692 701 2714 ut
719 2688 863 2717 maximus.

239 2723 409 2758 Conspector
428 2728 508 2758 atque
521 2723 646 2750 Numinis
661 2724 771 2755 summi,
788 2723 909 2754 domum,

240 2757 402 2792 Patriasque
416 2757 504 2790 sedes,
522 2766 583 2785 cum
596 2758 756 2792 propinquis
771 2757 908 2788 omnibus,

240 2792 392 2828 Linquens,
406 2794 494 2821 obiret
511 2797 619 2820 exteras
634 2798 731 2824 terras,
747 2800 841 2828 vagus,

1035 2344 1054 2370 Β
1069 2338 1227 2374 Carensquc
1243 2341 1327 2370 tecto,
1342 2338 1453 2365 dissitas
1470 2338 1568 2374 longe;
1586 2338 1652 2366 fides

1070 2374 1204 2401 Trahebal
1221 2374 1335 2403 etenim.
1357 2381 1475 2408 spesque
1488 2375 1601 2408 majoris
1614 2374 1687 2400 boni.

1069 2408 1154 2436 Jacob
1173 2408 1308 2443 poposcit.
1323 2416 1392 2442 pane
1405 2408 1514 2443 dempto
1532 2414 1558 2435 et
1572 2410 1704 2438 vestibus.

1070 2443 1153 2474 Nihil,
1168 2445 1348 2471 iuteramnam
1360 2451 1389 2470 se
1404 2443 1466 2478 iuga
1482 2443 1515 2470 ad
1529 2449 1630 2471 terram
1646 2444 1736 2471 ferens
1750 2453 1757 2471 :

1071 2478 1150 2505 Dives
1167 2477 1274 2505 tametsi
1292 2482 1353 2512 post
1368 2477 1477 2505 domum
1495 2479 1647 2509 reverterit,

1071 2513 1190 2547 [Equum
1209 2513 1311 2540 laboris
1324 2514 1464 2547 przemium
1481 2514 1505 2540 id
1523 2519 1618 2540 nactus
1639 2514 1692 2540 sui.

1071 2549 1143 2580 Quin
1160 2548 1192 2574 ad
1208 2549 1300 2582 priora
1318 2548 1460 2576 commode
1476 2549 1526 2575 hoc
1539 2550 1617 2583 jungi
1633 2553 1722 2583 potest
1737 2557 1744 2575 :

1072 2583 1161 2611 Moses
1176 2588 1301 2617 receptus
1315 2585 1413 2610 montis
1430 2584 1457 2610 in
1471 2585 1627 2618 caliginem,

1072 2618 1153 2646 Solus
1170 2619 1278 2645 loculus
1294 2626 1355 2645 cum
1373 2619 1427 2645 Deo
1439 2624 1491 2650 est.
1509 2621 1594 2654 legem
1611 2626 1641 2644 ac
1655 2618 1766 2653 duplam

1070 2654 1194 2688 Accepit,
1211 2662 1306 2688 agmen
1323 2654 1435 2681 duceret
1448 2662 1501 2688 qua
1517 2654 1676 2680 maximum.

1072 2688 1149 2716 Tunc
1164 2697 1228 2722 ergo
1250 2693 1350 2715 terram
1372 2689 1593 2723 partiensdalam
1611 2697 1624 2715 a
1643 2688 1707 2718 Deo,

1072 2724 1141 2751 Aliis
1154 2724 1265 2758 quidem
1283 2724 1363 2750 aliam
1380 2731 1491 2752 mensus
1505 2729 1547 2751 est
1560 2728 1663 2758 partem
1680 2723 1749 2755 soli;

1073 2758 1138 2786 Levi
1152 2759 1198 2786 sed
1216 2759 1284 2786 ortis
1300 2759 1357 2793 ipse
1374 2759 1412 2786 nil
1432 2760 1498 2786 solis
1515 2760 1599 2790 dedit,

1074 2794 1151 2827 Quod
1168 2801 1232 2829 pars
1244 2801 1339 2822 eorum
1353 2799 1505 2829 przepotens
1522 2798 1595 2822 esset
1611 2793 1693 2820 Deus.
