1942 3047
48 183 101 213 ἿΞΙ

51 246 180 281 Γυμνοῐς,
200 248 339 284 ἀχάλκοις.
355 248 446 284 πῆραν
464 249 513 276 οὐκ
527 250 701 286 ὲξημμένοις,

58 292 232 325 Ἀσανδάλοις
243 302 273 320 τε
285 294 331 320 καὶ
345 295 469 330 ἀπόροις,
485 297 633 332 μυστήριον

50 337 139 373 Ὀλης
154 339 303 374 ἐπιτρέψας
314 341 363 375 τῆς
376 340 439 371 νέας
455 341 625 378 οἰκουμένης,

50 384 106 411 565
120 384 181 410 Καὶ·
190 385 257 420 μηδὲ
278 385 374 420 ῥάϐδον
390 386 418 412 ἐν
435 388 535 422 χειροῖν
552 388 604 414 ἐῶν
620 388 700 424 ἔχειν,

57 428 103 460 Ὠς
120 430 210 461 πίστις
225 431 267 465 εἴη
287 431 334 457 τοῦ
347 431 426 465 λόγου
440 433 469 459 τὸ
483 433 617 465 εὐσθενές.

51 474 126 509 ’Ὀρα
139 475 170 501 τὸ
186 475 288 510 μεῖζον·
307 476 367 503 οὐδὲ
384 477 422 513 τῷ
437 478 489 513 νέῳ
504 479 599 514 μαθεῖν

50 518 198 555 Χρῄζοντι,
217 521 275 553 πῶς
292 521 325 548 ἂν
341 521 387 548 τοῦ
403 522 505 549 τελείου
516 532 557 555 τις
571 523 656 558 τύχοι.

53 565 145 600 Ἀλλῳ
161 566 191 592 τὸ
204 565 298 602 ἄκρον,
317 567 334 602 ἢ
354 567 427 603 μόνῳ
444 569 618 604 περιγράφει,

50 610 104 637 570
120 610 165 646 Τῷ
177 611 232 638 δεῖν
242 612 348 639 ἅπαντα
364 615 420 645 τοῖς
433 614 531 650 πένησι
547 614 703 650 σκορπίσαι,

50 656 171 692 Eretupr
180 658 222 684 ἐπ’
238 657 320 693 ὤμων
334 659 379 685 τὸν
400 660 486 694 μεγαν
501 660 594 696 φέρειν
609 661 665 694 ἀεὶ,

49 702 131 736 Δὺτῷ
147 702 170 729 θ’
189 702 301 730 ἕπεσθαι
317 705 373 736 τοῖς
388 704 463 731 κάτω
479 705 668 741 νεκρούμενον,

50 747 139 783 Εἴπερ
155 749 248 785 ποθοίη
262 750 308 776 καὶ
324 750 505 785 συνυψοῦσθαι
515 751 585 786 Θεῷ.

48 793 131 821 Οὕτω
144 795 240 822 τελειοί
251 797 297 823 καὶ
313 796 430 828 τελώνας
443 797 538 832 εἰσόδῳ

300 927 397 960 Nudis,
413 928 472 964 sine
485 935 549 959 tere,
564 928 624 956 sine
641 935 716 964 pera,

300 963 365 999 §ine
379 963 520 996 sandaliis,
535 965 593 991 sine
604 961 700 997 censu,
717 961 879 999 mysterium

299 997 394 1025 Tutius
406 999 469 1025 nevi
486 999 659 1025 committens
675 997 789 1031 mundi;

601 190 723 220 SECTIO
743 191 773 220 ll.
790 192 956 222 POEMATA
974 195 1139 224 MORALIA.

1630 200 1684 229 7‘22

859 258 883 286 Α
897 255 948 282 575
963 255 1056 283 Πάντα
1071 255 1219 291 προθύμως
1234 256 1272 292 τῷ
1293 257 1352 292 Θεῷ
1361 258 1556 294 δωρουμένους·

898 302 953 329 Καὶ
965 302 1081 329 πειθέτω
1097 304 1242 338 Ζακχαῖος,
1258 303 1288 335 ὃς
1299 303 1421 330 πλουτῶν
1434 305 1535 337 κακῶς,

896 347 986 384 Οἴκτῳ
1000 349 1122 384 πενήτων
1138 348 1193 375 τῶν
1203 357 1232 375 τε
1248 349 1418 384 ἠδικημένων

900 394 1012 420 Πλουτεῖ
1020 394 1051 420 τὸ
1066 393 1204 427 πένεσθαι,
1222 395 1269 420 καὶ
1285 394 1370 431 ῥύπου
1388 396 1558 431 καθαίρεται.

934 438 1005 467 Εἶεν·
1019 439 1053 467 τὰ
1069 440 1118 476 μὲν
1131 440 1162 475 δὴ
1176 442 1323 477 χρημάτων
1338 442 1424 473 οὕτως
1440 442 1505 477 ἔχει.

897 485 949 512 580
968 486 1023 521 Τῆς
1037 485 1059 512 δ’
1074 487 1235 522 ἐγκρατείας
1253 487 1338 523 μικρὰ
1355 487 1404 522 μὲν
1417 487 1450 513 τὰ
1463 487 1516 513 τῶν
1528 487 1610 514 πάλαι

897 530 990 565 Eat,on
1004 532 1067 566 παρ’
1080 531 1192 567 Ἕλλησὶ
1207 541 1236 558 τε
1248 532 1295 558 καὶ
1306 532 1359 558 τῶν
1376 532 1531 568 βαρϐάρων.

896 577 951 603 Καὶ
971 576 1118 612 βαρϐάροις
1132 577 1186 612 γὰρ
1202 577 1251 612 τῆς
1266 578 1366 613 ἀρετῆς
1385 575 1418 612 ἦν
1438 586 1479 609 τις
1495 569 1583 612 λόῨος.

896 623 929 649 Τί
943 622 996 658 χρὴ
1006 623 1027 648 δ’
1042 623 1088 658 ἀφ’
1101 623 1179 658 ἡμῶν
1190 621 1234 650 οἷα
1245 624 1291 650 καὶ
1304 624 1354 650 ὅσα
1368 624 1482 659 γράφειν
1495 633 1503 657 ;

897 670 983 696 Πᾶσιν
999 669 1053 705 γάρ
1068 670 1126 696 ἐστι
1143 670 1280 705 περιφανῆ
1296 670 1343 696 καὶ
1355 669 1489 706 γνώριμα.

897 715 949 743 585
967 716 1091 742 Ἤκουσα
1104 715 1183 742 τοῦτο
1195 716 1245 751 τῆς
1258 716 1342 750 σοφῆς
1356 716 1521 751 τραγῳδίας·

898 771 907 787 ‹
924 762 1042 798 Γαστρὸς
1054 762 1081 788 δὲ
1092 762 1178 798 πειρῶ
1195 762 1284 788 πᾶσαν
1299 761 1376 797 ἡνίαν
1387 763 1506 798 κρατεῖν.
1524 771 1534 788 ι

896 809 972 844 Μόνη
990 808 1044 844 γὰρ
1061 804 1098 835 ὧν
1110 807 1244 834 πέπονθεν
1259 807 1309 834 οὐκ
1320 807 1376 842 ἔχει
1387 807 1476 844 χάριν.

298 1033 350 1068 565
364 1033 403 1060 Ac
415 1041 448 1060 ne
463 1034 590 1061 baculum
606 1033 716 1068 quidem
733 1032 861 1060 manibus
875 1036 982 1068 gestare
993 1031 1099 1066 sineris,

299 1067 333 1094 Ut
349 1068 414 1096 ﬁdes
428 1072 502 1096 esset
519 1069 595 1096 verbi
611 1067 704 1096 robur.

297 1103 385 1137 Majus
397 1103 534 1138 quidpiam
553 1103 657 1138 inspice
673 1113 680 1130 :
695 1111 729 1131 ne
742 1103 834 1138 juveni
847 1102 959 1138 quidem
973 1102 1083 1138 discere

296 1137 433 1173 Cupienti,
451 1137 587 1173 quomodo
598 1137 634 1166 ad
645 1137 783 1166 summum
798 1137 864 1172 quis
878 1137 1030 1173 perveniat,

296 1173 357 1199 Alio
370 1173 414 1208 vel
433 1172 492 1201 solo
505 1173 698 1208 perfectionem
713 1172 926 1204 circumscribit,

294 1208 347 1244 570
368 1207 401 1235 Ut
417 1207 521 1236 scilicet
539 1209 631 1235 omnia
651 1209 817 1244 pauperibus
835 1207 993 1244 distribuat,

297 1242 475 1278 Magnamque
489 1251 596 1278 semper
611 1242 720 1271 crucem
737 1243 860 1271 humeris
882 1243 962 1274 ierat,

295 1278 334 1313 ᾼε
351 1278 432 1305 rebus
447 1278 564 1305 terrenis
580 1283 705 1307 mortuus
720 1279 810 1313 ipsum
827 1281 968 1313 sequatur,

296 1312 325 1348 Si
339 1313 421 1340 etiam
439 1321 501 1340 cuni
517 1313 573 1340 Deo
585 1314 611 1340 in
629 1315 714 1341 altum
732 1312 791 1340 tolli
807 1314 909 1348 cupiat.

295 1347 341 1375 Sic
357 1353 384 1375 et
396 1349 531 1376 introiens
545 1349 644 1375 lustrat
661 1349 835 1384 publicanos,

295 1382 347 1410 5'75
361 1383 411 1410 Oui
433 1384 488 1410 Deo
503 1384 594 1410 omnia
609 1385 726 1410 libenter
740 1383 835 1410 tradun

361 1383 411 1416 Qui
433 1384 488 1411 Deo
503 1384 594 1411 omnia
609 1383 726 1411 libenter
740 1383 862 1411 tradunt.

294 1417 460 1454 Bersuadeat
473 1419 499 1446 id
515 1418 644 1446 Zachaeus
659 1419 715 1451 ille,
731 1419 779 1454 qui
793 1426 855 1445 cum
868 1417 938 1445 male
953 1417 1055 1444 ditatus
1069 1419 1142 1444 esset

295 1452 429 1489 Miserans
442 1461 586 1489 pauperes,
599 1458 625 1481 et
638 1462 687 1481 eos
698 1452 768 1489 quos
781 1454 897 1486 laeserat,

294 1487 458 1528 Paupertate
470 1487 591 1528 ditescit,
603 1494 629 1516 et
637 1497 656 1528 _a
670 1487 802 1528 sordibus
817 1491 994 1528 erpurgatur.

331 1523 420 1559 Atque
431 1524 488 1551 haec
501 1524 613 1559 quidem
627 1524 701 1552 dicta
717 1525 772 1552 sint
786 1524 820 1551 de
835 1523 949 1551 divitiis.

294 1558 346 1595 §89
355 1557 582 1595 _Deieontinentia
595 1564 685 1587 autem
707 1566 841 1595 perpauca
853 1559 892 1595 _ab
911 1557 1031 1592 antiquis

291 1593 466 1630 444-445
483 1594 668 1629 Sapientibus,
686 1591 743 1622 tum
756 1591 832 1630 'apud
847 1593 966 1630 Graecos,
979 1591 1038 1619 tum
1056 1591 1128 1626 apud
1140 1591 1272 1618 barbaros
1285 1591 1507 1627 suppeditantur.

291 1628 536 1664 Nain‘et‘barbari’s
554 1630 641 1657 virtus
655 1630 747 1664 aliquo
761 1628 789 1657 in
803 1629 891 1664 pretio
906 1628 966 1664 fuit.

289 1663 389 1700 Nostra
404 1669 504 1695 autem,
519 1673 579 1699 quae
594 1671 621 1692 et
634 1661 736 1700 quanta
751 1661 817 1697 sint,
834 1663 900 1699 quid
914 1663 1012 1690 attinet
1031 1661 1192 1689 describere
1203 1662 1224 1697 ?,

291 1699 360 1726 Sunt
374 1700 446 1726 enim
461 1700 606 1727 manifesta
622 1699 750 1727 omnibus
764 1704 790 1727 et
807 1705 882 1727 nota.

289 1734 342 1770 585
354 1734 453 1762 Audivi
468 1734 534 1761 illud
549 1735 682 1770 sapientis
695 1735 835 1770 tragwdia:
852 1744 859 1762 :

291 1778 300 1794 ι
320 1769 430 1797 Ventris
446 1777 547 1797 conare
565 1771 687 1798 habenas
698 1769 794 1798 omnes
807 1775 909 1797 tenere.
924 1779 933 1795 ι

289 1804 369 1832 Solus
381 1805 454 1831 enim
469 1812 575 1837 eorum,
593 1813 653 1840 qua:
668 1805 701 1833 de
718 1805 765 1833 illo
777 1806 921 1836 merueris,
937 1803 1052 1840 gratiam
1069 1811 1123 1830 non
1143 1803 1234 1830 habet.

80 1923 133 1952 562
148 1924 252 1962 ῌῆραν
268 1926 325 1953 οὐκ
350 1926 537 1962 ὲξημμένοις.
553 1927 650 1953 Peram
668 1936 720 1954 non
734 1927 830 1954 haben-

45 1960 115 1986 tibus
129 1960 278 1995 alligatam.

157 1995 343 2032 Ἐθτιτρέςτθζιιιιςτ
357 1995 395 2032 Ita
410 1996 470 2032 Vat.
485 1996 556 2024 Edit.
570 1996 747 2032 ἐπιστρέψας.

149 2030 205 2067 Καὶ
215 2031 293 2067 μηδὲ
303 2030 426 2067 ράᾼᾷὸοιν.
442 2031 503 2059 Vat.
521 2032 558 2067 μὴ
576 2030 671 2067 ῥάϐδον
686 2030 794 2062 αὐτούς.

81 2065 133 2102 566
154 2066 313 2102 Ερᾳθενές,
339 2065 400 2093 Vat.
430 2065 558 2099 ἀσθενές,’
577 2065 660 2102 quam
685 2067 828 2094 lectionem

45 2099 156 2137 praefert
170 2100 282 2134 Biliius;
298 2109 391 2128 verum
407 2102 475 2129 bene
495 2099 677 2137 minus'juxta
695 2102 830 2129 Combcii-

46 2136 117 2161 sium
134 2145 140 2162 :
156 2143 188 2162 eo
202 2137 301 2170 quippe
317 2137 369 2163 loci
385 2136 725 2164 commendatur'eﬂicacia
738 2141 765 2163 et
785 2144 830 2162 ro-

46 2170 108 2202 bur,
122 2171 166 2197 cui
185 2171 314 2197 nimirum
330 2172 493 2206 astipulatur
506 2172 594 2199 virtus
615 2172 718 2204 divina,
740 2172 829 2198 nulla-

45 2213 99 2239 que
113 2206 165 2232 alia
178 2209 324 2239 suppetunt
339 2207 513 2233 adminicula.

149 2242 196 2277 Τις
211 2241 308 2277 τύχοι.
323 2241 362 2268 Ita
376 2241 437 2268 Vat.
451 2242 521 2268 Edit.
532 2241 692 2277 κατατύχοι.

81 2275 133 2336 57.:
152 2275 195 2308 Τῷ
210 2276 271 2309 Θεῷ
289 2275 505 2311 δωρουμένους.
525 2276 610 2304 Coisl.
630 2275 676 2303 τοῦ
690 2276 756 2303 Θεοῦ
780 2276 832 2303 δω-

81 2318 117 2336 uu.
133 2318 178 2336 νου

47 2317 93 2345 pou
98 2317 178 2344 μενου

922 1926 974 1969 5:16
987 1926 1040 1953 Καὶ
1056 1925 1187 1952 πειθέτω.
1210 1925 1292 1952 Coisl.
1308 1929 1335 1951 et
1358 1922 1419 1950 Vat.
1437 1922 1524 1949 πείθει
1541 1923 1673 1956 Ζακχαῖος

887 1963 1122 2024 ὲκὲιῖἕηῖλουτεῖ
1139 1995 1172 2022 τὸ
1196 1994 1349 2021 πένεσθαι.
1380 1993 1539 2027 Paupertate
1564 1991 1672 2019 divitias

886 2032 1063 2065 consequitur.

921 2061 974 2093 579
985 2064 1072 2092 Εἶεν·
1085 2065 1132 2096 τά,
1157 2069 1209 2092 etc.
1234 2064 1298 2091 Haec
1316 2063 1387 2090 dicta
1410 2067 1505 2089 sunto:
1522 2061 1591 2097 quod
1615 2069 1674 2096 qut-

885 2101 944 2128 dem
961 2101 995 2127 ad
1015 2105 1195 2135 apesrspeetat,
1211 2100 1249 2126 ita
1266 2107 1348 2135 resse
1359 2098 1464 2135 Italiam:

921 2136 970 2163 581
987 2136 1042 2163 Καὶ
1053 2134 1122 2162 τῶν.
1137 2134 1221 2162 Prave
1235 2135 1262 2161 in
1276 2134 1357 2161 editis
1370 2134 1416 2159 ml.
1432 2134 1477 2168 γῇ.

921 2171 973 2198 584
987 2169 1222 2206 Περιφανῆηγιιμ
1243 2169 1362 2206 ἐμφανῆ.
1454 2203 1459 2206 _
1604 2201 1608 2206 .
1628 2200 1634 2206 .
1650 2201 1654 2206 _

922 2206 974 2232 586
995 2200 1134 2239 Γᾶσὶρὸξ
1143 2205 1187 2231 δέ.
1203 2200 1268 2231 Erat
1282 2200 1325 2231 hic
1342 2200 1436 2231 versus
1453 2203 1481 2229 in
1493 2200 1672 2239 monpsticbis

887 2240 1042 2268 Gratcorum
1057 2237 1209 2270 simtentiis,
1223 2247 1254 2266 ac
1265 2239 1373 2266 Cliareti
1386 2238 1536 2265 tribuitura
1553 2237 1671 2267 διοιιωοο

888 2283 1014 2303 sermone
1032 2275 1066 2303 16
1079 2276 1116 2302 De
1127 2275 1301 2302 continentia.
1313 2273 1389 2302 BILL.

694 2402 861 2433 METRICA
876 2402 1023 2432 VERSIO.

46 2495 143 2523 Totius
155 2495 232 2523 orbis
244 2495 272 2522 in
288 2503 386 2523 manus
401 2496 513 2524 tradens
529 2496 611 2524 novi:

47 2531 102 2558 Nec
117 2530 189 2558 ferre
203 2531 330 2558 baculum
342 2533 385 2558 vel
403 2532 488 2558 levem
503 2532 552 2559 hos
566 2532 661 2559 sinens
674 2539 757 2559 manu
769 2540 775 2558 :

48 2566 193 2593 lnlirmitas
205 2571 235 2593 ut
256 2566 375 2601 dogmati
393 2571 530 2594 astrueret
547 2567 638 2594 iidem.

47 2601 124 2633 Quod
139 2601 228 2636 majus
241 2601 304 2628 audi
322 2608 328 2626 :
346 2602 509 2636 postulanti,
521 2609 577 2635 quo
596 2601 678 2628 modo

48 2636 187 2663 Perfectus
204 2645 267 2664 esse
281 2641 385 2671 posset,
402 2636 620 2669 adolescentulo,

49 2671 162 2706 Virtutis
172 2679 263 2699 arcem
279 2672 338 2698 linit
351 2672 423 2699 haud
435 2673 493 2706 ipse
502 2672 587 2699 altera

50 2705 107 2742 pila
121 2714 158 2738 re,
176 2708 269 2742 egenis
285 2711 384 2734 cuncta
392 2705 474 2742 quam
490 2707 513 2734 si
524 2706 651 2741 protinus

49 2741 203 2776 Dispergat,’
218 2743 339 2769 humeris
353 2741 461 2776 semper
475 2745 503 2768 et
514 2746 601 2776 gestet
615 2749 736 2774 crucem,

48 2775 203 2811 ipsamque,
216 2777 299 2804 rebus
311 2775 437 2805 mortuus
448 2775 529 2804 terrae
539 2777 679 2810 omnibus,

49 2811 194 2846 Sequatur,
212 2817 289 2839 aveat
305 2820 366 2840 cum
382 2812 437 2840 Deo
452 2813 475 2840 si
491 2812 614 2840 subvehi.

50 2845 100 2882 §ic
108 2850 133 2873 et
151 2847 256 2882 telonas
271 2847 370 2875 lustrat
385 2849 510 2882 ingressu
524 2855 585 2878 suo.

50 2880 148 2910 Dantes
165 2881 281 2911 libenter
293 2882 404 2911 Numini
416 2880 526 2911 summo
541 2882 642 2910 omnia.

845 2499 869 2529 Β
884 2496 974 2523 Testis
987 2495 1127 2528 Zachaeus,
1143 2495 1191 2529 qui
1206 2494 1285 2522 malis
1303 2493 1379 2521 dives
1395 2492 1495 2525 modis,

885 2531 1019 2559 Miserans
1036 2535 1148 2565 egentes
1162 2533 1267 2565 postea,
1289 2533 1316 2565 et
1327 2536 1399 2565 quos
1414 2529 1528 2565 laeserat.

885 2566 991 2601 Pauper
1005 2564 1133 2599 opulente
1146 2564 1286 2601 redditus,
1299 2564 1386 2591 labent
1401 2564 1503 2601 expiat,

920 2599 1007 2635 Atque
1019 2601 1073 2628 ista
1085 2604 1166 2627 sunto
1177 2599 1301 2635 dictaide
1315 2606 1399 2626 censu
1413 2599 1492 2635 mihi.

884 2637 922 2663 Ac
935 2633 1102 2663 continentis
1114 2635 1235 2669 pectoris
1245 2634 1356 2661 Grmcos
1370 2633 1442 2668 apud

884 2671 1012 2706 Exempla
1030 2670 1153 2705 qumdam
1172 2673 1330 2706 suppetunt,
1349 2669 1533 2706 et‘barbaros.

885 2707 918 2733 Et
932 2703 1057 2733 barbaris
1068 2713 1131 2732 nam
1147 2703 1215 2732 cura
1225 2703 1336 2732 virtutis
1348 2703 1408 2731 fuit.

885 2741 956 2774 Quot
971 2745 1065 2768 nostra
1080 2747 1157 2772 vero,
1173 2743 1340 2774 quantaque,
1358 2739 1402 2766 hic
1422 2738 1593 2774 perscribere

882 2773 953 2809 Quid
968 2780 1010 2804 est
1024 2783 1146 2806 necesse,
1159 2773 1234 2802 clara
1251 2773 1314 2802 cuin
1331 2774 1386 2801 sint
1397 2773 1548 2801 omnibus?

882 2811 944 2838 lltec
956 2811 1070 2839 eruditae
1083 2810 1167 2838 verba
1179 2811 1234 2837 sint
1248 2809 1407 2844 tragoediae:

885 2856 894 2871 ‹
915 2847 1014 2874 Omnes
1035 2846 1156 2873 habenas
1167 2846 1273 2873 ventris
1286 2845 1344 2879 ipse
1363 2844 1481 2872 contine.
1503 2853 1512 2870 ι

883 2881 931 2909 Est
940 2889 1057 2917 namque
1072 2881 1137 2909 doni
1150 2881 1228 2910 solus
1238 2880 1341 2915 accepti
1354 2879 1508 2908 immemor.
