1942 3047
254 145 307 174 ’173

254 204 343 238 Μέχρι
357 202 426 234 τίνος
442 202 565 237 κόπροισι
583 202 734 237 παρέξομαι
746 210 753 235 ;
767 202 804 233 ὡς
823 201 895 228 ἃπαν
912 201 1008 228 ἐσθλὸν

289 249 364 283 Ζωῆς
377 247 527 283 ἡμετέρης,
545 247 672 282 δίστομός
683 249 741 273 ἐστι
757 247 848 282 χάρις,

255 294 395 327 Δέξασοαι,
412 293 489 329 ῥίψαι
499 301 528 319 τε
548 293 732 328 μετρούμενον
742 291 819 328 ἦμαρ
838 293 882 320 ἐπ’
902 291 990 328 ἦμαρ.

289 341 369 366 Βαιδν
385 339 482 375 λαιμὸς
496 339 563 374 ἔχει,
578 338 662 366 τᾶλλα
681 339 708 365 δὲ
722 339 800 365 πάντ’
818 339 923 374 ἀμάρη.

256 387 307 414 Hii
327 387 416 421 Χεῖμα
443 382 541 418 πάλιν,
561 385 638 420 θέρος
662 383 740 416 αὖθις
754 405 761 418 ,
792 385 940 420 ἀμοιϐαδὸν
964 383 1025 420 εἶαρ

891 430 1009 466 [ὀπώρην

291 478 404 513 Ἤματα
418 478 465 504 καὶ
479 477 585 508 νύκτες,
604 477 737 512 φάσματα
751 477 831 503 δισσὰ
851 477 920 511 βίου.

254 523 385 559 Οὐρανὸς,
401 522 458 555 αἶα,
474 522 607 553 Θάλασσα,
623 521 754 557 νεώτερον
767 522 843 548 οὐδὲν
857 522 964 556 ἔμοιγε,

290 569 352 596 Οῦϐ⁸
365 570 415 596 ὅσα
427 569 520 603 πηκτὰ
534 568 621 600 πέλει,
637 567 694 594 οὔθ’
710 567 727 594 ἃ
745 567 956 603 περιτρέπεται-

255 615 315 641 Τῶν
326 615 414 650 κόρος.
423 614 519 641 Ἀλλον
532 614 624 649 ἔμοιγε
637 613 693 649 βίον
706 613 753 640 καὶ
765 613 867 648 κόσμον
878 613 989 645 ὀπάζοις
1000 621 1007 628 ⁸

291 661 341 688 150
357 661 401 696 Τῷ
414 660 529 696 μογέων,
543 661 674 696 πρόφρων
688 660 802 695 πήματα
818 659 906 686 πάντα
923 660 1006 694 φέρω.

254 707 288 733 AZ
300 706 390 737 θάνον,
408 703 468 732 εὖτέ
487 714 520 740 με
534 705 637 740 μητρὸς
649 704 688 731 ἐνὶ
704 704 897 738 σπλάγχνοισιν
908 703 1017 739 ἓδησας,

288 751 375 782 Εὐθὺς
389 751 451 786 ἐμοὶ
469 751 562 785 σκοτίη
580 751 698 786 δάκρυον
713 749 859 785 ἀρχομένῳ
876 750 882 776 1

253 798 300 830 Τίς
313 798 384 833 βίος;
397 799 429 825 ὲκ
443 798 557 833 τύμϐοιο
570 797 668 832 θορὼν,
684 797 731 823 ἐπὶ
746 796 850 831 τύμϐον
868 796 952 822 ὁδεύω
964 805 970 811 ·

571 144 599 171 S.
619 142 783 171 GREGORII
800 142 925 171 TllEOL.
946 143 1133 171 CARMINUM
1153 143 1254 170 LIBER
1279 143 1297 171 1.
1322 143 1554 171 TIIEOLOGICA.

1835 142 1891 169 776

1059 205 1081 232 Α
1138 202 1185 228 Ἐκ
1197 202 1226 228 δὲ
1242 202 1348 236 τάφοιο,
1363 202 1428 238 πυρὶ
1445 201 1542 236 (laid/op:
1559 199 1729 236 ἀπηλεγέως.

1095 248 1144 275 155
1165 249 1236 275 Λὺτὺ
1252 249 1274 274 δ’
1291 249 1352 275 ὅσον
1373 248 1468 279 πνείω,
1481 247 1605 282 ποταμοῦ
1619 247 1679 282 ῥόος
1696 243 1758 272 ὦκα
1768 245 1892 278 θέοντος,

1127 294 1189 321 Αἱὲν
1203 294 1390 330 ἀπερχομένου
1401 313 1408 326 ,
1425 294 1574 329 ἐρχομένου
1589 293 1613 318 τ’
1630 291 1734 322 ὄπιθεν,

1098 340 1210 372 Ἐσταδς
1225 341 1301 368 οὐδὲν
1318 340 1426 375 ἔχοντος
1435 349 1442 355 θ
1455 340 1514 366 ὅλον
1528 339 1612 370 κόνις,
1627 338 1728 374 ὄμματ’
1739 338 1817 373 ἐμεῖο

1130 386 1271 417 Dinone".
1283 386 1320 418 ὥς
1332 395 1363 414 κε
1377 385 1445 413 Θεοῦ
1456 386 1521 421 τῆλε
1535 386 1611 412 πέσω
1628 384 1730 419 φαέων,

1094 432 1206 467 Τοίχους
1224 433 1246 458 δ’
1267 433 1431 468 ἀμφαφόων,
1447 432 1495 458 καὶ
1514 431 1653 466 ἀλώμενος
1668 430 1732 456 ἔνθα
1747 429 1794 456 καὶ
1812 428 1892 462 ἒνΟα,

1131 478 1182 504 140
1203 478 1280 513 Ζωῆς
1299 479 1348 514 τῆς
1365 478 1485 515 μεγάλης
1502 477 1582 509 ἐκτὸς
1601 477 1692 511 ἔχοιμι
1708 475 1786 502 πόδα.

1094 524 1230 559 Τολμήσω
1245 524 1306 551 τινὰ
1323 524 1407 560 μῦθον
1424 525 1569 559 ἐτήτυμον,
1583 523 1621 554 ὦς
1635 524 1670 558 ῥα
1684 522 1762 548 Θεοῖο

1131 570 1260 605 Παίγνιόν
1275 571 1333 597 ἐστι
1348 570 1454 606 βροτὸς,
1468 569 1522 596 τῶν
1537 569 1576 602 ἓν,
1597 569 1649 596 ὅσα
1666 567 1792 594 πτολίων.

1096 617 1179 643 ’Δλλο
1195 617 1342 652 πρόσωπον
1363 616 1493 653 ὕπερθεν,
1512 617 1527 643 ὂ
1543 616 1603 651 χεὶρ
1620 615 1724 650 κάμεν·
1749 614 1782 649 ἢν
1802 613 1826 639 δ’
1843 614 1890 648 ἄρ’

1737 659 1850 696 [dapem

1131 707 1261 743 Ἃζομαι,
1275 706 1405 743 ἐξαπίνης
1421 707 1554 743 ὲξεφάνην
1568 708 1670 743 ἕτερος.

1096 753 1147 780 145
1164 753 1241 784 Τοῖος
1257 751 1330 784 ἄπας
1343 753 1470 788 μερόπων
1493 753 1588 780 δειλῶν
1605 753 1670 788 βίος,
1693 750 1747 779 οἶσι
1762 751 1889 788 μέμηλεν

1132 798 1226 829 Ἐλπὶς
1239 797 1373 833 ὀνειραίη.
1389 798 1471 825 Ταῦτ’
1487 799 1557 834 ἔχετ’
1575 799 1615 830 εἰς
1629 797 1730 832 ὀλίγον.

501 875 651 910 Quousque
663 874 836 901 stercoribus
851 875 980 901 tenebor?
991 882 1053 902 vere
1069 875 1192 910 profecto
1208 877 1300 904 omnia

539 910 608 937 Vitae
623 911 812 946 uostrmrbona
827 910 976 946 ancipitem
993 910 1094 937 habent
1109 912 1276 946 voluptatem

499 946 633 980 Accipere
645 952 671 973 et
684 945 801 979 rejiccrc
817 945 990 976 demensum,
1008 953 1175 980 unoquoque
1190 947 1243 974 die.

537 981 636 1007 Parum
650 980 713 1014 quid
729 980 812 1006 habet
823 983 930 1014 guttur.
944 986 1041 1007 cui-tera
1053 988 1119 1008 vero
1132 982 1225 1008 omnia
1240 983 1346 1010 cloaca.

500 1016 553 1052 1ἳᾷ
574 1015 667 1043 lliems
685 1016 801 1052 iterum,
822 1019 904 1052 :estas
920 1023 1027 1052 rursus,
1044 1015 1169 1044 vicissim
1181 1025 1241 1050 ver,
1258 1023 1420 1052 autumnus,

538 1051 600 1078 Dies
613 1055 640 1077 et
653 1055 759 1079 noctes.
774 1050 838 1076 bina
855 1051 916 1076 vita:
929 1051 1091 1078 simulacra.

499 1085 616 1116 Ccelum.
636 1090 720 1117 terra,
737 1093 822 1117 mare,
837 1086 905 1111 nihil
923 1086 988 1111 mihi
1006 1093 1121 1120 prorsus
1135 1093 1237 1112 novum
1255 1096 1261 1112 :

535 1120 591 1148 Nec
606 1129 666 1155 qua:
678 1121 729 1147 fixa
747 1126 809 1146 sunt
823 1121 950 1155 (sidera).
965 1129 1016 1147 nec
1031 1129 1092 1155 qum
1107 1121 1345 1148 circumferuntur
1361 1131 1367 1148 :

499 1155 602 1183 Horum
620 1156 686 1182 mihi
703 1156 827 1182 satietas.
848 1155 936 1181 Aliam
953 1156 1019 1182 mihi
1035 1158 1130 1187 vitam,
1147 1160 1173 1182 et
1187 1156 1320 1182 mundum
1338 1157 1439 1189 tribue,

536 1191 588 1218 150
607 1191 658 1218 Cui
671 1191 811 1220 laborans.
827 1191 944 1218 libenter
959 1199 1055 1218 omnes
1072 1191 1212 1217 molestias
1230 1192 1329 1225 patiar.

500 1226 610 1254 Utinam
626 1231 750 1253 mortuus
768 1225 893 1258 fuissem,
907 1225 1018 1260 quando
1033 1233 1075 1261 me
1093 1226 1188 1253 matris
1201 1226 1228 1252 in
1240 1227 1393 1254 visceribus
1406 1225 1554 1261 colligasti,

536 1261 568 1288 Et
583 1262 675 1289 statim
690 1262 754 1287 mihi
769 1261 888 1287 tenebrae
905 1259 1040 1296 lacrymas
1055 1259 1169 1288 fundere
1182 1261 1336 1295 incipienti.

499 1296 567 1329 Qua:
581 1296 654 1323 vita?
667 1304 682 1323 e
694 1297 799 1322 tumulo
810 1297 941 1323 exsiliens
956 1297 990 1323 ad
1004 1296 1141 1322 tumulum
1154 1303 1257 1329 curro;

537 1331 558 1357 Ε
571 1332 674 1358 tumulo
691 1336 793 1362 anteiit.
810 1331 872 1366 igne
888 1332 1044 1358 tumulabor
1058 1331 1222 1358 sawissimo.

501 1367 553 1394 155
573 1367 630 1393 Hoc
647 1370 737 1393 autem
755 1367 856 1400 ipsum,
873 1366 944 1401 quod
959 1367 1045 1401 spiro.

1060 1367 1142 1393 veluti
1156 1373 1254 1393 cursus
1266 1365 1340 1394 fluvii
1355 1367 1448 1402 rapide
1459 1367 1609 1399 curreutls,

539 1401 653 1436 Semper
666 1402 812 1432 efﬂuentis.
836 1407 964 1435 retroque
981 1401 1131 1432 inﬂuentis.

500 1436 574 1472 Nihil
591 1435 689 1464 stabile
705 1437 852 1464 habentis:
868 1437 936 1464 nihil
949 1442 992 1464 est
1005 1445 1087 1471 quam
1104 1435 1193 1472 pulvis
1214 1435 1311 1464 oculos
1323 1444 1400 1464 meos

538 1471 661 1503 Feriens,
679 1476 708 1498 ut
724 1473 819 1506 procul
836 1480 851 1498 a
867 1472 911 1499 Dei
929 1473 1075 1506 splendore
1091 1471 1228 1504 excidam,

506 1505 628 1534 Parietes
643 1505 804 1540 attreCtans,
820 1512 846 1534 et
861 1508 913 1534 huc
928 1505 1046 1542 illucque
1061 1507 1206 1539 oberrans,

541 1541 592 1568 140
611 1541 632 1568 Α
649 1550 747 1577 magna
764 1542 808 1569 illa
823 1544 878 1569 vita
892 1543 986 1577 pedem
1003 1541 1152 1569 retraham.

505 1576 618 1612 Audebo
632 1576 746 1604 verbum
760 1578 870 1612 aliquod
883 1576 966 1604 verax
978 1578 1085 1610 dicere;
1098 1581 1172 1605 certe
1185 1577 1231 1606 Dei

542 1611 703 1648 Ludibrium
719 1616 762 1639 est
776 1611 858 1639 homo
876 1621 959 1640 unum
975 1621 1007 1639 ex
1025 1613 1069 1644 iis,
1083 1621 1144 1648 qua:
1158 1614 1186 1640 in
1203 1614 1318 1641 urbibus
1334 1612 1520 1640 celebrantur.

505 1647 684 1708 ﬁgi-$85
693 1648 751 1674 Alia
759 1649 883 1682 quantam
895 1652 1008 1675 externa
1019 1652 1061 1675 est
1075 1646 1160 1678 larva.
1175 1656 1255 1683 quam
1269 1655 1367 1675 manus
1377 1648 1542 1683 elaboravit;
1554 1648 1598 1676 sin
1609 1651 1700 1676 autem
1709 1646 1881 1679 detrahatur,

568 1684 652 1708 ubure
664 1682 814 1708 suﬂutidor.
835 1683 905 1708 alius
922 1687 1033 1708 repente
1048 1691 1109 1708 cum
1127 1691 1283 1708 appaream.

568 1682 652 1718 ultore
664 1682 814 1715 suﬂundor,
835 1683 905 1710 alius
922 1687 1033 1718 repente
1048 1691 1109 1710 cum
1127 1682 1283 1718 appaream.

507 1716 559 1754 Ηξι
579 1717 652 1744 Talis
671 1718 797 1754 universa
813 1716 976 1754 miserorum
997 1716 1224 1752 hominum'v'ita,
1239 1719 1342 1754 quibus
1359 1725 1432 1745 cum
1447 1721 1512 1745 sunt

541 1751 609 1787 Spes
624 1752 739 1780 somniis
759 1753 872 1780 similes.
892 1753 940 1781 His
957 1753 1079 1781 lruimini
1097 1753 1132 1780 ad
1143 1751 1226 1782 breve
1243 1751 1363 1788 tempus.

285 1828 335 1856 121
351 1828 528 1866 Παρέξομαι.
543 1828 627 1857 Coisl.
641 1837 703 1866 cum
717 1830 841 1866 pluribus
853 1829 937 1865 [ἴση.
966 1839 1037 1866 παρ-

251 1863 359 1901 “opai,
370 1870 401 1901 et
416 1872 477 1899 sup.
487 1865 535 1892 lin.
556 1863 764 1901 παρακάθημαι.
778 1863 955 1899 Stercoribus,
970 1863 1037 1893 ciliis

251 1900 399 1934 ingerendi;
410 1905 434 1926 et
448 1901 582 1934 egerendis
593 1900 717 1927 assiduus
737 1909 804 1927 sum.

287 1934 339 1961 122
353 1935 496 1969 Δίστομος
509 1935 604 1970 χάρις.
620 1935 648 1962 ld
662 1940 713 1967 est,
730 1935 817 1971 inquit
830 1935 891 1962 Bill.
908 1936 935 1962 in
949 1935 1034 1968 notis,

251 1978 345 2004 anceps
362 1971 491 2004 voluptas,
509 1971 581 2005 quod
601 1971 725 2006 intelligit
743 1971 776 1998 de
790 1971 858 1998 cibis
873 1978 942 2006 quos
962 1978 1035 1998 nunc

250 2005 412 2041 accipimus,
428 2013 501 2041 nunc
515 2006 635 2032 vicissim
652 2005 700 2040 per
713 2006 803 2033 alvum
817 2007 963 2041 egerimus.

287 2040 339 2067 124
362 2041 476 2076 Ἀμὰρη.
494 2040 522 2067 ld
542 2044 594 2076 est,
620 2045 764 2076 postquam
784 2040 880 2076 gustus
904 2041 1035 2068 nonnulla

250 2075 523 2110 voluptate'titillatus
537 2075 628 2107 fuerit,
645 2075 748 2112 reliqua
760 2075 851 2103 omnia
863 2077 962 2112 ineam
975 2083 1036 2103 cor-

252 2112 327 2144 poris
341 2116 443 2145 partem
469 2112 623 2142 volvuntur.
639 2119 700 2146 quae
717 2111 867 2140 educendis
891 2111 1005 2139 faecibus
1021 2119 1036 2139 a

251 2150 349 2173 natura
364 2146 499 2174 destinata
512 2149 563 2173 est.
577 2146 651 2173 BILL.

287 2181 338 2208 126
353 2181 495 2215 diducam
510 2181 602 2208 δισσὰ
610 2181 692 2212 βίου.
706 2181 754 2208 His
768 2181 859 2209 verbis
874 2180 1037 2208 brevissime

250 2219 278 2242 ct
291 2217 506 2243 luculentissime
523 2217 583 2242 vita:
603 2217 748 2243 vanitatem
763 2217 905 2247 describit.
919 2223 981 2242 cum
999 2216 1038 2243 ait

251 2258 302 2279 nos
316 2253 397 2279 etiam
417 2251 534 2279 interdiu
546 2251 659 2286 perinde
677 2259 710 2279 ac
724 2257 806 2279 noctu
828 2252 854 2278 in
873 2252 977 2279 somnis
991 2259 1035 2278 re-

1091 1838 1151 1858 rum
1168 1831 1282 1858 umbras
1294 1830 1418 1866 amplemi

1127 1867 1174 1893 151
1190 1867 1226 1893 Ai
1240 1865 1346 1893 (uiror.
1357 1865 1395 1892 lta
1418 1865 1469 1894 Job
1483 1874 1510 1899 ι,
1525 1865 1568 1893 18.
1585 1865 1673 1899 Quare
1685 1865 1716 1892 de
1733 1865 1810 1892 vulva
1820 1866 1882 1893 edu-

1090 1901 1155 1928 xisli
1171 1903 1231 1930 me?
1248 1902 1301 1934 Qui
1319 1902 1421 1928 utinam
1439 1907 1611 1935 consumptus
1626 1909 1721 1933 essent,
1739 1909 1771 1928 ne
1788 1902 1880 1929 oculus

1090 1945 1130 1963 me
1146 1937 1245 1964 videret
1254 1937 1264 1963 !

1125 1972 1176 1999 151
1191 1973 1264 2007 [lupi
1282 1971 1423 2006 ϐάψομαι.
1440 1971 1570 2007 Loquitur
1584 1972 1611 1998 in
1630 1980 1742 2006 persona
1758 1977 1882 2006 peccato-

1090 2007 1139 2036 ris.
1151 2015 1240 2041 pwnas
1251 2013 1418 2042 peccatorum
1435 2012 1494 2042 post
1509 2012 1618 2034 mortem
1631 2007 1755 2034 subituri.

1125 2043 1176 2069 156
1195 2043 1328 2069 Ὄπιθεν.
1348 2041 1431 2069 Coisl.
1446 2050 1507 2069 sui).
1523 2043 1571 2069 lin.
1593 2041 1684 2068 πάλιν.

1232 2050 1328 2071 πισεν.
1348 2050 1431 2070 ιλοιει.
1446 2050 1507 2071 8111).
1523 2050 1571 2069 1111.
1593 2050 1684 2068 παλιν.

1126 2050 1176 2069 Ioo
1196 2050 1328 2071 'urtwer.
1348 2050 1431 2070 LOISI.
1446 2050 1507 2076 sup.
1523 2050 1571 2069 un.
1593 2050 1684 2068 παλιν.

1126 2077 1177 2104 142
1192 2078 1345 2111 [latri-lor.
1364 2077 1451 2110 Plato,
1465 2078 1513 2104 lib.
1528 2086 1535 2104 I
1550 2081 1577 2104 et
1590 2085 1624 2104 vu
1637 2097 1644 2108 ,
1660 2077 1697 2104 De
1708 2076 1819 2112 legibus.
1832 2085 1881 2112 ap-

1091 2113 1473 2148 pellatrhouiinemiqtatywov
1491 2112 1569 2144 θεῶν,
1582 2113 1669 2148 iquod
1690 2112 1821 2148 praeclare
1839 2113 1881 2139 di-

1090 2152 1164 2183 ctum
1181 2147 1265 2183 fuisse
1280 2148 1318 2174 ait
1333 2147 1476 2183 Synesius.
1488 2152 1560 2175 crat.
1576 2147 1615 2174 De
1631 2147 1740 2175 Provid.
1756 2147 1797 2175 Ad
1813 2148 1879 2175 illud

1092 2182 1188 2209 alludit
1201 2182 1358 2217 Gregorius.

1127 2217 1178 2244 145
1190 2216 1340 2252 ἰ’περθεν.
1358 2217 1443 2245 Coisl.
1458 2217 1509 2245 lnt.
1522 2216 1664 2253 ἐξώτερον.

903 2328 1071 2358 METRICA
1083 2327 1221 2359 VERSIO

251 2412 416 2447 Quantisper
431 2412 538 2438 tandem
556 2409 626 2438 limis
642 2409 762 2447 hmrebo?
774 2409 916 2447 Voluptas,

286 2447 356 2475 Sunt
369 2445 500 2481 equidem
514 2447 574 2473 vitm
591 2446 734 2481 commoda
751 2449 852 2481 cuncta
863 2445 968 2480 biceps.

250 2482 353 2516 Quavis
366 2480 517 2516 accipimus
533 2482 592 2508 luce
608 2480 792 2515 ejicimusque
807 2490 812 2506 2
830 2480 925 2516 cloaca

284 2518 400 2548 Caetera,
417 2515 478 2543 cum
492 2521 586 2552 guttur
599 2516 716 2551 paucula
734 2517 818 2550 cepit.
837 2515 928 2552 habet.

249 2553 361 2582 Bruma.
377 2553 470 2579 calens
485 2551 578 2583 aestas,
593 2559 652 2582 ver.
668 2555 874 2585 autumnusque
889 2551 1012 2578 vicissim
1031 2559 1038 2577 :

286 2587 399 2622 Spectra
418 2588 473 2614 duo
487 2589 549 2614 vita:
566 2595 618 2614 nox
638 2587 720 2614 simul
735 2591 819 2621 atque
837 2586 907 2613 dies.

248 2619 374 2655 Caelum,
391 2630 499 2657 :cquor,
519 2623 675 2656 tellusoue;
695 2619 797 2649 novum
818 2622 887 2692 nih[il
907 2624 950 2649 est
972 2619 1039 2648 mihi

873 2663 1002 2691 prorsus;

873 2663 1002 2691 prorsus;

285 2692 344 2719 Non
360 2700 420 2727 quae
433 2696 497 2720 sunt
511 2697 585 2720 motu
603 2692 727 2727 praedita,
741 2699 858 2726 quaque
873 2696 981 2718 carent.

249 2727 293 2755 Nil
303 2735 396 2754 moror
405 2729 461 2755 haec
471 2738 477 2755 :
486 2729 568 2755 alium
581 2728 646 2754 mihi
655 2727 699 2759 da,
711 2735 758 2754 rex
768 2728 883 2762 optime.
893 2727 1039 2758 mundum,

284 2762 398 2797 Propter
416 2771 496 2798 quem
516 2764 560 2790 hic
578 2767 704 2798 prompto
719 2766 759 2789 tot
775 2763 846 2789 mala
868 2762 952 2798 corde
969 2762 1038 2790 fero.

248 2797 338 2830 Atque
355 2799 460 2825 utinam
474 2799 570 2825 matris
584 2806 626 2825 me
642 2805 716 2824 mors
730 2798 870 2831 rapuisset
885 2797 912 2823 in
925 2797 1000 2824 alvo!

285 2833 352 2859 Nam
370 2834 489 2860 tenebrae
503 2838 567 2860 nato
582 2841 644 2860 mox
660 2833 726 2859 mihi
741 2832 821 2859 fletus
837 2835 907 2860 crat.

249 2867 314 2901 Quae
323 2868 377 2895 vita
385 2868 450 2895 bxc!
457 2868 605 2896 Tumulum
613 2877 626 2896 a
633 2868 738 2895 tumulo
745 2872 807 2902 pcto
815 2874 924 2902 rursus;
931 2871 957 2896 et
964 2868 1035 2904 ignis

1055 2419 1076 2447 Β
1091 2445 1099 2447 _
1112 2409 1194 2447 _Post
1212 2409 1350 2436 tumulum
1367 2416 1466 2447 rursus
1482 2416 1532 2447 me_
1542 2409 1688 2447 tumul_a_bit
1698 2409 1783 2447 edax.

1090 2445 1177 2479 idque
1189 2445 1277 2478 ipsum
1286 2448 1329 2471 est
1340 2444 1413 2478 quod
1423 2444 1485 2471 vivo
1493 2445 1565 2471 velut
1576 2444 1769 2479 rapidissimus
1775 2444 1863 2473 amnis
1873 2454 1878 2472 :

1124 2480 1175 2513 Qui
1191 2487 1304 2507 sursum
1323 2480 1450 2506 exoriens
1466 2487 1574 2514 semper
1589 2481 1621 2506 ad
1640 2480 1693 2506 ima
1706 2479 1765 2506 fluit

1088 2514 1156 2543 Nam
1166 2514 1256 2550 magis
1269 2514 1342 2541 haud
1353 2514 1459 2542 stabilis
1474 2514 1528 2541 vita
1542 2515 1610 2548 haec,
1629 2522 1690 2549 quae
1711 2516 1879 2550 pulverisin-

1785 2555 1843 2578 star

1124 2584 1167 2612 Me
1181 2584 1318 2616 tenebrat,
1334 2583 1438 2612 Christi
1454 2583 1498 2611 fax
1511 2584 1577 2612 mihi
1591 2592 1626 2612 ne
1638 2585 1732 2613 rutilet
1747 2595 1753 2612 :
1772 2551 1782 2586 ι

1089 2620 1189 2657 Maenia
1206 2620 1254 2657 sed
1276 2620 1698 2657 palpans_vagor_hucillucque,
1714 2621 1866 2657 proculque

1125 2655 1179 2682 Ter
1193 2655 1278 2682 miser
1288 2654 1417 2682 azthereis
1433 2654 1547 2682 sedibus
1563 2655 1621 2689 ipse
1635 2654 1731 2682 cadam

1089 2691 1185 2728 Ludus
1201 2691 1285 2728 homo
1304 2689 1518 2728 (posita__vcru_r_n
1535 2691 1681 2728 formidine
1695 2691 1797 2728 dicam)

1127 2725 1255 2753 Numinis
1271 2730 1324 2756 est,
1342 2725 1432 2759 qualis
1449 2725 1553 2751 luditur
1567 2726 1634 2752 orbe
1652 2725 1792 2760 frequens.

1090 2761 1179 2788 Larra
1196 2761 1262 2795 tegit
1277 2761 1385 2790 Iaciem,
1399 2767 1452 2794 qua
1465 2760 1575 2794 dempta
1592 2761 1720 2795 protinus
1732 2761 1802 2790 alter

1124 2796 1285 2830 Reppcrior,
1302 2795 1411 2822 subitus
1429 2795 1510 2829 tingit
1525 2800 1553 2822 ct
1567 2804 1616 2822 ora
1632 2797 1728 2823 rubor.

1088 2832 1164 2860 Talis
1181 2832 1236 2858 vita
1252 2831 1393 2857 hominum
1412 2834 1464 2861 ('st,
1486 2838 1557 2864 quos
1568 2839 1631 2865 spes
1642 2832 1762 2859 delectat
1776 2831 1876 2860 inanis.

1126 2867 1164 2894 Ad
1182 2870 1292 2901 tempus
1310 2869 1429 2900 teneant,
1447 2867 1527 2900 queis
1546 2867 1630 2900 lubet,
1646 2867 1699 2895 ista
1713 2867 1808 2895 breve.
