1954 3047
280 153 332 183 79.)

273 214 308 242 Δ.
329 212 413 240 Οὐδὲν
427 213 458 240 τὺ
476 214 626 249 μιμεῖσθαι,
642 215 666 241 εξ
685 215 713 241 δὲ
730 216 777 242 καὶ
790 216 953 251 φαινοίμεθα

313 259 504 295 Χείρους,ῗτόδ’
521 261 634 296 αἰσχρὸν
651 260 698 287 καὶ
719 262 800 296 μάλα.

279 316 331 344 ηδ
349 318 383 344 Β.
405 318 523 352 Ὀρκους
539 317 567 344 δὲ
579 317 611 353 δὴ
627 318 743 353 μάλιστα
760 321 890 354 φευκτέον
905 322 998 355 ring;

310 365 345 389 Α.
365 362 483 398 Εὗιδηλόν
495 364 562 389 ἐστι.

279 419 314 446 Β.
334 418 408 454 Πλὴν
426 418 472 445 σού
492 420 518 453 γ’
537 419 646 446 ἀκούειν
661 420 792 454 ἀσφαλές.
813 424 848 449 Δ.
865 423 983 455 Τούτους
999 423 1071 458 λέγω

316 464 394 491 Ὅσοι
407 472 439 498 γε
453 464 674 501 φρικωδέστεροι.

279 522 312 548 Β.
334 520 461 552 Δέδοικας
475 521 578 554 εῑπετν;
591 523 623 548 Δ.
643 522 737 549 "Oc-oo:
752 523 785 550 ἂν
804 525 914 561 μνήμην
932 526 999 553 Θεοῦ

314 589 366 616 150
386 590 513 625 Ἔχουσιν
526 589 628 621 ἁπλῶς.

279 648 314 674 Β.
334 647 449 683 Γραφῶν
464 647 492 674 δὲ
501 647 532 682 δὴ
550 647 587 680 τί,
602 647 648 674 καὶ
668 647 780 680 πάθους,
798 649 844 675 καὶ
860 652 1032 687 προσφορᾶς

309 697 342 720 Α.
362 693 418 719 Καὶ
430 693 506 720 ταῦτ’
521 693 621 728 ὁμοίως
639 695 768 729 μυστικά.

277 752 311 778 Β.
338 751 419 786 Ἡμῖν
431 751 460 778 δὲ
474 751 506 786 δὴ
526 750 644 786 μάλιστα
659 750 713 778 τῶν
728 752 885 787 ὲγχωρίωνο

308 798 342 823 Α.
361 796 417 822 Καὶ
431 795 541 832 δακρύω
557 804 599 829 γε.

279 852 331 880 155
349 852 385 879 Τὸ
396 852 450 888 γὰρ
468 852 582 889 σύνηθες
599 854 646 880 καὶ
661 853 743 888 νόμος
754 853 924 882 καθίσταται.

313 899 388 935 Πλὴν
403 899 482 927 πάνθ’
499 899 590 926 ἁλωτὰ
605 900 644 935 τῷ
661 900 742 936 λόγῳ.

598 155 626 182 S.
648 155 813 184 GREGORII
833 156 958 185 THEOL.
978 158 1163 187 CARMINUM
1182 159 1287 186 LIBER
1304 159 1324 187 Ι.
1345 159 1575 187 THEOLOGICA.

1862 160 1916 190 80C

1083 223 1110 252 Α
1124 220 1158 246 Β.
1179 218 1234 245 Τίν’
1249 216 1296 245 οὖν
1308 218 1435 249 λέλοιπας
1448 218 1545 253 ὅρκον;
1560 219 1592 244 Α.
1608 216 1671 244 Εἴθε
1684 216 1797 253 μηδένα,

1157 264 1202 299 Μὴ
1215 264 1238 290 δ’
1252 262 1285 300 ἦν
1302 273 1344 295 τις
1358 263 1447 295 ἄλλος.

1121 311 1156 336 Β.
1176 310 1206 336 El
1226 310 1262 346 μὴ
1277 311 1404 344 γυναῖκα,
1422 309 1515 339 τέκνα.
1529 309 1578 344 τὴν
1591 307 1737 344 σωτηρίαν,

1163 356 1214 384 MO
1233 357 1320 392 Ζωὴν,
1336 357 1487 392 ἀπένθητον
1505 356 1571 391 βίον.

1120 403 1155 429 Α.
1182 402 1259 437 ’Λραὶ
1276 402 1332 428 τάδ’
1350 403 1432 434 ἐστὶν,
1448 402 1505 428 ἀλλ’
1519 403 1592 438 ὅμως
1607 402 1688 437 ὅρκος
1704 401 1787 428 δοκεῖ.

1156 449 1190 473 Β.
1211 447 1265 474 Καὶ
1279 447 1333 483 γὰρ
1345 447 1457 474 δοκείτω

1122 493 1213 525 Ταῦθ’,
1231 490 1259 519 οἵ
1266 502 1296 519 τε
1313 493 1359 519 καὶ
1370 493 1518 528 πληγέντες
1531 493 1582 519 οὐκ
1595 491 1734 528 ὀλώλαμεν
1745 500 1752 508 ·

1157 539 1255 574 Ψυχῆς
1271 539 1324 575 γὰρ
1340 539 1417 566 οῡπω
1431 539 1568 570 κίνδυνος·

1122 585 1173 612 145
1195 586 1246 611 Ἦν
1259 585 1408 617 ἐξολέσθαι,
1425 584 1559 620 παντελής
1577 585 1634 611 ἐστι
1650 584 1742 621 μόρος.

1154 633 1190 657 Α.
1217 630 1319 664 Ὀρθῶς
1333 630 1389 665 ἔχει
1407 639 1458 658 σοι.

1121 677 1167 703 Σοὶ
1179 676 1200 703 δ’
1215 677 1255 708 εἰς
1270 676 1387 708 ἅπαντα,
1405 678 1437 712 τῇ
1455 676 1529 708 ςέο-ει
1543 676 1592 711 τῆς
1609 675 1734 711 καρδίας,

1156 723 1232 754 Θεὸς,
1253 723 1386 758 τράπεζα,
1405 723 1532 757 φίλτατα,

1121 767 1250 802 Σταυρὸς.
1268 768 1347 803 γυνὴ,
1364 768 1394 794 τὸ
1411 767 1481 794 θεῖον
1495 765 1575 803 αἷμα,
1588 764 1658 802 αἷμα
1678 766 1735 800 σὺν,

1168 812 1219 839 150
1238 812 1276 847 Γῆ
1295 813 1341 839 καὶ
1356 812 1488 845 Θάλασσα,

1125 857 1159 884 Ὃ
1175 858 1282 893 πρῶτον
1299 859 1389 894 ﬁve-{1‘
1404 859 1421 895 ή
1437 859 1509 895 κακὴ
1523 858 1672 895 προθυμία,

1159 903 1204 939 Τῷ
1221 904 1260 939 σῷ
1275 904 1369 939 φθορεί
1384 905 1557 940 κινούμενονι

530 977 659 1014 ΑκΝὶΙιίΙ
675 985 741 1005 sane
756 977 858 1014 magni,
882 978 905 1005 si
919 985 969 1005 eos
985 979 1133 1009 imitemur.
1155 981 1209 1010 Sed
1223 983 1248 1010 si
1262 983 1407 1011 videamur

566 1012 731 1043 Deteriorcs,
749 1012 846 1040 erit'id
864 1013 1064 1047 turpissimum.

529 1048 582 1074 125
603 1047 636 1074 Β.
659 1047 788 1074 Οιιιιξιιειιιι
807 1053 896 1074 autem
914 1048 1064 1074 iuramenta

566 1058 582 1074 0
603 1058 636 1074 υ.
659 1058 788 1081 quantum
807 1058 888 1075 διιιειῐι

565 1084 598 1110 Α.
616 1083 758 1110 Manifesta
772 1091 817 1110 res
838 1088 890 1111 est.

659 1047 788 1088 Quaenam
807 1053 896 1075 autem
909 1048 1065 1083 juramenta
1078 1052 1196 1079 maxime
1209 1051 1358 1088 fugienda?

529 1117 562 1145 Β.
581 1118 634 1145 Sed
647 1122 736 1144 tamen
757 1126 789 1145 ex
806 1122 832 1145 te
849 1118 944 1145 audire
961 1119 1047 1148 tutius
1067 1121 1130 1148 erit.
1149 1121 1184 1148 Α.
1200 1121 1248 1148 Illa
1262 1120 1325 1148 dico

565 1152 738 1188 Quaecunque
754 1153 939 1180 horribiliora.

528 1187 561 1214 B.
573 1187 852 1225 _l§nar_rare_metuis?
867 1188 900 1214 A.
919 1188 1058 1225 Quotquot
1073 1190 1160 1219 Deum

572 1223 620 1250 150
641 1223 807 1257 Simpliciter
820 1229 983 1252 memorant.

528 1257 562 1285 B.
581 1257 651 1294 Quid
667 1258 692 1286 si
710 1258 878 1294 Scripturas.
900 1264 947 1285 aut
966 1261 1132 1294 passionem.
1148 1263 1196 1287 aut
1210 1259 1397 1287 sacriﬁcium?

565 1293 598 1319 Α.
622 1292 691 1320 Sunt
712 1294 769 1319 haac
787 1293 890 1327 pariter
906 1292 1006 1322 arca—na
1020 1300 1046 1323 et
1063 1297 1187 1326 mvstica.

527 1327 560 1354 Β.
576 1328 611 1366 At
619 1329 702 1366 nobis
715 1326 893 1366 (juraiuentai
907 1329 978 1357 inter
992 1326 1146 1366 praecipuas
1160 1331 1213 1358 loci
1231 1326 1457 1358 consuetudines.

564 1365 597 1389 Α.
619 1363 666 1390 Est
681 1364 729 1394 ita.
748 1363 830 1398 idque
843 1363 940 1390 deﬂeo.

530 1398 581 1425 155
598 1398 664 1425 Nam
680 1397 850 1425 consuetudo
867 1399 950 1425 etiam
963 1397 1032 1432 legis
1048 1399 1155 1426 obtinet
1175 1398 1266 1425 locum
1284 1406 1290 1424 ι

567 1432 619 1469 Sed
636 1437 727 1461 tamen
743 1434 834 1469 omnia
848 1433 957 1469 ratione
968 1434 1040 1460 vinci
1060 1438 1187 1469 possunt.

528 1467 561 1495 B.
577 1468 719 1501 Quodnam
737 1476 801 1503 ergo
815 1468 1009 1502 jusjurandum
1024 1465 1171 1497 concedis?
1183 1467 1205 1495 Α
1222 1466 1333 1496 Utinam
1352 1465 1474 1493 nullum!

565 1503 657 1538 Neque
673 1504 747 1530 aliud
763 1511 876 1538 prorsus
889 1507 972 1531 esset.

530 1537 563 1565 B.
584 1536 685 1571 Quidni
708 1536 895 1573 per-uxorEm,
912 1538 993 1569 ﬁlios,
1008 1536 1136 1568 salutem,

567 1573 618 1600 MO
639 1572 737 1605 Vitam,
752 1581 897 1609 prosperos
914 1572 1049 1609 eventus?

528 1607 561 1635 Α.
582 1609 652 1636 Sunt
666 1603 960 1643 haac’ii'nprécationes.
974 1607 1028 1634 Sed
1042 1611 1132 1634 tamen
1143 1604 1338 1641 jusjurandum
1352 1603 1492 1631 videntur.

564 1643 598 1670 Β.
616 1644 655 1671 Ac
668 1644 891 1671 sanevideantnr
907 1643 982 1669 talia.

528 1677 576 1705 llis
588 1679 640 1706 etsi
655 1679 787 1711 laedimur,
802 1686 856 1705 non
875 1682 967 1705 tamen
986 1675 1117 1712 perimus.

564 1713 687 1740 Nondum
703 1714 800 1740 animae
817 1713 980 1748 periculum,

530 1736 1006 1784 565363”i23"03§ﬁ£aiﬁaém
1021 1744 1122 1780 perire,
1145 1740 1285 1777 perfectus
1301 1742 1344 1766 est
1361 1736 1501 1765 interitus.

563 1786 594 1810 Α.
613 1783 695 1811 Recte
707 1785 763 1810 haec
780 1785 828 1811 tibi
843 1792 872 1811 se
887 1783 998 1810 habent.

528 1817 588 1845 Tibi
609 1826 674 1846 vero
698 1819 737 1846 ad‘
745 1810 837 1846 omnia
847 1810 911 1853 quae
925 1817 1066 1847 accidunt,
1084 1817 1152 1841 aestu
1166 1810 1271 1843 cordis,

559 1853 641 1886 Deus,
658 1861 763 1884 mensa.
780 1862 825 1881 res
840 1853 1021 1882 charissima,

528 1888 614 1919 Crux.
630 1897 710 1920 uxor,
722 1889 832 1916 divinus
848 1889 971 1924 sanguis,
991 1885 1105 1921 sanguis
1124 1888 1200 1915 tuus,

574 1924 622 1951 150
635 1924 717 1951 Terra
732 1929 758 1951 et
772 1932 858 1957 mare,

533 1958 668 1993 Quidquid
685 1960 801 1994 primum
823 1954 893 1985 mala
911 1954 1188 1994 cupiditasprotulit,

570 1991 738 2029 Corruptore
754 1998 801 2021 tuo
818 1991 968 2025 incitante,
985 1991 1150 2019 adhibentur
1161 2010 1168 2022 ,

333 2073 369 2101 25
381 2073 458 2100 mea
470 2072 530 2099 καί.
546 2072 585 2099 lta
600 2072 755 2107 legendum.
769 2072 799 2099 In
814 2072 881 2099 edit.
895 2071 982 2099 deest.
997 2071 1032 2107 ει.

316 2108 368 2136 ης)
383 2109 492 2135 Ὅσσοι
506 2107 554 2134 ἄν.
572 2106 642 2134 Ειιιι.
656 2109 719 2135 τοὺς
733 2108 818 2138 ὅσσοι,
836 2107 908 2134 unde
933 2106 1070 2133 claudicat

279 2151 388 2178 versus,
402 2148 429 2172 et
441 2144 539 2172 deinde
555 2143 644 2178 Exoua’
664 2150 713 2179 pro
727 2142 828 2177 ἔχουσι,
848 2142 981 2169 (ΙΑιιιΑιι.

1157 2067 1208 2094 140
1227 2067 1419 2098 Ἀπενθητυν.
1441 2064 1529 2091 Vitam
1545 2063 1662 2091 maeroris
1677 2067 1819 2098 expertem.

1157 2103 1208 2129 145
1219 2100 1255 2128 Ol
1267 2111 1306 2128 τε.
1328 2096 1365 2127 Ita
1391 2099 1473 2126 habet
1495 2100 1577 2127 Cnisl.
1602 2099 1688 2127 codex
1710 2096 1768 2130 οἷός
1793 2107 1823 2125 τε
1849 2097 1906 2126 καί.

1120 2137 1201 2165 Forte
1218 2137 1360 2173 legendum
1375 2136 1446 2162 foret
1462 2135 1528 2166 οἵοις
1546 2143 1576 2161 τε
1593 2134 1660 2161 και.”

934 2218 1102 2248 ΜΕΤΒΙΟΑ
1116 2215 1265 2245 VERSIO.

280 2304 316 2333 A.
333 2302 382 2330 Nil
396 2303 505 2338 grande,
522 2302 545 2328 si
556 2310 651 2337 pares;
671 2302 757 2328 locum
771 2304 798 2327 at
816 2299 960 2328 tenebimus

325 2339 390 2366 Victi
403 2338 531 2365 minorem
549 2338 669 2372 turpiter.

280 2385 315 2414 Β.
335 2385 370 2412 At
382 2384 475 2420 fugere
485 2391 618 2418 quosnam
633 2383 752 2410 maxime
764 2381 866 2409 horcos
884 2379 1033 2408 convenit?

318 2421 352 2447 Α.
375 2420 403 2447 ld
418 2425 461 2447 est
478 2423 612 2454 apertum.

281 2465 317 2494 B.
342 2465 445 2492 Audire
457 2469 485 2491 at
502 2465 552 2491 abs
567 2468 593 2492 te
605 2465 699 2492 tutius.
718 2464 751 2491 Α.
767 2463 824 2491 llos
839 2463 972 2497 intelligo,

320 2500 372 2534 Qui
387 2500 513 2527 tetriores
528 2500 643 2527 caateris.

285 2547 318 2575 B.
341 2546 428 2574 Times
445 2547 560 2580 referre?
575 2546 608 2573 Α.
630 2545 763 2580 Quotquot
777 2544 826 2571 alti
842 2542 969 2570 Numinis

323 2581 464 2615 Sumpsere
479 2589 582 2607 nomen.

286 2627 320 2655 B.
343 2625 416 2659 Quid
428 2625 536 2660 Scripta
547 2632 637 2656 sacra,
654 2624 757 2660 passio.
772 2627 853 2659 atque
865 2622 987 2650 oblatio?

322 2662 354 2688 A.
380 2661 451 2688 Sunt
463 2668 530 2688 sane
547 2665 574 2688 et
587 2660 638 2687 ista
657 2661 782 2695 mystica.

286 2707 323 2737 B.
343 2707 442 2736 Jurare
463 2712 564 2735 tamen
577 2707 646 2740 haec,
673 2714 723 2734 nos
744 2705 826 2741 apud,
855 2711 915 2731 mos
931 2707 983 2741 _est
1006 2702 1059 2730 fre-

761 2739 770 2741 “
928 2739 1037 2775 [quens.

324 2776 358 2803 A.
379 2776 445 2804 Est:
462 2777 543 2811 idque
559 2777 646 2811 ploro.

275 2819 348 2857 :Mos
363 2821 463 2856 quippe
477 2821 576 2856 longus
587 2821 692 2857 obtinet
711 2820 778 2857 legis
794 2820 895 2848 locum.

325 2856 361 2883 At
376 2857 445 2885 ratio
460 2857 499 2885 nil
516 2864 572 2884 non
590 2856 681 2884 cﬂicit.

1084 2296 1152 2330 Β-Β.
1178 2294 1296 2322 [loreum
1323 2300 1389 2328 ergo
1409 2299 1558 2328 quemnam
1579 2290 1720 2327 liqueris?
1741 2291 1774 2330 ᾼ.
1797 2290 1906 2330 Nullum

1752 2326 1844 2362 [velim
1864 2337 1871 2355 :

1157 2364 1210 2391 Nec
1224 2367 1312 2391 exstet
1325 2363 1406 2390 alius.

1122 2400 1154 2426 B.
1172 2399 1242 2431 Quid
1258 2399 1281 2425 si
1298 2399 1426 2429 salutem,
1442 2397 1523 2429 ﬁlios.
1541 2397 1645 2425 sociam
1658 2401 1686 2425 et
1697 2397 1781 2428 thori,

1157 2434 1302 2468 Vitnmque
1314 2433 1403 2467 jurem
1425 2433 1603 2468 prosperam?

1121 2471 1154 2496 Α.
1174 2469 1219 2496 Sic
1234 2467 1404 2503 imprecaris.
1417 2473 1460 2495 ast
1476 2468 1558 2495 habet
1572 2468 1599 2494 id
1616 2467 1693 2494 horci
1711 2471 1816 2503 typum.

1157 2504 1190 2531 Β.
1211 2504 1305 2535 Habet,
1323 2504 1451 2530 fatemur.

1123 2539 1175 2567 Sed
1193 2539 1264 2566 ictus
1279 2540 1336 2573 ipse
1348 2539 1398 2566 sim
1417 2539 1489 2568 licet.
1509 2544 1599 2565 tamen
1614 2539 1686 2566 haud
1701 2537 1789 2573 perii;

1158 2575 1241 2601 Menti
1258 2575 1389 2609 periclum
1412 2573 1531 2609 nondum
1547 2575 1618 2600 enim
1635 2579 1677 2602 est
1693 2582 1700 2600 :

1122 2609 1241 2637 Omnino
1256 2607 1337 2644 quam
1352 2609 1397 2643 qui
1416 2608 1543 2643 perdidit,
1565 2609 1650 2637 miser
1662 2607 1772 2637 occidit.

1158 2646 1191 2672 Λ.
1219 2644 1301 2671 Recte
1317 2644 1389 2670 istud
1411 2643 1512 2678 inquis.

1125 2680 1164 2706 Ad
1182 2685 1280 2706 cuncta
1296 2679 1343 2706 sed
1358 2684 1387 2705 tu
1407 2677 1527 2705 fervidus
1539 2677 1616 2712 juras
1633 2679 1716 2706 Deum

1160 2714 1345 2748 Mensamque.
1362 2714 1445 2740 chara
1464 2718 1491 2740 et
1509 2714 1633 2748 pignora,

1124 2749 1249 2779 Crucem.
1263 2749 1365 2784 Deique
1386 2750 1558 2783 sanguinem,
1572 2755 1599 2777 et
1620 2749 1700 2777 simul
1715 2753 1804 2781 tuum,

1159 2785 1282 2816 Terram,
1306 2785 1469 2818 fretumque,

1124 2820 1262 2854 Quidquid
1284 2819 1367 2847 libido
1383 2819 1513 2853 pestilens
1527 2820 1644 2854 primum
1659 2818 1731 2851 tulit,

1164 2856 1291 2891 Agitaute
1304 2863 1387 2892 pravo
1400 2855 1534 2888 «iaculoue,
