1954 3047
281 105 334 134 801
615 104 645 132 S.
664 102 828 132 GREGORII
846 101 971 129 THEOL.
990 101 1175 130 CARMI‘NUM
1193 101 1296 129 ΜΒΕῆ
1319 102 1342 130 1.
1362 98 1595 128 TliEOLOGlCA.

1086 161 1110 190 Α
1158 158 1191 184 Β.
1212 157 1322 188 Πολλοῖς
1335 156 1454 192 συνήθης
1466 157 1484 192 ὴ
1505 156 1593 187 νόσος.

282 161 314 188 Α.
335 159 368 186 Τί
381 158 413 191 δ’,
426 159 459 186 ἂν
473 157 647 195 προκληθεὶς,
661 158 724 186 ἄλλο
741 160 830 194 χεῖρον
847 158 983 192 simiam;

319 205 373 232 240
391 207 425 232 Β.
445 204 524 231 Τοῦτ’
543 205 609 231 αὐτὸ
625 204 656 240 δή
675 213 737 232 που.

282 252 314 279 Εἰ
329 251 351 277 δ’
366 250 396 283 ἐξ
415 251 545 285 ἀγνοίας;
566 253 599 278 Α.
614 252 707 279 Μεῖον.
732 251 800 278 Ἀλλ’
818 251 977 283 ὑπεύθυνος,

318 295 370 324 Ἦν
382 294 416 332 ἦν
427 297 457 323 τὸ
468 297 561 332 κίνημ¹
572 296 601 329 ἐξ
613 296 691 332 ἐμοῦ.

282 342 316 370 Β.
337 343 369 369 Et
387 343 410 369 δ’
429 342 479 369 οὐκ
492 342 566 368 ἄκων
585 342 644 377 μὲν⁷
667 342 797 370 κινδύνων
809 342 831 369 δ’
847 341 1012 378 ὲλευθερῶν;

317 390 353 416 Α.
374 387 470 419 ’Ἄλλος
482 387 550 414 δότω
563 396 615 419 τις.
631 403 636 406 ν

282 434 336 461 2-55
355 433 387 460 Β.
407 434 438 460 Et
452 433 474 459 δ’
485 434 619 468 ὲγγράφοι
632 442 684 466 τις,
700 434 781 469 ὅρκον
796 435 845 460 οὒκ
857 433 1029 469 ὀμωμοκώςς

316 481 352 509 Α.
372 479 404 507 Τί
424 477 470 505 οὖν
484 479 514 505 τὸ
529 479 645 514 γράμμα
666 479 808 514 βούλεταις

283 525 470 560 Χειρόγραφον
490 524 519 550 δὲ
533 524 587 550 τῶν
608 525 714 560 δεσμῶν
729 525 824 560 δεσμεῖ
843 524 932 552 πλέον.

319 570 352 596 Β.
373 570 404 596 Εἰ
422 570 446 596 δ’
463 570 492 602 ἐξ
512 569 651 604 ἀνάγκηςς

283 621 317 643 Λ.
338 615 401 648 Πῶς
412 616 443 642 οὐ
454 616 562 650 τέθνηκ’
574 625 580 648 ;
596 616 679 651 ἐχρῆν
700 616 728 642 δὲ
750 616 867 651 πρόσθεν
881 617 927 643 καὶ
940 616 1038 642 θανεῖν.

318 659 372 686 250
390 660 422 686 Β.
434 660 466 686 Et
480 660 501 686 δ’
513 661 544 686 οὺ
564 660 679 695 Γραφῶν
697 661 899 695 προκειμένωνς

283 708 319 733 Α,
338 705 414 738 Σελὶς
431 705 460 732 τὸ
475 706 583 739 σεπτὸν,
601 706 617 741 ἤ
639 706 704 737 θεὸς
726 707 882 741 χαρίζεται;

318 750 351 778 Β.
371 751 456 787 Δῆλον
471 751 522 778 τόδ’
536 751 604 778 ἐστί.

284 795 319 823 Δ.
336 795 407 832 Φοὸῇ
422 795 453 823 τὸ
471 796 571 832 δέρμα,
594 796 641 823 τὸν
654 796 720 823 Θεὸν
731 796 754 822 δ’
775 796 830 832 ἐγὼ
845 797 936 824 πλέον.

1858 97 1920 128 808

1123 204 1176 230 255
1193 206 1228 230 Α.
1248 203 1357 234 Πολλοῖς
1376 202 1428 229 τόδ’
1441 202 1533 229 ἐστιν·
1548 201 1604 228 οἷον
1618 200 1646 227 εἴ
1655 209 1697 233 τις
1707 199 1842 236 δεσπότην

1159 250 1262 282 Παίων,
1277 249 1393 284 ἀτιμῶν,

1124 294 1174 321 Τὺν
1189 294 1281 321 δοῦλον
1299 294 1316 329 ἢ
1330 295 1432 328 ἀφεῖτο,
1448 292 1464 328 ἢ
1482 291 1564 326 τιμᾷν
1581 290 1662 318 θέλοι.

1159 342 1190 368 Β.
1211 341 1312 376 Πολλῆς
1330 349 1362 374 γε
1381 339 1432 374 τῆς
1446 337 1575 373 ἀτιμίαςὶ

1123 390 1158 413 Α.
1178 386 1214 412 Ἦ
1233 386 1278 411 καὶ
1291 384 1421 420 βασιλέως
1436 383 1526 410 εἰκόνα
1541 381 1651 414 σώζοιτὸ
1669 390 1722 416 τις,

1160 431 1212 459 260
1231 431 1316 457 Αὑτὸν
1337 429 1485 465 καθαιρῶν.

1124 479 1157 504 Β.
1177 478 1253 512 Ἔχει
1271 476 1321 512 μὲν
1336 476 1416 502 οὕτω.
1441 474 1525 501 Τοῦτο
1539 474 1678 510 προστίθει
1691 473 1714 500 δ’
1727 473 1778 506 ἔτι,

1159 525 1245 559 Εἴπερ
1261 533 1287 550 τι
1301 523 1388 549 λείπει
1402 522 1441 557 τῷ
1456 521 1539 555 λόγῳ.

1124 573 1158 598 Λ.
1179 571 1209 596 'H
1224 570 1323 604 γλῶσσ’
1335 568 1466 605 ὀμώμοχ’,
1484 569 1501 604 ἡ
1512 567 1541 594 δὲ
1556 567 1626 603 φρὴν
1640 567 1777 603 ἀνώμοτος

1161 616 1256 643 Πολλοὶ
1267 616 1401 650 λέγουσιν.

1126 662 1178 690 265
1189 662 1313 688 "Amm
1329 661 1456 696 πρόσθεν,
1474 661 1490 696 ἢ
1505 662 1595 696 ὅρκος»
1613 659 1759 694 σοφίζεταιο

1162 707 1264 741 Μηδεὶς
1281 705 1426 732 πλανάσθω
1443 706 1572 741 μηδόλως.

1127 751 1228 787 Ὅρκος
1244 751 1293 786 μέν
1309 752 1422 786 ἐστινκή
1438 751 1465 777 δὲ
1480 751 1574 786 διπλόη
1590 750 1673 777 πόσον

1161 798 1252 824 Κακὸν
1269 798 1398 834 πρόσεστι
1408 797 1415 823 l

533 884 656 923 A.AQllit:l_
666 889 772 923 antem.
797 885 819 912 si
840 888 1021 923 provocatus.
1040 884 1184 923 graviusne
1199 885 1301 920 aliquid
1323 884 1441 912 feceris?

569 920 622 947 240
636 920 667 947 Β.
686 920 780 947 Itidem
794 921 892 946 malum
913 924 970 949 est.
987 925 1016 946 ut

1038 928 1124 954 prius.

533 955 603 988 Quid
619 955 641 982 si
657 963 691 982 ex
705 955 876 989 ignorantia?
901 955 934 981 Α.
952 955 1040 981 Minus
1054 955 1164 988 quidem
1181 956 1293 983 malum.
1307 954 1407 982 Verum
1425 962 1487 982 reus
1503 962 1576 986 sum,

570 990 669 1016 Eorum
685 997 799 1024 quorum
816 995 905 1016 motus
921 998 954 1016 ex
971 998 1013 1016 me
1031 991 1128 1016 oritur.

532 1024 564 1052 Β.
580 1024 650 1058 Quid
665 1026 704 1056 si,
720 1032 773 1051 non
793 1025 917 1060 equidem
937 1026 1057 1057 invitus,
1077 1025 1125 1052 sed
1142 1026 1175 1053 ad
1191 1024 1361 1052 liberandum
1380 1032 1394 1051 a
1412 1025 1553 1060 periculo?

568 1061 602 1086 Α.
619 1060 696 1087 Alius
712 1059 774 1094 quis
789 1059 930 1086 concedat.

532 1095 586 1122 215
598 1095 628 1121 Β.
647 1094 694 1121 Sin
710 1092 799 1121 autem
814 1095 876 1129 quis
888 1094 1045 1129 scripserit,
1059 1094 1243 1129 juramentuin
1259 1101 1307 1122 ore
1324 1101 1377 1120 non
1397 1092 1558 1128 proferens?

568 1129 600 1156 Α.
617 1128 686 1162 Quid
700 1129 784 1163 igitur
806 1129 863 1155 lia-c
879 1129 929 1156 sibi
944 1128 1001 1156 vult
1016 1128 1169 1164 scriptura?

533 1164 619 1191 Porro
634 1166 769 1199 scriptura
783 1164 900 1191 vinculis
917 1165 1080 1199 constringit
1096 1165 1209 1192 arctius.

570 1199 601 1226 Β.
617 1199 644 1226 Si
661 1204 751 1226 autem
773 1207 805 1226 ex
821 1199 1002 1226 necessitate?

533 1234 566 1260 Α.
582 1234 850 1270 ριιοιιιοᾴοηιοηριιὶ
869 1242 921 1260 non
936 1233 1231 1268 oppetiit?0porleliat
1244 1235 1316 1261 enim
1331 1234 1421 1270 potius
1437 1233 1516 1262 mori.

571 1269 624 1296 250
638 1269 669 1296 B.
685 1269 754 1301 Quid
769 1269 790 1295 si
805 1276 859 1295 non
879 1270 1058 1303 prieseiitihus
1071 1270 1157 1296 sacris
1171 1270 1267 1296 libris?

533 1305 624 1340 A.AAn
641 1304 726 1331 codex
736 1304 963 1340 ivcncratioueiu,
986 1312 1019 1330 an
1038 1303 1109 1332 Deus
1125 1306 1255 1340 praestat?

568 1338 599 1365 Β.
614 1339 641 1366 ld
657 1339 829 1365 manifestum
845 1343 897 1366 est.

533 1374 566 1400 Α.
584 1373 767 1409 Meinbraiiam
783 1374 878 1406 times;
896 1373 980 1401 Deum
995 1381 1045 1409 ego
1064 1373 1163 1408 magis.

570 1408 601 1436 Β.
623 1408 748 1436 Pluribus
761 1409 888 1442 frequens
912 1414 954 1436 est
976 1408 1022 1436 liic'
1039 1410 1162 1436 morbus.

533 1443 587 1471 255
603 1444 635 1470 Α.
650 1443 741 1470 Multis
755 1449 782 1470 et
806 1445 876 1471 istud
894 1450 951 1477 est;
969 1452 1000 1470 ac
1017 1445 1101 1471 veluti
1118 1444 1142 1471 si
1157 1443 1218 1478 quis
1234 1443 1330 1470 herum

573 1478 726 1506 Verberans
740 1483 767 1506 et
782 1479 930 1514 ignominia
947 1479 1067 1506 alliciens
1077 1499 1085 1511 ,

535 1513 648 1541 Servum
665 1518 711 1540 aut
732 1510 845 1541 niiss'uni
863 1514 959 1544 faciat.
981 1510 1123 1542 autetiam
1137 1511 1262 1540 venerari
1284 1510 1359 1538 velit.

569 1549 605 1589 B_.'
654 1549 786 1589 insignem
804 1550 996 1589 contumeliam
1010 1551 1016 1576 ί

533 1584 567 1610 Α.
585 1583 632 1610 νει
649 1584 671 1610 si
685 1584 747 1617 quis
760 1585 858 1618 regiam
875 1584 1018 1618 imaginem
1033 1586 1143 1615 servet,

573 1619 626 1645 '260
642 1619 740 1652 Regem
757 1619 845 1653 ipsum
863 1620 961 1645 throno
976 1619 1117 1650 deiiciens.

533 1649 713 1688 508-509
727 1653 757 1680 Β.
768 1649 817 1680 ’δίο
831 1658 872 1681 est
886 1654 1021 1688 equidem.
1039 1653 1096 1680 Hoc
1108 1657 1198 1680 autem
1217 1651 1306 1680 adhuc
1319 1649 1400 1677 velim
1418 1649 1531 1685 adjicias
1542 1670 1550 1684 ,

568 1690 596 1723 Si
616 1690 679 1723 quid
697 1694 822 1722 Superest
834 1690 989 1715 dicendum.

532 1722 687 1758 A._l.iiigua
701 1724 812 1757 jurarit,
829 1725 875 1750 sed
893 1732 969 1751 mens
983 1728 1025 1751 est
1042 1723 1179 1758 injurata:

568 1756 625 1784 lloe
637 1756 716 1785 inulti
732 1758 868 1786 dictitant.

530 1792 584 1819 265
597 1793 709 1825 Quidvis
724 1794 814 1827 potius
830 1801 910 1828 quam
923 1792 1108 1827 jurainentum
1124 1791 1238 1819 subdole
1255 1793 1414 1818 excusatur.

570 1827 655 1855 Nemo
670 1829 720 1856 sibi
740 1827 862 1855 fraudein
876 1830 933 1855 fieri
950 1829 1086 1855 nullatenus
1101 1828 1230 1862 patiatur.

534 1861 719 1890 Juraineiituui
740 1863 849 1897 quidem
867 1867 919 1896 est,
934 1863 1025 1890 addita
1038 1861 1129 1890 autem
1144 1862 1240 1889 fraude
1256 1865 1390 1896 quantum

569 1897 631 1924 Mali
648 1897 752 1926 accedit
766 1899 772 1924 l

319 1976 373 2004 ΞΗ
387 1977 499 2010 Ἀλλος
508 1977 582 2004 δότω
602 1978 744 2010 τις-,Λητιε
767 1978 902 2005 concedat.
927 1978 1070 2013 Significat

285 2019 316 2040 se
329 2013 355 2039 id
371 2020 423 2039 non
444 2013 604 2044 concedere,
621 2022 674 2039 non
697 2018 786 2040 tamen
805 2014 947 2048 prohibere
962 2014 1070 2048 quomi-

285 2048 422 2084 nusalter
433 2048 574 2075 concedat.
591 2048 689 2084 Supra,
701 2057 771 2075 vers.
786 2050 832 2075 111
847 2055 873 2076 et
887 2049 948 2082 “2,
963 2049 1070 2076 videtur

286 2082 351 2109 illud
372 2084 536 2116 permittere.

319 2117 368 2144 251
392 2118 426 2143 Τὸ
436 2119 558 2145 σεπτόν.
573 2117 611 2145 Ita
627 2117 710 2145 Coisl.
725 2123 751 2145 et
763 2118 823 2145 Vat.
842 2118 911 2145 Edit.
928 2118 961 2144 τὰ
973 2117 1067 2144 σεπτά.

286 2149 358 2186 Mox,
374 2151 435 2180 Vat.
452 2152 480 2180 in
494 2161 580 2188 marg.
595 2153 738 2188 χωρίζεται
751 2161 799 2189 pro
811 2153 961 2189 χαρίζεται.

1157 1978 1210 2004 255
1224 1977 1328 2012 Δέρμα.
1344 1975 1447 2011 pellem.
1469 1975 1530 2003 Vat.
1548 1976 1576 2003 in
1596 1983 1683 2011 marg.
1704 1975 1805 2011 βίϐλον.

1158 2013 1211 2040 257
1230 2014 1266 2039 ’Ἡ
1280 2012 1377 2047 τιμᾷν.
1392 2012 1430 2038 Ita
1445 2012 1530 2038 Coisl.
1547 2011 1620 2038 Edit.
1636 2011 1734 2047 τιμῷν.

1157 2048 1210 2074 ‘259
1225 2046 1384 2080 Βασιλέως.
1402 2048 1439 2073 Ita
1450 2048 1534 2073 Coisl.
1550 2047 1620 2075 Edit.
1640 2046 1785 2081 βασίλειον.

1157 2083 1210 2109 265
1229 2083 1262 2110 Ἢ
1282 2082 1324 2108 δέ.
1343 2082 1380 2109 ita
1398 2081 1457 2108 Val.
1477 2082 1547 2109 Edit.
1565 2083 1581 2117 ὴ
1604 2082 1660 2108 καί.
1686 2081 1734 2108 llic
1753 2089 1855 2117 versus
1870 2085 1912 2108 est

1124 2117 1263 2152 Euripidis
1276 2126 1290 2144 a
1309 2117 1400 2144 Marco
1414 2117 1504 2153 Tullio
1521 2119 1560 2145 sic
1577 2116 1703 2145 redditus
1719 2126 1726 2146 τ
1745 2116 1840 2144 Juravi
1855 2117 1908 2144 lin-

1123 2161 1186 2188 gua,
1205 2158 1314 2179 mentem
1331 2153 1475 2186 injuratam
1490 2161 1560 2187 gero.

919 2256 921 2259 ·
935 2244 1103 2274 ΜΕΤΙΠΟΛ
1122 2243 1270 2273 VERSIO.

285 2324 319 2351 Α.
335 2323 405 2357 Quid
420 2324 531 2359 gravius
546 2323 646 2359 aliquid
665 2324 789 2351 concitus
803 2325 826 2352 si
839 2324 954 2352 feceris?

320 2359 351 2388 Β.
370 2359 483 2386 Perinde
496 2360 603 2386 crimen.

285 2394 356 2427 Quid
373 2394 396 2421 si
412 2394 581 2421 iuseicnter‘f
604 2394 638 2422 Α,
658 2393 686 2420 ld
702 2395 801 2429 minus,
820 2395 867 2422 sed
884 2395 906 2422 si
926 2399 1016 2422 tamen

323 2429 363 2456 Sit
384 2434 475 2457 motus
495 2437 527 2455 ex
541 2437 591 2459 me.
606 2437 665 2455 sum
680 2437 754 2457 reus.

287 2464 318 2491 B.
336 2463 364 2491 Si
379 2472 433 2491 non
447 2470 576 2495 coactus,
593 2465 640 2491 sed
657 2464 754 2499 fugatis
771 2465 944 2499 periculum?

321 2499 354 2527 Α,
366 2499 501 2526 Concedat
521 2500 600 2526 alter.

285 2533 318 2561 Β.
331 2533 412 2568 Quid,
431 2535 452 2561 si
464 2534 525 2568 quis
541 2534 652 2561 linrcuin
670 2534 782 2564 scribat.
799 2534 871 2561 haud
887 2542 932 2562 ore
944 2534 1057 2562 elici-at?

320 2570 352 2595 A.
375 2569 515 2604 Scriptura
529 2570 594 2604 quid
613 2569 667 2595 vult
683 2570 738 2596 illl‘C
754 2570 827 2596 sibi?
1056 2572 1060 2574 ’

286 2603 382 2640 Vincla
398 2603 488 2631 minus
501 2603 575 2631 arete
597 2612 646 2632 nos
662 2605 745 2640 ligant
763 2613 844 2640 quam
861 2605 1031 2640 syngraphae.

320 2638 353 2666 Il.
366 2639 435 2672 Quid
449 2640 471 2666 si
487 2640 616 2666 coactus?

284 2673 317 2701 Α.
336 2673 447 2701 Mortem
461 2679 524 2701 ante
537 2675 627 2701 decuit
643 2675 754 2709 perpeti.
775 2674 806 2701 B.
827 2674 897 2707 Quid
919 2674 941 2702 si
958 2682 1067 2703 sacrum

319 2709 377 2736 Non
393 2709 512 2744 proferat
526 2710 587 2744 quis
603 2709 744 2736 codicem?

285 2743 318 2771 Α,
336 2743 543 2772 Venerationeiii
558 2745 640 2772 datiie
655 2745 751 2778 codex,
767 2751 801 2771 an
820 2744 912 2773 Deus?

321 2779 354 2814 B1
368 2779 395 2806 Id
412 2784 453 2807 est
466 2784 599 2814 apertum.

287 2813 320 2840 Α.
342 2813 442 2842 Pellem
456 2813 575 2842 vereris:
594 2814 655 2850 plus
670 2821 720 2850 ego
734 2815 819 2842 multo
839 2814 933 2842 Deum.

1161 2324 1193 2351 B.
1208 2324 1299 2352 Multis
1311 2332 1440 2359 .requens
1454 2328 1496 2351 est
1509 2324 1621 2351 morbus
1637 2324 1692 2351 hic.

1125 2362 1157 2386 Α.
1174 2360 1264 2386 Multis
1279 2359 1405 2394 idemque
1421 2364 1464 2386 est
1482 2360 1555 2386 istud
1568 2380 1576 2392 ,
1600 2363 1629 2386 ut
1649 2359 1673 2387 si
1688 2358 1838 2387 verberans

1160 2394 1352 2429 Speriicnsque
1368 2395 1520 2428 dominum,

1125 2429 1247 2455 Dimittat
1262 2431 1360 2464 aliquis
1376 2431 1514 2457 servulum
1530 2450 1537 2461 ,
1555 2433 1602 2457 aut
1617 2430 1700 2458 etiam
1716 2430 1797 2457 colat.

1158 2464 1190 2490 B.
1208 2464 1255 2491 Est
1268 2465 1341 2491 istud
1361 2467 1458 2499 ingens
1470 2465 1599 2492 dedecus.

1123 2500 1155 2525 Α.
1174 2499 1296 2526 Statuam
1316 2501 1389 2527 velut
1406 2502 1429 2527 si
1448 2501 1581 2535 principis
1601 2507 1730 2533 servans,
1751 2500 1851 2527 throno

1158 2535 1288 2562 Deturliet
1303 2535 1404 2569 ipsum.

1121 2569 1221 2606 Bub‘ic
1235 2575 1276 2596 cst
1291 2576 1319 2597 ut
1336 2571 1437 2605 inquis.
1453 2570 1488 2596 At
1500 2571 1580 2598 velim
1594 2571 1728 2606 adiungas
1740 2570 1830 2598 adhuc

1158 2604 1187 2631 Si
1198 2606 1263 2640 quid
1279 2604 1398 2640 supersit
1413 2606 1513 2633 dicere.

1121 2639 1155 2667 Α.
1173 2639 1291 2667 ﬂoreum
1304 2641 1425 2674 proludit
1442 2641 1545 2676 lingua,
1560 2642 1639 2668 multi
1654 2641 1706 2669 lioc
1719 2641 1854 2672 dictitant,

1158 2675 1193 2701 At
1209 2684 1262 2702 non
1279 2676 1342 2702 item
1361 2684 1448 2703 mens.

1122 2709 1258 2747 Fraude-ni
1275 2712 1321 2737 sed
1335 2711 1558 2747 liorcusrrespuit
1569 2720 1653 2747 supra
1672 2713 1774 2740 omnia.

1159 2746 1215 2772 Sibi
1232 2754 1310 2773 neuio
1329 2746 1421 2773 fucum
1439 2746 1553 2775 factitet.

1122 2780 1174 2817 Est
1188 2781 1261 2807 istud
1275 2782 1391 2814 liorcus;
1407 2781 1504 2815 juncta
1523 2782 1599 2812 fraus
1616 2788 1644 2812 et
1656 2782 1794 2817 accidens,
1813 2783 1885 2811 malo

1158 2816 1295 2848 Quantum
1311 2816 1385 2844 audit
1401 2817 1491 2854 ultra}
