1954 3047
69 151 127 179 815

71 212 128 240 3Ξ5
140 214 174 239 Α.
191 212 223 238 Εἰ
235 211 306 238 τοῦτ’
318 211 418 246 ἔχοιμι,
432 210 533 247 Ᾱριστέ
549 221 610 247 μου,
624 214 652 240 σὲ
664 213 766 246 δοξάζω

110 258 163 284 Τὸν
181 258 396 293 θαυματουργὸν,
411 258 449 289 ὡς
464 258 558 293 παρός.

71 305 179 336 Πάντες
187 304 209 330 δ’
220 304 434 340 memorum;
444 305 565 340 εἴπωμεν
574 306 648 339 τάδε,

117 351 214 386 Ἄμὴν,
228 350 343 385 γένοιτο.

321 397 385 424 KE’.
405 398 485 424 Κατὰ
503 399 607 433 θυμοῦ.

109 441 194 477 Θυμῷ
204 441 337 477 χολοῦμαι
348 442 388 477 τῷ
401 443 516 478 συνοίκῳ
531 443 646 478 δαίμονι,

72 485 158 519 Οὗτος
173 488 276 519 δίκαιος
291 488 345 515 τῶν
361 489 446 524 χόλων
460 488 522 524 ἐμοὶ
537 489 626 524 μόνος,

72 534 106 560 Εἰ
120 534 161 560 δεῖ
175 543 205 560 τε
219 534 266 561 καὶ
279 535 390 569 πάσχειν
406 543 437 569 γε
450 536 504 562 τῶν
514 536 658 563 εἰωθότων.

79 580 158 606 Ἐπεὶ
170 580 224 616 γὰρ
240 581 320 616 ὅρκον
331 580 371 615 τῷ
384 580 455 616 λόγῳ
465 582 636 617 κατείχομεν,

72 625 90 651 5
102 626 184 660 Σιγῆς
198 625 326 661 φέροντες
340 627 444 662 καρπὸν
460 626 533 659 ἄξιον
546 627 624 661 λόγου
635 636 641 642 -

73 671 197 706 Πάμπαν
216 672 266 697 τιν’
278 672 360 707 ὅρκου
375 672 452 708 ῥίζαν
469 672 568 704 εἰδότες
583 673 670 708 χόλον,

73 716 190 749 Πολλαῖς
207 718 254 744 σὺν
271 717 375 749 ἄλλαις,
391 715 435 749 αἷς
450 718 480 744 τὸ
495 718 580 744 δεινὸν
594 718 700 752 φύεται,

618 149 738 179 SECTIO
754 150 785 178 ll.
806 151 968 179 POEMATA
987 151 1150 180 MORALIA.

1643 153 1696 182 8M

874 218 896 245 Α
912 214 966 248 Τὴν
981 213 1155 248 ἁγριωτάτην
1170 220 1198 238 τε
1211 212 1256 239 καὶ
1275 212 1442 247 μελαντάτην

913 260 967 286 Καὶ
979 259 1037 294 τὴν,
1055 259 1121 285 Θεοῦ
1134 258 1258 291 διδόντος,
1277 258 1466 294 ἐξαιρήσομεν,

912 306 945 332 10
960 305 1118 341 Τέμνοντες,
1134 305 1172 336 ὡς
1183 302 1237 331 οἷόν
1251 313 1291 336 τε,
1306 306 1340 339 τῇ
1354 304 1432 338 λόγου
1445 305 1526 338 τομῇ.

913 353 983 379 Λίτῶ
1000 353 1047 379 καὶ
1060 351 1178 388 πρῶτον,
1193 350 1230 386 μὴ
1242 349 1386 386 χολοῦσθαι
1399 349 1436 384 τῷ
1448 349 1529 384 λόγῳ.

913 399 990 425 Οὕτω
1005 398 1057 434 γάρ
1070 399 1143 424 ἐστιν
1158 398 1174 433 ὴ
1190 397 1266 428 νόσος
1278 396 1332 422 τῶν
1343 395 1475 431 ἀσχέτων,

914 445 989 471 Ὥστ’
1003 443 1163 479 ἁγριοῦσθαι
1177 443 1306 474 πολλάκις
1320 442 1366 469 καὶ
1376 443 1435 473 ταῖς
1447 443 1545 472 σκιαῖς,

910 492 1005 522 Λύτοῖς
1018 499 1046 516 τε
1061 491 1116 522 τοῖς
1133 489 1206 524 σφῶν
1219 489 1340 523 γνησίοις
1355 487 1542 523 παραινέταις.

911 537 945 563 4.5
955 539 1000 563 Δεῖ
1015 537 1048 568 δ’,
1064 537 1100 568 ὡς
1113 536 1194 566 ἔοικε,
1212 535 1249 570 μὴ
1263 543 1289 561 τι
1306 533 1441 569 μαλθακὸν
1454 533 1556 567 λέγειν,

910 582 1004 609 Κακοῦ
1019 583 1146 609 τοσούτου
1156 581 1195 617 τῷ
1206 581 1278 616 λόγῳ
1292 580 1471 616 προκειμένου
1484 587 1491 594 ·

919 629 988 654 ’Λλλ’
1002 629 1040 660 ὡς
1053 629 1139 664 πυρὸς
1153 628 1298 663 βρέμοντος
1314 627 1412 662 ἀγρίαν
1423 625 1519 661 φλόγα,

913 674 1065 709 Πηδῶντος,
1078 673 1251 704 αἱθύσσοντος
1264 672 1439 707 ὲντινάγμασι

914 719 1034 752 Πολλοῖς,
1050 719 1105 745 ἄνω
1123 719 1230 754 ῥέοντος
1244 718 1358 754 ἐμψύχῳ
1373 719 1453 754 φορᾷ,

324 796 376 822 525
397 795 428 822 Α.
452 795 481 822 Si
496 796 566 822 hanc
583 795 712 829 referam,
730 797 839 824 Christe
854 798 901 830 mi,
914 797 1021 825 laudem
1036 798 1085 826 libi
1101 797 1172 825 dabo

361 830 461 857 Rerum
478 831 642 858 mirabilium
659 831 790 862 clfectori.
806 836 836 858 ut
851 833 925 859 olim.

324 865 426 901 Omnes
443 869 533 901 autem
549 872 746 901 consurgentes
759 867 874 894 vocibus
888 868 1024 899 dicamus,

374 900 471 933 Amen,
491 900 547 927 ﬁat.

720 945 804 973 XXV.
820 946 952 972 Adversus
972 947 1068 973 iram'.

378 999 413 1018 ne
428 991 533 1019 irascor
551 992 700 1020 domestico
715 992 844 1019 daemoni.

331 1026 394 1054 haec
410 1027 468 1054 sola
483 1035 515 1054 ex
531 1028 669 1058 omnibus,
686 1027 752 1055 mihi
770 1027 844 1053 licita
859 1031 900 1054 est
919 1027 993 1058 bilis,

331 1061 360 1097 Si
375 1069 489 1089 necesse
502 1066 545 1089 est
559 1070 602 1089 me
618 1062 759 1097 quidpiam
775 1062 831 1095 pati
845 1070 877 1089 ex
893 1062 937 1090 iis.
951 1070 1011 1096 quae
1022 1065 1087 1089 sunt
1103 1062 1129 1089 in
1149 1070 1210 1089 usu.

329 1096 398 1132 Nam
412 1097 523 1131 quando
534 1096 719 1130 jltramentu’m
737 1098 860 1124 oratione
876 1102 969 1124 nostra
985 1097 1039 1131 jam
1054 1098 1246 1132 repressimus,

330 1131 506 1166 512—513
523 1132 539 1159 5
559 1132 664 1159 Silentii
680 1132 840 1167 praeclarum
856 1134 995 1159 consecuti
1013 1131 1143 1162 fructum.

330 1169 447 1193 Umnino
460 1167 605 1201 quamdam
617 1166 769 1202 jurainenti
783 1166 903 1193 radicem
921 1174 981 1194 esse
996 1168 1078 1194 bilem
1096 1168 1224 1199 scientes,

329 1202 402 1228 Inter
420 1202 488 1229 alias
501 1202 643 1236 plurimas,
655 1210 688 1229 ex
699 1202 799 1236 quibus
815 1202 916 1228 malum
930 1202 982 1229 hoc
994 1203 1128 1235 nascitur,

329 1236 540 1263 Accrbissimam
557 1240 582 1263 et
595 1237 786 1271 nigerrimam;

329 1271 406 1298 Hanc
422 1271 514 1303 etiam,
529 1272 584 1298 Dco
600 1272 691 1301 dante,
709 1271 867 1301 evellamus,

330 1306 364 1341 μ)
383 1305 590 1337 Exscindentes,
607 1311 739 1341 quantum
755 1306 811 1332 ficri
829 1306 937 1340 poterit,
954 1308 1013 1334 acie
1027 1307 1113 1334 verbi.

328 1340 449 1368 Primum
465 1346 555 1368 autem
574 1340 698 1369 obsecro.
717 1348 750 1367 ne
767 1341 828 1375 quis
842 1346 1003 1369 succenseat
1015 1343 1144 1370 orationi.

329 1376 375 1412 §ic
389 1384 506 1412 namque
525 1375 638 1403 ellrenis
651 1380 694 1403 est
709 1376 821 1412 morbus
835 1383 931 1403 eorum
949 1378 996 1411 qui
1013 1377 1151 1407 moderari
1168 1377 1219 1405 sibi
1235 1379 1371 1412 nesciunt,

329 1411 366 1438 Ut
382 1410 530 1438 efferantur
542 1412 641 1445 smpius
657 1411 699 1437 vel
714 1411 846 1438 adversus
859 1410 985 1444 umbras,

328 1445 415 1480 Atque
428 1446 509 1473 etiam
524 1446 654 1474 adversus
671 1453 816 1479 germanos
832 1447 992 1474 monitoros.

329 1480 364 1507 15
382 1480 436 1508 Nec
454 1488 518 1508 vero
531 1482 610 1508 decet
629 1481 710 1508 molle
723 1480 872 1515 quidquam
889 1481 1003 1515 profari.

329 1515 397 1550 Qum
411 1520 516 1542 tantum
529 1517 631 1543 malum
649 1515 766 1542 orationi
785 1523 851 1542 more
869 1518 1039 1550 propositum
1056 1517 1102 1544 sit.

329 1549 440 1585 Yerum,
453 1558 485 1577 ac
498 1551 582 1578 veluti
597 1559 660 1578 cum
673 1551 744 1585 ignis
758 1550 843 1577 feram
859 1549 959 1578 evomit
975 1552 1124 1584 ﬂammarii,

330 1584 409 1615 Salit.
425 1585 502 1613 ardet
515 1584 740 1613 succussionibus

329 1618 468 1653 Plurimis,
484 1629 593 1649 sursum
612 1621 698 1648 fertur
715 1622 776 1647 vivo
791 1621 907 1655 quodam
925 1621 1038 1656 impetu,

113 1687 123 1698 ‘
137 1686 209 1715 Alias
223 1687 283 1715 Bill.
299 1689 360 1722 158,
377 1698 403 1725 p.
417 1690 469 1718 229

112 1742 194 1770 XXV.
210 1745 405 1782 Ancuueuruu.
424 1747 529 1774 Acriori
540 1755 630 1782 genere
644 1747 747 1774 dicendi
762 1747 789 1774 in
811 1747 859 1773 hoc

77 1784 195 1817 poemate
219 1781 302 1807 utitur
322 1781 472 1817 Gregorius,
498 1788 573 1817 alque
600 1783 667 1809 iram
694 1782 858 1812 insectando.

78 1815 135 1852 irm.
155 1818 183 1840 ut
193 1815 401 1852 git,_irascitiir,
415 1825 473 1852 qua:
484 1815 541 1844 sola
554 1817 604 1844 sibi
618 1818 668 1852 ipsi
682 1818 723 1844 ira
736 1818 810 1843 licita
821 1818 860 1843 vi-

77 1848 163 1876 detur.
188 1848 348 1878 Crediderim
370 1848 437 1879 hanc
460 1853 577 1879 eamdem
603 1848 670 1878 iram
687 1853 738 1879 sibi
758 1853 858 1878 licitam

77 1884 242 1912 existimasse
268 1887 377 1913 Billium
404 1887 528 1914 adversus
551 1887 786 1918 Leut'enltclaiunt,
814 1888 859 1920 qui

78 1926 181 1958 cpi-nim
193 1920 265 1946 istud
275 1922 460 1958 interpretatus
474 1928 512 1949 est
525 1930 533 1948 :
555 1922 619 1949 adeo
639 1922 731 1948 acerba
744 1928 766 1948 et
789 1930 860 1948 mur—

77 1953 137 1980 dnei
151 1962 261 1992 censura
272 1957 327 1990 ejus
341 1953 590 1992 interpretationem.
601 1963 625 1984 et
637 1958 723 1992 ipsum
734 1959 860 1991 interpre-

79 1993 128 2025 tem
142 1990 226 2023 carpit
240 1991 266 2016 in
278 1992 356 2024 notis,
368 1990 429 2019 nota
440 1992 455 2018 9
469 2002 476 2020 :
492 2002 500 2018 ι
516 1991 576 2018 Non
589 1990 752 2019 taminullius
766 1990 859 2025 frontis

78 2023 208 2050 hominem
220 2025 435 2054 Leuveukclaium
455 2036 510 2054 esse
532 2028 665 2060 existimo,
678 2033 707 2053 ut
728 2023 773 2053 hor
791 2027 858 2058 loco,

79 2066 136 2084 cum
156 2060 425 2097 uersionentrnostram
438 2063 536 2097 legerit,
556 2071 606 2089 nun
630 2063 775 2089 erubescat.
792 2071 800 2087 ι
825 2061 859 2088 Et

79 2100 140 2131 nota
158 2094 190 2121 18
204 2104 210 2121 :
227 2104 235 2120 ε
255 2095 338 2123 Nulla
351 2102 389 2123 est
411 2094 471 2124 tam—
485 2098 580 2131 exigua
603 2097 717 2127 salebra,
732 2096 765 2123 ad
780 2105 858 2131 quam

80 2127 225 2166 Germanus
239 2131 363 2165 interpres
376 2140 425 2158 non
443 2127 569 2166 offendat,
588 2133 639 2159 sive
652 2133 698 2158 hoc
711 2127 797 2158 nimia:
818 2132 858 2166 [e-

79 2164 224 2195 stinatioui,
237 2166 290 2192 sive
300 2164 395 2195 iuqenii
415 2164 535 2193 tarditati
551 2167 717 2194 tribuendum
736 2167 780 2193 sit.
797 2176 805 2192 ι
818 2164 859 2192 Ὲι

80 2203 142 2225 nota
158 2199 192 2226 50
202 2209 230 2236 εν(
244 2200 294 2226 llic
308 2199 384 2235 plane
394 2202 488 2228 delirat
502 2201 593 2234 Leuiu;
609 2210 689 2236 neque
702 2202 769 2228 enim
781 2202 808 2227 in
822 2206 858 2227 tot

82 2238 183 2270 tamque
205 2235 281 2268 [aedis
295 2237 426 2263 erroribus
446 2238 545 2263 mitiori
566 2235 829 2270 uerbo'utipossum.
847 2246 856 2261 ι

85 2268 179 2306 Verum
193 2270 232 2297 his
250 2272 354 2306 omissis
376 2271 409 2297 ad
431 2271 549 2306 Gregorii
565 2280 656 2305 poema
678 2268 774 2298 redeo:
790 2271 816 2296 in
829 2279 859 2297 eo

79 2304 202 2337 primum,
216 2305 278 2340 quid
296 2310 389 2332 veteres
400 2304 546 2341 philosophi
561 2307 592 2333 de
607 2308 648 2333 ira
659 2307 797 2338 senserint,
813 2313 859 2332 ea:—

912 1747 1005 1782 ponit;
1022 1745 1116 1782 deinde
1128 1745 1202 1772 docet
1215 1745 1277 1782 quid
1293 1745 1442 1778 faciendum
1457 1746 1503 1777 sit,
1520 1754 1579 1773 cum
1590 1746 1696 1774 iracun-

912 1782 958 1808 dia
972 1781 1029 1816 jam
1043 1781 1143 1815 fumum
1161 1781 1310 1816 quemdam.
1325 1782 1477 1815 propinquw
1497 1782 1612 1816 ﬂammae
1631 1791 1696 1809 nun-

913 1819 989 1846 tium.
1013 1816 1128 1843 excitare
1152 1816 1252 1849 incipit.
1276 1815 1340 1842 Mox
1361 1817 1423 1842 irati
1450 1815 1561 1843 hominis
1585 1817 1695 1848 vultum.

914 1852 1072 1886 affectusque
1098 1859 1185 1877 01117185
1212 1851 1280 1876 mira
1304 1851 1439 1877 verborum
1463 1852 1538 1884 copia
1561 1853 1695 1885 exprimit.

913 1886 1042 1919 Exempla
1055 1886 1169 1912 virorum
1182 1889 1345 1916 sanctorum,
1366 1891 1442 1916 atque
1454 1886 1535 1920 ipsius
1548 1886 1656 1915 Christi.
1669 1893 1696 1914 et

913 1921 1099 1948 nonnullorum
1120 1922 1198 1948 etiam
1215 1920 1397 1951 Etlmicorum,
1421 1922 1464 1955 qui
1486 1923 1695 1948 mansuetudinis

914 1957 991 1983 laude
1007 1957 1164 1991 ﬂoruerunt,
1188 1957 1330 1990 proponit:
1351 1955 1539 1989 objectionibus
1561 1957 1695 1983 nonnullis

912 1993 1060 2025 respondet.

930 2034 931 2038 ‘
949 2024 965 2053 3
980 2028 1012 2052 Et
1028 2027 1074 2052 δεῖ
1083 2034 1125 2052 τε.
1139 2025 1222 2052 Coisl.
1237 2025 1362 2060 supLIin.
1382 2024 1427 2059 μέ.

947 2062 964 2088 5
979 2061 1078 2096 Σιγῆς.
1096 2061 1134 2087 lta
1150 2060 1233 2087 Coisl.
1246 2059 1280 2096 et:
1292 2059 1352 2086 Vat.
1370 2060 1442 2086 Edit.
1460 2060 1546 2095 σιγήν.
1563 2059 1619 2087 Hoc
1634 2060 1695 2087 ideo

911 2096 988 2127 dicit,
1003 2097 1074 2130 quod
1094 2103 1188 2130 poema
1210 2095 1292 2124 istud.
1310 2099 1339 2121 ut.
1358 2099 1385 2121 et
1401 2096 1537 2129 superius,
1550 2103 1581 2122 eo
1598 2096 1694 2122 condi-

912 2135 967 2157 tum
984 2132 1020 2158 sit
1036 2135 1165 2165 tempore,
1183 2138 1237 2164 quo
1254 2130 1305 2157 sibi
1323 2130 1459 2156 silentium
1478 2131 1622 2157 indixerat.

946 2166 961 2192 6
977 2165 1105 2198 Εἰδότες.
1119 2165 1176 2191 Vat.
1193 2165 1313 2196 εἴδοντες.

949 2201 982 2228 10
1000 2200 1095 2234 Λόγου
1109 2199 1192 2233 τομῇ.
1215 2199 1260 2226 Sic
1277 2199 1396 2234 postulat
1413 2203 1540 2227 metrum.
1558 2199 1631 2227 Edit.
1646 2199 1693 2226 τοῦ

909 2235 997 2263 λόγου.

940 2245 1077 2297 intra.
1094 2276 1131 2297 .ta
1145 2270 1230 2298 Cois].
1247 2274 1273 2297 et
1292 2268 1354 2296 Vat.
1371 2269 1441 2297 Edit.
1458 2269 1543 2305 αὐτῷ.

698 2383 863 2413 METRICA
876 2382 1023 2412 VERSIO.

79 2441 112 2468 Α.
133 2441 161 2468 Si
179 2445 277 2469 nactus
295 2442 364 2469 hanc
383 2451 454 2474 sum,
475 2443 585 2471 Christe
601 2444 649 2476 mi,
665 2444 724 2471 laus
744 2445 779 2471 sit
796 2443 856 2470 tibi.
875 2447 896 2473 B
910 2440 994 2468 Horci
1010 2441 1074 2475 (alia
1088 2445 1199 2475 ιπαθιετ-
1213 2448 1245 2467 ex
1258 2441 1359 2475 quibus
1373 2441 1473 2476 malum
1487 2440 1539 2476 ho}:
1554 2439 1635 2474 Πυίῐ),

116 2476 166 2509 Qui
182 2478 261 2508 mira,
278 2481 308 2503 ut
322 2477 398 2509 olim,
413 2486 486 2505 nunc
503 2478 590 2505 facis:

79 2511 133 2539 Nos
147 2515 248 2542 autem,
263 2513 290 2538 in
308 2520 391 2538 unum
410 2513 522 2540 vocibus
534 2514 648 2547 junctis,
667 2514 753 2540 Amen

115 2547 243 2575 Dicamus
257 2555 363 2574 omnes.

313 2601 376 2620 XXV.
397 2600 534 2620 ADVERSUS
553 2601 628 2620 ΙΠΛΜ.

335 2639 427 2668 (Billio
441 2637 603 2674 interprete.)

116 2683 223 2710 Irascor
238 2684 295 2713 iraa.
314 2683 430 2710 daemoni
446 2684 519 2710 intus
537 2683 658 2710 condito.

82 2717 145 2744 Nam
161 2718 235 2751 justa
252 2720 309 2745 sola
325 2719 382 2745 haec
401 2719 464 2745 bilis
476 2723 518 2744 est
532 2726 565 2745 ex
583 2719 720 2750 omnibus,

82 2752 109 2780 Si
127 2754 191 2788 quid
208 2761 321 2780 necesse
333 2757 377 2780 est
392 2754 494 2787 perpeti
511 2754 584 2787 quod
599 2761 657 2780 nios
673 2753 749 2780 ierat.

83 2788 147 2823 ljam
164 2789 274 2823 quando
295 2789 409 2823 uosjam
432 2789 553 2814 carmine
568 2789 680 2815 lmrcum
697 2788 857 2822 pressimus,

82 2821 259 2858 Tulimusque
277 2821 395 2851 fructum
409 2823 647 2858 huncinaximum
666 2823 779 2855 silentii,

84 2857 148 2885 Illud
162 2857 291 2892 scientes,
307 2860 347 2886 ira
361 2858 433 2894 quod
450 2857 528 2884 radix
545 2858 590 2885 [iet

910 2476 997 2503 Radix
1016 2474 1134 2510 agrestis
1149 2474 1276 2505 maxime;
1293 2480 1320 2502 et
1335 2475 1412 2509 nigra
1430 2474 1593 2506 admodum;

910 2511 987 2537 Hanc
1003 2518 1121 2545 quoque,
1138 2510 1244 2537 favente
1258 2510 1612 2545 Numinetamputabimus,

910 2544 1040 2572 Mucrone
1052 2544 1137 2577 vei-bi,
1151 2549 1287 2579 quatenus
1297 2545 1371 2572 vires
1384 2544 1480 2571 ferent.

909 2581 949 2607 Ae
964 2588 1048 2615 posco
1062 2581 1180 2614 primum
1196 2588 1286 2607 sermo
1305 2587 1338 2606 ne
1351 2586 1515 2615 quemquam
1529 2586 1606 2606 meus

909 2616 1010 2642 lrritet.
1025 2614 1072 2643 Est
1087 2622 1150 2641 nam
1168 2618 1242 2641 tanta
1254 2623 1296 2642 vis
1314 2614 1402 2641 morbi
1422 2614 1512 2646 istius.

910 2649 946 2677 Ut
960 2657 1030 2684 saepe
1048 2650 1079 2676 ad
1095 2650 1206 2676 lllllbl‘as
1219 2650 1366 2676 contrahat
1381 2649 1515 2676 ﬂammam
1528 2649 1613 2681 leves,

903 2684 1023 2712 Infestus
1038 2689 1064 2711 et
1083 2686 1118 2711 sit
1134 2685 1245 2718 optimis
1261 2685 1455 2711 monitoribus.

904 2720 961 2746 Nec
976 2727 1041 2746 vero
1060 2720 1207 2754 quidquam
1224 2719 1348 2754 proloqui
1365 2719 1446 2754 molle
1463 2718 1586 2751 addecet,

905 2754 944 2781 De
958 2759 1035 2789 peste
1051 2762 1112 2781 cum
1130 2754 1165 2781 sit
1181 2762 1270 2780 sermo
1287 2753 1341 2780 tam
1357 2753 1417 2780 dira
1437 2754 1520 2780 mihi:

906 2789 1007 2815 Verum
1024 2789 1093 2824 ignis
1109 2789 1204 2819 instar,
1216 2789 1262 2824 qui
1278 2797 1359 2815 vorax
1374 2789 1510 2815 flammam
1527 2789 1637 2821 excitat,

907 2825 1032 2858 Salitque
1050 2829 1078 2851 et
1091 2824 1179 2854 ardet,
1195 2829 1222 2851 et
1234 2825 1324 2857 quatit
1342 2831 1456 2858 quaeque
1469 2824 1558 2855 obvia,

910 2858 1064 2894 Fluitatque
1082 2867 1191 2887 sursum
1210 2867 1300 2887 saevus
1315 2860 1435 2886 animato
1451 2859 1563 2890 impetu.
