1954 3047
212 119 262 147 851

217 177 396 205 Ἑνδεικτικόν
410 186 436 204 τι
448 177 496 205 xxi.
510 177 594 212 γέμον
608 176 763 213 παρρησίας

211 224 264 252 245
280 224 340 250 Οὐδ’
355 223 455 259 εῖριξέν
469 232 504 250 τι.
522 223 574 249 Τὸν
589 223 675 258 κακίᾳ
686 222 875 258 τεθλασμένον,

214 270 365 298 Ἀκλαστον
379 269 452 305 ἔσχε.
467 270 523 305 Τὴν
540 269 636 304 φρενὸς
651 268 754 304 κουφὴν
767 268 854 303 φλόγα.

212 315 324 343 Σὸἐσειν
335 315 410 350 λέγει
427 316 486 351 μὲν,
502 316 540 346 ὡς
552 315 581 341 δὲ
593 315 710 351 χρηστὸς
723 315 853 349 φείδεται,

217 362 263 394 Ὠς
279 362 311 389 ἂν
325 363 449 398 κρατήσῃ
462 362 500 397 τῷ
517 361 596 397 πράῳ
610 362 639 388 τὺ
654 360 793 395 συγγενές.

213 407 331 434 Τοιαῦτα
345 408 393 434 καὶ
406 408 523 434 τοσαῦτα
540 407 585 433 τοῦ
606 407 652 433 σοῦ
666 407 812 434 Δεσπότου.

213 453 266 481 230
280 450 337 487 Οἷς,
351 454 383 481 ἂν
396 463 425 480 τι
441 454 563 489 πάσχοις,
576 452 772 488 ἀντισηκώσεις
784 453 817 480 τὰ
830 452 874 486 σὰ,

214 497 273 524 Κᾶν
288 497 366 524 πάνθ’
384 498 513 533 ὑποστῇς,
530 497 560 524 τὸ
579 498 660 525 πλέον
678 498 846 533 λελείψεται·

213 542 299 578 Εἴπερ
312 542 343 568 τὺ
356 543 470 578 πάσχειν
486 543 608 578 κρίνεται
621 543 689 579 πρὸς
703 543 791 576 ἀξίαν.

255 588 347 624 Ἀρκεῖ
358 588 414 615 τάδ’
425 589 491 623 ἡμῖν
506 588 604 623 εὐγενῆ
623 588 805 624 παιδεύματα,

213 631 328 660 Πλακῶν
343 632 420 668 νόμοι
436 641 465 658 τε
483 633 529 659 καὶ.
548 633 643 668 τρόποι
657 633 711 660 τῶν
729 634 759 666 ἐξ
774 634 852 671 ὄρους
867 655 873 665 ,

212 678 266 705 255
279 678 310 704 El
324 678 364 704 δεῖ
378 687 404 704 τι
418 678 521 711 τούτοις
533 679 713 715 προστεθῆναι
730 680 775 706 καὶ
790 679 882 713 νόθον;

213 725 268 751 Καὶ
279 726 370 760 χεῖρον
381 725 456 752 οὐδέν
465 733 471 740 ·
488 725 525 757 ὥς
538 735 564 753 τι
583 726 635 753 κᾶν
650 727 706 758 τοῖς
720 725 825 762 χείροσι

212 771 273 798 Τῶν
290 772 454 807 κρεισσόνων
467 780 496 798 τε
513 772 560 798 καὶ
576 771 661 807 φίλων
674 772 849 808 δρεψώμεθα,

213 815 263 845 Ὧν
277 817 331 854 γὰρ
345 819 455 853 κρατεῖν
469 818 516 845 καὶ
534 819 646 853 σφόδρα,
667 819 698 845 οὺ
716 819 807 854 σφόδρ’
823 818 938 851 αἰνετδν,

213 863 320 890 Τούτων
334 862 492 898 κρατεῖσθαι
509 863 556 889 καὶ
568 863 637 898 λίαν,
658 864 740 891 πόσον
754 864 854 891 κακόνῑ

532 117 560 145 S.
577 115 741 145 GREGORII
758 114 885 143 THEOL.
904 114 1090 143 CARMINUM
1107 115 1209 143 LIBER
1230 115 1249 143 Ι.
1271 114 1501 144 TllEOLOGICA.

1791 110 1853 140 852

1016 187 1035 213 Α
1051 176 1102 203 260
1117 177 1299 211 Μεμνήσομαι
1313 175 1341 202 δὲ
1357 175 1403 202 καί
1419 184 1509 208 τινων,
1525 182 1572 200 και
1589 171 1738 206 συντόμως.

1053 223 1147 250 Παιειν
1163 222 1274 257 ἔμελλεν
1291 223 1305 248 ὁ
1319 221 1496 256 Σταγειρίτης
1509 219 1580 253 τινὰ,

1052 268 1149 295 Λαϐὼν
1161 269 1203 295 ἐπ’
1218 269 1340 304 αἰσχροῖς
1354 268 1401 294 καὶ
1415 269 1511 298 κακοῖς
1525 266 1692 301 ὲγκλήμασν

1052 315 1143 350 Θυμοῦ
1161 315 1183 341 δ’
1195 314 1394 346 ὲπεισελθόντος
1411 313 1480 349 ἡνίκ’
1494 313 1602 348 ᾔσθετο,

1054 360 1138 395 Ἐστη
1153 359 1276 386 παλαίων
1289 358 1328 394 τῷ
1343 358 1434 390 πάθει,
1449 358 1486 390 ὡς
1499 359 1635 393 δυσμενεῖ.

1051 406 1104 433 265
1119 406 1224 442 Μικρὸν
1238 406 1261 432 δ’
1277 404 1406 441 ἐπισχὼν,
1421 403 1497 432 εἶπεν
1511 405 1544 439 (ὥ
1561 405 1642 440 σοφοῦ
1658 405 1737 440 λόγου
1750 405 1774 438 ἓ)

1055 462 1063 477 ι
1075 452 1172 479 Καινδν
1185 451 1329 483 πέπονθας.
1345 450 1503 486 Προστάτην
1516 450 1593 486 ἔσχες
1606 451 1696 486 χόλον·

1052 498 1083 524 Et
1099 498 1136 533 μὴ
1152 497 1207 533 γὰρ
1225 496 1304 532 ὀργὴ,
1317 496 1369 523 κᾶν
1385 496 1477 530 δαρεὶς
1491 497 1662 532 ἀπηλλάγης.

1052 544 1108 571 Νῦν
1123 544 1144 570 δ’
1159 543 1270 579 αἰσχρὸν
1283 541 1317 578 ἦν
1334 551 1378 578 μοι
1398 542 1436 578 τῷ
1456 542 1534 578 κακῷ
1551 543 1680 578 πλήττειν
1698 541 1795 575 κακὸν,

1052 588 1169 623 Κρατεῖν
1181 596 1210 614 τε
1222 587 1314 614 δούλου
1332 587 1379 613 τοῦ
1394 586 1495 618 πάθους
1511 587 1695 622 ἡσσώμενον.»

1052 633 1103 660 270
1120 633 1212 665 Οὕτως
1232 634 1342 664 ἐκεῖνος.
1359 632 1411 659 Τὸν
1427 633 1450 660 δ’
1473 633 1645 669 Ἀλέξανδρον
1661 633 1749 667 λόγος,

1052 680 1180 712 Εἰπόντος
1192 679 1266 715 αὐτῷ
1285 679 1478 714 Παρμενίωνός
1497 688 1572 711 ποτε,

1052 725 1132 752 Πόλιν
1147 725 1196 752 τίν’
1211 725 1328 758 ἐξελόντι
1343 724 1398 751 τῶν
1417 724 1588 760 Ἐλληνίδων,

1052 770 1109 798 Εἶθ’
1123 771 1137 797 ὃ
1153 772 1251 806 δρᾶσαι
1267 770 1319 806 χρὴ
1333 770 1464 803 πολλάκις
1483 771 1671 808 σκοπουμένῳ,

1058 818 1086 843 Ὠ
1096 826 1111 849 -,
1129 817 1207 853 εἴπερ
1222 815 1256 853 ἦν
1273 818 1385 849 ἐκεῖνος,
1401 817 1451 843 οὐκ
1467 817 1595 852 ἐφείσατο
1606 826 1612 832 ·

1051 864 1103 890 275
1120 873 1129 889 ‹
1153 863 1222 890 Ἀλλ’
1239 863 1293 890 οὐδ’
1305 863 1386 898 ἔγωγ’
1400 862 1444 896 ἂν,
1461 863 1540 899 εἴπερ
1553 862 1597 900 ἦν,
1619 865 1709 900 φάναι,
1724 863 1804 899 σύγε.

467 943 496 971 ln
511 945 719 972 ostentationem
731 944 785 977 sui,
803 947 829 972 et
843 944 871 971 in
886 942 993 977 signum
1010 941 1160 973 libertatis;

465 979 519 1015 245
538 979 631 1015 Neque
647 979 958 1015 litig:ivit.nCriminiths
972 978 1118 1015 contritum

467 1013 612 1052 I_nl'ractuin
630 1013 757 1042 servavit.
766 1014 870 1052 ldentis
883 1014 980 1052 exilem
992 1013 1129 1052 ﬂammam
1280 1047 1285 1052 _

467 1049 668 1078 Exstincturum
683 1057 712 1077 se
727 1049 837 1084 quidem
855 1050 984 1082 minatur,
1001 1048 1049 1076 sed
1062 1048 1196 1083 benignus
1212 1048 1310 1083 parcit,

467 1084 501 1111 Ut
517 1092 567 1112 nos
584 1085 689 1119 subigat
706 1093 753 1112 sua
769 1085 888 1112 lenitate.

465 1119 541 1146 Talia
555 1128 586 1147 ac
603 1125 676 1147 tanta
687 1124 755 1155 sunt
766 1120 889 1155 exempla
905 1119 1011 1147 Domini
1027 1120 1078 1150 tui,

464 1155 517 1182 250
537 1154 718 1188 Quibuscum,
732 1162 793 1190 quae
806 1154 875 1182 forte
891 1155 1003 1190 pateris,

1019 1155 1041 1182 si
1057 1154 1194 1185 conferas.

465 1190 553 1225 Atque
565 1191 673 1218 etiamsi
689 1189 780 1218 omnia
796 1189 928 1225 perferas,
942 1190 1087 1225 plurimum
1103 1190 1209 1217 deerit:

466 1224 494 1252 Si
509 1223 618 1259 quidem
632 1225 772 1252 cruciatus
789 1223 920 1260 pensatur
937 1223 970 1252 ex
985 1225 1044 1259 ejus
1059 1226 1105 1260 qui
1123 1225 1224 1260 patitur
1238 1223 1378 1259 dignitate.

501 1259 680 1288 Sulliciuntne
697 1260 777 1287 nobis
790 1259 898 1288 nobiles
914 1259 1109 1290 institutiones.

465 1294 629 1322 Tabularum
645 1295 717 1330 leges
731 1300 757 1322 et
770 1303 860 1322 mores
874 1303 889 1322 e
902 1303 982 1322 sacro
994 1296 1104 1323 monte?

463 1330 518 1365 255
536 1330 577 1357 An
593 1331 635 1358 his
649 1329 752 1365 aliquid
768 1330 921 1357 addendum
936 1335 987 1362 est,
1004 1331 1084 1358 etiam
1100 1329 1231 1365 nothum?

463 1364 537 1392 Nihil
554 1365 617 1393 inde
633 1364 710 1400 pejus
724 1365 864 1397 acciderit,
885 1365 924 1393 sic
937 1365 1017 1392 etiam
1034 1365 1103 1392 forte
1120 1373 1151 1392 ex
1166 1364 1307 1399 pejoribus

463 1400 607 1434 Quidpiam
622 1400 685 1428 boni
695 1409 726 1428 ar
741 1401 815 1428 utilis
829 1400 1055 1435 decerpserimus.

464 1435 538 1468 Quos
552 1437 624 1463 enim
643 1437 722 1464 valde
736 1443 865 1471 superare
881 1434 935 1463 non
950 1443 1114 1470 magnopere
1128 1434 1294 1462 laudandum
1310 1439 1362 1466 est,

463 1471 505 1497 Ab
518 1471 560 1498 his
578 1471 692 1498 multum
708 1471 842 1505 superari,
855 1475 987 1505 quantum
1001 1475 1044 1498 est
1057 1471 1177 1498 malum!

463 1505 518 1541 260
539 1505 693 1534 Memorabo
707 1511 796 1533 autem
811 1506 968 1538 nonnullos,
983 1505 1133 1541 etquidem
1149 1506 1276 1533 breviter.

463 1540 575 1576 Caedere
591 1541 703 1575 parabat
719 1540 904 1576 (Aristoteles)
918 1540 1058 1576 Stagirites
1071 1541 1227 1576 quempiam

465 1575 668 1610 Deprehensum
685 1576 713 1604 in
729 1576 856 1610 turpibus
869 1575 1013 1611 pravisque
1028 1575 1207 1603 facinoribus.

465 1611 533 1646 (jum
545 1614 635 1638 autem
649 1611 716 1638 iram
733 1612 968 1646 supervenientem
983 1612 1125 1644 sensisset,

466 1645 605 1681 Substitit,
620 1650 647 1674 et
663 1646 736 1674 illam
753 1645 920 1681 impugnavit
935 1646 1009 1673 velut
1025 1648 1140 1679 hostem,

464 1680 518 1717 2όᾷ
538 1681 734 1717 Paululumque
750 1680 936 1717 moratustait
948 1682 975 1717 (ο
982 1682 1141 1716 praeclarum
1153 1681 1255 1708 dictum
1265 1682 1283 1717 ι)
1293 1694 1301 1708 .~

468 1715 594 1751 {Novum
614 1716 679 1751 quid
690 1715 819 1751 expertus
830 1724 870 1744 es.
884 1715 1029 1744 Patronam
1047 1717 1130 1744 babes
1147 1717 1244 1749 bilem;

462 1749 522 1778 Nisi
538 1751 609 1778 enim
623 1749 667 1778 ira
683 1749 894 1783 nte—invasisset.
907 1759 994 1780 caesus
1010 1751 1145 1779 abiisses:

463 1785 540 1814 Nunc
556 1789 646 1814 autem
666 1790 744 1818 turpe
757 1791 830 1814 esset
846 1787 924 1819 mihi,
935 1795 998 1815 cum
1015 1788 1102 1814 malus
1118 1787 1181 1819 sim,
1195 1786 1300 1814 caedere
1317 1787 1428 1818 malum.

463 1820 645 1857 Etrcoercere
657 1829 777 1853 servum,
797 1829 858 1849 cum
872 1823 930 1857 ipse
941 1821 1081 1850 iracundia
1097 1823 1185 1849 victus
1203 1823 1265 1849 sim.
1280 1832 1289 1848 ι

463 1856 516 1883 270
536 1856 599 1883 Haec
611 1857 666 1884 ille.
680 1857 862 1884 Alexandrum
879 1856 969 1885 autem
986 1862 1109 1890 narrant,

465 1891 644 1919 Parmenione
661 1891 700 1919 illi
714 1891 822 1919 dicente
836 1892 994 1927 aliquando,

464 1927 532 1953 Cum
551 1926 697 1953 quamdam
712 1927 807 1953 urbem
822 1927 978 1953 Graecorum

488 1934 532 1952 um

571 1926 697 1963 uamdam
712 1927 807 1963 urbem
822 1926 978 1955 Graacorum
994 1933 1187 1963 expugnasset,

465 1960 677 2002 526-52713}
687 1962 751 1996 quid
761 1962 838 2002 _l’acto
846 1970 920 2002 opus
932 1968 1016 2002 esset,

1030 1964 1129 1998 saepius
1142 1963 1318 1999 deliberaret,

466 1999 515 2033 pe,
527 1997 553 2033 si
565 1999 633 2024 l'uret
647 1997 810 2033 Alexander,
825 1998 892 2024 nihil
908 1997 1087 2033 parciturum,

463 2031 518 2059 275
537 2031 740 2066 Respondisse:
756 2041 765 2058 ι
779 2032 872 2068 Neque
887 2031 936 2069 ego
952 2041 1102 2066 parcerem,
1117 2034 1142 2062 si
1158 2042 1246 2062 essem
1263 2034 1420 2064 Parmenio.

319 2109 386 2147 Οὐδ’
402 2109 513 2147 εῐριξέν
529 2119 565 2147 τε.
587 2110 658 2138 Edit.
673 2111 841 2147 οὐδ’νεῐρισέν
856 2119 894 2138 τι.

250 2145 304 2182 24ξ
319 2145 354 2182 Τό
368 2145 525 2182 (ξυγγενές.
539 2145 688 2182 Cognatam
702 2146 753 2172 sibi
766 2145 878 2182 gentem.

251 2180 306 2208 255
320 2181 355 2206 El
370 2180 425 2208 δεῖ.
441 2179 521 2208 l-‘orte
536 2181 563 2216 ἦ.

1094 2112 1148 2146 265
1173 2113 1428 2148 Ἐπεισελθόντος.
1444 2113 1482 2140 lta
1497 2114 1580 2142 Coisl.
1596 2114 1666 2142 Edit.
1676 2115 1841 2148 ἐπελθόντος.

1094 2147 1147 2175 265
1161 2146 1262 2175 Εἶπεν.
1277 2149 1383 2182 Cicero,
1397 2152 1423 2175 in
1440 2149 1485 2176 lib.
1508 2149 1546 2176 Dc
1559 2155 1665 2182 δεηθείη
1680 2151 1781 2179 dictum
1793 2146 1844 2180 hoc

1058 2182 1178 2210 Archiae
1194 2183 1354 2216 Tarentino,
1371 2192 1424 2211 non
1442 2185 1582 2212 Aristoteli
1599 2186 1702 2213 tribuit.

872 2259 1038 2291 METRICA
1052 2261 1200 2291 VERSIO.

217 2321 414 2350 Auctoritatem
428 2322 585 2353 maximam,
604 2329 658 2349 non
673 2322 749 2349 exiit.

218 2356 276 2393 μοι]
294 2357 415 2393 litigavit.
429 2357 581 2393 Criminnm
592 2365 722 2392 quassum
738 2356 845 2392 agmine

218 2391 276 2428 Non
292 2391 381 2428 fregit.
398 2393 487 2428 Atque
503 2391 679 2426 fumigantem
695 2391 869 2427 exstinguere

219 2426 470 2463 blentenfminatiur
485 2428 508 2455 is
522 2428 643 2463 quidem,
662 2432 690 2454 at
703 2435 757 2454 non
772 2426 798 2454 id
816 2427 879 2454 facit
893 2436 899 2454 :

219 2462 278 2495 Quo
292 2463 402 2490 lenitate
416 2471 467 2490 nos
481 2462 571 2490 trahat
587 2471 693 2490 summa
706 2463 758 2489 hac
774 2471 833 2490 sua.

221 2497 347 2533 Exempla
363 2498 468 2525 Domini
486 2502 561 2525 tanta
576 2503 640 2526 sunt
655 2501 695 2525 tot
709 2501 736 2526 et
751 2498 800 2525 tui.

219 2532 325 2569 Quibus
338 2534 402 2568 quid
421 2534 479 2569 ipse
494 2533 644 2568 perferens,
662 2537 709 2560 tua
724 2532 869 2561 conferes’

222 2568 260 2604 Ut
272 2574 368 2604 cuncta
383 2569 493 2599 subeas,
505 2569 652 2604 plurimum
668 2569 754 2596 deerit
766 2573 873 2602 tamen;

221 2603 266 2638 Ad
274 2602 433 2638 dignitatem
446 2602 538 2638 passio
555 2604 577 2631 si
591 2604 758 2631 extenditur.

256 2637 385 2666 Doctrina
401 2637 481 2666 nobis
496 2639 630 2667 sullicitne
646 2640 703 2666 hac
717 2638 828 2671 nobilis,

221 2672 307 2700 Petita
320 2674 419 2701 tabulis
434 2681 449 2701 a
468 2675 555 2701 sacris
571 2676 672 2702 montis
689 2674 777 2701 sacri?

220 2708 262 2744 ᾼη
274 2709 365 2743 potius
381 2709 483 2744 aliquid
499 2709 600 2737 addere
616 2710 658 2737 his
673 2709 748 2736 nothi
763 2708 898 2736 addecet?

222 2743 268 2780 _Sic
280 2744 348 2771 forte
363 2743 470 2771 melius.
483 2743 628 2780 Quidpiam
641 2752 674 2772 ex
690 2745 830 2779 peioribus

222 2778 261 2814 Ita
278 2786 340 2806 nam
354 2779 474 2814 legemus
489 2778 567 2813 forte,
583 2779 655 2814 quod
672 2778 778 2806 mentes
790 2779 877 2814 juvet.

221 2813 296 2847 Quos
305 2813 422 2848 namque
430 2814 508 2842 valde
517 2813 636 2846 vincere,
645 2814 715 2841 haud
727 2821 854 2849 magnum
863 2817 905 2841 est
913 2815 1008 2848 decus,

224 2848 354 2884 Superari
371 2849 406 2876 ab
418 2849 485 2883 ipsis
497 2850 644 2884 plurimum
657 2848 790 2881 quantum
806 2853 847 2878 est
863 2851 983 2878 malum!

1025 2327 1043 2354 Β
1059 2323 1214 2351 Memorabo
1228 2331 1311 2358 porro
1322 2325 1466 2358 pauculos,
1482 2328 1510 2352 et
1525 2324 1574 2352 hos
1588 2324 1675 2352 brevi.

1059 2358 1208 2394 Quemdam
1224 2360 1340 2393 parabat
1355 2360 1421 2387 urbe
1436 2359 1541 2394 Stagira
1555 2360 1644 2388 editus

1058 2393 1128 2430 Qlim
1146 2393 1238 2430 ferire,
1253 2394 1368 2422 crimine
1382 2393 1521 2429 arreptum
1538 2396 1565 2421 in
1581 2395 1674 2430 gravi;

1061 2428 1096 2456 Ut
1109 2429 1194 2456 sensit
1209 2433 1299 2456 autem
1319 2429 1372 2456 bile
1386 2437 1415 2457 se
1432 2428 1522 2457 subita
1537 2428 1606 2464 rapi,

1060 2463 1198 2491 Adversus
1214 2465 1286 2490 illam
1299 2464 1435 2492 dimicans
1452 2466 1527 2492 stetit
1542 2463 1624 2497 illico,

1059 2498 1172 2535 Paulum
1189 2502 1216 2526 et
1233 2504 1368 2530 moratus,
1382 2499 1450 2527 dixit
1462 2510 1468 2526 :
1482 2499 1504 2527 0
1515 2500 1619 2527 dictum
1633 2500 1758 2535 elegans!

1063 2543 1076 2570 ς
1087 2533 1160 2560 Nova
1176 2542 1231 2570 res,
1248 2539 1361 2568 patrona
1378 2535 1492 2570 contigit
1506 2535 1568 2562 bilis
1583 2535 1641 2562 tibi.

1060 2569 1154 2596 Caesus
1169 2569 1295 2600 abiisses,
1312 2570 1379 2596 liber
1393 2571 1445 2597 hac
1457 2569 1480 2597 si
1498 2578 1571 2597 nunc
1585 2570 1682 2597 mrem.

1061 2605 1096 2639 At
1112 2608 1191 2639 turpe
1206 2611 1279 2631 nunc
1292 2609 1345 2636 est,
1360 2605 1383 2632 si
1398 2606 1498 2632 malum
1513 2606 1600 2632 cazdat
1613 2605 1712 2638 malus,

1060 2638 1259 2673 lraque’vietus
1273 2641 1412 2667 servulum
1429 2645 1562 2668 coerceat.
1577 2650 1586 2665 ι

1095 2674 1141 2702 Sic
1156 2674 1210 2711 ille.
1223 2674 1331 2711 Rursus
1349 2683 1475 2711 magnum
1494 2674 1676 2702 Alexandrum
1695 2674 1798 2711 ferunt,

1060 2709 1205 2745 Parmenio
1217 2710 1354 2745 quondam
1373 2709 1442 2745 [orte
1456 2718 1519 2737 cum
1535 2711 1585 2745 ipsi
1601 2711 1715 2742 diceret,

1060 2744 1145 2780 Capta
1157 2745 1225 2772 urbe
1239 2745 1356 2780 quadam
1372 2744 1492 2778 Graeciae,
1507 2744 1573 2780 quid
1589 2746 1662 2773 l'acto
1675 2753 1756 2780 opus,

1063 2752 1145 2806 Lapta
1157 2752 1225 2772 urbe
1239 2752 1356 2780 quadam
1372 2752 1492 2778 urzecne,
1507 2752 1573 2780 quia
1589 2752 1602 2772 ll

1063 2779 1100 2815 De
1113 2780 1228 2807 iheranti
1242 2780 1342 2815 saepius
1355 2789 1361 2807 :
1378 2790 1387 2804 ι
1403 2780 1431 2807 Si
1444 2788 1491 2807 rex
1505 2782 1602 2813 forem,

1063 2814 1136 2850 Nihil
1153 2814 1288 2843 misertus
1298 2816 1427 2850 oppidum
1442 2824 1578 2850 mquarem
1595 2816 1654 2844 solo
1667 2824 1676 2842 ί

1064 2849 1211 2885 Αείίιιιςιῖοω
1224 2855 1250 2878 et
1266 2849 1464 2885 ipse,’reltulit,
1475 2849 1502 2880 si
1520 2856 1548 2879 tu
1562 2851 1657 2880 forem.
