1954 3047
97 148 150 177 809

101 208 237 242 Ἐχουσιν.
252 206 348 238 οὕτως
360 205 393 233 ἂν
408 205 497 241 μόνως
512 202 582 240 ἦσαν
599 205 700 240 σχετοὶ.

100 253 133 280 Τί
151 252 173 279 δ’
191 253 222 280 οὐ
233 252 265 279 τδ
279 251 359 287 σῶμα
373 253 429 282 τοῖς
444 251 566 277 θέλουσιν
580 250 708 284 mrem;

101 299 153 327 170
171 299 204 326 τί
219 299 241 325 δ’
258 298 319 333 οὐχὶ
332 298 379 324 καὶ
393 297 544 333 λῄσταρχον
561 296 670 332 ἀσπάζῃ
683 296 738 331 βίον
748 315 757 329 ,

101 345 282 381 Τοιχωρυχετς
298 352 327 370 τε
339 343 388 370 καὶ
398 342 541 378 διοχλιζεις
554 342 666 376 τάφους,

72 393 83 405 ⁸
102 391 136 419 Et
149 399 189 417 σοι
203 391 233 417 τὸ
249 389 373 416 πλουτεῖν
385 388 433 414 καὶ
449 388 529 422 μόνον
540 387 730 419 σπουδάζεται,

102 437 157 464 Τοῦ
177 436 236 468 πῶς
250 435 282 468 δ’,
296 435 358 462 ὅθεν
370 442 410 466 τε,
429 433 497 469 μηδὲ
511 430 552 465 εἷς
561 433 630 465 ὅλως
645 433 740 466 λόγοςς

103 483 227 514 Κάλλους
243 481 291 517 μὲν
311 478 380 508 εἴναι
397 480 505 515 μέτρον,
520 477 589 506 εἶναι
603 479 625 506 δ’
639 478 726 514 ὅψεως
736 499 744 512 ,

104 529 155 556 175
167 528 284 564 Δρόμου,
298 526 406 557 σθένους
420 534 450 552 τε
470 526 517 552 καὶ
530 525 629 560 μελῶν,
643 525 690 552 καὶ
709 524 848 559 ἀλματων,

103 575 197 609 Λόγων
210 583 251 605 τε,
275 573 381 609 μόχθων
393 572 419 598 τ’
429 580 436 587 ·
455 571 536 607 ἔργον
551 572 600 606 οὐχ
613 571 794 606 ἁρπάγματος
803 579 810 585 ·

104 621 207 656 τζτήσει
222 620 251 646 δὲ
264 619 354 654 μηδὲν·
361 617 461 654 μέτρον
471 625 477 632 '
494 617 552 644 ἀλλ’
566 617 638 652 ἔχειν
654 617 730 650 ξένον

105 666 146 693 Τὰ
165 665 211 692 τοῦ
230 664 364 700 καμόντος
377 664 425 690 καὶ
443 663 534 695 καλῶς
546 672 631 698 κεκτη
637 663 717 698 μένου
727 681 735 694 ,

106 713 141 740 Ἦ
153 713 199 739 καὶ
212 710 338 746 πατρῷον
350 709 450 745 κλῆρον
461 706 491 735 εὖ
505 708 665 744 δεδεγμένοι)
675 715 682 722 ·

642 145 765 176 SECTIO
785 146 817 174 ll.
837 144 1003 173 POEMATA
1022 145 1188 174 MORALIA.

1679 145 1733 172 870

907 208 930 236 Α
946 206 997 233 180
1012 206 1068 233 Καὶ
1082 206 1154 232 τοῦτ’
1169 206 1198 237 ἐς
1212 205 1312 240 μικράν
1328 205 1402 232 ἐστιν
1417 200 1458 236 οἷς
1473 203 1531 240 βίου
1550 203 1642 240 πνοὴν,

945 251 997 277 Τὸν
1013 251 1067 278 οὐδ’
1084 251 1178 286 ἔχοντα
1194 250 1295 285 γνῶσιν
1310 248 1348 277 ὧν
1359 250 1468 285 κέκτητ¹
1482 249 1557 281 ἴσως.

944 295 988 332 Μὴ
1005 296 1046 323 σοὶ
1061 296 1133 331 μόνῳ
1149 296 1271 331 δοθήσετ¹
1284 297 1301 330 ἡ
1315 295 1478 330 οἰκουμένης

945 341 1004 368 Κᾶν
1020 341 1106 367 ταῦτα
1123 340 1223 375 δῶμεν,
1236 339 1294 366 οΰτι
1306 339 1351 366 καὶ
1367 339 1558 374 λειφθήσεται;

980 385 1012 411 Τί
1026 383 1072 412 οὖν
1084 385 1193 420 δράσεις
1204 392 1211 416 ;
1225 384 1258 411 σὺ
1269 384 1430 416 σπουδάσεις
1445 385 1492 411 καὶ
1505 383 1580 411 ταῦτ’
1593 383 1664 419 ἔχειν
1675 392 1684 416 ;

944 431 997 458 185
1016 431 1071 457 Ἀεὶ
1093 431 1234 466 μογήσεις,
1254 429 1293 465 τῷ
1304 430 1422 457 λείποντι
1435 429 1490 465 γὰρ
1503 430 1597 465 πένης.

950 477 1029 504 Ἀλλὰ
1047 476 1184 512 σχεθήσῃς
1197 476 1276 502 τοῦτο
1289 476 1336 502 καὶ
1353 475 1399 502 νῦν
1413 475 1526 508 δοξάτω.

945 523 1006 550 Τῶν
1027 521 1082 549 σῶν
1102 521 1173 556 ἔχεις
1191 520 1283 556 ὄνησιν
1293 529 1299 536 ³
1315 522 1338 547 ει
1353 521 1375 547 δ’
1389 520 1508 555 ἄμετρος
1522 518 1547 546 εἷ
1557 540 1564 553 ,

953 568 1002 595 Ἰδν
1015 566 1068 594 τόδ’
1083 566 1137 592 ἴσθι
1152 565 1306 601 προστιθεὶς
1319 562 1360 598 οἷς
1373 565 1420 592 νῦν
1431 565 1513 600 ἔχεις,

947 613 1003 640 Καὶ
1015 612 1081 648 φλὸξ
1095 611 1237 644 ἀκάνθαις,
1254 611 1268 638 ὅ
1282 611 1463 648 προσέρχεται
1478 610 1580 643 κακῶς,

946 659 998 686 190
1017 655 1064 689 Οἷς
1075 658 1098 684 δ’
1111 657 1144 683 ἂν
1159 656 1307 692 προσέλθῃ,
1323 656 1409 683 ταῦτα
1426 656 1472 683 καὶ
1486 655 1652 683 συνόλλυται.

952 705 995 736 Ὠς
1007 705 1038 731 οὐ
1061 703 1188 739 μαραίνει
1209 702 1288 737 δίψαν
1305 702 1334 735 ἐξ
1348 702 1437 738 ἅλμης
1454 702 1545 736 ποτὸν,

378 798 534 827 Possident.
549 798 596 826 Sic
609 797 741 826 duntaxat
756 800 867 833 possent
882 795 1028 833 compesci.

376 834 476 866 Quidni
491 838 582 861 autem
596 841 696 868 corptts
708 830 785 860 tuu'm
797 832 885 859 cuivis
898 830 1049 868 permittis}

374 869 427 896 170

443 869 543 902 Quidni
559 872 587 896 et
605 865 741 896 latronum
760 865 931 902 amplecteris
943 865 1051 893 vivendi
1065 867 1171 901 genus?

375 901 477 937 Quidni
494 911 588 931 muros
601 903 708 935 effodis,
724 907 751 930 et
764 901 884 929 tumulos
903 901 1010 937 diripis,

376 936 405 966 Si
418 943 446 966 tu
460 940 487 966 in
501 939 527 966 id
541 946 636 968 unum.
653 943 683 964 ut
699 937 774 965 dives
789 937 849 969 ﬁas,
865 936 1010 968 incumbis,

374 974 481 1006 Quibus
500 974 600 1004 modis.
612 977 639 1000 et
650 972 721 1000 unde
736 973 862 1005 acquiras
873 979 949 1006 opes.
967 971 1034 998 nihil
1047 971 1168 999 curans?

374 1008 575 1036 Pulchritudini
587 1010 715 1035 statuitur
729 1007 836 1038 modus,
849 1011 876 1034 et
892 1006 974 1037 visui,

373 1044 426 1071 175
438 1043 472 1070 Et
486 1044 625 1077 cursibus,
635 1049 663 1070 et
675 1044 778 1074 robori,
791 1046 817 1069 et
832 1042 986 1072 cantilenis.
1002 1045 1028 1068 et
1047 1041 1168 1074 choreis,

373 1078 408 1105 Et
422 1079 605 1109 sermonibus,
625 1082 652 1106 et
664 1078 805 1105 laboribus
817 1086 825 1110 ι
839 1085 894 1104 non
911 1077 1039 1104 violentia
1052 1084 1121 1110 opus
1139 1080 1192 1104 est.

368 1113 536 1146 ,Divitiarutn
550 1117 639 1140 autem
654 1114 744 1139 nullus
760 1116 801 1139 est
818 1112 915 1139 modus
929 1120 936 1137 :
951 1119 1046 1138 verum
1060 1112 1140 1139 habet
1155 1116 1303 1139 extraneus

373 1148 530 1175 Facultates
544 1149 604 1183 ejus
621 1148 667 1183 qui
681 1147 835 1179 desudavit,
847 1151 874 1174 et
884 1147 1000 1183 honeste
1016 1154 1064 1174 cas
1076 1147 1255 1182 comparavit,

375 1180 621 1219 555-555'Aut
629 1180 712 1210 etiam
724 1186 865 1219 paternam
883 1182 1079 1219 ltazreditatetn,
1095 1180 1177 1216 quam
1193 1182 1313 1218 legitime
1326 1180 1430 1217 accepit
1443 1189 1451 1213 ;

375 1217 429 1245 180
441 1217 541 1253 ’Λιῖιὺέ
552 1219 595 1246 his
611 1217 711 1245 fruitur
723 1217 757 1244 ad
771 1217 897 1253 exiguum
910 1217 971 1243 vitae
989 1221 1107 1253 tempus,

375 1253 428 1285 Qui
441 1252 586 1287 nequidem
607 1253 699 1281 forsan
716 1253 792 1279 novit
805 1252 950 1287 lmnarqute
965 1252 1096 1286 possidet.

378 1286 506 1323 lﬂunquitl
525 1288 571 1315 tibi
585 1296 655 1316 unus
668 1288 777 1315 dabitur
787 1287 864 1323 orbis
876 1286 888 1312 ?

377 1322 430 1350 Sed
445 1321 475 1349 ut
494 1323 569 1349 illum
587 1323 693 1352 demus.
709 1330 798 1349 annon
818 1321 920 1356 aliquid
939 1321 1128 1355 relinquetur?

415 1357 484 1390 Quid
500 1358 583 1393 igitur
598 1358 700 1385 facies?
712 1355 899 1393 tuncsatag'cs
916 1355 982 1382 illud
1000 1357 1081 1382 etiam
1098 1355 1263 1391 acquirere?

379 1392 431 1420 185
449 1391 560 1428 Semper
573 1393 720 1425 laborabis,
734 1393 770 1419 ob
782 1392 810 1419 id
823 1391 893 1428 quod
907 1395 1002 1428 restat,
1016 1399 1128 1426 pauper.

379 1427 421 1454 An
436 1423 544 1455 tandem
554 1428 601 1455 tibi
615 1423 722 1456 modum
736 1423 855 1454 statues?
869 1426 935 1461 quin
950 1426 977 1453 id
987 1423 1042 1459 jain
1060 1423 1133 1453 nunc
1147 1425 1194 1452 tibi
1212 1425 1367 1452 faciendum
1383 1423 1542 1453 decernito?

379 1461 549 1490 Facultatum
563 1467 670 1489 tuarum
684 1463 768 1489 habes
785 1461 959 1493 fruitionem;
973 1462 995 1488 si
1008 1465 1100 1488 autem
1115 1461 1281 1489 insatiabilis
1295 1469 1336 1494 es,

380 1496 517 1525 Venenum
536 1498 605 1524 scito
621 1503 648 1525 te
666 1497 766 1524 addere
781 1497 816 1524 iis
832 1503 893 1531 qua:
906 1496 1041 1531 possides,

379 1531 412 1558 Et
425 1532 512 1559 instar
526 1532 640 1559 flammae
652 1532 744 1567 spinas
757 1530 931 1566 corripientis
946 1535 989 1558 est
1005 1530 1136 1566 quidquid
1150 1530 1255 1558 accedit
1272 1530 1386 1566 injuste,

382 1567 436 1594 190
450 1567 483 1594 Et
498 1568 598 1602 quibus
613 1567 781 1598 admovetur,
799 1567 856 1593 haec
867 1567 948 1593 simul
961 1567 1154 1594 absumuntur.

381 1601 614 1635 Quemadmodum
628 1610 683 1630 non
704 1602 854 1637 exstinguit
868 1601 942 1629 sitim
956 1601 1027 1629 salsa
1041 1602 1127 1636 potio,

168 1673 202 1702 69
217 1675 258 1711 οὺ
273 1674 307 1701 τὸ
319 1674 416 1711 σῶμα.
430 1680 483 1704 etc.
496 1676 591 1704 Billius
606 1676 664 1704 haec
681 1683 728 1711 per
749 1675 901 1703 aculeatam

114 1710 232 1746 ironiam
243 1709 315 1737 dicta
331 1718 346 1737 a
363 1709 497 1746 Gregorio
507 1712 643 1738 observat.

152 1744 204 1772 170
224 1746 297 1782 οοχι
312 1746 359 1772 καὶ
373 1744 558 1782 λῄὰταρχονέ
576 1746 654 1773 Hunc
678 1752 788 1773 versum
801 1744 905 1782 _Bil|ius

117 1787 179 1817 non
189 1779 317 1817 reddidit,
331 1788 381 1817 nec
394 1779 477 1817 Leuv.
491 1779 525 1801 ὲ
541 1780 744 1817 Supplevimus.
758 1784 785 1808 et
801 1780 906 1808 Italicis

117 1815 303 1851 distinximus.
326 1815 481 1851 (ΟΑιιιΑυ.)

117 1850 324 1911 ἡᾶῖἒιᾶ¹¹ολως
344 1851 444 1886 λόγος.
473 1850 565 1878 Cois].
592 1850 668 1882 ὅλος,
700 1850 776 1877 nulla
803 1850 906 1878 ratione

136 1889 219 1912 avita.

154 1919 206 1946 176
223 1919 348 1955 Μόχθων
366 1921 401 1948 τ’.
421 1920 460 1948 lta
474 1920 574 1954 Coisl.,
587 1928 649 1956 qua:
663 1928 714 1956 vox
740 1919 906 1954 interpreta-

117 1954 192 1982 tione
198 1961 339 1990 separatur
345 1956 428 1996 abhis
435 1964 495 1996 qua;
502 1954 663 1996 sequuntur,
672 1955 751 1996 ἔργον
758 1955 808 1996 οὐχ
816 1955 906 1991 ἀρπά-

117 1996 234 2050 γῑιατος,
248 1998 298 2017 non
315 1994 429 2032 opus'eat
441 1990 585 2031 uiolentia;
602 1991 628 2031 id
640 1990 694 2031 est,
710 1990 737 2017 id
755 1991 784 2030 ﬁt
805 1990 906 2031 sponte,

118 2033 136 2050 ιι
154 2032 216 2059 sque
237 2025 294 2052 ulla
317 2034 362 2058 in;
385 2027 518 2060 Siquidem
539 2026 696 2060 defattgatta
720 2026 806 2060 efﬁcit,
823 2030 851 2052 ut
867 2026 908 2052 Im

119 2060 196 2086 rebus
207 2059 312 2086 modum
323 2059 498 2094 intponamus.
511 2059 582 2088 Edit.
597 2059 704 2096 μόχθον.
715 2075 749 2080 -
759 2060 837 2096 Unde
847 2068 910 2087 con-

119 2098 161 2120 tra
173 2102 284 2122 sensum
297 2095 378 2122 simul
388 2100 414 2122 et
423 2100 518 2123 contra
534 2099 650 2123 metrum
662 2100 782 2123 verterat
795 2095 906 2123 Billius:

124 2127 275 2164 Verbisque,
292 2129 367 2156 labor
380 2135 418 2157 est
432 2131 548 2165 quidem.
562 2139 613 2157 non
635 2130 672 2157 vis
688 2138 784 2165 rapax.
807 2131 907 2158 Corre-

120 2165 299 2235 ῗέιέζιίἃιέοἷᾱ
313 2171 459 2200 utrumque
473 2173 582 2193 versum
602 2165 705 2193 Italicis
720 2165 908 2193 distinximus.

153 2206 259 2226 ΔιιιΑυ.

156 2233 306 2270 180,Ῑοῦτ¹
320 2235 352 2268 ἐς
360 2234 479 2270 μικράν.
494 2234 532 2262 lta
541 2234 604 2261 Vat.
618 2234 690 2262 Edit.
705 2234 785 2262 τοῦτο
797 2235 907 2270 μικράν.

118 2283 155 2289 ——
173 2268 218 2296 Siti
237 2268 418 2303 Benedictini,
428 2271 486 2305 qui,
502 2274 531 2297 ut
552 2270 646 2298 sensui
674 2268 803 2303 faveant,"
822 2268 909 2297 metro

119 2308 348 2339 prorsusnocent,
356 2309 386 2332 ut
395 2305 507 2333 cuilibet
514 2306 689 2333 manifestum
697 2305 908 2341 est.(C.uu.au.)

992 1676 1044 1703 185
1059 1675 1124 1702 Κᾶν
1144 1675 1237 1703 ταῦτα
1260 1675 1366 1710 δῶμεν.
1392 1674 1531 1710 Superiori
1552 1682 1632 1702 versu
1653 1675 1744 1703 οἰκου-

959 1711 1028 1746 μένη
1050 1719 1104 1740 non
1120 1711 1146 1738 in
1163 1719 1262 1746 genere
1285 1719 1335 1746 pro
1348 1715 1406 1738 toto
1427 1716 1560 1738 terrarum
1579 1711 1645 1738 orbe
1668 1711 1742 1738 acci-

956 1746 1054 1786 pienda
1072 1750 1114 1774 est
1134 1746 1143 1782 (
1153 1747 1253 1786 alioqui
1267 1746 1334 1773 nihil
1351 1746 1543 1786 acquirendum
1559 1747 1742 1786 superesset).

956 1782 1004 1809 sed
1019 1781 1152 1808 duntaxat
1168 1790 1217 1816 pro
1228 1782 1263 1808 iis
1278 1787 1357 1808 terra:
1371 1781 1496 1816 partibus
1507 1788 1568 1816 quae
1579 1781 1614 1808 ab
1625 1781 1744 1808 homini-

956 1816 1008 1844 bus
1025 1817 1190 1843 incoluntur.
1208 1816 1283 1844 BILL.

993 1851 1043 1878 184
1053 1849 1146 1879 Τιοῦν
1162 1851 1293 1885 δράσεις.
1311 1851 1348 1878 lla
1362 1851 1446 1879 Coisl.
1464 1850 1534 1878 Edit.
1551 1850 1578 1877 τί
1594 1849 1670 1885 γοῦνρ
1687 1853 1742 1877 etc.

956 1903 991 1908 —
1003 1887 1048 1914 Sic
1063 1884 1241 1914 correxerunt
1252 1887 1432 1919 Bcnedietini,
1447 1887 1509 1914 licet
1518 1884 1653 1913 editorum
1664 1884 1744 1913 lectio

957 1925 1045 1963 metro
1061 1922 1146 1963 magis
1160 1923 1257 1963 faveat.
1277 1922 1430 1963 (partum)

959 1957 1045 2019 8'5185
1063 1957 1104 1989 Τῷ
1122 1957 1257 1984 λείποντι
1280 1958 1319 1984 lla
1333 1957 1389 1984 fere
1399 1964 1485 1991 supra
1496 1963 1582 1984 carm.
1593 1962 1653 1987 vttt.
1669 1961 1742 1982 vers.

997 2028 1048 2054 189
1071 2026 1232 2059 Ἆκάνθαις,
1250 2027 1276 2054 ὅ.
1299 2026 1337 2053 Ita
1353 2026 1438 2053 Coisl.
1459 2025 1528 2052 Edil.
1541 2025 1650 2056 ἀπάνθ“,
1668 2031 1745 2051 men-

959 2062 1026 2090 dose
1040 2072 1046 2089 :
1063 2063 1137 2097 quod
1154 2062 1281 2089 mendum
1301 2061 1437 2096 corrigere
1452 2061 1565 2097 tentavit
1578 2060 1683 2097 Billius,
1697 2059 1746 2097 sed

959 2095 1082 2125 frustra}
1101 2097 1154 2124 nisi
1174 2097 1247 2131 quod
1269 2095 1397 2124 observat
1416 2101 1500 2127 recte.
1513 2096 1623 2123 divitias
1644 2095 1746 2131 iniquis

959 2133 1067 2160 artibus
1085 2129 1267 2166 comparatas,
1285 2132 1372 2158 instar
1391 2131 1506 2158 ﬂamma:
1526 2129 1701 2165 corripientis
1719 2135 1747 2156 et

960 2168 1131 2195 absumentis
1145 2167 1278 2202 quidquid
1294 2167 1464 2198 adm0vetur,
1477 2166 1558 2202 etiam
1572 2166 1692 2194 honestis
1704 2171 1747 2191 ra-

960 2203 1084 2230 tiOuibus
1098 2201 1330 2237 qumsitis’upibus
1344 2202 1491 2237 perniciem
1505 2201 1613 2237 afferre.

995 2210 1084 2230 minus
1098 2210 1220 2237 qumsuts
1233 2211 1249 2227 (ι
1271 2210 1330 2229 unus
1344 2210 1491 2236 permetem
1505 2210 1607 2228 θηεῖτο

995 2239 1048 2265 19υ
1064 2238 1231 2271 Προσέλθῃ.
1247 2210 1332 2264 110181.
1352 2241 1379 2263 et
1399 2236 1460 2263 Vat.
1476 2235 1607 2263 συνέλθοι.

999 2273 1045 2300 191
1068 2273 1118 2304 Ἐξ
1133 2273 1241 2307 ἅλμης.
1256 2271 1377 2299 Haustus
1387 2279 1402 2298 e
1417 2271 1486 2298 mari
1504 2276 1591 2304 potus.

773 2384 943 2416 METRICA
966 2384 1117 2431 VER§IO.

119 2464 210 2492 Partis
224 2465 339 2493 olerent.
354 2464 444 2493 Unum
460 2465 487 2492 id
500 2466 562 2494 illos
577 2466 696 2493 sisteret.

121 2500 191 2533 Quin
207 2501 266 2535 ipse
280 2508 380 2535 corpus
393 2501 489 2534 objicis
503 2501 590 2528 cuivis
607 2502 701 2528 tuum?

122 2536 192 2568 Quin
207 2542 229 2562 et
245 2536 379 2562 latronum
395 2536 487 2571 deligi;
506 2536 565 2562 vita:
579 2543 658 2570 genus
668 2536 681 2562 7

121 2571 251 2605 Sepulcra
267 2571 332 2605 quin
349 2574 377 2597 tu
395 2571 502 2604 diripis,
520 2574 590 2598 tecta
606 2570 721 2598 cll'odis?

120 2606 224 2640 Opibus
239 2606 377 2633 struendis
390 2605 523 2640 siquidem
537 2606 649 2632 omnino
664 2607 768 2639 studes,

119 2641 175 2668 Nec
193 2642 264 2667 unde
279 2648 389 2673 curans,
403 2649 452 2668 nec
467 2640 566 2675 quibus
579 2648 694 2675 prorsus
712 2642 811 2669 modis.

120 2676 218 2711 Figere
233 2676 336 2708 decori,
350 2677 432 2707 visui,
452 2681 533 2710 atque
545 2676 638 2702 rubori

120 2711 240 2742 Modum,
253 2711 371 2742 choreis,
388 2712 542 2741 cantilenis,
555 2711 693 2743 cursibus,

127 2746 226 2777 Verbis,
243 2746 346 2778 labori;
360 2754 411 2772 non
425 2754 490 2781 opus
506 2746 640 2772 violentia.

120 2782 154 2808 At
169 2789 223 2808 non
239 2781 336 2808 modus
350 2789 431 2816 opum
445 2785 486 2809 est
501 2782 583 2810 ullus.
599 2781 642 2808 his
657 2780 703 2808 sed
716 2785 827 2809 exterus

120 2816 241 2848 Fruitur,
258 2817 350 2844 labore
365 2820 441 2851 parta
454 2824 514 2851 qua:
525 2817 594 2843 alius
615 2817 732 2843 maximo

121 2851 252 2885 Tenebat,
267 2856 314 2880 aut
330 2850 390 2887 qua:
407 2850 522 2886 liquerat
542 2850 660 2878 morietts
675 2857 761 2886 pater.

927 2476 948 2503 Β
964 2465 1012 2503 [iis
1025 2466 1134 2503 fruitur,
1152 2465 1274 2500 inquam,
1289 2465 1420 2503 pauculos
1434 2471 1504 2503 sape
1518 2464 1551 2491 ad
1564 2464 1632 2497 dies,

963 2501 1014 2534 Qui
1032 2502 1101 2528 forte
1115 2509 1165 2528 nec
1181 2509 1241 2536 quae
1256 2501 1375 2535 possidet
1393 2501 1468 2536 novit
1481 2500 1566 2536 bona.

963 2535 1078 2564 Orbisne
1090 2535 1199 2562 dabitur
1214 2539 1287 2562 totus
1302 2536 1344 2562 hic
1356 2536 1405 2563 soli
1421 2535 1491 2562 tibi?

962 2571 997 2598 Ut
1011 2571 1108 2598 demus
1123 2571 1223 2605 ipsum,
1238 2571 1362 2598 nonnihil
1381 2574 1467 2598 restat
1481 2573 1583 2596 tamen.

997 2606 1068 2639 Quid
1082 2614 1146 2640 ergo
1161 2606 1263 2633 facies?
1276 2605 1376 2632 addere
1390 2606 1447 2632 inec
1461 2609 1568 2640 satages
1584 2610 1702 2639 quoque,

963 2640 1076 2675 Semper
1091 2639 1228 2670 laborans.
1247 2649 1349 2675 pauper
1362 2641 1396 2668 ob
1408 2639 1559 2668 restantia?

961 2673 1106 2703 Cohibebis
1120 2679 1148 2702 at
1159 2676 1204 2702 te?
1214 2673 1279 2710 quin
1294 2673 1363 2702 illum
1377 2683 1449 2702 nunc
1461 2675 1516 2709 jam
1531 2673 1639 2710 placet?

963 2711 1080 2738 Fructus
1093 2716 1199 2737 tuoruttt
1218 2709 1244 2738 te
1255 2711 1343 2746 juvat.
1358 2709 1451 2738 Nescis
1468 2709 1596 2746 modum?

963 2746 1066 2781 Opibus
1081 2753 1225 2781 venenum,
1238 2754 1306 2781 quas
1319 2746 1413 2777 habes,
1427 2745 1504 2772 addis
1519 2745 1612 2781 miser,

962 2779 1105 2816 Instarque
1120 2780 1234 2808 “ammte
1247 2779 1291 2809 est
1304 2781 1436 2816 quidquid
1450 2780 1551 2814 injuste
1566 2779 1683 2816 advenit.

963 2815 1150 2851 Quodcunque
1165 2817 1261 2851 tangit,
1280 2816 1306 2843 id
1315 2815 1416 2843 'statim
1429 2816 1510 2844 simul
1523 2815 1624 2851 interit.

963 2851 999 2880 L‘t
1013 2853 1084 2879 uncta
1096 2852 1167 2879 salsa
1187 2850 1316 2879 fervidam
1333 2852 1406 2880 haud
1421 2851 1495 2888 fugat
1509 2850 1594 2884 sitim,
