1954 3047
96 138 146 165 875
647 137 777 166 SECTIO'
788 137 809 164 11

96 197 192 228 Καλοῖς
203 197 323 233 σίδηρος,
338 198 421 233 κηρὸς
436 199 465 225 ἐν
479 200 535 230 τοῖς
551 199 674 236 χείρῦσιν

98 243 164 274 Εἰσὶ,
180 243 210 268 τὸ
224 244 316 278 χεῖρον
328 244 425 278 ῥᾳδίως
441 245 614 280 τυπούμενοι.

99 299 107 313 ε
120 288 155 314 Οὐ
171 289 318 322 σωρρονῶ·
337 289 362 315 τί
379 290 418 321 ὂ“;
433 289 512 321 ἄλλος
527 291 575 325 οὐχ
590 291 746 326 εὑρίσκεται

96 335 145 362 223
162 335 305 368 Τοιοῦτος;
323 345 332 360 ι
351 335 431 370 Οῐμοι
442 336 448 361 ε
461 335 508 362 καὶ
526 335 615 370 σοφῶν
631 336 702 369 λέξει
716 337 786 364 τινά.

101 390 108 405 t
127 380 247 407 Κτείνω·
266 381 292 406 τε
305 381 346 412 δ’;
363 380 424 416 οὐχὶ
440 381 550 407 κάνθάδ’
568 381 743 417 εὑρεθήσεται

98 426 156 452 ἰ’ὦν
175 435 217 457 τις
232 426 365 457 παλαιῶν,
379 426 395 462 ἢ
412 426 494 459 νέωνς
514 427 625 454 Πλουτώ
643 427 749 460 κακῶς·

100 473 182 508 Ἐθνη
195 473 223 499 δὲ
238 474 263 499 τ’
278 473 357 504 ἄλλος
372 473 418 499 καὶ
433 472 523 505 πόλεις
538 473 680 508 ἐκτήσατο.

99 518 199 554 Ὂρκου
213 518 242 545 δέ
259 527 301 550 τις
316 519 367 545 οὐκ
381 517 451 545 οἶδεν
464 519 577 555 ἄρνησις
592 520 674 546 πόσον

97 564 148 591 230
164 565 287 600 Χείρωνς
302 575 311 590 ι
328 564 560 601 ἘπειτἚρψησις
574 566 697 601 ἐπλάσθη
713 566 794 597 τινὸς,

99 610 144 642 Εἰς
161 611 330 646 συγκάλυῷιν
346 612 512 647 τραυμάτων
529 612 690 639 ἐλασσόνων.

99 657 169 692 Πρὸς
179 656 266 683 ταῦτα
281 657 328 683 καί
341 666 368 684 τι
384 657 567 693 μυθολογῆσαί
585 667 625 684 σοι
638 658 717 688 θέλω.

98 703 128 728 Εἰ
139 702 178 729 δεῖ
189 712 215 729 τι
230 703 337 735 παίζειν
352 704 381 730 ἐν
394 703 469 739 μέσῳ
482 703 535 730 τῶν
552 704 709 739 συμφορῶν,

98 748 189 774 Μῦθον
207 748 346 784 πρέποντα
360 749 446 776 τοῖσδε
464 751 520 781 τοῖς
532 750 689 785 σοφίσμασι.

132 793 186 821 255
198 794 255 830 Τὴν
270 794 367 828 γλαῦκ’
378 795 540 822 ἐπέσκωπτε
554 804 596 827 τις
607 804 613 810 ·
629 795 671 830 ἥδ’
687 795 809 830 ὲφύγγαν

100 839 159 866 Τῶν
171 841 346 876 σκωμμάτων
358 841 472 868 ἕκαστον
486 842 606 877 εὐστόχῳ
622 842 693 878 λόγῳ
703 850 709 856 ·

813 157 820 164 .
839 135 1004 164 ΡΟΕΜΑΤᾹ
1023 135 1187 164 MORALIA.
1668 139 1723 169 874

900 199 923 228 Α
941 207 950 223 ι
963 198 1044 224 Ὅσον
1059 198 1178 234 κάρηνον
1189 199 1194 224 !
1205 213 1238 218 -φ
1249 198 1302 225 Τοῦ
1317 198 1377 231 Διὸς
1387 199 1416 226 δὲ
1430 199 1542 235 πηλίκον
1555 200 1560 226 !
1571 215 1606 221 —

943 245 973 270 Ἡ
993 244 1144 279 γλαυκότης
1156 244 1183 271 δέ
1193 245 1199 270 !
1211 259 1243 264 —
1257 244 1342 271 Τοῦτο
1356 246 1405 281 τῆς
1419 245 1617 277 Γλαυκώπιδος.
1627 261 1657 267 -

937 291 1044 327 Φθέγγῃ
1055 291 1181 326 δύσηχον.
1191 307 1225 311 -
1233 290 1264 317 Ἠ
1278 291 1304 317 δὲ
1317 291 1395 318 κίττα
1410 292 1456 318 καὶ
1468 292 1500 318 τε)
1507 295 1559 319 έον.
1570 308 1603 312 —

937 336 990 363 240
1002 337 1038 362 Τὸ
1047 336 1197 363 λεπτόπουν
1206 336 1264 368 πῶς
1276 345 1282 369 ;
1293 353 1325 357 ——
1334 337 1397 373 Ψὴρ
1406 337 1433 363 δέ
1444 338 1519 364 σοιτί
1530 338 1684 372 (petiverant

944 383 1020 410 Ἑπεὶ
1033 383 1061 410 δὲ
1078 383 1165 410 πάντα
1179 383 1301 419 magna
1318 383 1425 418 ρᾳδὶως,

944 429 999 455 'Evl.
1014 430 1165 465 κρατεῖται,
1181 429 1228 455 καὶ
1243 430 1310 465 σοφή
1324 438 1377 465 περ
1393 427 1449 456 οὖσ⁴
1463 429 1546 464 ὅμως.

941 485 950 501 ι
968 476 1048 507 Ἀλλ’,
1061 471 1083 501 ὧ
1104 475 1183 511 σοφὴ,
1199 476 1344 510 σκότπισον,
1357 475 1395 507 ὠς
1409 475 1511 502 τούτων
1528 475 1577 511 μὲν
1589 476 1617 502 ἓν

944 521 1000 547 Ἑνὶ
1010 520 1150 556 πρόσεστι,
1169 521 1210 546 σοὶ
1224 521 1245 547 δ’
1260 520 1367 547 ἅπαντα
1381 521 1429 547 καὶ
1443 520 1502 547 λίαν
1514 529 1521 536 ·

937 566 992 592 245
1007 566 1124 602 Γλαυχὴ,
1140 566 1265 601 δύο-ηχος,
1280 566 1439 598 λεπτόπους,
1458 565 1628 601 βαρὺκρανος

973 612 1084 643 Τούτοις
1101 612 1222 646 ἀπῆλθεν
1234 613 1412 647 ὲντραπεῐσ¹ὴ
1428 612 1554 648 φιλτάτη.

940 659 976 685 Σὺ
992 658 1013 685 δ’
1027 658 1085 685 οὐδὲ
1100 657 1188 690 τοῦτο,
1206 657 1273 684 ἀλλὰ
1286 659 1337 684 κὰν
1356 658 1433 693 μύθῳ
1448 658 1516 684 πολὺ

942 705 1019 731 Ἔστι
1035 713 1075 736 τις
1089 703 1163 740 ὅρνις
1178 704 1227 739 σῆς
1239 704 1336 740 φρενὸς
1351 703 1513 740 σοφώτερος.

945 751 1019 783 Ἔνος
1039 750 1073 777 τὰ
1085 751 1174 777 πάντα
1184 759 1190 765 ·
1211 750 1290 776 τοῦτό
1308 759 1353 777 σου
1369 750 1401 776 τὸ
1413 750 1552 786 δυσχερές,

940 798 993 824 250
1015 798 1056 829 Ὠς
1067 797 1095 824 ἓν
1111 797 1160 832 μὲν
1176 796 1359 832 ἁρπασθέντα,
1376 797 1422 823 καί
1435 806 1486 823 που
1499 797 1613 832 δεύτερο

941 843 1056 870 “uiuat
1067 852 1104 875 τι,
1121 843 1166 869 καὶ
1183 843 1279 878 μικρόν
1291 851 1326 875 τι,
1339 842 1502 878 συγγνώμην
1518 842 1583 878 ἔχει.

349 918 389 955 ᾼᾱ
404 919 591 955 resAltonestas
604 918 684 947 ferrei
697 939 703 950 .
722 920 754 948 ad
772 920 946 955 turpissimas
961 921 1033 948 cerei

350 953 420 990 sunt
431 974 438 986 ,
452 953 532 981 facile
550 955 579 990 in?
590 955 711 989 pejorem
725 953 829 990 partem
842 955 1017 984 conformati.

351 988 441 1026 thier:
449 997 509 1026 sum
527 988 658 1026 pudicus;
674 988 764 1026 annon
782 991 854 1018 alius
868 991 1005 1026 reperitur

347 1024 401 1061 225
421 1024 511 1061 Talis?
523 1034 532 1050 ι
555 1024 603 1053 llei
623 1025 707 1052 mihi!
722 1029 749 1053 et
765 1024 930 1060 sapientium
947 1026 1066 1061 proferet
1082 1027 1248 1061 quempiam.

352 1059 517 1087 «Homicida
534 1067 611 1087 sum:
632 1061 697 1094 quid
718 1059 826 1088 autem?
843 1069 934 1088 nonne
947 1059 977 1088 et
995 1062 1038 1089 hic
1056 1059 1211 1089 invenietur

348 1094 416 1128 Quis
429 1102 462 1122 ex
481 1095 601 1129 antiquis
617 1095 774 1123 hominibus
794 1100 841 1123 aut
859 1097 960 1123 novis?
976 1096 1057 1124 Facio
1070 1105 1125 1124 retu
1145 1097 1215 1124 tnala
1228 1097 1349 1124 ratione:

348 1129 445 1166 Nonne
461 1130 530 1166 alter
544 1134 571 1157 et
586 1135 680 1164 gentes
699 1136 725 1158 ct
742 1131 826 1158 urbes
842 1131 882 1158 sic
900 1133 1067 1166 acquisivit?

360 1164 456 1202 Jruro_:r)
471 1165 629 1202 juramento
647 1170 740 1202 autem
752 1167 815 1201 quis
831 1164 951 1202 nesciat,
968 1172 1102 1202 quantum
1119 1167 1264 1201 abnegatio

368 1201 402 1227 50
422 1200 464 1227 Sit
476 1199 615 1228 deterior?
627 1211 641 1238 ιν
658 1199 768 1228 Deinde
778 1201 889 1236 tingitur
906 1199 1052 1238 abnegatio
1072 1199 1225 1237 cujuspiaut
1236 1223 1244 1234 ,

350 1235 378 1271 in
395 1239 583 1271 tegumentum
598 1237 741 1263 vulnerum
761 1235 908 1264 minorum.

350 1270 380 1298 ln
395 1270 465 1298 hanc
478 1278 535 1297 rem
547 1291 554 1302 ,
579 1271 724 1305 quamdam
741 1279 853 1299 narrare
867 1271 986 1299 fabulam
1003 1271 1052 1298 tibi
1067 1271 1140 1303 volo,

352 1306 381 1332 Si
393 1306 460 1341 quid
472 1305 550 1333 decet
564 1306 658 1334 ludere
671 1306 768 1334 mediis
785 1307 812 1334 in
830 1307 917 1339 malis,

349 1341 482 1368 Fabulam
496 1361 504 1373 ,
522 1341 634 1374 inquam
648 1362 655 1373 ,
673 1342 878 1369 convenientem
898 1343 973 1370 hisce
993 1342 1132 1369 versuliis.

386 1376 439 1404 255
455 1375 589 1403 Noetuam
606 1377 669 1411 quis
685 1377 833 1408 irridebat,
849 1377 894 1404 illa
910 1381 1000 1404 autem
1014 1377 1193 1412 propulsabat

352 1411 562 1447 cavillationum
580 1419 801 1447 unamquamque
817 1412 966 1447 ingeniosis
984 1411 1084 1440 verbis.

356 1456 364 1472 (
376 1446 513 1480 Quantum
533 1446 583 1474 tibi
603 1452 686 1482 caput
702 1446 763 1474 est!
781 1461 815 1467 -ι
829 1446 888 1474 Jovi
906 1451 1009 1482 quanto
1029 1447 1137 1482 majus?
1151 1461 1186 1467 —-

353 1482 440 1514 Quam
455 1482 589 1510 caeruleus
610 1483 753 1510 oculorum
765 1483 840 1510 color
855 1483 861 1509 l
877 1498 913 1503 —
928 1482 979 1509 Hic
996 1483 1115 1510 Palladis
1137 1482 1213 1510 color
1229 1485 1282 1510 est.
1292 1497 1327 1503 —

353 1517 456 1544 Cantas
473 1517 594 1544 horride.
610 1533 645 1538 —
660 1517 724 1544 Pica
739 1518 830 1545 adhuc
845 1518 996 1545 horridius.
1010 1533 1046 1537 —

353 1552 407 1580 240
422 1552 508 1585 Quam
524 1553 609 1580 exiles
623 1553 720 1587 pedes!
739 1568 774 1573 -—-
787 1553 857 1586 Quid
874 1553 923 1580 tibi
935 1554 1043 1581 videtur
1055 1558 1168 1581 sturnus
1179 1553 1208 1579 ?t

355 1587 423 1615 Cum
443 1592 533 1615 autem
547 1588 639 1615 omnia
650 1588 801 1622 depulisset
817 1588 906 1620 facile,

355 1623 417 1658 Uno
436 1627 580 1657 superatur
593 1644 600 1655 ,
617 1624 743 1658 quamvis
762 1624 871 1658 sapiens
886 1625 972 1651 esset.

359 1657 406 1696 «_0_
420 1655 531 1693 sapiens
548 1655 635 1696 (dixii
658 1659 736 1696 nisi).
762 1655 995 1696 consideraquod
1012 1657 1110 1696 horum
1130 1655 1262 1696 duntaxat
1278 1664 1362 1684 unum

356 1692 462 1728 Cuiqué
478 1697 520 1721 est
532 1693 627 1720 vitium
640 1713 648 1725 ,
664 1694 714 1721 tibi
733 1699 823 1721 autem
844 1692 954 1726 omnia,
969 1698 997 1720 et
1013 1692 1283 1728 quidcmrinsigniter
1296 1701 1304 1725 ;

359 1727 514 1764 245⁷41ωεί³
528 1736 574 1764 es.
590 1736 692 1756 sonans
710 1729 818 1757 horride
831 1748 838 1761 ,
855 1729 932 1756 tenui
949 1728 1017 1764 pede
1028 1747 1035 1760 ,
1051 1727 1146 1763 grandi
1168 1727 1265 1762 capite.
1276 1737 1285 1752 ι

395 1763 436 1790 Ad
451 1764 509 1791 haec
522 1763 650 1791 discessit
669 1765 756 1792 multo
769 1766 869 1791 rubore
887 1763 1002 1791 suffusa.

361 1798 402 1825 Tu
413 1807 479 1826 vero
492 1799 635 1833 nequidem
651 1799 718 1832 hoc;
736 1799 783 1827 sed
799 1801 881 1827 etiam
898 1799 925 1826 in
938 1799 1031 1826 fabula

361 1834 409 1870 Est
422 1835 480 1862 avis
496 1834 619 1868 quaadam
635 1834 731 1870 longe,
747 1842 828 1869 quant
843 1839 872 1860 tu
888 1835 943 1866 sis,
964 1834 1124 1869 sapientior.

362 1869 422 1896 Tibi
435 1870 481 1897 uni
497 1869 588 1896 omnia
606 1875 669 1897 sunt
687 1869 769 1897 vitia:
785 1870 836 1896 hoc
851 1873 928 1896 tuum
943 1873 986 1896 est
998 1871 1110 1895 tnalttm.

361 1905 414 1940 250
430 1904 519 1932 Semel
534 1905 643 1939 quidem
659 1913 707 1940 per
726 1905 825 1932 mentis
844 1905 1046 1939 subreptionem
1058 1924 1065 1935 ,
1081 1908 1127 1930 aut
1141 1903 1337 1940 etiam__iterum

361 1939 507 1968 Peccatum
530 1937 640 1975 aliquod
650 1937 666 1973 ,’
676 1940 756 1968 modo
771 1940 915 1975 exiguum,
928 1937 1075 1967 admittere
1086 1959 1093 1971 ,
1111 1939 1191 1967 venia
1213 1937 1326 1971 dignum
1341 1943 1392 1966 est.

141 2018 194 2059 ἓὲἓ
208 2017 396 2059 ‘17}.‘0‘-9°i5‘-
410 2019 427 2058 ᾗ
444 2027 490 2059 eo:
500 2019 557 2059 ηαές
573 2023 627 2059 εξε-
662 2053 674 2059 -

142 2053 194 2079 2‘27
213 2053 336 2080 Πλουτῶ
352 2053 458 2086 κακῶςέ.
471 2054 554 2082 Coisl.
573 2053 704 2080 πλουτῶν.

143 2088 195 2115 229
211 2089 319 2122 ’Ὅρκον
335 2088 368 2115 δέ
378 2098 423 2122 τις
435 2090 489 2116 οὐκ
502 2087 593 2116 οἶδεν,
607 2088 645 2116 lla
663 2089 745 2116 tioisl.
768 2088 838 2115 Edit.
850 2089 893 2123 ὄρ-

106 2123 270 2160 atavo—illic
283 2124 424 2160 evidenter
432 2125 628 2159 deestaliquid,
642 2125 693 2152 nisi
704 2124 845 2160 legendum
857 2126 893 2152 sit

106 2159 181 2194 ὁρκῶ
195 2159 238 2185 δέ·
252 2159 293 2190 τίς
306 2160 357 2186 οὐκ
370 2158 449 2190 οἶδεν,
465 2165 517 2186 etc.
532 2158 662 2188 Cttttau.

141 2194 193 2221 257
213 2195 308 2222 ’⁷οσον
322 2193 472 2229 χάρηνον]
484 2195 569 2228 Quam
580 2195 687 2230 grande,
700 2200 827 2230 quantum
845 2194 892 2221 tibi

950 2017 1048 2050 caput!
1060 2016 1157 2044 Billius
1167 2016 1245 2052 quale
1259 2017 1367 2048 collum,
1380 2017 1452 2051 quod
1472 2021 1578 2045 noctua:
1591 2024 1646 2046 non
1665 2024 1732 2045 con-

949 2053 1024 2080 venit
1038 2052 1117 2086 cujus
1133 2052 1214 2079 breve
1229 2056 1271 2079 est
1283 2052 1394 2079 collum.

983 2088 1037 2115 245
1048 2085 1084 2114 Ὦ
1096 2087 1187 2122 σοφή.
1202 2087 1273 2115 Edit.
1288 2088 1335 2119 ὠς.

982 2123 1033 2150 247
1047 2123 1089 2149 Σὺ
1103 2123 1130 2149 δ’
1146 2122 1218 2149 οὐδὲ
1227 2122 1324 2150 τοῦτο.
1338 2123 1378 2149 Tu
1391 2131 1449 2150 vero
1459 2122 1593 2158 "equidem
1613 2123 1670 2156 hoc,
1682 2123 1733 2151 hoc

949 2162 1001 2189 est.
1017 2158 1162 2192 nequidem
1179 2158 1280 2193 pudore
1296 2157 1420 2185 alliceris.

981 2193 1031 2220 251
1048 2193 1176 2220 Ιιταῑσαι
1191 2202 1228 2220 τι.
1248 2193 1286 2220 lta
1297 2193 1381 2220 Coisl.
1396 2193 1468 2220 Edtt.
1484 2201 1639 2220 πταισαντι.

752 2272 919 2302 METRICA
934 2271 1083 2303 VERSIO.

105 2355 147 2382 Ad
163 2356 274 2383 honesta
292 2355 404 2388 ferrum,
420 2363 483 2383 cera
501 2359 564 2383 sunt
582 2356 615 2383 ad
633 2356 732 2390 turpia,

105 2390 198 2430 Facile
213 2392 396 2430 exprimentes
411 2391 541 2430 quidquid
557 2396 599 2418 est
614 2391 726 2430 dignum
744 2390 854 2425 probro.

109 2436 118 2452 ‹
142 2426 200 2453 Non
216 2434 275 2453 stllll
296 2426 411 2460 pudicus
425 2436 430 2452 2
447 2427 508 2453 talis
525 2434 615 2453 annon
632 2426 767 2460 quispiam

107 2461 253 2495 Reperitur
266 2459 350 2488 alter?
371 2471 380 2486 ι
400 2469 432 2488 ac
449 2462 565 2496 probum
582 2459 703 2495 aliquem’
714 2459 844 2494 proferet.

110 2505 119 2521 α
142 2496 249 2523 I’crimo
262 2505 268 2522 :
283 2496 366 2530 quid?
380 2504 469 2524 annon
487 2497 531 2523 hic
545 2504 653 2531 quoque
669 2497 780 2523 exsistet
798 2504 860 2524 reus

107 2531 236 2567 Yeterum
252 2536 297 2558 aut
314 2537 452 2559 recentum
468 2532 623 2567 quispiam?
639 2531 714 2558 Ditor
732 2531 802 2558 male
820 2540 826 2557 :

107 2566 207 2594 Gentes
220 2570 247 2594 et
261 2567 343 2594 urbes
359 2567 430 2594 alius
443 2566 567 2602 adjunxit
582 2567 644 2594 sibi.

106 2602 174 2628 Juro
189 2611 195 2628 :
217 2602 300 2636 quid?
314 2609 404 2629 annon
421 2601 529 2637 gravior
542 2605 584 2629 est
597 2601 723 2636 negatio?
747 2610 756 2626 ι

108 2637 261 2672 Statimque
277 2637 358 2672 finget
371 2638 417 2672 qui
433 2638 511 2665 tidem
527 2637 702 2671 abjuraverit,

107 2672 222 2699 Leviora
235 2676 325 2706 tegere
340 2680 394 2707 quo
405 2677 485 2707 queat
501 2673 542 2699 sic
560 2672 684 2699 crimina.

107 2707 246 2743 Adversus
264 2708 317 2734 ista
331 2707 449 2743 fabulam
462 2707 608 2743 quamdam
625 2707 690 2743 libet

107 2742 231 2773 Referre.
250 2743 273 2770 si
286 2742 352 2777 quid
373 2742 509 2771 ludere'in
526 2743 604 2769 malis
619 2742 706 2774 decet,

107 2778 176 2813 Quae
189 2777 303 2812 quadret
320 2778 380 2806 istis
394 2779 495 2813 optime
507 2777 643 2805 versutiis.

147 2812 261 2840 Ridebat
280 2813 379 2847 aliquis
393 2812 541 2845 noctuam;
558 2812 626 2840 scite
640 2816 683 2839 ast
699 2819 731 2840 ea

107 2846 260 2884 Verbisque
274 2846 362 2876 acutis
376 2853 525 2876 scommata
547 2847 656 2882 fugabat
671 2846 776 2883 procul.

266 2897 403 2928 PATROL.
424 2896 482 2927 Gn.
502 2895 665 2928 XXXVII.

913 2360 935 2386 Β
952 2363 961 2379 ‹
975 2354 1031 2381 Heu
1048 2354 1128 2389 quale
1141 2355 1240 2382 collum
1253 2355 1259 2381 !
1278 2369 1313 2374 -—
1326 2354 1414 2389 Majus
1427 2359 1469 2383 est
1483 2356 1570 2383 multo
1585 2356 1655 2383 Jovi.
1671 2372 1707 2377 —

950 2388 1088 2426 Qlaucedo
1101 2396 1202 2426 quanta
1213 2391 1273 2426 est!
1293 2405 1328 2410 --
1340 2388 1374 2416 Et
1392 2390 1512 2417 Minerva
1528 2392 1618 2418 cresia.
1631 2406 1666 2412 -α

950 2424 1064 2460 insuave
1077 2424 1182 2452 cantas.
1199 2439 1234 2444 —
1246 2424 1309 2451 Pica
1323 2425 1401 2460 longe
1416 2426 1568 2453 insuavius.
1587 2441 1616 2446 --

949 2459 1090 2497 Pedesque
1101 2465 1196 2497 tenues
1211 2468 1292 2497 quam
1306 2459 1417 2487 tibi!’—-
1429 2459 1531 2497 Sturno
1548 2462 1661 2497 magis.»

950 2496 985 2521 At
999 2500 1097 2522 cuncta
1110 2495 1182 2522 facili
1200 2495 1298 2529 repulit
1314 2499 1345 2521 ut
1360 2496 1481 2530 negotio,

951 2530 1102 2565 Superatur
1116 2538 1182 2561 uno,
1199 2530 1349 2564 quamlibet
1363 2529 1431 2557 scita
1446 2529 1604 2557 admodum.

953 2575 961 2591 ι
978 2567 1076 2600 Specta
1098 2566 1153 2599 (ille
1166 2565 1258 2599 dixit).
1277 2571 1293 2591 ο
1309 2573 1391 2599 sagax
1404 2585 1411 2597 ,
1425 2565 1498 2600 quod
1511 2566 1622 2592 unicum

950 2601 998 2628 Est
1015 2602 1112 2635 cuique
1126 2600 1239 2626 vitium:
1254 2603 1352 2626 cuncta
1364 2601 1411 2627 sed
1427 2601 1505 2626 valde
1519 2601 1578 2627 tibi.

950 2635 1025 2663 Colla
1042 2637 1096 2662 alta
1108 2656 1115 2667 ,
1132 2636 1227 2670 glauca
1240 2654 1247 2666 ,
1260 2635 1374 2662 stridula
1386 2655 1393 2667 ,
1414 2639 1441 2662 et
1455 2636 1531 2662 tetuli
1552 2635 1646 2670 pede.»

985 2671 1027 2697 Ad
1042 2671 1098 2698 haec
1112 2669 1265 2705 pudescens
1281 2670 1326 2696 illa
1338 2669 1466 2697 discessit
1482 2669 1584 2698 statim.

950 2705 985 2732 At
1000 2711 1028 2732 tu
1044 2713 1095 2733 nec
1112 2706 1183 2732 istud
1200 2715 1205 2731 :
1226 2705 1348 2732 volucris
1357 2709 1402 2733 ast
1411 2705 1439 2732 in
1458 2705 1548 2732 fabula

951 2740 1046 2772 Multo,
1064 2742 1122 2776 ipse
1132 2748 1217 2776 quam
1232 2740 1271 2768 sis
1283 2762 1290 2772 ,
1311 2741 1435 2768 cernitur
1451 2741 1612 2775 sapientior,

950 2776 989 2803 Te
1007 2777 1073 2803 vitia
1086 2775 1187 2804 foedant
1200 2776 1308 2802 omnia:
1329 2776 1380 2802 hoc
1396 2780 1472 2803 tuum
1496 2781 1537 2803 est
1553 2777 1665 2804 malum.

950 2811 1068 2846 Peccare
1083 2818 1211 2845 namque,
1225 2811 1323 2838 mentis
1343 2811 1460 2845 abrepta:
1474 2811 1586 2846 impetu,

950 2845 1042 2878 Semel
1052 2847 1206 2881 iterumque
1221 2846 1363 2881 nonnihil,
1389 2847 1468 2874 venia
1484 2845 1555 2873 haud
1572 2850 1666 2880 caret;

1561 2894 1600 2926 ‘28
