  <div class='ocr_page' id='page_1' title='image "/cluster/home/n/w/nwhite01/storage/ocr_20150623/37/njp.32101077772562/473.png"; bbox 0 0 1954 3047; ppageno 0'>
   <div class='ocr_carea' id='block_1_1' title="bbox 438 76 451 91">
    <p class='ocr_par' dir='ltr' id='par_1_1' title="bbox 438 76 451 91">
     <span class='ocr_line' id='line_1_1' title="bbox 438 76 451 91; baseline 0 0"><span class='ocrx_word' id='word_1_1' title='bbox 438 76 451 91; x_wconf 56' lang='grc' dir='ltr'>ἱ</span> 
     </span>
    </p>
   </div>
   <div class='ocr_carea' id='block_1_2' title="bbox 247 121 301 150">
    <p class='ocr_par' dir='ltr' id='par_1_2' title="bbox 247 121 301 150">
     <span class='ocr_line' id='line_1_2' title="bbox 247 121 301 150; baseline -0.019 0"><span class='ocrx_word' id='word_1_2' title='bbox 247 121 301 150; x_wconf 74' lang='grc'><strong>887</strong></span> 
     </span>
    </p>
   </div>
   <div class='ocr_carea' id='block_1_3' title="bbox 246 184 986 228">
    <p class='ocr_par' dir='ltr' id='par_1_3' title="bbox 246 184 986 228">
     <span class='ocr_line' id='line_1_3' title="bbox 246 184 986 228; baseline 0.012 -18"><span class='ocrx_word' id='word_1_3' title='bbox 246 184 376 220; x_wconf 81' lang='grc' dir='ltr'>Τερπνῶν</span> <span class='ocrx_word' id='word_1_4' title='bbox 392 193 422 212; x_wconf 84' lang='grc' dir='ltr'>τε</span> <span class='ocrx_word' id='word_1_5' title='bbox 435 186 572 222; x_wconf 83' lang='grc' dir='ltr'><strong>στυγερῶν</strong></span> <span class='ocrx_word' id='word_1_6' title='bbox 588 196 619 214; x_wconf 84' lang='grc' dir='ltr'>τε</span> <span class='ocrx_word' id='word_1_7' title='bbox 635 189 788 224; x_wconf 72' lang='grc' dir='ltr'>ἀμοιϐαδὶς,</span> <span class='ocrx_word' id='word_1_8' title='bbox 806 191 837 226; x_wconf 78' lang='grc' dir='ltr'>ἠέ</span> <span class='ocrx_word' id='word_1_9' title='bbox 852 200 894 223; x_wconf 86' lang='grc' dir='ltr'><strong>τις</strong></span> <span class='ocrx_word' id='word_1_10' title='bbox 905 191 986 228; x_wconf 81' lang='grc' dir='ltr'>ἐσθὴς</span> 
     </span>
    </p>
   </div>
   <div class='ocr_carea' id='block_1_4' title="bbox 288 229 856 273">
    <p class='ocr_par' dir='ltr' id='par_1_4' title="bbox 288 229 856 273">
     <span class='ocr_line' id='line_1_4' title="bbox 288 229 856 273; baseline 0.014 -17"><span class='ocrx_word' id='word_1_11' title='bbox 288 229 451 266; x_wconf 80' lang='grc' dir='ltr'>Ἀμφίχροος</span> <span class='ocrx_word' id='word_1_12' title='bbox 466 231 564 264; x_wconf 76' lang='grc' dir='ltr'>ζώναις</span> <span class='ocrx_word' id='word_1_13' title='bbox 578 233 697 261; x_wconf 78' lang='grc' dir='ltr'>πλείοσιν</span> <span class='ocrx_word' id='word_1_14' title='bbox 714 235 856 273; x_wconf 77' lang='grc' dir='ltr'>ἑλκομένη.</span> 
     </span>
    </p>
   </div>
   <div class='ocr_carea' id='block_1_5' title="bbox 247 275 995 318">
    <p class='ocr_par' dir='ltr' id='par_1_5' title="bbox 247 275 995 318">
     <span class='ocr_line' id='line_1_5' title="bbox 247 275 995 318; baseline 0.015 -17"><span class='ocrx_word' id='word_1_15' title='bbox 247 275 380 302; x_wconf 79' lang='grc' dir='ltr'>Τοῠνεκεν</span> <span class='ocrx_word' id='word_1_16' title='bbox 395 277 409 312; x_wconf 77' lang='grc' dir='ltr'>ἢ</span> <span class='ocrx_word' id='word_1_17' title='bbox 426 277 536 312; x_wconf 82' lang='grc' dir='ltr'><strong>φεύγειν</strong></span> <span class='ocrx_word' id='word_1_18' title='bbox 552 280 672 315; x_wconf 81' lang='grc' dir='ltr'><strong>γραπτὸν</strong></span> <span class='ocrx_word' id='word_1_19' title='bbox 685 281 777 316; x_wconf 75' lang='grc' dir='ltr'>δέμας,</span> <span class='ocrx_word' id='word_1_20' title='bbox 791 283 823 317; x_wconf 75' lang='grc' dir='ltr'><strong>ὴὲ</strong></span> <span class='ocrx_word' id='word_1_21' title='bbox 836 283 995 318; x_wconf 75' lang='grc' dir='ltr'><strong>φυλάσσειν,</strong></span> 
     </span>
    </p>
   </div>
   <div class='ocr_carea' id='block_1_6' title="bbox 281 322 881 364">
    <p class='ocr_par' dir='ltr' id='par_1_6' title="bbox 281 322 881 364">
     <span class='ocr_line' id='line_1_6' title="bbox 281 322 881 364; baseline 0.01 -15"><span class='ocrx_word' id='word_1_22' title='bbox 281 322 316 349; x_wconf 79' lang='grc'><strong>40</strong></span> <span class='ocrx_word' id='word_1_23' title='bbox 332 323 402 358; x_wconf 80' lang='grc' dir='ltr'>Μηδ’</span> <span class='ocrx_word' id='word_1_24' title='bbox 423 324 590 360; x_wconf 77' lang='grc' dir='ltr'><strong>ὲπιλωϐητὸν</strong></span> <span class='ocrx_word' id='word_1_25' title='bbox 605 326 688 358; x_wconf 68' lang='grc' dir='ltr'>εἴδεος</span> <span class='ocrx_word' id='word_1_26' title='bbox 701 327 789 363; x_wconf 80' lang='grc' dir='ltr'><strong>ἄλκαρ</strong></span> <span class='ocrx_word' id='word_1_27' title='bbox 800 328 881 364; x_wconf 76' lang='grc' dir='ltr'>ἔχειν.</span> 
     </span>
    </p>
   </div>
   <div class='ocr_carea' id='block_1_7' title="bbox 253 368 959 410">
    <p class='ocr_par' dir='ltr' id='par_1_7' title="bbox 253 368 959 410">
     <span class='ocr_line' id='line_1_7' title="bbox 253 368 959 410; baseline 0.013 -16"><span class='ocrx_word' id='word_1_28' title='bbox 253 368 336 395; x_wconf 79' lang='grc' dir='ltr'><strong>Ἰστὸν</strong></span> <span class='ocrx_word' id='word_1_29' title='bbox 353 369 519 405; x_wconf 72' lang='grc' dir='ltr'><strong>Πηνελόπης,</strong></span> <span class='ocrx_word' id='word_1_30' title='bbox 533 371 578 397; x_wconf 79' lang='grc' dir='ltr'>τὸν</span> <span class='ocrx_word' id='word_1_31' title='bbox 590 371 636 405; x_wconf 77' lang='grc' dir='ltr'>νὺξ</span> <span class='ocrx_word' id='word_1_32' title='bbox 652 373 724 404; x_wconf 83' lang='grc' dir='ltr'>λύεν,</span> <span class='ocrx_word' id='word_1_33' title='bbox 741 371 817 410; x_wconf 83' lang='grc' dir='ltr'>ἦμαρ</span> <span class='ocrx_word' id='word_1_34' title='bbox 832 375 959 409; x_wconf 78' lang='grc' dir='ltr'>ὕφαινεν·</span> 
     </span>
    </p>
   </div>
   <div class='ocr_carea' id='block_1_8' title="bbox 284 415 906 456">
    <p class='ocr_par' dir='ltr' id='par_1_8' title="bbox 284 415 906 456">
     <span class='ocr_line' id='line_1_8' title="bbox 284 415 906 456; baseline 0.011 -16"><span class='ocrx_word' id='word_1_35' title='bbox 284 415 389 441; x_wconf 82' lang='grc' dir='ltr'><strong>Ἔνδοθι</strong></span> <span class='ocrx_word' id='word_1_36' title='bbox 403 415 453 451; x_wconf 84' lang='grc' dir='ltr'><strong>τὴν</strong></span> <span class='ocrx_word' id='word_1_37' title='bbox 473 416 599 452; x_wconf 77' lang='grc' dir='ltr'><strong>Ἑκάϐην,</strong></span> <span class='ocrx_word' id='word_1_38' title='bbox 612 417 702 444; x_wconf 75' lang='grc' dir='ltr'>ἔκτοθι</span> <span class='ocrx_word' id='word_1_39' title='bbox 715 418 765 454; x_wconf 81' lang='grc' dir='ltr'><strong>τὴν</strong></span> <span class='ocrx_word' id='word_1_40' title='bbox 788 420 906 456; x_wconf 80' lang='grc' dir='ltr'>Ἑλένην.</span> 
     </span>
    </p>
   </div>
   <div class='ocr_carea' id='block_1_9' title="bbox 247 459 988 501">
    <p class='ocr_par' dir='ltr' id='par_1_9' title="bbox 247 459 988 501">
     <span class='ocr_line' id='line_1_9' title="bbox 247 459 988 501; baseline 0.012 -16"><span class='ocrx_word' id='word_1_41' title='bbox 247 459 279 486; x_wconf 76' lang='grc' dir='ltr'><strong>Εἰ</strong></span> <span class='ocrx_word' id='word_1_42' title='bbox 292 460 341 495; x_wconf 83' lang='grc' dir='ltr'><strong>μὲν</strong></span> <span class='ocrx_word' id='word_1_43' title='bbox 353 460 385 495; x_wconf 88' lang='grc' dir='ltr'>δὴ</span> <span class='ocrx_word' id='word_1_44' title='bbox 403 461 488 496; x_wconf 84' lang='grc' dir='ltr'>μῆχός</span> <span class='ocrx_word' id='word_1_45' title='bbox 504 470 529 488; x_wconf 90' lang='grc' dir='ltr'>τι</span> <span class='ocrx_word' id='word_1_46' title='bbox 543 462 633 490; x_wconf 80' lang='grc' dir='ltr'>λαθεῖν</span> <span class='ocrx_word' id='word_1_47' title='bbox 652 465 740 495; x_wconf 74' lang='grc' dir='ltr'>πόσιν,</span> <span class='ocrx_word' id='word_1_48' title='bbox 756 465 786 491; x_wconf 87' lang='grc' dir='ltr'>οὐ</span> <span class='ocrx_word' id='word_1_49' title='bbox 805 466 854 501; x_wconf 82' lang='grc' dir='ltr'><strong>μὲν</strong></span> <span class='ocrx_word' id='word_1_50' title='bbox 867 467 988 499; x_wconf 83' lang='grc' dir='ltr'>ἀνεκτον,</span> 
     </span>
    </p>
   </div>
   <div class='ocr_carea' id='block_1_10' title="bbox 281 504 831 547">
    <p class='ocr_par' dir='ltr' id='par_1_10' title="bbox 281 504 831 547">
     <span class='ocr_line' id='line_1_10' title="bbox 281 504 831 547; baseline 0.009 -15"><span class='ocrx_word' id='word_1_51' title='bbox 281 504 358 538; x_wconf 82' lang='grc' dir='ltr'>Εἶδος</span> <span class='ocrx_word' id='word_1_52' title='bbox 370 507 555 543; x_wconf 79' lang='grc' dir='ltr'><strong>ἀποκρύπτειν</strong></span> <span class='ocrx_word' id='word_1_53' title='bbox 573 509 706 545; x_wconf 83' lang='grc' dir='ltr'>θειότερον</span> <span class='ocrx_word' id='word_1_54' title='bbox 720 510 831 547; x_wconf 82' lang='grc' dir='ltr'>βροτέῳ,</span> 
     </span>
    </p>
   </div>
   <div class='ocr_carea' id='block_1_11' title="bbox 245 550 928 592">
    <p class='ocr_par' dir='ltr' id='par_1_11' title="bbox 245 550 928 592">
     <span class='ocr_line' id='line_1_11' title="bbox 245 550 928 592; baseline 0.01 -15"><span class='ocrx_word' id='word_1_55' title='bbox 245 550 281 578; x_wconf 74' lang='grc'><strong>45</strong></span> <span class='ocrx_word' id='word_1_56' title='bbox 295 552 339 586; x_wconf 88' lang='grc' dir='ltr'><strong>Μή</strong></span> <span class='ocrx_word' id='word_1_57' title='bbox 354 560 383 578; x_wconf 83' lang='grc' dir='ltr'>σε</span> <span class='ocrx_word' id='word_1_58' title='bbox 395 552 461 584; x_wconf 82' lang='grc' dir='ltr'><strong>Θεός</strong></span> <span class='ocrx_word' id='word_1_59' title='bbox 475 553 585 580; x_wconf 78' lang='grc' dir='ltr'>τοίοισιν</span> <span class='ocrx_word' id='word_1_60' title='bbox 598 554 746 591; x_wconf 75' lang='grc' dir='ltr'>ἀμείψηται</span> <span class='ocrx_word' id='word_1_61' title='bbox 763 556 928 592; x_wconf 74' lang='grc' dir='ltr'>χαλεπήνας·</span> 
     </span>
    </p>
   </div>
   <div class='ocr_carea' id='block_1_12' title="bbox 281 598 921 638">
    <p class='ocr_par' dir='ltr' id='par_1_12' title="bbox 281 598 921 638">
     <span class='ocr_line' id='line_1_12' title="bbox 281 598 921 638; baseline 0.006 -14"><span class='ocrx_word' id='word_1_62' title='bbox 281 598 340 630; x_wconf 79' lang='grc' dir='ltr'><strong>Τις,</strong></span> <span class='ocrx_word' id='word_1_63' title='bbox 354 599 435 626; x_wconf 82' lang='grc' dir='ltr'>πόθεν</span> <span class='ocrx_word' id='word_1_64' title='bbox 449 600 463 626; x_wconf 83' lang='grc' dir='ltr'><strong><em>ὁ</em></strong></span> <span class='ocrx_word' id='word_1_65' title='bbox 477 600 615 635; x_wconf 58' lang='lat' dir='ltr'><strong>ﬁlia-rm;</strong></span> <span class='ocrx_word' id='word_1_66' title='bbox 631 601 694 636; x_wconf 71' lang='grc' dir='ltr'>ἔρρε</span> <span class='ocrx_word' id='word_1_67' title='bbox 713 610 767 637; x_wconf 83' lang='grc' dir='ltr'>μοι,</span> <span class='ocrx_word' id='word_1_68' title='bbox 784 603 921 638; x_wconf 81' lang='grc' dir='ltr'>ἀλλοτρίη.</span> 
     </span>
    </p>
   </div>
   <div class='ocr_carea' id='block_1_13' title="bbox 245 643 945 683">
    <p class='ocr_par' dir='ltr' id='par_1_13' title="bbox 245 643 945 683">
     <span class='ocr_line' id='line_1_13' title="bbox 245 643 945 683; baseline 0.006 -13"><span class='ocrx_word' id='word_1_69' title='bbox 245 643 284 671; x_wconf 76' lang='grc' dir='ltr'>υΰ</span> <span class='ocrx_word' id='word_1_70' title='bbox 298 645 321 671; x_wconf 82' lang='grc' dir='ltr'><strong>α’</strong></span> <span class='ocrx_word' id='word_1_71' title='bbox 331 644 448 681; x_wconf 72' lang='grc' dir='ltr'>ἔγραψα,</span> <span class='ocrx_word' id='word_1_72' title='bbox 461 645 544 679; x_wconf 77' lang='grc' dir='ltr'>κύων,</span> <span class='ocrx_word' id='word_1_73' title='bbox 562 646 618 672; x_wconf 80' lang='grc' dir='ltr'>ἀλλ’</span> <span class='ocrx_word' id='word_1_74' title='bbox 636 646 741 673; x_wconf 79' lang='grc' dir='ltr'>ἑπλασα</span> <span class='ocrx_word' id='word_1_75' title='bbox 757 647 837 674; x_wconf 82' lang='grc' dir='ltr'><strong>εἰκόν’</strong></span> <span class='ocrx_word' id='word_1_76' title='bbox 857 649 945 683; x_wconf 79' lang='grc' dir='ltr'><strong>ἐμοῖο·</strong></span> 
     </span>
    </p>
   </div>
   <div class='ocr_carea' id='block_1_14' title="bbox 280 689 800 727">
    <p class='ocr_par' dir='ltr' id='par_1_14' title="bbox 280 689 800 727">
     <span class='ocr_line' id='line_1_14' title="bbox 280 689 800 727; baseline 0.002 -9"><span class='ocrx_word' id='word_1_77' title='bbox 280 689 341 724; x_wconf 84' lang='grc' dir='ltr'><strong>Πῶς</strong></span> <span class='ocrx_word' id='word_1_78' title='bbox 353 691 459 718; x_wconf 69' lang='grc' dir='ltr'>εἴδωλον</span> <span class='ocrx_word' id='word_1_79' title='bbox 472 692 526 727; x_wconf 75' lang='grc' dir='ltr'><strong>ἔχω</strong></span> <span class='ocrx_word' id='word_1_80' title='bbox 536 692 619 724; x_wconf 78' lang='grc' dir='ltr'>εἴδεος</span> <span class='ocrx_word' id='word_1_81' title='bbox 635 693 695 719; x_wconf 80' lang='grc' dir='ltr'><strong>ἀντὶ</strong></span> <span class='ocrx_word' id='word_1_82' title='bbox 707 693 782 727; x_wconf 84' lang='grc' dir='ltr'>φίλου</span> <span class='ocrx_word' id='word_1_83' title='bbox 793 703 800 726; x_wconf 83' lang='grc'>;</span> 
     </span>
    </p>
   </div>
   <div class='ocr_carea' id='block_1_15' title="bbox 565 124 1541 160">
    <p class='ocr_par' dir='ltr' id='par_1_15' title="bbox 565 124 1541 160">
     <span class='ocr_line' id='line_1_15' title="bbox 565 124 1541 160; baseline 0.007 -8"><span class='ocrx_word' id='word_1_84' title='bbox 565 124 594 152; x_wconf 87' lang='lat' dir='ltr'><strong>S.</strong></span> <span class='ocrx_word' id='word_1_85' title='bbox 616 125 780 154; x_wconf 78' lang='lat' dir='ltr'><strong>GREGORH</strong></span> <span class='ocrx_word' id='word_1_86' title='bbox 800 127 925 156; x_wconf 85' lang='lat' dir='ltr'><strong>THEOL.</strong></span> <span class='ocrx_word' id='word_1_87' title='bbox 947 130 1130 159; x_wconf 73' lang='lat' dir='ltr'><strong>CARMINUM</strong></span> <span class='ocrx_word' id='word_1_88' title='bbox 1151 132 1255 158; x_wconf 81' lang='lat' dir='ltr'><strong>LIRER</strong></span> <span class='ocrx_word' id='word_1_89' title='bbox 1274 132 1294 159; x_wconf 90' lang='grc' dir='ltr'>Ι.</span> <span class='ocrx_word' id='word_1_90' title='bbox 1315 132 1541 160; x_wconf 81' lang='lat' dir='ltr'><strong>THEOLUGICA.</strong></span> 
     </span>
    </p>
   </div>
   <div class='ocr_carea' id='block_1_16' title="bbox 1815 133 1869 161">
    <p class='ocr_par' dir='ltr' id='par_1_16' title="bbox 1815 133 1869 161">
     <span class='ocr_line' id='line_1_16' title="bbox 1815 133 1869 161; baseline 0.019 -1"><span class='ocrx_word' id='word_1_91' title='bbox 1815 133 1869 161; x_wconf 84' lang='lat'><strong>888</strong></span> 
     </span>
    </p>
   </div>
   <div class='ocr_carea' id='block_1_17' title="bbox 1047 192 1871 234">
    <p class='ocr_par' dir='ltr' id='par_1_17' title="bbox 1047 192 1871 234">
     <span class='ocr_line' id='line_1_17' title="bbox 1047 192 1871 234; baseline -0.002 -14"><span class='ocrx_word' id='word_1_92' title='bbox 1047 206 1071 234; x_wconf 61' lang='grc' dir='ltr'><strong>Α</strong></span> <span class='ocrx_word' id='word_1_93' title='bbox 1093 193 1161 220; x_wconf 83' lang='grc' dir='ltr'>Ἀλλ’</span> <span class='ocrx_word' id='word_1_94' title='bbox 1191 194 1282 229; x_wconf 78' lang='grc' dir='ltr'><strong>ἔμπης</strong></span> <span class='ocrx_word' id='word_1_95' title='bbox 1303 194 1390 229; x_wconf 72' lang='grc' dir='ltr'>νούσῳ</span> <span class='ocrx_word' id='word_1_96' title='bbox 1410 202 1437 220; x_wconf 82' lang='grc' dir='ltr'>τι</span> <span class='ocrx_word' id='word_1_97' title='bbox 1457 193 1626 228; x_wconf 79' lang='grc' dir='ltr'><strong>παρήσομεν.</strong></span> <span class='ocrx_word' id='word_1_98' title='bbox 1639 193 1670 219; x_wconf 78' lang='grc' dir='ltr'>Εἰ</span> <span class='ocrx_word' id='word_1_99' title='bbox 1688 193 1728 221; x_wconf 75' lang='grc' dir='ltr'><strong>δ’.</strong></span> <span class='ocrx_word' id='word_1_100' title='bbox 1742 192 1871 228; x_wconf 80' lang='grc' dir='ltr'>ἀρίδηλον</span> 
     </span>
    </p>
   </div>
   <div class='ocr_carea' id='block_1_18' title="bbox 1119 235 1802 276">
    <p class='ocr_par' dir='ltr' id='par_1_18' title="bbox 1119 235 1802 276">
     <span class='ocr_line' id='line_1_18' title="bbox 1119 235 1802 276; baseline -0.003 -11"><span class='ocrx_word' id='word_1_101' title='bbox 1119 239 1154 266; x_wconf 79' lang='grc'><strong>50</strong></span> <span class='ocrx_word' id='word_1_102' title='bbox 1173 239 1245 265; x_wconf 77' lang='grc' dir='ltr'><strong>Ἑστὶ</strong></span> <span class='ocrx_word' id='word_1_103' title='bbox 1261 239 1340 272; x_wconf 81' lang='grc' dir='ltr'>πίναξ</span> <span class='ocrx_word' id='word_1_104' title='bbox 1355 239 1483 276; x_wconf 79' lang='grc' dir='ltr'>γραφέων</span> <span class='ocrx_word' id='word_1_105' title='bbox 1494 236 1563 269; x_wconf 81' lang='grc' dir='ltr'>εἶδος</span> <span class='ocrx_word' id='word_1_106' title='bbox 1580 238 1623 263; x_wconf 76' lang='grc' dir='ltr'><strong>ἐπ’</strong></span> <span class='ocrx_word' id='word_1_107' title='bbox 1643 235 1709 269; x_wconf 82' lang='grc' dir='ltr'>εἶδος</span> <span class='ocrx_word' id='word_1_108' title='bbox 1724 238 1802 272; x_wconf 79' lang='grc' dir='ltr'>ἔχων,</span> 
     </span>
    </p>
   </div>
   <div class='ocr_carea' id='block_1_19' title="bbox 1084 282 1816 320">
    <p class='ocr_par' dir='ltr' id='par_1_19' title="bbox 1084 282 1816 320">
     <span class='ocr_line' id='line_1_19' title="bbox 1084 282 1816 320; baseline -0.004 -9"><span class='ocrx_word' id='word_1_109' title='bbox 1084 284 1188 320; x_wconf 75' lang='grc' dir='ltr'><strong>Στήλην</strong></span> <span class='ocrx_word' id='word_1_110' title='bbox 1203 284 1310 319; x_wconf 77' lang='grc' dir='ltr'><strong>αἴσχεος</strong></span> <span class='ocrx_word' id='word_1_111' title='bbox 1326 284 1380 311; x_wconf 75' lang='grc' dir='ltr'>ἴσθι</span> <span class='ocrx_word' id='word_1_112' title='bbox 1396 284 1499 320; x_wconf 80' lang='grc' dir='ltr'>βροτοῖς</span> <span class='ocrx_word' id='word_1_113' title='bbox 1515 282 1678 318; x_wconf 69' lang='grc' dir='ltr'>περιφαντὸν</span> <span class='ocrx_word' id='word_1_114' title='bbox 1698 283 1816 318; x_wconf 75' lang='grc' dir='ltr'>ἐγείρειν</span> 
     </span>
    </p>
   </div>
   <div class='ocr_carea' id='block_1_20' title="bbox 1117 328 1761 364">
    <p class='ocr_par' dir='ltr' id='par_1_20' title="bbox 1117 328 1761 364">
     <span class='ocr_line' id='line_1_20' title="bbox 1117 328 1761 364; baseline -0.003 -8"><span class='ocrx_word' id='word_1_115' title='bbox 1117 329 1244 364; x_wconf 78' lang='grc' dir='ltr'>Μορφὴν,</span> <span class='ocrx_word' id='word_1_116' title='bbox 1260 329 1293 364; x_wconf 79' lang='grc' dir='ltr'>ἣν</span> <span class='ocrx_word' id='word_1_117' title='bbox 1311 329 1341 355; x_wconf 75' lang='grc' dir='ltr'><strong>σὺ</strong></span> <span class='ocrx_word' id='word_1_118' title='bbox 1358 330 1472 364; x_wconf 71' lang='grc' dir='ltr'>γράφεις</span> <span class='ocrx_word' id='word_1_119' title='bbox 1485 328 1601 363; x_wconf 74' lang='grc' dir='ltr'>ἔμπνοον</span> <span class='ocrx_word' id='word_1_120' title='bbox 1613 328 1675 354; x_wconf 77' lang='grc' dir='ltr'>ἀλκὶ</span> <span class='ocrx_word' id='word_1_121' title='bbox 1691 328 1761 354; x_wconf 82' lang='grc' dir='ltr'>νόου.</span> 
     </span>
    </p>
   </div>
   <div class='ocr_carea' id='block_1_21' title="bbox 1083 373 1763 409">
    <p class='ocr_par' dir='ltr' id='par_1_21' title="bbox 1083 373 1763 409">
     <span class='ocr_line' id='line_1_21' title="bbox 1083 373 1763 409; baseline -0.004 -7"><span class='ocrx_word' id='word_1_122' title='bbox 1083 374 1180 409; x_wconf 79' lang='grc' dir='ltr'><strong>Κῆπος</strong></span> <span class='ocrx_word' id='word_1_123' title='bbox 1203 374 1341 406; x_wconf 83' lang='grc' dir='ltr'>Ἀδώνιδος</span> <span class='ocrx_word' id='word_1_124' title='bbox 1355 375 1401 409; x_wconf 75' lang='grc' dir='ltr'><strong>ἥδε</strong></span> <span class='ocrx_word' id='word_1_125' title='bbox 1412 374 1460 409; x_wconf 85' lang='grc' dir='ltr'>τεὴ</span> <span class='ocrx_word' id='word_1_126' title='bbox 1470 375 1549 409; x_wconf 84' lang='grc' dir='ltr'>χάρις</span> <span class='ocrx_word' id='word_1_127' title='bbox 1566 373 1763 408; x_wconf 80' lang='grc' dir='ltr'>ὼλεσίκαρπος,</span> 
     </span>
    </p>
   </div>
   <div class='ocr_carea' id='block_1_22' title="bbox 1119 419 1759 456">
    <p class='ocr_par' dir='ltr' id='par_1_22' title="bbox 1119 419 1759 456">
     <span class='ocr_line' id='line_1_22' title="bbox 1119 419 1759 456; baseline -0.002 -10"><span class='ocrx_word' id='word_1_128' title='bbox 1119 420 1289 452; x_wconf 76' lang='grc' dir='ltr'>Πουλύποδος</span> <span class='ocrx_word' id='word_1_129' title='bbox 1304 420 1391 455; x_wconf 79' lang='grc' dir='ltr'>χροιὴ,</span> <span class='ocrx_word' id='word_1_130' title='bbox 1404 420 1545 456; x_wconf 79' lang='grc' dir='ltr'><strong>γράμματ’</strong></span> <span class='ocrx_word' id='word_1_131' title='bbox 1556 419 1601 445; x_wconf 79' lang='grc' dir='ltr'>ἐπὶ</span> <span class='ocrx_word' id='word_1_132' title='bbox 1615 419 1759 454; x_wconf 74' lang='grc' dir='ltr'><strong>ψαμάθων.</strong></span> 
     </span>
    </p>
   </div>
   <div class='ocr_carea' id='block_1_23' title="bbox 1082 464 1832 502">
    <p class='ocr_par' dir='ltr' id='par_1_23' title="bbox 1082 464 1832 502">
     <span class='ocr_line' id='line_1_23' title="bbox 1082 464 1832 502; baseline -0.001 -9"><span class='ocrx_word' id='word_1_133' title='bbox 1082 465 1118 493; x_wconf 67' lang='lat'><strong>55</strong></span> <span class='ocrx_word' id='word_1_134' title='bbox 1133 466 1194 498; x_wconf 84' lang='grc' dir='ltr'><strong>Πῶς</strong></span> <span class='ocrx_word' id='word_1_135' title='bbox 1204 467 1232 493; x_wconf 78' lang='grc' dir='ltr'>δὲ</span> <span class='ocrx_word' id='word_1_136' title='bbox 1246 467 1305 500; x_wconf 87' lang='grc' dir='ltr'><strong>σύγ’</strong></span> <span class='ocrx_word' id='word_1_137' title='bbox 1318 464 1386 498; x_wconf 81' lang='grc' dir='ltr'>εἶδος</span> <span class='ocrx_word' id='word_1_138' title='bbox 1399 466 1494 502; x_wconf 78' lang='grc' dir='ltr'>ἔχουσα</span> <span class='ocrx_word' id='word_1_139' title='bbox 1512 466 1625 493; x_wconf 84' lang='grc' dir='ltr'>κολοίῖον</span> <span class='ocrx_word' id='word_1_140' title='bbox 1642 467 1677 501; x_wconf 81' lang='grc' dir='ltr'><strong>(εί</strong></span> <span class='ocrx_word' id='word_1_141' title='bbox 1686 475 1717 500; x_wconf 89' lang='grc' dir='ltr'>γε</span> <span class='ocrx_word' id='word_1_142' title='bbox 1730 466 1832 493; x_wconf 83' lang='grc' dir='ltr'>κολοιὸν</span> 
     </span>
    </p>
   </div>
   <div class='ocr_carea' id='block_1_24' title="bbox 1118 512 1714 548">
    <p class='ocr_par' dir='ltr' id='par_1_24' title="bbox 1118 512 1714 548">
     <span class='ocr_line' id='line_1_24' title="bbox 1118 512 1714 548; baseline -0.003 -8"><span class='ocrx_word' id='word_1_143' title='bbox 1118 512 1254 548; x_wconf 80' lang='grc' dir='ltr'><strong>Εὖπτερον</strong></span> <span class='ocrx_word' id='word_1_144' title='bbox 1269 513 1418 548; x_wconf 75' lang='grc' dir='ltr'>ἀλλοτρίοις</span> <span class='ocrx_word' id='word_1_145' title='bbox 1430 512 1521 539; x_wconf 78' lang='grc' dir='ltr'>ἄνθεσι</span> <span class='ocrx_word' id='word_1_146' title='bbox 1537 512 1619 548; x_wconf 76' lang='grc' dir='ltr'>μῦθος</span> <span class='ocrx_word' id='word_1_147' title='bbox 1635 513 1714 547; x_wconf 82' lang='grc' dir='ltr'>ἔχων,</span> 
     </span>
    </p>
   </div>
   <div class='ocr_carea' id='block_1_25' title="bbox 1081 556 1744 594">
    <p class='ocr_par' dir='ltr' id='par_1_25' title="bbox 1081 556 1744 594">
     <span class='ocr_line' id='line_1_25' title="bbox 1081 556 1744 594; baseline -0.002 -9"><span class='ocrx_word' id='word_1_148' title='bbox 1081 556 1164 590; x_wconf 79' lang='grc' dir='ltr'>Αὖθις</span> <span class='ocrx_word' id='word_1_149' title='bbox 1180 559 1282 594; x_wconf 79' lang='grc' dir='ltr'>γυμνὸν</span> <span class='ocrx_word' id='word_1_150' title='bbox 1295 558 1376 594; x_wconf 79' lang='grc' dir='ltr'>ἔθηκε</span> <span class='ocrx_word' id='word_1_151' title='bbox 1391 558 1528 592; x_wconf 83' lang='grc' dir='ltr'>γελοίϊον),</span> <span class='ocrx_word' id='word_1_152' title='bbox 1546 558 1595 584; x_wconf 85' lang='grc' dir='ltr'>οὐκ</span> <span class='ocrx_word' id='word_1_153' title='bbox 1611 558 1744 592; x_wconf 72' lang='grc' dir='ltr'><strong>ἀλεγίζεις</strong></span> 
     </span>
    </p>
   </div>
   <div class='ocr_carea' id='block_1_26' title="bbox 1117 603 1673 638">
    <p class='ocr_par' dir='ltr' id='par_1_26' title="bbox 1117 603 1673 638">
     <span class='ocr_line' id='line_1_26' title="bbox 1117 603 1673 638; baseline 0 -8"><span class='ocrx_word' id='word_1_154' title='bbox 1117 603 1229 638; x_wconf 65' lang='lat' dir='ltr'><strong>Alexio;</strong></span> <span class='ocrx_word' id='word_1_155' title='bbox 1242 603 1377 635; x_wconf 76' lang='grc' dir='ltr'><strong>ὑστατίου,</strong></span> <span class='ocrx_word' id='word_1_156' title='bbox 1394 603 1505 635; x_wconf 83' lang='grc' dir='ltr'>κάλλεος</span> <span class='ocrx_word' id='word_1_157' title='bbox 1518 603 1673 638; x_wconf 72' lang='grc' dir='ltr'>ἁλλομένου.</span> 
     </span>
    </p>
   </div>
   <div class='ocr_carea' id='block_1_27' title="bbox 1084 640 1867 686">
    <p class='ocr_par' dir='ltr' id='par_1_27' title="bbox 1084 640 1867 686">
     <span class='ocr_line' id='line_1_27' title="bbox 1084 640 1867 686; baseline 0 -10"><span class='ocrx_word' id='word_1_158' title='bbox 1084 650 1174 686; x_wconf 79' lang='grc' dir='ltr'><strong>Ἐλπῃ</strong></span> <span class='ocrx_word' id='word_1_159' title='bbox 1193 649 1215 676; x_wconf 87' lang='grc' dir='ltr'>δ’</span> <span class='ocrx_word' id='word_1_160' title='bbox 1231 650 1425 683; x_wconf 72' lang='grc' dir='ltr'>ἀστυφέλικτον</span> <span class='ocrx_word' id='word_1_161' title='bbox 1439 649 1512 684; x_wconf 74' lang='grc' dir='ltr'>ἔχειν</span> <span class='ocrx_word' id='word_1_162' title='bbox 1531 640 1626 684; x_wconf 57' lang='grc' dir='ltr'>γάνοςξ</span> <span class='ocrx_word' id='word_1_163' title='bbox 1649 649 1679 675; x_wconf 82' lang='grc' dir='ltr'>οὑ</span> <span class='ocrx_word' id='word_1_164' title='bbox 1698 649 1767 684; x_wconf 83' lang='grc' dir='ltr'>μετὰ</span> <span class='ocrx_word' id='word_1_165' title='bbox 1784 646 1867 684; x_wconf 66' lang='grc' dir='ltr'>δηρὸν</span> 
     </span>
    </p>
   </div>
   <div class='ocr_carea' id='block_1_28' title="bbox 1118 695 1730 731">
    <p class='ocr_par' dir='ltr' id='par_1_28' title="bbox 1118 695 1730 731">
     <span class='ocr_line' id='line_1_28' title="bbox 1118 695 1730 731; baseline 0 -9"><span class='ocrx_word' id='word_1_166' title='bbox 1118 696 1152 723; x_wconf 78' lang='grc' dir='ltr'><strong>ϐυ</strong></span> <span class='ocrx_word' id='word_1_167' title='bbox 1173 696 1270 730; x_wconf 71' lang='grc' dir='ltr'>Ὀψεαι</span> <span class='ocrx_word' id='word_1_168' title='bbox 1283 696 1422 731; x_wconf 82' lang='grc' dir='ltr'>ἀλλοτρίου</span> <span class='ocrx_word' id='word_1_169' title='bbox 1438 695 1548 727; x_wconf 81' lang='grc' dir='ltr'>κάλλεος</span> <span class='ocrx_word' id='word_1_170' title='bbox 1562 695 1640 722; x_wconf 83' lang='grc' dir='ltr'>ὅσσον</span> <span class='ocrx_word' id='word_1_171' title='bbox 1656 695 1730 730; x_wconf 77' lang='grc' dir='ltr'>ἄχος.</span> 
     </span>
    </p>
   </div>
   <div class='ocr_carea' id='block_1_29' title="bbox 491 767 1312 807">
    <p class='ocr_par' dir='ltr' id='par_1_29' title="bbox 491 767 1312 807">
     <span class='ocr_line' id='line_1_29' title="bbox 491 767 1312 807; baseline 0.006 -11"><span class='ocrx_word' id='word_1_172' title='bbox 491 767 634 807; x_wconf 67' lang='lat' dir='ltr'><strong>Iucundos</strong></span> <span class='ocrx_word' id='word_1_173' title='bbox 649 775 676 797; x_wconf 92' lang='lat' dir='ltr'><strong>et</strong></span> <span class='ocrx_word' id='word_1_174' title='bbox 688 770 808 807; x_wconf 77' lang='lat' dir='ltr'><strong>ingratos</strong></span> <span class='ocrx_word' id='word_1_175' title='bbox 826 771 948 798; x_wconf 86' lang='lat' dir='ltr'><strong>vicissim</strong></span> <span class='ocrx_word' id='word_1_176' title='bbox 962 781 969 798; x_wconf 90' lang='lat'>:</span> <span class='ocrx_word' id='word_1_177' title='bbox 986 775 1033 798; x_wconf 90' lang='lat' dir='ltr'><strong>aut</strong></span> <span class='ocrx_word' id='word_1_178' title='bbox 1048 772 1195 807; x_wconf 85' lang='lat' dir='ltr'><strong>quamdam</strong></span> <span class='ocrx_word' id='word_1_179' title='bbox 1207 777 1312 801; x_wconf 90' lang='lat' dir='ltr'><strong>vestem</strong></span> 
     </span>
    </p>
   </div>
   <div class='ocr_carea' id='block_1_30' title="bbox 526 804 1056 839">
    <p class='ocr_par' dir='ltr' id='par_1_30' title="bbox 526 804 1056 839">
     <span class='ocr_line' id='line_1_30' title="bbox 526 804 1056 839; baseline 0.004 -7"><span class='ocrx_word' id='word_1_180' title='bbox 526 804 677 832; x_wconf 85' lang='lat' dir='ltr'><strong>Bicolorem</strong></span> <span class='ocrx_word' id='word_1_181' title='bbox 698 804 822 839; x_wconf 87' lang='lat' dir='ltr'><strong>pluribus</strong></span> <span class='ocrx_word' id='word_1_182' title='bbox 839 807 915 834; x_wconf 88' lang='lat' dir='ltr'><strong>zonis</strong></span> <span class='ocrx_word' id='word_1_183' title='bbox 930 810 1056 834; x_wconf 90' lang='lat' dir='ltr'><strong>tractam.</strong></span> 
     </span>
    </p>
   </div>
   <div class='ocr_carea' id='block_1_31' title="bbox 491 839 1285 876">
    <p class='ocr_par' dir='ltr' id='par_1_31' title="bbox 491 839 1285 876">
     <span class='ocr_line' id='line_1_31' title="bbox 491 839 1285 876; baseline 0 -10"><span class='ocrx_word' id='word_1_184' title='bbox 491 839 663 876; x_wconf 77' lang='lat' dir='ltr'><strong>Quapropter</strong></span> <span class='ocrx_word' id='word_1_185' title='bbox 678 845 726 867; x_wconf 85' lang='lat' dir='ltr'><strong>aut</strong></span> <span class='ocrx_word' id='word_1_186' title='bbox 739 840 801 875; x_wconf 74' lang='lat' dir='ltr'><strong>fuge</strong></span> <span class='ocrx_word' id='word_1_187' title='bbox 817 841 937 868; x_wconf 84' lang='lat' dir='ltr'><strong>lucatum</strong></span> <span class='ocrx_word' id='word_1_188' title='bbox 951 849 1061 876; x_wconf 86' lang='lat' dir='ltr'><strong>corpus,</strong></span> <span class='ocrx_word' id='word_1_189' title='bbox 1079 843 1126 876; x_wconf 83' lang='lat' dir='ltr'><strong>aut</strong></span> <span class='ocrx_word' id='word_1_190' title='bbox 1140 847 1285 872; x_wconf 82' lang='lat' dir='ltr'><strong>conserva,</strong></span> 
     </span>
    </p>
   </div>
   <div class='ocr_carea' id='block_1_32' title="bbox 524 875 1196 911">
    <p class='ocr_par' dir='ltr' id='par_1_32' title="bbox 524 875 1196 911">
     <span class='ocr_line' id='line_1_32' title="bbox 524 875 1196 911; baseline 0.001 -10"><span class='ocrx_word' id='word_1_191' title='bbox 524 875 559 902; x_wconf 75' lang='grc'><strong>40</strong></span> <span class='ocrx_word' id='word_1_192' title='bbox 574 875 629 911; x_wconf 78' lang='lat' dir='ltr'><strong>Nec</strong></span> <span class='ocrx_word' id='word_1_193' title='bbox 643 879 722 910; x_wconf 89' lang='lat' dir='ltr'><strong>turpe</strong></span> <span class='ocrx_word' id='word_1_194' title='bbox 736 876 831 903; x_wconf 65' lang='lat' dir='ltr'><strong>formae</strong></span> <span class='ocrx_word' id='word_1_195' title='bbox 843 875 1030 911; x_wconf 76' lang='lat' dir='ltr'><strong>adjuuieutuin</strong></span> <span class='ocrx_word' id='word_1_196' title='bbox 1045 875 1196 904; x_wconf 84' lang='lat' dir='ltr'><strong>adsciscas.</strong></span> 
     </span>
    </p>
   </div>
   <div class='ocr_carea' id='block_1_33' title="bbox 490 909 1293 945">
    <p class='ocr_par' dir='ltr' id='par_1_33' title="bbox 490 909 1293 945">
     <span class='ocr_line' id='line_1_33' title="bbox 490 909 1293 945; baseline 0 -9"><span class='ocrx_word' id='word_1_197' title='bbox 490 909 584 937; x_wconf 82' lang='lat' dir='ltr'><strong>Telam</strong></span> <span class='ocrx_word' id='word_1_198' title='bbox 604 909 761 945; x_wconf 79' lang='lat' dir='ltr'><strong>Penelopes,</strong></span> <span class='ocrx_word' id='word_1_199' title='bbox 775 919 856 945; x_wconf 88' lang='lat' dir='ltr'><strong>quam</strong></span> <span class='ocrx_word' id='word_1_200' title='bbox 874 909 925 938; x_wconf 83' lang='lat' dir='ltr'><strong>nox</strong></span> <span class='ocrx_word' id='word_1_201' title='bbox 938 911 1072 944; x_wconf 86' lang='lat' dir='ltr'><strong>solvebat,</strong></span> <span class='ocrx_word' id='word_1_202' title='bbox 1093 911 1152 937; x_wconf 85' lang='lat' dir='ltr'><strong>dies</strong></span> <span class='ocrx_word' id='word_1_203' title='bbox 1167 914 1293 943; x_wconf 77' lang='lat' dir='ltr'><strong>texebat;</strong></span> 
     </span>
    </p>
   </div>
   <div class='ocr_carea' id='block_1_34' title="bbox 525 945 1439 980">
    <p class='ocr_par' dir='ltr' id='par_1_34' title="bbox 525 945 1439 980">
     <span class='ocr_line' id='line_1_34' title="bbox 525 945 1439 980; baseline 0.002 -9"><span class='ocrx_word' id='word_1_204' title='bbox 525 945 565 979; x_wconf 92' lang='lat' dir='ltr'><strong>(Id</strong></span> <span class='ocrx_word' id='word_1_205' title='bbox 580 945 690 980; x_wconf 87' lang='lat' dir='ltr'><strong>quidem</strong></span> <span class='ocrx_word' id='word_1_206' title='bbox 706 946 774 980; x_wconf 80' lang='lat' dir='ltr'><strong>agis)</strong></span> <span class='ocrx_word' id='word_1_207' title='bbox 788 946 894 974; x_wconf 86' lang='lat' dir='ltr'><strong>iuterne</strong></span> <span class='ocrx_word' id='word_1_208' title='bbox 911 946 1061 978; x_wconf 78' lang='lat' dir='ltr'><strong>Hecubam,</strong></span> <span class='ocrx_word' id='word_1_209' title='bbox 1078 945 1328 974; x_wconf 77' lang='lat' dir='ltr'><strong>externcHeleuam</strong></span> <span class='ocrx_word' id='word_1_210' title='bbox 1344 947 1439 975; x_wconf 78' lang='lat' dir='ltr'><strong>refers.</strong></span> 
     </span>
    </p>
   </div>
   <div class='ocr_carea' id='block_1_35' title="bbox 489 979 1503 1016">
    <p class='ocr_par' dir='ltr' id='par_1_35' title="bbox 489 979 1503 1016">
     <span class='ocr_line' id='line_1_35' title="bbox 489 979 1503 1016; baseline 0.003 -10"><span class='ocrx_word' id='word_1_211' title='bbox 489 979 682 1016; x_wconf 22' lang='lat' dir='ltr'><strong>Etiitmr’aliquo</strong></span> <span class='ocrx_word' id='word_1_212' title='bbox 701 979 782 1007; x_wconf 76' lang='lat' dir='ltr'><strong>modo</strong></span> <span class='ocrx_word' id='word_1_213' title='bbox 798 981 880 1008; x_wconf 89' lang='lat' dir='ltr'><strong>latere</strong></span> <span class='ocrx_word' id='word_1_214' title='bbox 896 982 1025 1008; x_wconf 90' lang='lat' dir='ltr'><strong>maritum</strong></span> <span class='ocrx_word' id='word_1_215' title='bbox 1043 989 1149 1016; x_wconf 86' lang='lat' dir='ltr'><strong>posses,</strong></span> <span class='ocrx_word' id='word_1_216' title='bbox 1166 981 1239 1010; x_wconf 81' lang='lat' dir='ltr'><strong>haud</strong></span> <span class='ocrx_word' id='word_1_217' title='bbox 1253 984 1344 1008; x_wconf 84' lang='lat' dir='ltr'><strong>tamen</strong></span> <span class='ocrx_word' id='word_1_218' title='bbox 1364 981 1503 1009; x_wconf 86' lang='lat' dir='ltr'><strong>ferendum</strong></span> 
     </span>
    </p>
   </div>
   <div class='ocr_carea' id='block_1_36' title="bbox 524 1014 1113 1048">
    <p class='ocr_par' dir='ltr' id='par_1_36' title="bbox 524 1014 1113 1048">
     <span class='ocr_line' id='line_1_36' title="bbox 524 1014 1113 1048; baseline 0.002 -6"><span class='ocrx_word' id='word_1_219' title='bbox 524 1014 563 1042; x_wconf 90' lang='lat' dir='ltr'><strong>Te</strong></span> <span class='ocrx_word' id='word_1_220' title='bbox 579 1014 692 1042; x_wconf 82' lang='lat' dir='ltr'><strong>formam</strong></span> <span class='ocrx_word' id='word_1_221' title='bbox 706 1016 844 1044; x_wconf 86' lang='lat' dir='ltr'><strong>occultare</strong></span> <span class='ocrx_word' id='word_1_222' title='bbox 855 1016 975 1043; x_wconf 89' lang='lat' dir='ltr'><strong>divinam</strong></span> <span class='ocrx_word' id='word_1_223' title='bbox 992 1014 1113 1048; x_wconf 76' lang='lat' dir='ltr'><strong>mortali,</strong></span> 
     </span>
    </p>
   </div>
   <div class='ocr_carea' id='block_1_37' title="bbox 488 1049 1242 1086">
    <p class='ocr_par' dir='ltr' id='par_1_37' title="bbox 488 1049 1242 1086">
     <span class='ocr_line' id='line_1_37' title="bbox 488 1049 1242 1086; baseline 0.001 -10"><span class='ocrx_word' id='word_1_224' title='bbox 488 1049 524 1077; x_wconf 79' lang='grc'><strong>45</strong></span> <span class='ocrx_word' id='word_1_225' title='bbox 543 1049 582 1086; x_wconf 71' lang='lat' dir='ltr'><strong>Ne</strong></span> <span class='ocrx_word' id='word_1_226' title='bbox 596 1055 622 1077; x_wconf 92' lang='lat' dir='ltr'><strong>te</strong></span> <span class='ocrx_word' id='word_1_227' title='bbox 640 1050 710 1078; x_wconf 85' lang='lat' dir='ltr'><strong>Deus</strong></span> <span class='ocrx_word' id='word_1_228' title='bbox 729 1051 773 1079; x_wconf 85' lang='lat' dir='ltr'><strong>his</strong></span> <span class='ocrx_word' id='word_1_229' title='bbox 789 1051 878 1079; x_wconf 86' lang='lat' dir='ltr'><strong>verbis</strong></span> <span class='ocrx_word' id='word_1_230' title='bbox 896 1052 1051 1086; x_wconf 87' lang='lat' dir='ltr'><strong>alloquatur</strong></span> <span class='ocrx_word' id='word_1_231' title='bbox 1069 1051 1242 1086; x_wconf 78' lang='lat' dir='ltr'><strong>indignatus:</strong></span> 
     </span>
    </p>
   </div>
   <div class='ocr_carea' id='block_1_38' title="bbox 527 1085 1456 1120">
    <p class='ocr_par' dir='ltr' id='par_1_38' title="bbox 527 1085 1456 1120">
     <span class='ocr_line' id='line_1_38' title="bbox 527 1085 1456 1120; baseline 0.003 -9"><span class='ocrx_word' id='word_1_232' title='bbox 527 1094 536 1111; x_wconf 75' lang='grc' dir='ltr'><strong>ι</strong></span> <span class='ocrx_word' id='word_1_233' title='bbox 560 1085 670 1120; x_wconf 87' lang='lat' dir='ltr'><strong>Ecquis,</strong></span> <span class='ocrx_word' id='word_1_234' title='bbox 691 1087 827 1113; x_wconf 89' lang='lat' dir='ltr'><strong>undenam</strong></span> <span class='ocrx_word' id='word_1_235' title='bbox 841 1091 882 1114; x_wconf 87' lang='lat' dir='ltr'><strong>est</strong></span> <span class='ocrx_word' id='word_1_236' title='bbox 895 1085 1070 1114; x_wconf 31' lang='lat' dir='ltr'><strong>tuus’lictor?</strong></span> <span class='ocrx_word' id='word_1_237' title='bbox 1084 1086 1152 1113; x_wconf 92' lang='lat' dir='ltr'><strong>Hinc</strong></span> <span class='ocrx_word' id='word_1_238' title='bbox 1171 1087 1225 1118; x_wconf 86' lang='lat' dir='ltr'><strong>abi,</strong></span> <span class='ocrx_word' id='word_1_239' title='bbox 1245 1085 1344 1113; x_wconf 86' lang='lat' dir='ltr'><strong>mulier</strong></span> <span class='ocrx_word' id='word_1_240' title='bbox 1358 1085 1456 1114; x_wconf 81' lang='lat' dir='ltr'><strong>aliena.</strong></span> 
     </span>
    </p>
   </div>
   <div class='ocr_carea' id='block_1_39' title="bbox 494 1119 1410 1155">
    <p class='ocr_par' dir='ltr' id='par_1_39' title="bbox 494 1119 1410 1155">
     <span class='ocr_line' id='line_1_39' title="bbox 494 1119 1410 1155; baseline 0 -7"><span class='ocrx_word' id='word_1_241' title='bbox 494 1119 554 1148; x_wconf 79' lang='lat' dir='ltr'><strong>Non</strong></span> <span class='ocrx_word' id='word_1_242' title='bbox 568 1125 595 1148; x_wconf 90' lang='lat' dir='ltr'><strong>te</strong></span> <span class='ocrx_word' id='word_1_243' title='bbox 608 1119 734 1155; x_wconf 20' lang='lat' dir='ltr'><strong>idepinxi,</strong></span> <span class='ocrx_word' id='word_1_244' title='bbox 751 1129 768 1149; x_wconf 91' lang='lat'><strong>0</strong></span> <span class='ocrx_word' id='word_1_245' title='bbox 782 1122 1027 1155; x_wconf 88' lang='lat' dir='ltr'><strong>impudentissima,</strong></span> <span class='ocrx_word' id='word_1_246' title='bbox 1043 1122 1090 1149; x_wconf 88' lang='lat' dir='ltr'><strong>sed</strong></span> <span class='ocrx_word' id='word_1_247' title='bbox 1107 1121 1171 1148; x_wconf 81' lang='lat' dir='ltr'><strong>finxi</strong></span> <span class='ocrx_word' id='word_1_248' title='bbox 1187 1122 1331 1155; x_wconf 80' lang='lat' dir='ltr'><strong>imaginem</strong></span> <span class='ocrx_word' id='word_1_249' title='bbox 1347 1122 1410 1149; x_wconf 90' lang='lat' dir='ltr'><strong>mei.</strong></span> 
     </span>
    </p>
   </div>
   <div class='ocr_carea' id='block_1_40' title="bbox 522 1155 1318 1191">
    <p class='ocr_par' dir='ltr' id='par_1_40' title="bbox 522 1155 1318 1191">
     <span class='ocr_line' id='line_1_40' title="bbox 522 1155 1318 1191; baseline -0.003 -8"><span class='ocrx_word' id='word_1_250' title='bbox 522 1155 665 1188; x_wconf 84' lang='lat' dir='ltr'><strong>Quomodo</strong></span> <span class='ocrx_word' id='word_1_251' title='bbox 678 1157 759 1191; x_wconf 83' lang='lat' dir='ltr'><strong>igitur</strong></span> <span class='ocrx_word' id='word_1_252' title='bbox 774 1156 876 1183; x_wconf 89' lang='lat' dir='ltr'><strong>idolum</strong></span> <span class='ocrx_word' id='word_1_253' title='bbox 897 1157 983 1184; x_wconf 84' lang='lat' dir='ltr'><strong>habeo</strong></span> <span class='ocrx_word' id='word_1_254' title='bbox 999 1165 1048 1191; x_wconf 91' lang='lat' dir='ltr'><strong>pro</strong></span> <span class='ocrx_word' id='word_1_255' title='bbox 1061 1157 1143 1184; x_wconf 85' lang='lat' dir='ltr'><strong>chara</strong></span> <span class='ocrx_word' id='word_1_256' title='bbox 1159 1156 1294 1191; x_wconf 80' lang='lat' dir='ltr'><strong>imagine?</strong></span> <span class='ocrx_word' id='word_1_257' title='bbox 1309 1166 1318 1181; x_wconf 85' lang='grc' dir='ltr'><strong>ι</strong></span> 
     </span>
    </p>
   </div>
   <div class='ocr_carea' id='block_1_41' title="bbox 487 1189 1520 1226">
    <p class='ocr_par' dir='ltr' id='par_1_41' title="bbox 487 1189 1520 1226">
     <span class='ocr_line' id='line_1_41' title="bbox 487 1189 1520 1226; baseline 0.001 -9"><span class='ocrx_word' id='word_1_258' title='bbox 487 1189 614 1226; x_wconf 78' lang='lat' dir='ltr'><strong>Attamen</strong></span> <span class='ocrx_word' id='word_1_259' title='bbox 627 1189 802 1218; x_wconf 24' lang='lat' dir='ltr'><strong>huicimorbo</strong></span> <span class='ocrx_word' id='word_1_260' title='bbox 819 1199 873 1218; x_wconf 88' lang='lat' dir='ltr'><strong>non</strong></span> <span class='ocrx_word' id='word_1_261' title='bbox 888 1192 957 1218; x_wconf 86' lang='lat' dir='ltr'><strong>nihil</strong></span> <span class='ocrx_word' id='word_1_262' title='bbox 974 1189 1172 1226; x_wconf 77' lang='lat' dir='ltr'><strong>indulgeamus.</strong></span> <span class='ocrx_word' id='word_1_263' title='bbox 1191 1189 1239 1218; x_wconf 83' lang='lat' dir='ltr'><strong>Sin</strong></span> <span class='ocrx_word' id='word_1_264' title='bbox 1257 1196 1357 1224; x_wconf 79' lang='lat' dir='ltr'><strong>autem,</strong></span> <span class='ocrx_word' id='word_1_265' title='bbox 1374 1191 1520 1219; x_wconf 86' lang='lat' dir='ltr'><strong>manifesta</strong></span> 
     </span>
    </p>
   </div>
   <div class='ocr_carea' id='block_1_42' title="bbox 524 1225 1483 1261">
    <p class='ocr_par' dir='ltr' id='par_1_42' title="bbox 524 1225 1483 1261">
     <span class='ocr_line' id='line_1_42' title="bbox 524 1225 1483 1261; baseline 0.001 -8"><span class='ocrx_word' id='word_1_266' title='bbox 524 1225 559 1253; x_wconf 86' lang='lat'><strong>50</strong></span> <span class='ocrx_word' id='word_1_267' title='bbox 577 1225 657 1253; x_wconf 84' lang='lat' dir='ltr'><strong>Velut</strong></span> <span class='ocrx_word' id='word_1_268' title='bbox 670 1227 760 1253; x_wconf 84' lang='lat' dir='ltr'><strong>tabula</strong></span> <span class='ocrx_word' id='word_1_269' title='bbox 777 1227 920 1261; x_wconf 82' lang='lat' dir='ltr'><strong>pictorum,</strong></span> <span class='ocrx_word' id='word_1_270' title='bbox 934 1225 1159 1254; x_wconf 27' lang='lat' dir='ltr'><strong>formam’formze</strong></span> <span class='ocrx_word' id='word_1_271' title='bbox 1175 1226 1356 1261; x_wconf 85' lang='lat' dir='ltr'><strong>superjectam</strong></span> <span class='ocrx_word' id='word_1_272' title='bbox 1371 1226 1483 1259; x_wconf 85' lang='lat' dir='ltr'><strong>habens,</strong></span> 
     </span>
    </p>
   </div>
   <div class='ocr_carea' id='block_1_43' title="bbox 489 1260 1481 1296">
    <p class='ocr_par' dir='ltr' id='par_1_43' title="bbox 489 1260 1481 1296">
     <span class='ocr_line' id='line_1_43' title="bbox 489 1260 1481 1296; baseline 0.001 -8"><span class='ocrx_word' id='word_1_273' title='bbox 489 1260 613 1296; x_wconf 62' lang='lat' dir='ltr'><strong>Statuam</strong></span> <span class='ocrx_word' id='word_1_274' title='bbox 628 1260 806 1296; x_wconf 79' lang='lat' dir='ltr'><strong>turpitudinis</strong></span> <span class='ocrx_word' id='word_1_275' title='bbox 822 1262 930 1288; x_wconf 87' lang='lat' dir='ltr'><strong>noveris</strong></span> <span class='ocrx_word' id='word_1_276' title='bbox 946 1266 972 1289; x_wconf 88' lang='lat' dir='ltr'><strong>te</strong></span> <span class='ocrx_word' id='word_1_277' title='bbox 984 1263 1158 1296; x_wconf 85' lang='lat' dir='ltr'><strong>conspicuam</strong></span> <span class='ocrx_word' id='word_1_278' title='bbox 1175 1261 1337 1288; x_wconf 84' lang='lat' dir='ltr'><strong>mortalibus</strong></span> <span class='ocrx_word' id='word_1_279' title='bbox 1351 1262 1481 1294; x_wconf 73' lang='lat' dir='ltr'><strong>excitare,</strong></span> 
     </span>
    </p>
   </div>
   <div class='ocr_carea' id='block_1_44' title="bbox 524 1294 1251 1331">
    <p class='ocr_par' dir='ltr' id='par_1_44' title="bbox 524 1294 1251 1331">
     <span class='ocr_line' id='line_1_44' title="bbox 524 1294 1251 1331; baseline 0 -9"><span class='ocrx_word' id='word_1_280' title='bbox 524 1294 650 1331; x_wconf 82' lang='lat' dir='ltr'><strong>Formam</strong></span> <span class='ocrx_word' id='word_1_281' title='bbox 661 1294 742 1331; x_wconf 73' lang='lat' dir='ltr'><strong>quam</strong></span> <span class='ocrx_word' id='word_1_282' title='bbox 759 1300 786 1323; x_wconf 92' lang='lat' dir='ltr'><strong>tu</strong></span> <span class='ocrx_word' id='word_1_283' title='bbox 805 1297 893 1331; x_wconf 79' lang='lat' dir='ltr'><strong>pingis</strong></span> <span class='ocrx_word' id='word_1_284' title='bbox 910 1298 1007 1330; x_wconf 83' lang='lat' dir='ltr'><strong>vivam,</strong></span> <span class='ocrx_word' id='word_1_285' title='bbox 1021 1294 1125 1324; x_wconf 79' lang='lat' dir='ltr'><strong>viribus</strong></span> <span class='ocrx_word' id='word_1_286' title='bbox 1141 1296 1251 1330; x_wconf 79' lang='lat' dir='ltr'><strong>ingenii.</strong></span> 
     </span>
    </p>
   </div>
   <div class='ocr_carea' id='block_1_45' title="bbox 487 1329 1259 1365">
    <p class='ocr_par' dir='ltr' id='par_1_45' title="bbox 487 1329 1259 1365">
     <span class='ocr_line' id='line_1_45' title="bbox 487 1329 1259 1365; baseline 0.001 -8"><span class='ocrx_word' id='word_1_287' title='bbox 487 1329 620 1359; x_wconf 82' lang='lat' dir='ltr'><strong>Adonidis</strong></span> <span class='ocrx_word' id='word_1_288' title='bbox 636 1329 732 1358; x_wconf 74' lang='lat' dir='ltr'><strong>hortus</strong></span> <span class='ocrx_word' id='word_1_289' title='bbox 747 1336 789 1358; x_wconf 89' lang='lat' dir='ltr'><strong>est</strong></span> <span class='ocrx_word' id='word_1_290' title='bbox 805 1329 864 1358; x_wconf 30' lang='lat' dir='ltr'><strong>&#39;tua‘</strong></span> <span class='ocrx_word' id='word_1_291' title='bbox 871 1336 999 1359; x_wconf 81' lang='lat' dir='ltr'><strong>venustas</strong></span> <span class='ocrx_word' id='word_1_292' title='bbox 1010 1333 1065 1359; x_wconf 88' lang='lat' dir='ltr'><strong>cito</strong></span> <span class='ocrx_word' id='word_1_293' title='bbox 1077 1329 1259 1365; x_wconf 74' lang='lat' dir='ltr'><strong>marcescens,</strong></span> 
     </span>
    </p>
   </div>
   <div class='ocr_carea' id='block_1_46' title="bbox 523 1365 1161 1401">
    <p class='ocr_par' dir='ltr' id='par_1_46' title="bbox 523 1365 1161 1401">
     <span class='ocr_line' id='line_1_46' title="bbox 523 1365 1161 1401; baseline 0.002 -9"><span class='ocrx_word' id='word_1_294' title='bbox 523 1365 617 1401; x_wconf 85' lang='lat' dir='ltr'><strong>Polypi</strong></span> <span class='ocrx_word' id='word_1_295' title='bbox 634 1367 719 1399; x_wconf 89' lang='lat' dir='ltr'><strong>color,</strong></span> <span class='ocrx_word' id='word_1_296' title='bbox 737 1366 834 1394; x_wconf 76' lang='lat' dir='ltr'><strong>litterae</strong></span> <span class='ocrx_word' id='word_1_297' title='bbox 848 1368 875 1393; x_wconf 93' lang='lat' dir='ltr'><strong>in</strong></span> <span class='ocrx_word' id='word_1_298' title='bbox 891 1375 973 1393; x_wconf 83' lang='lat' dir='ltr'><strong>arena</strong></span> <span class='ocrx_word' id='word_1_299' title='bbox 990 1368 1161 1401; x_wconf 53' lang='lat' dir='ltr'><strong>conscriptae.</strong></span> 
     </span>
    </p>
   </div>
   <div class='ocr_carea' id='block_1_47' title="bbox 489 1401 1563 1437">
    <p class='ocr_par' dir='ltr' id='par_1_47' title="bbox 489 1401 1563 1437">
     <span class='ocr_line' id='line_1_47' title="bbox 489 1401 1563 1437; baseline 0 -9"><span class='ocrx_word' id='word_1_300' title='bbox 489 1401 686 1437; x_wconf 74' lang='lat' dir='ltr'><strong>55Quomodo</strong></span> <span class='ocrx_word' id='word_1_301' title='bbox 699 1407 738 1433; x_wconf 89' lang='lat' dir='ltr'><strong>tu,</strong></span> <span class='ocrx_word' id='word_1_302' title='bbox 755 1410 815 1436; x_wconf 72' lang='lat' dir='ltr'><strong>quae</strong></span> <span class='ocrx_word' id='word_1_303' title='bbox 827 1402 931 1437; x_wconf 79' lang='lat' dir='ltr'><strong>graculi</strong></span> <span class='ocrx_word' id='word_1_304' title='bbox 945 1403 1059 1429; x_wconf 79' lang='lat' dir='ltr'><strong>formam</strong></span> <span class='ocrx_word' id='word_1_305' title='bbox 1074 1402 1158 1429; x_wconf 89' lang='lat' dir='ltr'><strong>habes</strong></span> <span class='ocrx_word' id='word_1_306' title='bbox 1174 1401 1406 1437; x_wconf 79' lang='lat' dir='ltr'><strong>(quandoquidem</strong></span> <span class='ocrx_word' id='word_1_307' title='bbox 1422 1401 1563 1436; x_wconf 77' lang='lat' dir='ltr'><strong>graculum</strong></span> 
     </span>
    </p>
   </div>
   <div class='ocr_carea' id='block_1_48' title="bbox 526 1436 1159 1472">
    <p class='ocr_par' dir='ltr' id='par_1_48' title="bbox 526 1436 1159 1472">
     <span class='ocr_line' id='line_1_48' title="bbox 526 1436 1159 1472; baseline 0 -9"><span class='ocrx_word' id='word_1_308' title='bbox 526 1436 766 1472; x_wconf 19' lang='lat' dir='ltr'><strong>Alienisrornatum</strong></span> <span class='ocrx_word' id='word_1_309' title='bbox 782 1436 880 1472; x_wconf 88' lang='lat' dir='ltr'><strong>plumis</strong></span> <span class='ocrx_word' id='word_1_310' title='bbox 895 1437 1043 1464; x_wconf 80' lang='lat' dir='ltr'><strong>ostendens</strong></span> <span class='ocrx_word' id='word_1_311' title='bbox 1057 1437 1159 1466; x_wconf 83' lang='lat' dir='ltr'><strong>fabula.</strong></span> 
     </span>
    </p>
   </div>
   <div class='ocr_carea' id='block_1_49' title="bbox 491 1471 1583 1507">
    <p class='ocr_par' dir='ltr' id='par_1_49' title="bbox 491 1471 1583 1507">
     <span class='ocr_line' id='line_1_49' title="bbox 491 1471 1583 1507; baseline 0.001 -9"><span class='ocrx_word' id='word_1_312' title='bbox 491 1471 598 1507; x_wconf 78' lang='lat' dir='ltr'><strong>Rursus</strong></span> <span class='ocrx_word' id='word_1_313' title='bbox 613 1471 656 1499; x_wconf 88' lang='lat' dir='ltr'><strong>his</strong></span> <span class='ocrx_word' id='word_1_314' title='bbox 670 1471 802 1507; x_wconf 85' lang='lat' dir='ltr'><strong>nudatum</strong></span> <span class='ocrx_word' id='word_1_315' title='bbox 817 1473 930 1507; x_wconf 89' lang='lat' dir='ltr'><strong>protulit</strong></span> <span class='ocrx_word' id='word_1_316' title='bbox 941 1471 1109 1506; x_wconf 87' lang='lat' dir='ltr'><strong>ridiculum),</strong></span> <span class='ocrx_word' id='word_1_317' title='bbox 1127 1471 1283 1507; x_wconf 49' lang='lat' dir='ltr'><strong>quomodo.</strong></span> <span class='ocrx_word' id='word_1_318' title='bbox 1294 1471 1416 1506; x_wconf 86' lang='lat' dir='ltr'><strong>inquam,</strong></span> <span class='ocrx_word' id='word_1_319' title='bbox 1434 1478 1489 1498; x_wconf 87' lang='lat' dir='ltr'><strong>non</strong></span> <span class='ocrx_word' id='word_1_320' title='bbox 1501 1478 1583 1499; x_wconf 91' lang='lat' dir='ltr'><strong>curas</strong></span> 
     </span>
    </p>
   </div>
   <div class='ocr_carea' id='block_1_50' title="bbox 528 1506 1287 1542">
    <p class='ocr_par' dir='ltr' id='par_1_50' title="bbox 528 1506 1287 1542">
     <span class='ocr_line' id='line_1_50' title="bbox 528 1506 1287 1542; baseline -0.001 -9"><span class='ocrx_word' id='word_1_321' title='bbox 528 1506 668 1542; x_wconf 79' lang='lat' dir='ltr'><strong>Summum</strong></span> <span class='ocrx_word' id='word_1_322' title='bbox 681 1506 809 1539; x_wconf 88' lang='lat' dir='ltr'><strong>dedecus,</strong></span> <span class='ocrx_word' id='word_1_323' title='bbox 819 1506 890 1534; x_wconf 32' lang='lat' dir='ltr'><strong>’cum</strong></span> <span class='ocrx_word' id='word_1_324' title='bbox 907 1507 1016 1542; x_wconf 86' lang='lat' dir='ltr'><strong>perierit</strong></span> <span class='ocrx_word' id='word_1_325' title='bbox 1032 1512 1076 1534; x_wconf 86' lang='lat' dir='ltr'><strong>tua</strong></span> <span class='ocrx_word' id='word_1_326' title='bbox 1090 1506 1287 1541; x_wconf 81' lang='lat' dir='ltr'><strong>pulchritudo?</strong></span> 
     </span>
    </p>
   </div>
   <div class='ocr_carea' id='block_1_51' title="bbox 491 1540 1833 1577">
    <p class='ocr_par' dir='ltr' id='par_1_51' title="bbox 491 1540 1833 1577">
     <span class='ocr_line' id='line_1_51' title="bbox 491 1540 1833 1577; baseline 0 -9"><span class='ocrx_word' id='word_1_327' title='bbox 491 1541 676 1577; x_wconf 48' lang='lat'><strong>5681569</strong></span> <span class='ocrx_word' id='word_1_328' title='bbox 695 1542 736 1569; x_wconf 78' lang='lat' dir='ltr'><strong>An</strong></span> <span class='ocrx_word' id='word_1_329' title='bbox 753 1550 824 1575; x_wconf 25' lang='lat' dir='ltr'><strong>vero,</strong></span> <span class='ocrx_word' id='word_1_330' title='bbox 836 1550 898 1576; x_wconf 88' lang='lat' dir='ltr'><strong>spes</strong></span> <span class='ocrx_word' id='word_1_331' title='bbox 908 1540 955 1569; x_wconf 58' lang='lat' dir='ltr'><strong>&#39;est</strong></span> <span class='ocrx_word' id='word_1_332' title='bbox 971 1540 1142 1569; x_wconf 75' lang='lat' dir='ltr'><strong>constantem</strong></span> <span class='ocrx_word' id='word_1_333' title='bbox 1161 1542 1231 1568; x_wconf 88' lang='lat' dir='ltr'><strong>hanc</strong></span> <span class='ocrx_word' id='word_1_334' title='bbox 1248 1541 1297 1568; x_wconf 84' lang='lat' dir='ltr'><strong>tibi</strong></span> <span class='ocrx_word' id='word_1_335' title='bbox 1318 1540 1438 1567; x_wconf 88' lang='lat' dir='ltr'><strong>futuram</strong></span> <span class='ocrx_word' id='word_1_336' title='bbox 1456 1542 1650 1569; x_wconf 85' lang='lat' dir='ltr'><strong>venustatem?</strong></span> <span class='ocrx_word' id='word_1_337' title='bbox 1665 1541 1740 1569; x_wconf 85' lang='lat' dir='ltr'><strong>brevi</strong></span> <span class='ocrx_word' id='word_1_338' title='bbox 1756 1544 1833 1569; x_wconf 82' lang='lat' dir='ltr'><strong>certe</strong></span> 
     </span>
    </p>
   </div>
   <div class='ocr_carea' id='block_1_52' title="bbox 529 1576 1464 1612">
    <p class='ocr_par' dir='ltr' id='par_1_52' title="bbox 529 1576 1464 1612">
     <span class='ocr_line' id='line_1_52' title="bbox 529 1576 1464 1612; baseline 0 -8"><span class='ocrx_word' id='word_1_339' title='bbox 529 1576 564 1604; x_wconf 67' lang='lat'><strong>60</strong></span> <span class='ocrx_word' id='word_1_340' title='bbox 582 1576 733 1612; x_wconf 78' lang='lat' dir='ltr'><strong>Perspicies</strong></span> <span class='ocrx_word' id='word_1_341' title='bbox 746 1585 780 1604; x_wconf 82' lang='lat' dir='ltr'><strong>ex</strong></span> <span class='ocrx_word' id='word_1_342' title='bbox 796 1577 950 1604; x_wconf 86' lang='lat' dir='ltr'><strong>adulterina</strong></span> <span class='ocrx_word' id='word_1_343' title='bbox 966 1577 1171 1612; x_wconf 83' lang='lat' dir='ltr'><strong>pulchritudine</strong></span> <span class='ocrx_word' id='word_1_344' title='bbox 1186 1581 1306 1611; x_wconf 87' lang='lat' dir='ltr'><strong>quantus</strong></span> <span class='ocrx_word' id='word_1_345' title='bbox 1323 1577 1359 1604; x_wconf 89' lang='lat' dir='ltr'><strong>sit</strong></span> <span class='ocrx_word' id='word_1_346' title='bbox 1376 1577 1464 1604; x_wconf 92' lang='lat' dir='ltr'><strong>dolor.</strong></span> 
     </span>
    </p>
   </div>
   <div class='ocr_carea' id='block_1_53' title="bbox 273 1643 1022 1681">
    <p class='ocr_par' dir='ltr' id='par_1_53' title="bbox 273 1643 1022 1681">
     <span class='ocr_line' id='line_1_53' title="bbox 273 1643 1022 1681; baseline 0.001 -11"><span class='ocrx_word' id='word_1_347' title='bbox 273 1643 307 1681; x_wconf 56' lang='lat'><strong>$7</strong></span> <span class='ocrx_word' id='word_1_348' title='bbox 331 1643 500 1681; x_wconf 58' lang='lat' dir='ltr'><strong>’Agotﬁadt&#39;c.</strong></span> <span class='ocrx_word' id='word_1_349' title='bbox 518 1644 583 1679; x_wconf 90' lang='lat' dir='ltr'><strong>Sup.</strong></span> <span class='ocrx_word' id='word_1_350' title='bbox 599 1645 646 1672; x_wconf 92' lang='lat' dir='ltr'><strong>lin.</strong></span> <span class='ocrx_word' id='word_1_351' title='bbox 664 1644 827 1680; x_wconf 82' lang='grc' dir='ltr'>ὲκὸιάδοχος.</span> <span class='ocrx_word' id='word_1_352' title='bbox 845 1644 917 1677; x_wconf 80' lang='lat' dir='ltr'><strong>Mox,</strong></span> <span class='ocrx_word' id='word_1_353' title='bbox 931 1645 1022 1681; x_wconf 80' lang='grc' dir='ltr'><strong>ἐσθὴς,</strong></span> 
     </span>
    </p>
   </div>
   <div class='ocr_carea' id='block_1_54' title="bbox 239 1678 469 1714">
    <p class='ocr_par' dir='ltr' id='par_1_54' title="bbox 239 1678 469 1714">
     <span class='ocr_line' id='line_1_54' title="bbox 239 1678 469 1714; baseline 0.004 -9"><span class='ocrx_word' id='word_1_354' title='bbox 239 1678 346 1714; x_wconf 74' lang='grc' dir='ltr'>ἱμάτιον</span> <span class='ocrx_word' id='word_1_355' title='bbox 356 1678 469 1714; x_wconf 84' lang='grc' dir='ltr'>δίχροον.</span> 
     </span>
    </p>
   </div>
   <div class='ocr_carea' id='block_1_55' title="bbox 277 1713 715 1750">
    <p class='ocr_par' dir='ltr' id='par_1_55' title="bbox 277 1713 715 1750">
     <span class='ocr_line' id='line_1_55' title="bbox 277 1713 715 1750; baseline -0.002 -9"><span class='ocrx_word' id='word_1_356' title='bbox 277 1714 312 1741; x_wconf 67' lang='grc' dir='ltr'><strong>Λευ</strong></span> <span class='ocrx_word' id='word_1_357' title='bbox 333 1713 452 1750; x_wconf 66' lang='grc' dir='ltr'>Ἄλλαρ.</span> <span class='ocrx_word' id='word_1_358' title='bbox 468 1713 560 1741; x_wconf 91' lang='lat' dir='ltr'><strong>Schol.</strong></span> <span class='ocrx_word' id='word_1_359' title='bbox 580 1714 715 1750; x_wconf 77' lang='grc' dir='ltr'><strong>βοήθημα.</strong></span> 
     </span>
    </p>
   </div>
   <div class='ocr_carea' id='block_1_56' title="bbox 273 1749 1022 1784">
    <p class='ocr_par' dir='ltr' id='par_1_56' title="bbox 273 1749 1022 1784">
     <span class='ocr_line' id='line_1_56' title="bbox 273 1749 1022 1784; baseline 0.001 -8"><span class='ocrx_word' id='word_1_360' title='bbox 273 1750 305 1777; x_wconf 80' lang='grc'><strong>41</strong></span> <span class='ocrx_word' id='word_1_361' title='bbox 332 1749 427 1776; x_wconf 82' lang='grc' dir='ltr'><em>Ἰστὸν</em></span> <span class='ocrx_word' id='word_1_362' title='bbox 437 1749 626 1783; x_wconf 63' lang='grc' dir='ltr'><strong>Πηνελόπηςέ</strong></span> <span class='ocrx_word' id='word_1_363' title='bbox 649 1749 790 1784; x_wconf 66' lang='lat' dir='ltr'><strong>Penelopes</strong></span> <span class='ocrx_word' id='word_1_364' title='bbox 805 1749 886 1777; x_wconf 83' lang='lat' dir='ltr'><strong>telam</strong></span> <span class='ocrx_word' id='word_1_365' title='bbox 898 1755 1022 1783; x_wconf 66' lang='lat' dir='ltr'><strong>retexere,</strong></span> 
     </span>
    </p>
   </div>
   <div class='ocr_carea' id='block_1_57' title="bbox 239 1784 1025 1819">
    <p class='ocr_par' dir='ltr' id='par_1_57' title="bbox 239 1784 1025 1819">
     <span class='ocr_line' id='line_1_57' title="bbox 239 1784 1025 1819; baseline 0.001 -7"><span class='ocrx_word' id='word_1_366' title='bbox 239 1789 281 1812; x_wconf 80' lang='lat' dir='ltr'><strong>est</strong></span> <span class='ocrx_word' id='word_1_367' title='bbox 298 1784 406 1811; x_wconf 91' lang='lat' dir='ltr'><strong>inanem</strong></span> <span class='ocrx_word' id='word_1_368' title='bbox 432 1792 541 1819; x_wconf 87' lang='lat' dir='ltr'><strong>operam</strong></span> <span class='ocrx_word' id='word_1_369' title='bbox 566 1793 684 1818; x_wconf 86' lang='lat' dir='ltr'><strong>sumere,</strong></span> <span class='ocrx_word' id='word_1_370' title='bbox 709 1789 736 1811; x_wconf 88' lang='lat' dir='ltr'><strong>et</strong></span> <span class='ocrx_word' id='word_1_371' title='bbox 763 1793 860 1813; x_wconf 86' lang='lat' dir='ltr'><strong>rursus</strong></span> <span class='ocrx_word' id='word_1_372' title='bbox 883 1785 1025 1813; x_wconf 85' lang='lat' dir='ltr'><strong>destruere</strong></span> 
     </span>
    </p>
   </div>
   <div class='ocr_carea' id='block_1_58' title="bbox 238 1820 1024 1882">
    <p class='ocr_par' dir='ltr' id='par_1_58' title="bbox 238 1820 1024 1882">
     <span class='ocr_line' id='line_1_58' title="bbox 238 1820 1024 1882; baseline 0 -35"><span class='ocrx_word' id='word_1_373' title='bbox 238 1820 312 1882; x_wconf 42' lang='lat' dir='ltr'><strong>quod</strong></span> <span class='ocrx_word' id='word_1_374' title='bbox 330 1820 473 1847; x_wconf 86' lang='lat' dir='ltr'><strong>ell‘eceris:</strong></span> <span class='ocrx_word' id='word_1_375' title='bbox 490 1820 664 1863; x_wconf 77' lang='lat' dir='ltr'><strong>proverbium</strong></span> <span class='ocrx_word' id='word_1_376' title='bbox 682 1825 776 1847; x_wconf 89' lang='lat' dir='ltr'><strong>natum</strong></span> <span class='ocrx_word' id='word_1_377' title='bbox 791 1828 822 1847; x_wconf 83' lang='lat' dir='ltr'><strong>ex</strong></span> <span class='ocrx_word' id='word_1_378' title='bbox 843 1820 960 1860; x_wconf 78' lang='lat' dir='ltr'><strong>Homero</strong></span> <span class='ocrx_word' id='word_1_379' title='bbox 977 1821 1024 1855; x_wconf 91' lang='lat' dir='ltr'><strong>qui</strong></span> 
     </span>
     <span class='ocr_line' id='line_1_59' title="bbox 265 1855 1023 1882; baseline 0 0"><span class='ocrx_word' id='word_1_380' title='bbox 265 1855 338 1882; x_wconf 71' lang='lat' dir='ltr'><strong>duas.</strong></span> <span class='ocrx_word' id='word_1_381' title='bbox 365 1863 394 1882; x_wconf 85' lang='grc' dir='ltr'>ιι.</span> <span class='ocrx_word' id='word_1_382' title='bbox 419 1855 464 1882; x_wconf 68' lang='grc'><strong>94.</strong></span> <span class='ocrx_word' id='word_1_383' title='bbox 491 1859 566 1882; x_wconf 63' lang='lat' dir='ltr'><strong>tinuit</strong></span> <span class='ocrx_word' id='word_1_384' title='bbox 593 1855 755 1882; x_wconf 85' lang='lat' dir='ltr'><strong>Penelooem</strong></span> <span class='ocrx_word' id='word_1_385' title='bbox 784 1855 890 1882; x_wconf 77' lang='lat' dir='ltr'><strong>Ulvssus</strong></span> <span class='ocrx_word' id='word_1_386' title='bbox 910 1863 1023 1882; x_wconf 88' lang='lat' dir='ltr'><strong>uxorem</strong></span> 
     </span>
    </p>
   </div>
   <div class='ocr_carea' id='block_1_59' title="bbox 265 1855 1023 1891">
    <p class='ocr_par' dir='ltr' id='par_1_59' title="bbox 265 1855 1023 1891">
     <span class='ocr_line' id='line_1_60' title="bbox 265 1855 1023 1891; baseline 0.001 -10"><span class='ocrx_word' id='word_1_387' title='bbox 265 1855 338 1890; x_wconf 77' lang='lat' dir='ltr'><strong>dyss.</strong></span> <span class='ocrx_word' id='word_1_388' title='bbox 365 1863 394 1885; x_wconf 82' lang='grc' dir='ltr'>ιι.</span> <span class='ocrx_word' id='word_1_389' title='bbox 419 1855 464 1887; x_wconf 68' lang='grc'><strong>94,</strong></span> <span class='ocrx_word' id='word_1_390' title='bbox 491 1856 566 1890; x_wconf 78' lang='lat' dir='ltr'><strong>lingit</strong></span> <span class='ocrx_word' id='word_1_391' title='bbox 593 1855 755 1890; x_wconf 88' lang='lat' dir='ltr'><strong>Penelopem</strong></span> <span class='ocrx_word' id='word_1_392' title='bbox 784 1855 890 1891; x_wconf 85' lang='lat' dir='ltr'><strong>Ulyssis</strong></span> <span class='ocrx_word' id='word_1_393' title='bbox 910 1863 1023 1883; x_wconf 88' lang='lat' dir='ltr'><strong>uxorem</strong></span> 
     </span>
    </p>
   </div>
   <div class='ocr_carea' id='block_1_60' title="bbox 239 1890 1025 1926">
    <p class='ocr_par' dir='ltr' id='par_1_60' title="bbox 239 1890 1025 1926">
     <span class='ocr_line' id='line_1_61' title="bbox 239 1890 1025 1926; baseline 0 -9"><span class='ocrx_word' id='word_1_394' title='bbox 239 1898 338 1925; x_wconf 83' lang='lat' dir='ltr'><strong>procos</strong></span> <span class='ocrx_word' id='word_1_395' title='bbox 358 1898 418 1917; x_wconf 89' lang='lat' dir='ltr'><strong>eam</strong></span> <span class='ocrx_word' id='word_1_396' title='bbox 442 1895 570 1926; x_wconf 77' lang='lat' dir='ltr'><strong>urgentes</strong></span> <span class='ocrx_word' id='word_1_397' title='bbox 586 1891 636 1918; x_wconf 91' lang='lat' dir='ltr'><strong>hac</strong></span> <span class='ocrx_word' id='word_1_398' title='bbox 653 1890 974 1926; x_wconf 47' lang='lat' dir='ltr'><strong>conditione&#39;delusisse,</strong></span> <span class='ocrx_word' id='word_1_399' title='bbox 996 1895 1025 1917; x_wconf 89' lang='lat' dir='ltr'><strong>ut</strong></span> 
     </span>
    </p>
   </div>
   <div class='ocr_carea' id='block_1_61' title="bbox 239 1925 1024 1961">
    <p class='ocr_par' dir='ltr' id='par_1_61' title="bbox 239 1925 1024 1961">
     <span class='ocr_line' id='line_1_62' title="bbox 239 1925 1024 1961; baseline 0 -9"><span class='ocrx_word' id='word_1_400' title='bbox 239 1930 296 1952; x_wconf 90' lang='lat' dir='ltr'><strong>tum</strong></span> <span class='ocrx_word' id='word_1_401' title='bbox 322 1933 351 1953; x_wconf 90' lang='lat' dir='ltr'><strong>se</strong></span> <span class='ocrx_word' id='word_1_402' title='bbox 376 1926 548 1960; x_wconf 86' lang='lat' dir='ltr'><strong>promitteret</strong></span> <span class='ocrx_word' id='word_1_403' title='bbox 573 1930 740 1961; x_wconf 45' lang='lat' dir='ltr'><strong>nupturam,</strong></span> <span class='ocrx_word' id='word_1_404' title='bbox 755 1926 801 1952; x_wconf 90' lang='lat' dir='ltr'><strong>ubi</strong></span> <span class='ocrx_word' id='word_1_405' title='bbox 826 1925 917 1958; x_wconf 84' lang='lat' dir='ltr'><strong>telam,</strong></span> <span class='ocrx_word' id='word_1_406' title='bbox 942 1934 1024 1961; x_wconf 86' lang='lat' dir='ltr'><strong>quam</strong></span> 
     </span>
    </p>
   </div>
   <div class='ocr_carea' id='block_1_62' title="bbox 238 1960 1023 1993">
    <p class='ocr_par' dir='ltr' id='par_1_62' title="bbox 238 1960 1023 1993">
     <span class='ocr_line' id='line_1_63' title="bbox 238 1960 1023 1993; baseline -0.001 -6"><span class='ocrx_word' id='word_1_407' title='bbox 238 1961 354 1988; x_wconf 84' lang='lat' dir='ltr'><strong>habebat</strong></span> <span class='ocrx_word' id='word_1_408' title='bbox 365 1961 392 1987; x_wconf 89' lang='lat' dir='ltr'><strong>in</strong></span> <span class='ocrx_word' id='word_1_409' title='bbox 406 1961 531 1989; x_wconf 88' lang='lat' dir='ltr'><strong>manibus</strong></span> <span class='ocrx_word' id='word_1_410' title='bbox 543 1961 714 1989; x_wconf 79' lang='lat' dir='ltr'><strong>absolvisset.</strong></span> <span class='ocrx_word' id='word_1_411' title='bbox 726 1960 813 1993; x_wconf 79' lang='lat' dir='ltr'><strong>Quam</strong></span> <span class='ocrx_word' id='word_1_412' title='bbox 825 1961 1023 1992; x_wconf 86' lang='lat' dir='ltr'><strong>conditionem,</strong></span> 
     </span>
    </p>
   </div>
   <div class='ocr_carea' id='block_1_63' title="bbox 238 1996 1024 2031">
    <p class='ocr_par' dir='ltr' id='par_1_63' title="bbox 238 1996 1024 2031">
     <span class='ocr_line' id='line_1_64' title="bbox 238 1996 1024 2031; baseline 0.001 -9"><span class='ocrx_word' id='word_1_413' title='bbox 238 2000 332 2030; x_wconf 84' lang='lat' dir='ltr'><strong>postea</strong></span> <span class='ocrx_word' id='word_1_414' title='bbox 356 2003 438 2030; x_wconf 82' lang='lat' dir='ltr'><strong>quam</strong></span> <span class='ocrx_word' id='word_1_415' title='bbox 461 1996 499 2023; x_wconf 94' lang='lat' dir='ltr'><strong>illi</strong></span> <span class='ocrx_word' id='word_1_416' title='bbox 513 1997 695 2031; x_wconf 83' lang='lat' dir='ltr'><strong>accepissent,</strong></span> <span class='ocrx_word' id='word_1_417' title='bbox 716 1997 814 2023; x_wconf 87' lang='lat' dir='ltr'><strong>mulier</strong></span> <span class='ocrx_word' id='word_1_418' title='bbox 831 1999 933 2029; x_wconf 85' lang='lat' dir='ltr'><strong>astuta,</strong></span> <span class='ocrx_word' id='word_1_419' title='bbox 951 1996 1024 2031; x_wconf 91' lang='lat' dir='ltr'><strong>quod</strong></span> 
     </span>
    </p>
   </div>
   <div class='ocr_carea' id='block_1_64' title="bbox 237 2031 917 2065">
    <p class='ocr_par' dir='ltr' id='par_1_64' title="bbox 237 2031 917 2065">
     <span class='ocr_line' id='line_1_65' title="bbox 237 2031 917 2065; baseline -0.003 -7"><span class='ocrx_word' id='word_1_420' title='bbox 237 2031 356 2058; x_wconf 86' lang='lat' dir='ltr'><strong>interdiu</strong></span> <span class='ocrx_word' id='word_1_421' title='bbox 374 2032 516 2062; x_wconf 80' lang='lat' dir='ltr'><strong>texuisset.</strong></span> <span class='ocrx_word' id='word_1_422' title='bbox 535 2031 562 2058; x_wconf 91' lang='lat' dir='ltr'><strong>id</strong></span> <span class='ocrx_word' id='word_1_423' title='bbox 578 2037 660 2058; x_wconf 87' lang='lat' dir='ltr'><strong>noctu</strong></span> <span class='ocrx_word' id='word_1_424' title='bbox 677 2036 800 2058; x_wconf 79' lang='lat' dir='ltr'><strong>retexere</strong></span> <span class='ocrx_word' id='word_1_425' title='bbox 815 2031 898 2065; x_wconf 76' lang='lat' dir='ltr'><strong>ctepit</strong></span> <span class='ocrx_word' id='word_1_426' title='bbox 912 2040 917 2057; x_wconf 87' lang='lat'><strong>:</strong></span> 
     </span>
    </p>
   </div>
   <div class='ocr_carea' id='block_1_65' title="bbox 275 2065 1023 2101">
    <p class='ocr_par' dir='ltr' id='par_1_65' title="bbox 275 2065 1023 2101">
     <span class='ocr_line' id='line_1_66' title="bbox 275 2065 1023 2101; baseline 0.001 -10"><span class='ocrx_word' id='word_1_427' title='bbox 275 2066 365 2093; x_wconf 82' lang='grc' dir='ltr'><strong>Ἔνθα</strong></span> <span class='ocrx_word' id='word_1_428' title='bbox 377 2066 427 2092; x_wconf 78' lang='grc' dir='ltr'>καὶ</span> <span class='ocrx_word' id='word_1_429' title='bbox 438 2066 547 2100; x_wconf 72' lang='grc' dir='ltr'><strong>ἠματίη</strong></span> <span class='ocrx_word' id='word_1_430' title='bbox 556 2067 615 2101; x_wconf 77' lang='grc' dir='ltr'><strong>μὲν</strong></span> <span class='ocrx_word' id='word_1_431' title='bbox 627 2067 812 2101; x_wconf 66' lang='grc' dir='ltr'><strong>ὑφαίνεσκεν</strong></span> <span class='ocrx_word' id='word_1_432' title='bbox 822 2065 918 2100; x_wconf 66' lang='grc' dir='ltr'><em>μέγαν</em></span> <span class='ocrx_word' id='word_1_433' title='bbox 928 2066 1023 2098; x_wconf 75' lang='grc' dir='ltr'><strong>ἰστὸν,</strong></span> 
     </span>
    </p>
   </div>
   <div class='ocr_carea' id='block_1_66' title="bbox 273 2101 1004 2136">
    <p class='ocr_par' dir='ltr' id='par_1_66' title="bbox 273 2101 1004 2136">
     <span class='ocr_line' id='line_1_67' title="bbox 273 2101 1004 2136; baseline -0.001 -8"><span class='ocrx_word' id='word_1_434' title='bbox 273 2101 375 2128; x_wconf 74' lang='grc' dir='ltr'>Νύκτα</span> <span class='ocrx_word' id='word_1_435' title='bbox 388 2101 414 2127; x_wconf 80' lang='grc' dir='ltr'>δ’</span> <span class='ocrx_word' id='word_1_436' title='bbox 428 2102 609 2133; x_wconf 69' lang='grc' dir='ltr'><strong>ἀλλύεσκεν,</strong></span> <span class='ocrx_word' id='word_1_437' title='bbox 626 2101 705 2136; x_wconf 77' lang='grc' dir='ltr'><strong>ἐπὴν</strong></span> <span class='ocrx_word' id='word_1_438' title='bbox 720 2101 823 2133; x_wconf 80' lang='grc' dir='ltr'>δαΐδας</span> <span class='ocrx_word' id='word_1_439' title='bbox 838 2101 1004 2136; x_wconf 67' lang='grc' dir='ltr'><strong>παράθειζο.</strong></span> 
     </span>
    </p>
   </div>
   <div class='ocr_carea' id='block_1_67' title="bbox 237 2135 1022 2173">
    <p class='ocr_par' dir='ltr' id='par_1_67' title="bbox 237 2135 1022 2173">
     <span class='ocr_line' id='line_1_68' title="bbox 237 2135 1022 2173; baseline 0 -10"><span class='ocrx_word' id='word_1_440' title='bbox 237 2135 296 2173; x_wconf 77' lang='lat' dir='ltr'><strong>Hoc</strong></span> <span class='ocrx_word' id='word_1_441' title='bbox 309 2137 481 2173; x_wconf 79' lang='lat' dir='ltr'><strong>proverbium</strong></span> <span class='ocrx_word' id='word_1_442' title='bbox 495 2141 610 2173; x_wconf 81' lang='lat' dir='ltr'><strong>usurpat</strong></span> <span class='ocrx_word' id='word_1_443' title='bbox 623 2137 700 2164; x_wconf 83' lang='lat' dir='ltr'><strong>Plato</strong></span> <span class='ocrx_word' id='word_1_444' title='bbox 711 2136 739 2163; x_wconf 86' lang='lat' dir='ltr'><strong>in</strong></span> <span class='ocrx_word' id='word_1_445' title='bbox 755 2136 897 2167; x_wconf 77' lang='lat' dir='ltr'><strong>Phwdane,</strong></span> <span class='ocrx_word' id='word_1_446' title='bbox 912 2140 939 2163; x_wconf 90' lang='lat' dir='ltr'><strong>et</strong></span> <span class='ocrx_word' id='word_1_447' title='bbox 952 2135 1022 2163; x_wconf 86' lang='lat' dir='ltr'><strong>Tull.</strong></span> 
     </span>
    </p>
   </div>
   <div class='ocr_carea' id='block_1_68' title="bbox 237 2172 540 2206">
    <p class='ocr_par' dir='ltr' id='par_1_68' title="bbox 237 2172 540 2206">
     <span class='ocr_line' id='line_1_69' title="bbox 237 2172 540 2206; baseline 0 -8"><span class='ocrx_word' id='word_1_448' title='bbox 237 2172 322 2198; x_wconf 81' lang='lat' dir='ltr'><strong>Acad.</strong></span> <span class='ocrx_word' id='word_1_449' title='bbox 339 2176 431 2206; x_wconf 67' lang='lat' dir='ltr'><strong>quiest.</strong></span> <span class='ocrx_word' id='word_1_450' title='bbox 448 2172 493 2198; x_wconf 88' lang='lat' dir='ltr'><strong>lib.</strong></span> <span class='ocrx_word' id='word_1_451' title='bbox 510 2180 540 2198; x_wconf 91' lang='lat' dir='ltr'><strong>ll.</strong></span> 
     </span>
    </p>
   </div>
   <div class='ocr_carea' id='block_1_69' title="bbox 237 2205 1021 2268">
    <p class='ocr_par' dir='ltr' id='par_1_69' title="bbox 237 2205 1021 2268">
     <span class='ocr_line' id='line_1_70' title="bbox 237 2205 1021 2268; baseline 0.001 -36"><span class='ocrx_word' id='word_1_452' title='bbox 237 2206 308 2268; x_wconf 66' lang='grc' dir='ltr'><strong>πόιῖ</strong></span> <span class='ocrx_word' id='word_1_453' title='bbox 327 2205 465 2239; x_wconf 76' lang='grc' dir='ltr'><strong>Ἑκάϐην.</strong></span> <span class='ocrx_word' id='word_1_454' title='bbox 491 2206 542 2233; x_wconf 84' lang='grc' dir='ltr'>Ιιιι.</span> <span class='ocrx_word' id='word_1_455' title='bbox 567 2206 703 2241; x_wconf 76' lang='grc' dir='ltr'>σώφρονα.</span> <span class='ocrx_word' id='word_1_456' title='bbox 726 2206 798 2238; x_wconf 84' lang='lat' dir='ltr'><strong>Mox,</strong></span> <span class='ocrx_word' id='word_1_457' title='bbox 825 2205 943 2241; x_wconf 81' lang='grc' dir='ltr'>Ἑλένην.</span> <span class='ocrx_word' id='word_1_458' title='bbox 971 2205 1021 2233; x_wconf 90' lang='lat' dir='ltr'><strong>lnt.</strong></span> 
     </span>
     <span class='ocr_line' id='line_1_71' title="bbox 276 2250 351 2268; baseline 0 0"><span class='ocrx_word' id='word_1_459' title='bbox 276 2250 351 2268; x_wconf 84' lang='lat' dir='ltr'><strong>avnv.</strong></span> 
     </span>
    </p>
   </div>
   <div class='ocr_carea' id='block_1_70' title="bbox 292 2251 351 2268">
    <p class='ocr_par' dir='ltr' id='par_1_70' title="bbox 292 2251 351 2268">
     <span class='ocr_line' id='line_1_72' title="bbox 292 2251 351 2268; baseline 0.017 -1"><span class='ocrx_word' id='word_1_460' title='bbox 292 2251 351 2268; x_wconf 84' lang='grc' dir='ltr'>ντιν.</span> 
     </span>
    </p>
   </div>
   <div class='ocr_carea' id='block_1_71' title="bbox 272 2250 723 2312">
    <p class='ocr_par' dir='ltr' id='par_1_71' title="bbox 272 2250 723 2312">
     <span class='ocr_line' id='line_1_73' title="bbox 272 2250 723 2312; baseline -0.002 -9"><span class='ocrx_word' id='word_1_461' title='bbox 272 2250 423 2312; x_wconf 38' lang='lat' dir='ltr'><strong>fgitivos.</strong></span> <span class='ocrx_word' id='word_1_462' title='bbox 442 2276 508 2311; x_wconf 87' lang='lat' dir='ltr'><strong>Sup.</strong></span> <span class='ocrx_word' id='word_1_463' title='bbox 527 2276 723 2312; x_wconf 69' lang='lat' dir='ltr'><strong>lin.,_&lt;peat&#39;pou.</strong></span> 
     </span>
    </p>
   </div>
   <div class='ocr_carea' id='block_1_72' title="bbox 273 2310 810 2346">
    <p class='ocr_par' dir='ltr' id='par_1_72' title="bbox 273 2310 810 2346">
     <span class='ocr_line' id='line_1_74' title="bbox 273 2310 810 2346; baseline -0.002 -8"><span class='ocrx_word' id='word_1_464' title='bbox 273 2311 307 2338; x_wconf 74' lang='grc'><strong>47</strong></span> <span class='ocrx_word' id='word_1_465' title='bbox 320 2313 416 2338; x_wconf 82' lang='grc' dir='ltr'><em>Κύων.</em></span> <span class='ocrx_word' id='word_1_466' title='bbox 434 2310 500 2346; x_wconf 80' lang='lat' dir='ltr'><strong>Sup.</strong></span> <span class='ocrx_word' id='word_1_467' title='bbox 516 2312 576 2343; x_wconf 86' lang='lat' dir='ltr'><strong>lin.,</strong></span> <span class='ocrx_word' id='word_1_468' title='bbox 590 2310 612 2338; x_wconf 79' lang='grc' dir='ltr'>ὧ</span> <span class='ocrx_word' id='word_1_469' title='bbox 623 2310 810 2338; x_wconf 68' lang='grc' dir='ltr'>ἀναιδέστατα.</span> 
     </span>
    </p>
   </div>
   <div class='ocr_carea' id='block_1_73' title="bbox 1111 1643 1862 1680">
    <p class='ocr_par' dir='ltr' id='par_1_73' title="bbox 1111 1643 1862 1680">
     <span class='ocr_line' id='line_1_75' title="bbox 1111 1643 1862 1680; baseline 0.003 -9"><span class='ocrx_word' id='word_1_470' title='bbox 1111 1643 1145 1671; x_wconf 68' lang='grc'><strong>49</strong></span> <span class='ocrx_word' id='word_1_471' title='bbox 1168 1643 1331 1680; x_wconf 68' lang='grc' dir='ltr'>Ἀρίδῃλον.</span> <span class='ocrx_word' id='word_1_472' title='bbox 1350 1643 1388 1670; x_wconf 86' lang='lat' dir='ltr'><strong>lta</strong></span> <span class='ocrx_word' id='word_1_473' title='bbox 1403 1643 1486 1670; x_wconf 83' lang='lat' dir='ltr'><strong>Coisl.</strong></span> <span class='ocrx_word' id='word_1_474' title='bbox 1508 1647 1534 1670; x_wconf 90' lang='lat' dir='ltr'><strong>et</strong></span> <span class='ocrx_word' id='word_1_475' title='bbox 1553 1643 1630 1678; x_wconf 80' lang='lat' dir='ltr'><strong>Chig.</strong></span> <span class='ocrx_word' id='word_1_476' title='bbox 1648 1643 1720 1671; x_wconf 88' lang='lat' dir='ltr'><strong>Edit.</strong></span> <span class='ocrx_word' id='word_1_477' title='bbox 1734 1643 1862 1680; x_wconf 73' lang='grc' dir='ltr'>ἀρίδηλα.</span> 
     </span>
    </p>
   </div>
   <div class='ocr_carea' id='block_1_74' title="bbox 1076 1678 1330 1714">
    <p class='ocr_par' dir='ltr' id='par_1_74' title="bbox 1076 1678 1330 1714">
     <span class='ocr_line' id='line_1_76' title="bbox 1076 1678 1330 1714; baseline -0.008 -8"><span class='ocrx_word' id='word_1_478' title='bbox 1076 1679 1183 1706; x_wconf 84' lang='lat' dir='ltr'><strong>Mallem</strong></span> <span class='ocrx_word' id='word_1_479' title='bbox 1196 1678 1330 1714; x_wconf 74' lang='grc' dir='ltr'>ἀρίδηλος.</span> 
     </span>
    </p>
   </div>
   <div class='ocr_carea' id='block_1_75' title="bbox 1110 1713 1554 1748">
    <p class='ocr_par' dir='ltr' id='par_1_75' title="bbox 1110 1713 1554 1748">
     <span class='ocr_line' id='line_1_77' title="bbox 1110 1713 1554 1748; baseline 0 -9"><span class='ocrx_word' id='word_1_480' title='bbox 1110 1714 1141 1741; x_wconf 79' lang='lat'><strong>5|</strong></span> <span class='ocrx_word' id='word_1_481' title='bbox 1167 1714 1316 1748; x_wconf 75' lang='grc' dir='ltr'><strong>Ἐγείρειν.</strong></span> <span class='ocrx_word' id='word_1_482' title='bbox 1334 1713 1411 1747; x_wconf 80' lang='lat' dir='ltr'><strong>Chig.</strong></span> <span class='ocrx_word' id='word_1_483' title='bbox 1427 1713 1554 1748; x_wconf 76' lang='grc' dir='ltr'>ὲγείρεις.</span> 
     </span>
    </p>
   </div>
   <div class='ocr_carea' id='block_1_76' title="bbox 1110 1748 1861 1783">
    <p class='ocr_par' dir='ltr' id='par_1_76' title="bbox 1110 1748 1861 1783">
     <span class='ocr_line' id='line_1_78' title="bbox 1110 1748 1861 1783; baseline 0 -8"><span class='ocrx_word' id='word_1_484' title='bbox 1110 1749 1146 1776; x_wconf 71' lang='grc'><strong>52</strong></span> <span class='ocrx_word' id='word_1_485' title='bbox 1167 1749 1244 1775; x_wconf 77' lang='grc' dir='ltr'>Ἁλκὶ</span> <span class='ocrx_word' id='word_1_486' title='bbox 1259 1750 1342 1776; x_wconf 76' lang='grc' dir='ltr'><em>νόου.</em></span> <span class='ocrx_word' id='word_1_487' title='bbox 1359 1748 1405 1774; x_wconf 81' lang='lat' dir='ltr'><strong>Sic</strong></span> <span class='ocrx_word' id='word_1_488' title='bbox 1425 1749 1566 1782; x_wconf 63' lang='lat' dir='ltr'><strong>legendum</strong></span> <span class='ocrx_word' id='word_1_489' title='bbox 1582 1758 1588 1775; x_wconf 86' lang='lat'><strong>:</strong></span> <span class='ocrx_word' id='word_1_490' title='bbox 1605 1756 1703 1776; x_wconf 86' lang='lat' dir='ltr'><strong>sensus</strong></span> <span class='ocrx_word' id='word_1_491' title='bbox 1724 1748 1861 1783; x_wconf 85' lang='lat' dir='ltr'><strong>postulat;</strong></span> 
     </span>
    </p>
   </div>
   <div class='ocr_carea' id='block_1_77' title="bbox 1075 1783 1861 1817">
    <p class='ocr_par' dir='ltr' id='par_1_77' title="bbox 1075 1783 1861 1817">
     <span class='ocr_line' id='line_1_79' title="bbox 1075 1783 1861 1817; baseline -0.001 -6"><span class='ocrx_word' id='word_1_492' title='bbox 1075 1788 1102 1811; x_wconf 87' lang='lat' dir='ltr'><strong>et</strong></span> <span class='ocrx_word' id='word_1_493' title='bbox 1123 1789 1196 1811; x_wconf 86' lang='lat' dir='ltr'><strong>certe</strong></span> <span class='ocrx_word' id='word_1_494' title='bbox 1220 1784 1307 1811; x_wconf 88' lang='lat' dir='ltr'><strong>schol.</strong></span> <span class='ocrx_word' id='word_1_495' title='bbox 1335 1791 1389 1809; x_wconf 83' lang='lat' dir='ltr'><strong>non</strong></span> <span class='ocrx_word' id='word_1_496' title='bbox 1416 1783 1479 1817; x_wconf 77' lang='lat' dir='ltr'><strong>legit</strong></span> <span class='ocrx_word' id='word_1_497' title='bbox 1503 1783 1649 1815; x_wconf 80' lang='grc' dir='ltr'>Ἀλκινόου,</span> <span class='ocrx_word' id='word_1_498' title='bbox 1671 1788 1699 1810; x_wconf 91' lang='lat' dir='ltr'><strong>ut</strong></span> <span class='ocrx_word' id='word_1_499' title='bbox 1717 1784 1744 1810; x_wconf 82' lang='lat' dir='ltr'><strong>in</strong></span> <span class='ocrx_word' id='word_1_500' title='bbox 1766 1785 1861 1816; x_wconf 85' lang='lat' dir='ltr'><strong>editis,</strong></span> 
     </span>
    </p>
   </div>
   <div class='ocr_carea' id='block_1_78' title="bbox 1076 1818 1862 1854">
    <p class='ocr_par' dir='ltr' id='par_1_78' title="bbox 1076 1818 1862 1854">
     <span class='ocr_line' id='line_1_80' title="bbox 1076 1818 1862 1854; baseline 0 -8"><span class='ocrx_word' id='word_1_501' title='bbox 1076 1820 1175 1854; x_wconf 91' lang='lat' dir='ltr'><strong>quippe</strong></span> <span class='ocrx_word' id='word_1_502' title='bbox 1187 1827 1233 1853; x_wconf 89' lang='lat' dir='ltr'><strong>qui</strong></span> <span class='ocrx_word' id='word_1_503' title='bbox 1243 1826 1324 1852; x_wconf 87' lang='lat' dir='ltr'><strong>supra</strong></span> <span class='ocrx_word' id='word_1_504' title='bbox 1341 1818 1476 1844; x_wconf 82' lang='grc' dir='ltr'>Ἀλκινὸου</span> <span class='ocrx_word' id='word_1_505' title='bbox 1489 1819 1599 1853; x_wconf 88' lang='lat' dir='ltr'><strong>scripsit</strong></span> <span class='ocrx_word' id='word_1_506' title='bbox 1609 1820 1669 1851; x_wconf 84' lang='grc' dir='ltr'>ταῖς</span> <span class='ocrx_word' id='word_1_507' title='bbox 1681 1819 1759 1851; x_wconf 80' lang='grc' dir='ltr'>ἰδίαις</span> <span class='ocrx_word' id='word_1_508' title='bbox 1771 1820 1862 1854; x_wconf 78' lang='grc' dir='ltr'><strong>χερσὶ,</strong></span> 
     </span>
    </p>
   </div>
   <div class='ocr_carea' id='block_1_79' title="bbox 1075 1853 1339 1889">
    <p class='ocr_par' dir='ltr' id='par_1_79' title="bbox 1075 1853 1339 1889">
     <span class='ocr_line' id='line_1_81' title="bbox 1075 1853 1339 1889; baseline -0.004 -8"><span class='ocrx_word' id='word_1_509' title='bbox 1075 1853 1199 1889; x_wconf 64' lang='lat' dir='ltr'><strong>propriis</strong></span> <span class='ocrx_word' id='word_1_510' title='bbox 1209 1853 1339 1880; x_wconf 78' lang='lat' dir='ltr'><strong>manibus.</strong></span> 
     </span>
    </p>
   </div>
   <div class='ocr_carea' id='block_1_80' title="bbox 1111 1887 1861 1924">
    <p class='ocr_par' dir='ltr' id='par_1_80' title="bbox 1111 1887 1861 1924">
     <span class='ocr_line' id='line_1_82' title="bbox 1111 1887 1861 1924; baseline -0.001 -7"><span class='ocrx_word' id='word_1_511' title='bbox 1111 1890 1146 1917; x_wconf 78' lang='grc'><strong>55</strong></span> <span class='ocrx_word' id='word_1_512' title='bbox 1162 1888 1265 1923; x_wconf 81' lang='grc' dir='ltr'><em>Κῆπος</em></span> <span class='ocrx_word' id='word_1_513' title='bbox 1282 1887 1443 1920; x_wconf 77' lang='grc' dir='ltr'>Ἀδώνιδος.</span> <span class='ocrx_word' id='word_1_514' title='bbox 1457 1887 1529 1914; x_wconf 88' lang='lat' dir='ltr'><strong>Edil.</strong></span> <span class='ocrx_word' id='word_1_515' title='bbox 1543 1889 1613 1916; x_wconf 86' lang='lat' dir='ltr'><strong>male</strong></span> <span class='ocrx_word' id='word_1_516' title='bbox 1620 1889 1711 1924; x_wconf 85' lang='grc' dir='ltr'><strong>κῆτος.</strong></span> <span class='ocrx_word' id='word_1_517' title='bbox 1721 1888 1761 1915; x_wconf 86' lang='lat' dir='ltr'><strong>Ad</strong></span> <span class='ocrx_word' id='word_1_518' title='bbox 1773 1897 1861 1924; x_wconf 78' lang='lat' dir='ltr'><strong>marg.</strong></span> 
     </span>
    </p>
   </div>
   <div class='ocr_carea' id='block_1_81' title="bbox 1075 1923 1862 1959">
    <p class='ocr_par' dir='ltr' id='par_1_81' title="bbox 1075 1923 1862 1959">
     <span class='ocr_line' id='line_1_83' title="bbox 1075 1923 1862 1959; baseline -0.003 -7"><span class='ocrx_word' id='word_1_519' title='bbox 1075 1925 1124 1952; x_wconf 79' lang='lat'><strong>99!</strong></span> <span class='ocrx_word' id='word_1_520' title='bbox 1140 1925 1291 1952; x_wconf 80' lang='lat' dir='ltr'><strong>scribitur:</strong></span> <span class='ocrx_word' id='word_1_521' title='bbox 1313 1924 1374 1959; x_wconf 75' lang='grc' dir='ltr'><strong>Ἐπὶ</strong></span> <span class='ocrx_word' id='word_1_522' title='bbox 1396 1924 1450 1959; x_wconf 61' lang='grc' dir='ltr'><strong>τῷν</strong></span> <span class='ocrx_word' id='word_1_523' title='bbox 1472 1923 1579 1958; x_wconf 80' lang='grc' dir='ltr'><strong>ἀώρων,</strong></span> <span class='ocrx_word' id='word_1_524' title='bbox 1599 1923 1862 1959; x_wconf 63' lang='grc' dir='ltr'>καιὸλιγοχρονίων,</span> 
     </span>
    </p>
   </div>
   <div class='ocr_carea' id='block_1_82' title="bbox 1076 1958 1864 1994">
    <p class='ocr_par' dir='ltr' id='par_1_82' title="bbox 1076 1958 1864 1994">
     <span class='ocr_line' id='line_1_84' title="bbox 1076 1958 1864 1994; baseline 0 -8"><span class='ocrx_word' id='word_1_525' title='bbox 1076 1959 1175 1994; x_wconf 75' lang='grc' dir='ltr'>καὶμὴ</span> <span class='ocrx_word' id='word_1_526' title='bbox 1196 1958 1389 1994; x_wconf 74' lang='grc' dir='ltr'>ἐῤῥιζομένων.</span> <span class='ocrx_word' id='word_1_527' title='bbox 1413 1958 1545 1985; x_wconf 80' lang='lat' dir='ltr'><strong>Nimirum</strong></span> <span class='ocrx_word' id='word_1_528' title='bbox 1569 1958 1807 1993; x_wconf 31' lang='lat' dir='ltr'><strong>proverliitun&#39;est</strong></span> <span class='ocrx_word' id='word_1_529' title='bbox 1828 1960 1864 1986; x_wconf 88' lang='lat' dir='ltr'><strong>de</strong></span> 
     </span>
    </p>
   </div>
   <div class='ocr_carea' id='block_1_83' title="bbox 1075 1994 1863 2029">
    <p class='ocr_par' dir='ltr' id='par_1_83' title="bbox 1075 1994 1863 2029">
     <span class='ocr_line' id='line_1_85' title="bbox 1075 1994 1863 2029; baseline -0.003 -7"><span class='ocrx_word' id='word_1_530' title='bbox 1075 1996 1157 2022; x_wconf 83' lang='lat' dir='ltr'><strong>rebus</strong></span> <span class='ocrx_word' id='word_1_531' title='bbox 1181 1994 1313 2024; x_wconf 84' lang='lat' dir='ltr'><strong>leviculis,</strong></span> <span class='ocrx_word' id='word_1_532' title='bbox 1333 2001 1427 2028; x_wconf 84' lang='lat' dir='ltr'><strong>parum</strong></span> <span class='ocrx_word' id='word_1_533' title='bbox 1454 1994 1602 2028; x_wconf 79' lang='lat' dir='ltr'><strong>frugiferis,</strong></span> <span class='ocrx_word' id='word_1_534' title='bbox 1624 1994 1787 2029; x_wconf 82' lang='lat' dir='ltr'><strong>brevemque</strong></span> <span class='ocrx_word' id='word_1_535' title='bbox 1811 1994 1863 2020; x_wconf 87' lang='lat' dir='ltr'><strong>ha—</strong></span> 
     </span>
    </p>
   </div>
   <div class='ocr_carea' id='block_1_84' title="bbox 1075 2029 1864 2062">
    <p class='ocr_par' dir='ltr' id='par_1_84' title="bbox 1075 2029 1864 2062">
     <span class='ocr_line' id='line_1_86' title="bbox 1075 2029 1864 2062; baseline -0.001 -6"><span class='ocrx_word' id='word_1_536' title='bbox 1075 2030 1204 2057; x_wconf 88' lang='lat' dir='ltr'><strong>bentibus</strong></span> <span class='ocrx_word' id='word_1_537' title='bbox 1220 2030 1396 2062; x_wconf 80' lang='lat' dir='ltr'><strong>voluptatem.</strong></span> <span class='ocrx_word' id='word_1_538' title='bbox 1412 2029 1520 2055; x_wconf 84' lang='lat' dir='ltr'><strong>radices</strong></span> <span class='ocrx_word' id='word_1_539' title='bbox 1537 2037 1590 2056; x_wconf 88' lang='lat' dir='ltr'><strong>non</strong></span> <span class='ocrx_word' id='word_1_540' title='bbox 1605 2029 1779 2056; x_wconf 87' lang='lat' dir='ltr'><strong>habentibus.</strong></span> <span class='ocrx_word' id='word_1_541' title='bbox 1795 2029 1864 2055; x_wconf 82' lang='lat' dir='ltr'><strong>Vide</strong></span> 
     </span>
    </p>
   </div>
   <div class='ocr_carea' id='block_1_85' title="bbox 1075 2063 1864 2099">
    <p class='ocr_par' dir='ltr' id='par_1_85' title="bbox 1075 2063 1864 2099">
     <span class='ocr_line' id='line_1_87' title="bbox 1075 2063 1864 2099; baseline 0 -9"><span class='ocrx_word' id='word_1_542' title='bbox 1075 2064 1182 2091; x_wconf 89' lang='lat' dir='ltr'><strong>Erasm.</strong></span> <span class='ocrx_word' id='word_1_543' title='bbox 1204 2063 1272 2091; x_wconf 86' lang='lat' dir='ltr'><strong>Ibid.</strong></span> <span class='ocrx_word' id='word_1_544' title='bbox 1292 2064 1517 2099; x_wconf 70' lang='grc' dir='ltr'><strong>’.(ὶλεσίκαρπος.</strong></span> <span class='ocrx_word' id='word_1_545' title='bbox 1535 2064 1601 2099; x_wconf 84' lang='lat' dir='ltr'><strong>Sup.</strong></span> <span class='ocrx_word' id='word_1_546' title='bbox 1617 2065 1664 2091; x_wconf 85' lang='lat' dir='ltr'><strong>liti.</strong></span> <span class='ocrx_word' id='word_1_547' title='bbox 1683 2064 1780 2096; x_wconf 85' lang='lat' dir='ltr'><strong>Coisl.,</strong></span> <span class='ocrx_word' id='word_1_548' title='bbox 1793 2072 1864 2099; x_wconf 85' lang='grc' dir='ltr'>καρ-</span> 
     </span>
    </p>
   </div>
   <div class='ocr_carea' id='block_1_86' title="bbox 1075 2098 1553 2134">
    <p class='ocr_par' dir='ltr' id='par_1_86' title="bbox 1075 2098 1553 2134">
     <span class='ocr_line' id='line_1_88' title="bbox 1075 2098 1553 2134; baseline 0 -9"><span class='ocrx_word' id='word_1_549' title='bbox 1075 2100 1142 2130; x_wconf 79' lang='grc' dir='ltr'>ποὺς</span> <span class='ocrx_word' id='word_1_550' title='bbox 1157 2099 1354 2128; x_wconf 76' lang='grc' dir='ltr'>ἀποϐάλλουσα.</span> <span class='ocrx_word' id='word_1_551' title='bbox 1370 2098 1470 2125; x_wconf 80' lang='grc' dir='ltr'>ἀπολλυ</span> <span class='ocrx_word' id='word_1_552' title='bbox 1475 2099 1553 2134; x_wconf 76' lang='grc' dir='ltr'><strong>μένη.</strong></span> 
     </span>
    </p>
   </div>
   <div class='ocr_carea' id='block_1_87' title="bbox 1111 2134 1866 2169">
    <p class='ocr_par' dir='ltr' id='par_1_87' title="bbox 1111 2134 1866 2169">
     <span class='ocr_line' id='line_1_89' title="bbox 1111 2134 1866 2169; baseline 0 -8"><span class='ocrx_word' id='word_1_553' title='bbox 1111 2135 1145 2161; x_wconf 67' lang='grc'><strong>54</strong></span> <span class='ocrx_word' id='word_1_554' title='bbox 1159 2134 1355 2166; x_wconf 54' lang='lat' dir='ltr'><strong>Horum-£060:</strong></span> <span class='ocrx_word' id='word_1_555' title='bbox 1370 2134 1467 2168; x_wconf 72' lang='grc' dir='ltr'>χροίη.</span> <span class='ocrx_word' id='word_1_556' title='bbox 1483 2134 1576 2169; x_wconf 77' lang='lat' dir='ltr'><strong>Polypi</strong></span> <span class='ocrx_word' id='word_1_557' title='bbox 1590 2134 1672 2165; x_wconf 87' lang='lat' dir='ltr'><strong>color,</strong></span> <span class='ocrx_word' id='word_1_558' title='bbox 1684 2140 1710 2160; x_wconf 87' lang='lat' dir='ltr'><strong>et</strong></span> <span class='ocrx_word' id='word_1_559' title='bbox 1724 2135 1818 2161; x_wconf 73' lang='lat' dir='ltr'><strong>littera:</strong></span> <span class='ocrx_word' id='word_1_560' title='bbox 1835 2134 1866 2161; x_wconf 75' lang='lat' dir='ltr'><strong>in</strong></span> 
     </span>
    </p>
   </div>
   <div class='ocr_carea' id='block_1_88' title="bbox 1076 2169 1862 2204">
    <p class='ocr_par' dir='ltr' id='par_1_88' title="bbox 1076 2169 1862 2204">
     <span class='ocr_line' id='line_1_90' title="bbox 1076 2169 1862 2204; baseline 0.001 -9"><span class='ocrx_word' id='word_1_561' title='bbox 1076 2177 1157 2196; x_wconf 82' lang='lat' dir='ltr'><strong>arena</strong></span> <span class='ocrx_word' id='word_1_562' title='bbox 1182 2170 1330 2204; x_wconf 77' lang='lat' dir='ltr'><strong>descriptw,</strong></span> <span class='ocrx_word' id='word_1_563' title='bbox 1356 2169 1498 2203; x_wconf 78' lang='lat' dir='ltr'><strong>proverbia</strong></span> <span class='ocrx_word' id='word_1_564' title='bbox 1517 2173 1581 2196; x_wconf 81' lang='lat' dir='ltr'><strong>sunt</strong></span> <span class='ocrx_word' id='word_1_565' title='bbox 1603 2169 1636 2196; x_wconf 82' lang='lat' dir='ltr'><strong>de</strong></span> <span class='ocrx_word' id='word_1_566' title='bbox 1659 2169 1740 2197; x_wconf 83' lang='lat' dir='ltr'><strong>rebus</strong></span> <span class='ocrx_word' id='word_1_567' title='bbox 1768 2170 1862 2196; x_wconf 81' lang='lat' dir='ltr'><strong>ﬂuxis.</strong></span> 
     </span>
    </p>
   </div>
   <div class='ocr_carea' id='block_1_89' title="bbox 1076 2204 1865 2240">
    <p class='ocr_par' dir='ltr' id='par_1_89' title="bbox 1076 2204 1865 2240">
     <span class='ocr_line' id='line_1_91' title="bbox 1076 2204 1865 2240; baseline 0.001 -9"><span class='ocrx_word' id='word_1_568' title='bbox 1076 2204 1139 2232; x_wconf 59' lang='lat' dir='ltr'><strong>Haec</strong></span> <span class='ocrx_word' id='word_1_569' title='bbox 1156 2205 1297 2238; x_wconf 86' lang='lat' dir='ltr'><strong>aptissime</strong></span> <span class='ocrx_word' id='word_1_570' title='bbox 1312 2204 1441 2231; x_wconf 82' lang='lat' dir='ltr'><strong>transfert</strong></span> <span class='ocrx_word' id='word_1_571' title='bbox 1460 2205 1494 2231; x_wconf 89' lang='lat' dir='ltr'><strong>ad</strong></span> <span class='ocrx_word' id='word_1_572' title='bbox 1515 2204 1634 2231; x_wconf 76' lang='lat' dir='ltr'><strong>fucatam</strong></span> <span class='ocrx_word' id='word_1_573' title='bbox 1658 2205 1779 2232; x_wconf 89' lang='lat' dir='ltr'><strong>mulieris</strong></span> <span class='ocrx_word' id='word_1_574' title='bbox 1799 2205 1865 2240; x_wconf 88' lang='lat' dir='ltr'><strong>pul-</strong></span> 
     </span>
    </p>
   </div>
   <div class='ocr_carea' id='block_1_90' title="bbox 1076 2240 1270 2267">
    <p class='ocr_par' dir='ltr' id='par_1_90' title="bbox 1076 2240 1270 2267">
     <span class='ocr_line' id='line_1_92' title="bbox 1076 2240 1270 2267; baseline -0.015 0"><span class='ocrx_word' id='word_1_575' title='bbox 1076 2240 1270 2267; x_wconf 89' lang='lat' dir='ltr'><strong>chritudinem.</strong></span> 
     </span>
    </p>
   </div>
   <div class='ocr_carea' id='block_1_91' title="bbox 1111 2273 1864 2308">
    <p class='ocr_par' dir='ltr' id='par_1_91' title="bbox 1111 2273 1864 2308">
     <span class='ocr_line' id='line_1_93' title="bbox 1111 2273 1864 2308; baseline 0.001 -7"><span class='ocrx_word' id='word_1_576' title='bbox 1111 2275 1145 2301; x_wconf 75' lang='lat'><strong>55</strong></span> <span class='ocrx_word' id='word_1_577' title='bbox 1163 2274 1299 2300; x_wconf 78' lang='grc' dir='ltr'><strong>Κολοιόν.</strong></span> <span class='ocrx_word' id='word_1_578' title='bbox 1315 2273 1392 2306; x_wconf 83' lang='lat' dir='ltr'><strong>Quod</strong></span> <span class='ocrx_word' id='word_1_579' title='bbox 1406 2273 1438 2300; x_wconf 87' lang='lat' dir='ltr'><strong>de</strong></span> <span class='ocrx_word' id='word_1_580' title='bbox 1449 2274 1561 2308; x_wconf 82' lang='lat' dir='ltr'><strong>graculo</strong></span> <span class='ocrx_word' id='word_1_581' title='bbox 1575 2273 1694 2308; x_wconf 70' lang='lat' dir='ltr'><strong>Esopus</strong></span> <span class='ocrx_word' id='word_1_582' title='bbox 1707 2275 1732 2301; x_wconf 93' lang='lat' dir='ltr'><strong>in</strong></span> <span class='ocrx_word' id='word_1_583' title='bbox 1750 2274 1864 2306; x_wconf 81' lang='lat' dir='ltr'><strong>fabulis,</strong></span> 
     </span>
    </p>
   </div>
   <div class='ocr_carea' id='block_1_92' title="bbox 1078 2308 1864 2344">
    <p class='ocr_par' dir='ltr' id='par_1_92' title="bbox 1078 2308 1864 2344">
     <span class='ocr_line' id='line_1_94' title="bbox 1078 2308 1864 2344; baseline 0.001 -8"><span class='ocrx_word' id='word_1_584' title='bbox 1078 2309 1130 2336; x_wconf 88' lang='lat' dir='ltr'><strong>hoc</strong></span> <span class='ocrx_word' id='word_1_585' title='bbox 1146 2310 1179 2336; x_wconf 88' lang='lat' dir='ltr'><strong>de</strong></span> <span class='ocrx_word' id='word_1_586' title='bbox 1197 2309 1338 2336; x_wconf 85' lang='lat' dir='ltr'><strong>ceruicula</strong></span> <span class='ocrx_word' id='word_1_587' title='bbox 1360 2309 1456 2336; x_wconf 88' lang='lat' dir='ltr'><strong>scribit</strong></span> <span class='ocrx_word' id='word_1_588' title='bbox 1473 2308 1612 2341; x_wconf 88' lang='lat' dir='ltr'><strong>Horatius,</strong></span> <span class='ocrx_word' id='word_1_589' title='bbox 1635 2311 1715 2344; x_wconf 81' lang='lat' dir='ltr'><strong>epist.</strong></span> <span class='ocrx_word' id='word_1_590' title='bbox 1737 2310 1764 2341; x_wconf 83' lang='grc'><strong>5,</strong></span> <span class='ocrx_word' id='word_1_591' title='bbox 1781 2311 1828 2337; x_wconf 90' lang='lat' dir='ltr'><strong>lib.</strong></span> <span class='ocrx_word' id='word_1_592' title='bbox 1843 2318 1864 2337; x_wconf 89' lang='lat' dir='ltr'><strong>I.</strong></span> 
     </span>
    </p>
   </div>
   <div class='ocr_carea' id='block_1_93' title="bbox 890 2368 1229 2400">
    <p class='ocr_par' dir='ltr' id='par_1_93' title="bbox 890 2368 1229 2400">
     <span class='ocr_line' id='line_1_95' title="bbox 890 2368 1229 2400; baseline -0.006 -1"><span class='ocrx_word' id='word_1_593' title='bbox 890 2370 1055 2400; x_wconf 77' lang='lat' dir='ltr'><strong>METRICA</strong></span> <span class='ocrx_word' id='word_1_594' title='bbox 1080 2368 1229 2399; x_wconf 82' lang='lat' dir='ltr'><strong>VERSIO.</strong></span> 
     </span>
    </p>
   </div>
   <div class='ocr_carea' id='block_1_94' title="bbox 237 2422 937 2455">
    <p class='ocr_par' dir='ltr' id='par_1_94' title="bbox 237 2422 937 2455">
     <span class='ocr_line' id='line_1_96' title="bbox 237 2422 937 2455; baseline -0.001 -5"><span class='ocrx_word' id='word_1_595' title='bbox 237 2422 379 2450; x_wconf 79' lang='lat' dir='ltr'><strong>Jucundas</strong></span> <span class='ocrx_word' id='word_1_596' title='bbox 397 2422 496 2449; x_wconf 86' lang='lat' dir='ltr'><strong>mistas</strong></span> <span class='ocrx_word' id='word_1_597' title='bbox 511 2422 676 2449; x_wconf 74' lang='lat' dir='ltr'><strong>inammnis:</strong></span> <span class='ocrx_word' id='word_1_598' title='bbox 695 2423 779 2449; x_wconf 81' lang='lat' dir='ltr'><strong>vestis</strong></span> <span class='ocrx_word' id='word_1_599' title='bbox 795 2428 821 2449; x_wconf 89' lang='lat' dir='ltr'><strong>et</strong></span> <span class='ocrx_word' id='word_1_600' title='bbox 838 2422 937 2455; x_wconf 89' lang='lat' dir='ltr'><strong>instar,</strong></span> 
     </span>
    </p>
   </div>
   <div class='ocr_carea' id='block_1_95' title="bbox 274 2456 864 2492">
    <p class='ocr_par' dir='ltr' id='par_1_95' title="bbox 274 2456 864 2492">
     <span class='ocr_line' id='line_1_97' title="bbox 274 2456 864 2492; baseline -0.002 -7"><span class='ocrx_word' id='word_1_601' title='bbox 274 2458 324 2485; x_wconf 88' lang='lat' dir='ltr'><strong>Cui</strong></span> <span class='ocrx_word' id='word_1_602' title='bbox 339 2456 419 2485; x_wconf 70' lang='lat' dir='ltr'><strong>varia:</strong></span> <span class='ocrx_word' id='word_1_603' title='bbox 433 2465 509 2484; x_wconf 69' lang='lat' dir='ltr'><strong>zona:</strong></span> <span class='ocrx_word' id='word_1_604' title='bbox 526 2462 601 2489; x_wconf 90' lang='lat' dir='ltr'><strong>sunt,</strong></span> <span class='ocrx_word' id='word_1_605' title='bbox 614 2458 762 2492; x_wconf 85' lang='lat' dir='ltr'><strong>variusque</strong></span> <span class='ocrx_word' id='word_1_606' title='bbox 777 2458 864 2484; x_wconf 87' lang='lat' dir='ltr'><strong>color.</strong></span> 
     </span>
    </p>
   </div>
   <div class='ocr_carea' id='block_1_96' title="bbox 237 2492 916 2527">
    <p class='ocr_par' dir='ltr' id='par_1_96' title="bbox 237 2492 916 2527">
     <span class='ocr_line' id='line_1_98' title="bbox 237 2492 916 2527; baseline -0.003 -6"><span class='ocrx_word' id='word_1_607' title='bbox 237 2492 344 2521; x_wconf 82' lang='lat' dir='ltr'><strong>Idcirco</strong></span> <span class='ocrx_word' id='word_1_608' title='bbox 355 2493 458 2527; x_wconf 89' lang='lat' dir='ltr'><strong>pictum</strong></span> <span class='ocrx_word' id='word_1_609' title='bbox 475 2500 575 2527; x_wconf 87' lang='lat' dir='ltr'><strong>corpus</strong></span> <span class='ocrx_word' id='word_1_610' title='bbox 590 2493 687 2527; x_wconf 78' lang='lat' dir='ltr'><strong>fugito,</strong></span> <span class='ocrx_word' id='word_1_611' title='bbox 703 2497 785 2526; x_wconf 85' lang='lat' dir='ltr'><strong>atque</strong></span> <span class='ocrx_word' id='word_1_612' title='bbox 801 2496 916 2519; x_wconf 86' lang='lat' dir='ltr'><strong>caveto:</strong></span> 
     </span>
    </p>
   </div>
   <div class='ocr_carea' id='block_1_97' title="bbox 275 2528 935 2563">
    <p class='ocr_par' dir='ltr' id='par_1_97' title="bbox 275 2528 935 2563">
     <span class='ocr_line' id='line_1_99' title="bbox 275 2528 935 2563; baseline -0.002 -8"><span class='ocrx_word' id='word_1_613' title='bbox 275 2528 379 2563; x_wconf 83' lang='lat' dir='ltr'><strong>Sperne</strong></span> <span class='ocrx_word' id='word_1_614' title='bbox 391 2528 443 2555; x_wconf 90' lang='lat' dir='ltr'><strong>hoc</strong></span> <span class='ocrx_word' id='word_1_615' title='bbox 461 2528 623 2563; x_wconf 88' lang='lat' dir='ltr'><strong>probrosum</strong></span> <span class='ocrx_word' id='word_1_616' title='bbox 640 2528 794 2555; x_wconf 86' lang='lat' dir='ltr'><strong>subsidium</strong></span> <span class='ocrx_word' id='word_1_617' title='bbox 810 2528 935 2558; x_wconf 83' lang='lat' dir='ltr'><strong>decoris;</strong></span> 
     </span>
    </p>
   </div>
   <div class='ocr_carea' id='block_1_98' title="bbox 238 2563 958 2598">
    <p class='ocr_par' dir='ltr' id='par_1_98' title="bbox 238 2563 958 2598">
     <span class='ocr_line' id='line_1_100' title="bbox 238 2563 958 2598; baseline -0.001 -7"><span class='ocrx_word' id='word_1_618' title='bbox 238 2563 331 2591; x_wconf 88' lang='lat' dir='ltr'><strong>Telam</strong></span> <span class='ocrx_word' id='word_1_619' title='bbox 349 2563 499 2598; x_wconf 84' lang='lat' dir='ltr'><strong>Penelopes</strong></span> <span class='ocrx_word' id='word_1_620' title='bbox 516 2563 578 2590; x_wconf 85' lang='lat' dir='ltr'><strong>luce</strong></span> <span class='ocrx_word' id='word_1_621' title='bbox 593 2571 694 2594; x_wconf 85' lang='lat' dir='ltr'><strong>orsam,</strong></span> <span class='ocrx_word' id='word_1_622' title='bbox 710 2567 789 2598; x_wconf 75' lang='lat' dir='ltr'><strong>nocte</strong></span> <span class='ocrx_word' id='word_1_623' title='bbox 808 2567 958 2590; x_wconf 81' lang='lat' dir='ltr'><strong>relextam:</strong></span> 
     </span>
    </p>
   </div>
   <div class='ocr_carea' id='block_1_99' title="bbox 273 2597 988 2633">
    <p class='ocr_par' dir='ltr' id='par_1_99' title="bbox 273 2597 988 2633">
     <span class='ocr_line' id='line_1_101' title="bbox 273 2597 988 2633; baseline -0.003 -7"><span class='ocrx_word' id='word_1_624' title='bbox 273 2598 376 2633; x_wconf 84' lang='lat' dir='ltr'><strong>Nempe</strong></span> <span class='ocrx_word' id='word_1_625' title='bbox 388 2598 498 2626; x_wconf 89' lang='lat' dir='ltr'><strong>Hecuba</strong></span> <span class='ocrx_word' id='word_1_626' title='bbox 512 2604 553 2625; x_wconf 87' lang='lat' dir='ltr'><strong>est</strong></span> <span class='ocrx_word' id='word_1_627' title='bbox 568 2599 652 2630; x_wconf 87' lang='lat' dir='ltr'><strong>iuttts,</strong></span> <span class='ocrx_word' id='word_1_628' title='bbox 670 2598 717 2625; x_wconf 88' lang='lat' dir='ltr'><strong>sed</strong></span> <span class='ocrx_word' id='word_1_629' title='bbox 733 2597 801 2625; x_wconf 89' lang='lat' dir='ltr'><strong>foris</strong></span> <span class='ocrx_word' id='word_1_630' title='bbox 819 2602 861 2625; x_wconf 88' lang='lat' dir='ltr'><strong>est</strong></span> <span class='ocrx_word' id='word_1_631' title='bbox 875 2597 988 2625; x_wconf 81' lang='lat' dir='ltr'><strong>Helena.</strong></span> 
     </span>
    </p>
   </div>
   <div class='ocr_carea' id='block_1_100' title="bbox 239 2633 1028 2703">
    <p class='ocr_par' dir='ltr' id='par_1_100' title="bbox 239 2633 1028 2703">
     <span class='ocr_line' id='line_1_102' title="bbox 239 2633 1028 2703; baseline -0.003 -41"><span class='ocrx_word' id='word_1_632' title='bbox 239 2634 317 2668; x_wconf 86' lang='lat' dir='ltr'><strong>Quod</strong></span> <span class='ocrx_word' id='word_1_633' title='bbox 331 2636 354 2661; x_wconf 88' lang='lat' dir='ltr'><strong>si</strong></span> <span class='ocrx_word' id='word_1_634' title='bbox 374 2635 429 2661; x_wconf 90' lang='lat' dir='ltr'><strong>ulla</strong></span> <span class='ocrx_word' id='word_1_635' title='bbox 445 2638 487 2661; x_wconf 86' lang='lat' dir='ltr'><strong>est</strong></span> <span class='ocrx_word' id='word_1_636' title='bbox 502 2634 572 2661; x_wconf 86' lang='lat' dir='ltr'><strong>ratio</strong></span> <span class='ocrx_word' id='word_1_637' title='bbox 589 2638 620 2660; x_wconf 94' lang='lat' dir='ltr'><strong>ut</strong></span> <span class='ocrx_word' id='word_1_638' title='bbox 635 2634 720 2660; x_wconf 88' lang='lat' dir='ltr'><strong>lateas</strong></span> <span class='ocrx_word' id='word_1_639' title='bbox 738 2636 838 2666; x_wconf 86' lang='lat' dir='ltr'><strong>virum,</strong></span> <span class='ocrx_word' id='word_1_640' title='bbox 855 2637 883 2703; x_wconf 58' lang='lat' dir='ltr'><strong>ai.</strong></span> <span class='ocrx_word' id='word_1_641' title='bbox 899 2633 950 2660; x_wconf 86' lang='lat' dir='ltr'><strong>hoc</strong></span> <span class='ocrx_word' id='word_1_642' title='bbox 965 2635 1028 2695; x_wconf 60' lang='lat' dir='ltr'><strong>ppte</strong></span> 
     </span>
     <span class='ocr_line' id='line_1_103' title="bbox 883 2675 979 2696; baseline 0 -1"><span class='ocrx_word' id='word_1_643' title='bbox 883 2676 937 2696; x_wconf 91' lang='lat' dir='ltr'><strong>non</strong></span> <span class='ocrx_word' id='word_1_644' title='bbox 950 2675 979 2695; x_wconf 90' lang='lat' dir='ltr'><strong>cs</strong></span> 
     </span>
    </p>
   </div>
   <div class='ocr_carea' id='block_1_101' title="bbox 883 2671 993 2696">
    <p class='ocr_par' dir='ltr' id='par_1_101' title="bbox 883 2671 993 2696">
     <span class='ocr_line' id='line_1_104' title="bbox 883 2671 993 2696; baseline 0 -1"><span class='ocrx_word' id='word_1_645' title='bbox 883 2676 937 2696; x_wconf 91' lang='lat' dir='ltr'><strong>non</strong></span> <span class='ocrx_word' id='word_1_646' title='bbox 950 2671 993 2695; x_wconf 87' lang='lat' dir='ltr'><strong>est</strong></span> 
     </span>
    </p>
   </div>
   <div class='ocr_carea' id='block_1_102' title="bbox 273 2703 810 2738">
    <p class='ocr_par' dir='ltr' id='par_1_102' title="bbox 273 2703 810 2738">
     <span class='ocr_line' id='line_1_105' title="bbox 273 2703 810 2738; baseline -0.002 -7"><span class='ocrx_word' id='word_1_647' title='bbox 273 2704 382 2731; x_wconf 73' lang='lat' dir='ltr'><strong>Hortali</strong></span> <span class='ocrx_word' id='word_1_648' title='bbox 400 2704 521 2731; x_wconf 88' lang='lat' dir='ltr'><strong>divinam</strong></span> <span class='ocrx_word' id='word_1_649' title='bbox 537 2704 664 2731; x_wconf 85' lang='lat' dir='ltr'><strong>occulere</strong></span> <span class='ocrx_word' id='word_1_650' title='bbox 675 2703 810 2738; x_wconf 75' lang='lat' dir='ltr'><strong>effigiem;</strong></span> 
     </span>
    </p>
   </div>
   <div class='ocr_carea' id='block_1_103' title="bbox 239 2738 874 2773">
    <p class='ocr_par' dir='ltr' id='par_1_103' title="bbox 239 2738 874 2773">
     <span class='ocr_line' id='line_1_106' title="bbox 239 2738 874 2773; baseline -0.005 -6"><span class='ocrx_word' id='word_1_651' title='bbox 239 2738 278 2767; x_wconf 83' lang='lat' dir='ltr'><strong>Ne</strong></span> <span class='ocrx_word' id='word_1_652' title='bbox 293 2739 366 2767; x_wconf 79' lang='lat' dir='ltr'><strong>Deus</strong></span> <span class='ocrx_word' id='word_1_653' title='bbox 380 2739 504 2766; x_wconf 76' lang='lat' dir='ltr'><strong>infensus</strong></span> <span class='ocrx_word' id='word_1_654' title='bbox 519 2742 546 2766; x_wconf 91' lang='lat' dir='ltr'><strong>te</strong></span> <span class='ocrx_word' id='word_1_655' title='bbox 560 2739 641 2766; x_wconf 87' lang='lat' dir='ltr'><strong>dictis</strong></span> <span class='ocrx_word' id='word_1_656' title='bbox 657 2740 779 2773; x_wconf 87' lang='lat' dir='ltr'><strong>increpet</strong></span> <span class='ocrx_word' id='word_1_657' title='bbox 794 2738 874 2765; x_wconf 89' lang='lat' dir='ltr'><strong>istis:</strong></span> 
     </span>
    </p>
   </div>
   <div class='ocr_carea' id='block_1_104' title="bbox 275 2773 1026 2807">
    <p class='ocr_par' dir='ltr' id='par_1_104' title="bbox 275 2773 1026 2807">
     <span class='ocr_line' id='line_1_107' title="bbox 275 2773 1026 2807; baseline 0.001 -7"><span class='ocrx_word' id='word_1_658' title='bbox 275 2784 284 2800; x_wconf 71' lang='grc' dir='ltr'><strong>ε</strong></span> <span class='ocrx_word' id='word_1_659' title='bbox 306 2775 450 2807; x_wconf 82' lang='lat' dir='ltr'><strong>Quisnam.</strong></span> <span class='ocrx_word' id='word_1_660' title='bbox 470 2774 542 2802; x_wconf 87' lang='lat' dir='ltr'><strong>unde</strong></span> <span class='ocrx_word' id='word_1_661' title='bbox 558 2774 603 2801; x_wconf 92' lang='lat' dir='ltr'><strong>hic</strong></span> <span class='ocrx_word' id='word_1_662' title='bbox 625 2774 725 2800; x_wconf 83' lang='lat' dir='ltr'><strong>lictor?</strong></span> <span class='ocrx_word' id='word_1_663' title='bbox 742 2773 819 2805; x_wconf 89' lang='lat' dir='ltr'><strong>vade,</strong></span> <span class='ocrx_word' id='word_1_664' title='bbox 836 2774 924 2800; x_wconf 86' lang='lat' dir='ltr'><strong>aliena</strong></span> <span class='ocrx_word' id='word_1_665' title='bbox 939 2773 1026 2801; x_wconf 87' lang='lat' dir='ltr'><strong>mihi?</strong></span> 
     </span>
    </p>
   </div>
   <div class='ocr_carea' id='block_1_105' title="bbox 239 2808 989 2844">
    <p class='ocr_par' dir='ltr' id='par_1_105' title="bbox 239 2808 989 2844">
     <span class='ocr_line' id='line_1_108' title="bbox 239 2808 989 2844; baseline 0.001 -8"><span class='ocrx_word' id='word_1_666' title='bbox 239 2809 278 2836; x_wconf 87' lang='lat' dir='ltr'><strong>Te</strong></span> <span class='ocrx_word' id='word_1_667' title='bbox 289 2809 359 2836; x_wconf 86' lang='lat' dir='ltr'><strong>haud</strong></span> <span class='ocrx_word' id='word_1_668' title='bbox 370 2809 455 2843; x_wconf 80' lang='lat' dir='ltr'><strong>pinxi,</strong></span> <span class='ocrx_word' id='word_1_669' title='bbox 466 2810 557 2842; x_wconf 87' lang='lat' dir='ltr'><strong>canis;</strong></span> <span class='ocrx_word' id='word_1_670' title='bbox 569 2814 610 2836; x_wconf 89' lang='lat' dir='ltr'><strong>est</strong></span> <span class='ocrx_word' id='word_1_671' title='bbox 619 2817 634 2835; x_wconf 93' lang='lat' dir='ltr'><strong>a</strong></span> <span class='ocrx_word' id='word_1_672' title='bbox 643 2817 686 2836; x_wconf 88' lang='lat' dir='ltr'><strong>me</strong></span> <span class='ocrx_word' id='word_1_673' title='bbox 695 2815 754 2834; x_wconf 82' lang='lat' dir='ltr'><strong>mea</strong></span> <span class='ocrx_word' id='word_1_674' title='bbox 765 2808 873 2844; x_wconf 77' lang='lat' dir='ltr'><strong>condita</strong></span> <span class='ocrx_word' id='word_1_675' title='bbox 886 2809 989 2844; x_wconf 82' lang='lat' dir='ltr'><strong>imago:</strong></span> 
     </span>
    </p>
   </div>
   <div class='ocr_carea' id='block_1_106' title="bbox 276 2843 901 2878">
    <p class='ocr_par' dir='ltr' id='par_1_106' title="bbox 276 2843 901 2878">
     <span class='ocr_line' id='line_1_109' title="bbox 276 2843 901 2878; baseline -0.003 -7"><span class='ocrx_word' id='word_1_676' title='bbox 276 2846 332 2871; x_wconf 88' lang='lat' dir='ltr'><strong>Cur</strong></span> <span class='ocrx_word' id='word_1_677' title='bbox 344 2853 394 2878; x_wconf 87' lang='lat' dir='ltr'><strong>pro</strong></span> <span class='ocrx_word' id='word_1_678' title='bbox 408 2844 495 2871; x_wconf 86' lang='lat' dir='ltr'><strong>forma</strong></span> <span class='ocrx_word' id='word_1_679' title='bbox 509 2844 556 2871; x_wconf 86' lang='lat' dir='ltr'><strong>illa</strong></span> <span class='ocrx_word' id='word_1_680' title='bbox 569 2843 617 2872; x_wconf 87' lang='lat' dir='ltr'><strong>das</strong></span> <span class='ocrx_word' id='word_1_681' title='bbox 630 2843 779 2872; x_wconf 81' lang='lat' dir='ltr'><strong>simulacra</strong></span> <span class='ocrx_word' id='word_1_682' title='bbox 794 2843 877 2870; x_wconf 87' lang='lat' dir='ltr'><strong>mihi?</strong></span> <span class='ocrx_word' id='word_1_683' title='bbox 891 2854 901 2870; x_wconf 80' lang='grc' dir='ltr'><strong>ι</strong></span> 
     </span>
    </p>
   </div>
   <div class='ocr_carea' id='block_1_107' title="bbox 1041 2419 1866 2453">
    <p class='ocr_par' dir='ltr' id='par_1_107' title="bbox 1041 2419 1866 2453">
     <span class='ocr_line' id='line_1_110' title="bbox 1041 2419 1866 2453; baseline 0.001 -5"><span class='ocrx_word' id='word_1_684' title='bbox 1041 2426 1062 2453; x_wconf 80' lang='grc' dir='ltr'><strong>Β</strong></span> <span class='ocrx_word' id='word_1_685' title='bbox 1077 2422 1204 2448; x_wconf 86' lang='lat' dir='ltr'><strong>Attamen</strong></span> <span class='ocrx_word' id='word_1_686' title='bbox 1226 2419 1291 2447; x_wconf 89' lang='lat' dir='ltr'><strong>huic</strong></span> <span class='ocrx_word' id='word_1_687' title='bbox 1309 2419 1406 2448; x_wconf 89' lang='lat' dir='ltr'><strong>morbo</strong></span> <span class='ocrx_word' id='word_1_688' title='bbox 1422 2420 1528 2447; x_wconf 87' lang='lat' dir='ltr'><strong>veniam</strong></span> <span class='ocrx_word' id='word_1_689' title='bbox 1549 2419 1657 2446; x_wconf 85' lang='lat' dir='ltr'><strong>damus.</strong></span> <span class='ocrx_word' id='word_1_690' title='bbox 1676 2419 1709 2446; x_wconf 81' lang='lat' dir='ltr'><strong>At</strong></span> <span class='ocrx_word' id='word_1_691' title='bbox 1718 2420 1866 2449; x_wconf 83' lang='lat' dir='ltr'><strong>manifesta</strong></span> 
     </span>
    </p>
   </div>
   <div class='ocr_carea' id='block_1_108' title="bbox 1775 2462 1827 2489">
    <p class='ocr_par' dir='ltr' id='par_1_108' title="bbox 1775 2462 1827 2489">
     <span class='ocr_line' id='line_1_111' title="bbox 1775 2462 1827 2489; baseline 0 -6"><span class='ocrx_word' id='word_1_692' title='bbox 1775 2462 1827 2489; x_wconf 86' lang='lat' dir='ltr'><strong>est,</strong></span> 
     </span>
    </p>
   </div>
   <div class='ocr_carea' id='block_1_109' title="bbox 1113 2455 1767 2524">
    <p class='ocr_par' dir='ltr' id='par_1_109' title="bbox 1113 2455 1767 2524">
     <span class='ocr_line' id='line_1_112' title="bbox 1113 2455 1767 2524; baseline 0 -7"><span class='ocrx_word' id='word_1_693' title='bbox 1113 2490 1186 2517; x_wconf 87' lang='lat' dir='ltr'><strong>Picta</strong></span> <span class='ocrx_word' id='word_1_694' title='bbox 1202 2490 1301 2517; x_wconf 65' lang='lat' dir='ltr'><strong>tabella</strong></span> <span class='ocrx_word' id='word_1_695' title='bbox 1317 2490 1400 2517; x_wconf 89' lang='lat' dir='ltr'><strong>alium</strong></span> <span class='ocrx_word' id='word_1_696' title='bbox 1412 2498 1475 2517; x_wconf 75' lang='lat' dir='ltr'><strong>mox</strong></span> <span class='ocrx_word' id='word_1_697' title='bbox 1491 2490 1629 2524; x_wconf 88' lang='lat' dir='ltr'><strong>aliumque</strong></span> <span class='ocrx_word' id='word_1_698' title='bbox 1647 2455 1767 2517; x_wconf 75' lang='lat' dir='ltr'><strong>notans.[</strong></span> 
     </span>
    </p>
   </div>
   <div class='ocr_carea' id='block_1_110' title="bbox 1077 2525 1774 2560">
    <p class='ocr_par' dir='ltr' id='par_1_110' title="bbox 1077 2525 1774 2560">
     <span class='ocr_line' id='line_1_113' title="bbox 1077 2525 1774 2560; baseline 0 -7"><span class='ocrx_word' id='word_1_699' title='bbox 1077 2526 1185 2554; x_wconf 84' lang='lat' dir='ltr'><strong>Claram</strong></span> <span class='ocrx_word' id='word_1_700' title='bbox 1203 2526 1359 2560; x_wconf 71' lang='lat' dir='ltr'><strong>ignominia:</strong></span> <span class='ocrx_word' id='word_1_701' title='bbox 1377 2525 1464 2552; x_wconf 87' lang='lat' dir='ltr'><strong>forma</strong></span> <span class='ocrx_word' id='word_1_702' title='bbox 1479 2526 1602 2552; x_wconf 84' lang='lat' dir='ltr'><strong>stabilire</strong></span> <span class='ocrx_word' id='word_1_703' title='bbox 1619 2526 1774 2553; x_wconf 88' lang='lat' dir='ltr'><strong>columnam</strong></span> 
     </span>
    </p>
   </div>
   <div class='ocr_carea' id='block_1_111' title="bbox 1113 2560 1684 2595">
    <p class='ocr_par' dir='ltr' id='par_1_111' title="bbox 1113 2560 1684 2595">
     <span class='ocr_line' id='line_1_114' title="bbox 1113 2560 1684 2595; baseline -0.004 -7"><span class='ocrx_word' id='word_1_704' title='bbox 1113 2560 1200 2588; x_wconf 87' lang='lat' dir='ltr'><strong>Crede</strong></span> <span class='ocrx_word' id='word_1_705' title='bbox 1210 2565 1268 2594; x_wconf 82' lang='lat' dir='ltr'><strong>tua,</strong></span> <span class='ocrx_word' id='word_1_706' title='bbox 1281 2560 1370 2587; x_wconf 87' lang='lat' dir='ltr'><strong>vivam</strong></span> <span class='ocrx_word' id='word_1_707' title='bbox 1386 2569 1468 2595; x_wconf 88' lang='lat' dir='ltr'><strong>quam</strong></span> <span class='ocrx_word' id='word_1_708' title='bbox 1486 2560 1553 2587; x_wconf 87' lang='lat' dir='ltr'><strong>facis</strong></span> <span class='ocrx_word' id='word_1_709' title='bbox 1566 2561 1684 2594; x_wconf 76' lang='lat' dir='ltr'><strong>ingenio.</strong></span> 
     </span>
    </p>
   </div>
   <div class='ocr_carea' id='block_1_112' title="bbox 1077 2595 1828 2630">
    <p class='ocr_par' dir='ltr' id='par_1_112' title="bbox 1077 2595 1828 2630">
     <span class='ocr_line' id='line_1_115' title="bbox 1077 2595 1828 2630; baseline 0 -7"><span class='ocrx_word' id='word_1_710' title='bbox 1077 2597 1180 2624; x_wconf 87' lang='lat' dir='ltr'><strong>Hortus</strong></span> <span class='ocrx_word' id='word_1_711' title='bbox 1193 2595 1324 2622; x_wconf 77' lang='lat' dir='ltr'><strong>Adonidis</strong></span> <span class='ocrx_word' id='word_1_712' title='bbox 1336 2596 1387 2622; x_wconf 82' lang='lat' dir='ltr'><strong>ista</strong></span> <span class='ocrx_word' id='word_1_713' title='bbox 1404 2600 1544 2627; x_wconf 84' lang='lat' dir='ltr'><strong>venustas,</strong></span> <span class='ocrx_word' id='word_1_714' title='bbox 1561 2595 1693 2622; x_wconf 84' lang='lat' dir='ltr'><strong>fructibus</strong></span> <span class='ocrx_word' id='word_1_715' title='bbox 1703 2595 1828 2630; x_wconf 84' lang='lat' dir='ltr'><strong>obstans,</strong></span> 
     </span>
    </p>
   </div>
   <div class='ocr_carea' id='block_1_113' title="bbox 1114 2631 1718 2666">
    <p class='ocr_par' dir='ltr' id='par_1_113' title="bbox 1114 2631 1718 2666">
     <span class='ocr_line' id='line_1_116' title="bbox 1114 2631 1718 2666; baseline -0.002 -8"><span class='ocrx_word' id='word_1_716' title='bbox 1114 2631 1234 2666; x_wconf 87' lang='lat' dir='ltr'><strong>Polypus</strong></span> <span class='ocrx_word' id='word_1_717' title='bbox 1247 2631 1408 2662; x_wconf 87' lang='lat' dir='ltr'><strong>omnicolor,</strong></span> <span class='ocrx_word' id='word_1_718' title='bbox 1427 2631 1516 2657; x_wconf 84' lang='lat' dir='ltr'><strong>littera</strong></span> <span class='ocrx_word' id='word_1_719' title='bbox 1531 2634 1558 2658; x_wconf 88' lang='lat' dir='ltr'><strong>et</strong></span> <span class='ocrx_word' id='word_1_720' title='bbox 1571 2631 1598 2657; x_wconf 93' lang='lat' dir='ltr'><strong>in</strong></span> <span class='ocrx_word' id='word_1_721' title='bbox 1614 2631 1718 2657; x_wconf 88' lang='lat' dir='ltr'><strong>sabulo.</strong></span> 
     </span>
    </p>
   </div>
   <div class='ocr_carea' id='block_1_114' title="bbox 1078 2666 1775 2700">
    <p class='ocr_par' dir='ltr' id='par_1_114' title="bbox 1078 2666 1775 2700">
     <span class='ocr_line' id='line_1_117' title="bbox 1078 2666 1775 2700; baseline 0 -6"><span class='ocrx_word' id='word_1_722' title='bbox 1078 2666 1181 2694; x_wconf 87' lang='lat' dir='ltr'><strong>Fabula</strong></span> <span class='ocrx_word' id='word_1_723' title='bbox 1199 2671 1273 2697; x_wconf 85' lang='lat' dir='ltr'><strong>nota,</strong></span> <span class='ocrx_word' id='word_1_724' title='bbox 1285 2667 1344 2693; x_wconf 82' lang='lat' dir='ltr'><strong>avis</strong></span> <span class='ocrx_word' id='word_1_725' title='bbox 1360 2671 1388 2692; x_wconf 91' lang='lat' dir='ltr'><strong>ut</strong></span> <span class='ocrx_word' id='word_1_726' title='bbox 1405 2666 1506 2692; x_wconf 87' lang='lat' dir='ltr'><strong>furtivo</strong></span> <span class='ocrx_word' id='word_1_727' title='bbox 1524 2673 1637 2693; x_wconf 88' lang='lat' dir='ltr'><strong>tnunere</strong></span> <span class='ocrx_word' id='word_1_728' title='bbox 1653 2666 1775 2700; x_wconf 78' lang='lat' dir='ltr'><strong>gaudens</strong></span> 
     </span>
    </p>
   </div>
   <div class='ocr_carea' id='block_1_115' title="bbox 1115 2701 1649 2733">
    <p class='ocr_par' dir='ltr' id='par_1_115' title="bbox 1115 2701 1649 2733">
     <span class='ocr_line' id='line_1_118' title="bbox 1115 2701 1649 2733; baseline 0 -5"><span class='ocrx_word' id='word_1_729' title='bbox 1115 2702 1281 2732; x_wconf 86' lang='lat' dir='ltr'><strong>Pennarum,</strong></span> <span class='ocrx_word' id='word_1_730' title='bbox 1297 2702 1382 2728; x_wconf 86' lang='lat' dir='ltr'><strong>risum</strong></span> <span class='ocrx_word' id='word_1_731' title='bbox 1397 2701 1515 2728; x_wconf 86' lang='lat' dir='ltr'><strong>concitet</strong></span> <span class='ocrx_word' id='word_1_732' title='bbox 1530 2702 1649 2733; x_wconf 87' lang='lat' dir='ltr'><strong>alitibus,</strong></span> 
     </span>
    </p>
   </div>
   <div class='ocr_carea' id='block_1_116' title="bbox 1078 2736 1829 2770">
    <p class='ocr_par' dir='ltr' id='par_1_116' title="bbox 1078 2736 1829 2770">
     <span class='ocr_line' id='line_1_119' title="bbox 1078 2736 1829 2770; baseline 0.003 -7"><span class='ocrx_word' id='word_1_733' title='bbox 1078 2736 1140 2764; x_wconf 76' lang='lat' dir='ltr'><strong>Mox</strong></span> <span class='ocrx_word' id='word_1_734' title='bbox 1157 2737 1202 2763; x_wconf 90' lang='lat' dir='ltr'><strong>ubi</strong></span> <span class='ocrx_word' id='word_1_735' title='bbox 1222 2736 1342 2762; x_wconf 85' lang='lat' dir='ltr'><strong>nudatur</strong></span> <span class='ocrx_word' id='word_1_736' title='bbox 1354 2737 1445 2770; x_wconf 88' lang='lat' dir='ltr'><strong>specie</strong></span> <span class='ocrx_word' id='word_1_737' title='bbox 1462 2736 1517 2762; x_wconf 89' lang='lat' dir='ltr'><strong>illa.</strong></span> <span class='ocrx_word' id='word_1_738' title='bbox 1530 2736 1586 2762; x_wconf 84' lang='lat' dir='ltr'><strong>Cur</strong></span> <span class='ocrx_word' id='word_1_739' title='bbox 1602 2737 1649 2762; x_wconf 87' lang='lat' dir='ltr'><strong>tibi</strong></span> <span class='ocrx_word' id='word_1_740' title='bbox 1663 2740 1770 2770; x_wconf 80' lang='lat' dir='ltr'><strong>gratum</strong></span> <span class='ocrx_word' id='word_1_741' title='bbox 1784 2740 1829 2765; x_wconf 88' lang='lat' dir='ltr'><strong>est</strong></span> 
     </span>
    </p>
   </div>
   <div class='ocr_carea' id='block_1_117' title="bbox 1115 2771 1764 2805">
    <p class='ocr_par' dir='ltr' id='par_1_117' title="bbox 1115 2771 1764 2805">
     <span class='ocr_line' id='line_1_120' title="bbox 1115 2771 1764 2805; baseline -0.003 -6"><span class='ocrx_word' id='word_1_742' title='bbox 1115 2772 1238 2799; x_wconf 87' lang='lat' dir='ltr'><strong>Dedecus</strong></span> <span class='ocrx_word' id='word_1_743' title='bbox 1251 2775 1414 2802; x_wconf 86' lang='lat' dir='ltr'><strong>extremum,</strong></span> <span class='ocrx_word' id='word_1_744' title='bbox 1429 2771 1644 2805; x_wconf 85' lang='lat' dir='ltr'><strong>pestiferumque</strong></span> <span class='ocrx_word' id='word_1_745' title='bbox 1659 2771 1764 2799; x_wconf 80' lang='lat' dir='ltr'><strong>decus?</strong></span> 
     </span>
    </p>
   </div>
   <div class='ocr_carea' id='block_1_118' title="bbox 1077 2807 1836 2841">
    <p class='ocr_par' dir='ltr' id='par_1_118' title="bbox 1077 2807 1836 2841">
     <span class='ocr_line' id='line_1_121' title="bbox 1077 2807 1836 2841; baseline -0.001 -7"><span class='ocrx_word' id='word_1_746' title='bbox 1077 2808 1118 2834; x_wconf 92' lang='lat' dir='ltr'><strong>An</strong></span> <span class='ocrx_word' id='word_1_747' title='bbox 1133 2814 1244 2841; x_wconf 84' lang='lat' dir='ltr'><strong>sperare</strong></span> <span class='ocrx_word' id='word_1_748' title='bbox 1258 2814 1343 2840; x_wconf 88' lang='lat' dir='ltr'><strong>queas</strong></span> <span class='ocrx_word' id='word_1_749' title='bbox 1355 2807 1478 2840; x_wconf 84' lang='lat' dir='ltr'><strong>peritura</strong></span> <span class='ocrx_word' id='word_1_750' title='bbox 1490 2807 1546 2833; x_wconf 61' lang='lat' dir='ltr'><strong>haec</strong></span> <span class='ocrx_word' id='word_1_751' title='bbox 1560 2807 1658 2840; x_wconf 83' lang='lat' dir='ltr'><strong>gaudia</strong></span> <span class='ocrx_word' id='word_1_752' title='bbox 1674 2807 1836 2841; x_wconf 73' lang='lat' dir='ltr'><strong>nunquam?</strong></span> 
     </span>
    </p>
   </div>
   <div class='ocr_carea' id='block_1_119' title="bbox 1113 2841 1864 2877">
    <p class='ocr_par' dir='ltr' id='par_1_119' title="bbox 1113 2841 1864 2877">
     <span class='ocr_line' id='line_1_122' title="bbox 1113 2841 1864 2877; baseline 0.003 -7"><span class='ocrx_word' id='word_1_753' title='bbox 1113 2842 1200 2875; x_wconf 72' lang='lat' dir='ltr'><strong>Quam</strong></span> <span class='ocrx_word' id='word_1_754' title='bbox 1212 2849 1293 2877; x_wconf 78' lang='lat' dir='ltr'><strong>grave</strong></span> <span class='ocrx_word' id='word_1_755' title='bbox 1304 2841 1340 2869; x_wconf 88' lang='lat' dir='ltr'><strong>sit</strong></span> <span class='ocrx_word' id='word_1_756' title='bbox 1351 2848 1448 2869; x_wconf 84' lang='lat' dir='ltr'><strong>cernes</strong></span> <span class='ocrx_word' id='word_1_757' title='bbox 1459 2849 1520 2869; x_wconf 80' lang='lat' dir='ltr'><strong>mox</strong></span> <span class='ocrx_word' id='word_1_758' title='bbox 1532 2841 1615 2871; x_wconf 84' lang='lat' dir='ltr'><strong>decus</strong></span> <span class='ocrx_word' id='word_1_759' title='bbox 1627 2841 1698 2869; x_wconf 89' lang='lat' dir='ltr'><strong>haud</strong></span> <span class='ocrx_word' id='word_1_760' title='bbox 1710 2842 1864 2877; x_wconf 86' lang='lat' dir='ltr'><strong>proprium.</strong></span> 
     </span>
    </p>
   </div>
  </div>
