1954 3047
79 148 132 177 889

634 151 756 180 SECTIO
773 151 804 181 ll.
826 152 989 181 POEMATA
1009 153 1172 182 MOliALlA.

1658 152 1712 184 890

81 219 234 255 Πυνθάνομ’
245 219 282 252 ὥς
290 229 317 246 τι
331 220 457 255 φέριστον
467 219 522 255 ἔχει
535 220 644 252 πλάσις,
656 221 688 256 ἦν
703 229 767 247 ποτε
781 220 869 256 γῆρας
885 213 908 240 Α
958 210 1069 243 Μύστας
1084 212 1134 246 σῆς
1152 210 1260 246 μορφῆς
1274 210 1374 246 ἄνδρας
1389 210 1557 256 ὲπεσπάῗαθθ

123 264 256 300 Ῥικνώσῃ
272 265 390 300 μορφὴν,
407 264 457 300 τὴν
469 265 555 300 πάρος
567 265 713 301 ἀνθοφόρον
723 274 729 280 ·

81 311 174 348 Τῆμος
184 312 222 338 ὅτ’
238 311 364 347 ἄγραφός
379 312 437 338 ἐστι
447 312 534 347 μελῶν
549 313 660 346 πλάσις,
679 313 716 344 ὡς
735 314 869 349 πυρίκαυ-

764 359 837 395 [στον

117 412 265 441 Δειπεσθαι
276 412 385 449 σαρκῶν
397 412 521 447 λείψανον
535 414 568 440 ὲκ
583 414 675 450 κονίης
685 423 691 430 ·

82 471 117 499 65
135 471 198 506 Ὀψὲ
214 470 388 507 μετακλαίειν
401 471 430 497 δὲ
445 471 534 506 μελῶν
545 471 630 504 δόλον,
647 469 707 498 εὖτε
720 473 835 509 πίθηκον

124 517 242 544 Ῥυτίσιν
256 518 286 544 ὲν
297 518 424 549 πυκιναῖς
436 513 490 543 ὦσε
503 516 534 543 τὸ
546 517 714 553 λειπόμενον.

82 573 147 608 Τοίη
166 572 338 608 ψευδομένων
350 572 452 608 μελέων
466 572 555 608 χάρις.
576 572 665 604 Ἀλλὰ,
681 573 806 609 φερίστη,

117 619 174 646 Νῦν
189 620 287 655 στῆσον
305 619 411 655 μορφῆς
428 618 554 650 ἔκτυπον,
564 618 601 650 ὡς
614 619 645 645 τὸ
655 619 750 654 πάρος.

89 666 216 702 ’ἀτρεκὲς
230 667 261 692 οὐ
278 667 327 701 μὲν
345 665 432 700 ἔγωγε
444 665 553 699 ὀΐομαισ
569 664 638 691 ἀλλὰ
655 665 722 691 πολὺ
735 674 799 701 πρ.ν
843 683 845 685 -

118 712 153 739 70
169 712 278 748 Μηδένα
295 711 355 747 μηδ’
372 710 477 746 ἀνδρῶν
493 709 583 744 εὔξεαι
594 710 695 746 ὄμματ’
711 710 793 745 ἔχειν,

76 759 116 789 ,οἵ
131 767 162 785 σε
173 758 260 794 πάρος
272 757 393 794 κληίζον,
408 757 452 784 ἐπ’
465 757 576 792 ὄμματα
592 757 614 783 δ’
626 754 699 791 εῐχον
713 756 809 792 ἕτοιμα

114 804 154 839 Τῇ
167 804 213 830 καὶ
224 805 255 839 τῇ
269 803 394 838 σοϐαροῖς
413 802 508 838 ἵθμασι
522 802 681 837 κινυμένην.

81 850 137 877 Καὶ
152 850 193 885 τὸ,
209 849 305 884 γέλως,
322 848 426 885 ἀνδρῶν
437 847 529 884 λήθειν
545 847 622 882 γένος
638 847 797 882 ξσχανόωσα,

920 256 955 283 ⁸ῖῦ
965 256 1077 292 Ἄνδρες
1085 257 1139 291 γὰρ
1146 257 1277 292 τρίψαντο
1285 257 1320 283 τὰ
1330 256 1474 293 φάρμακα,
1483 255 1524 288 οἷς
1537 257 1568 284 σὺ
1581 257 1712 293 γέγηθας,

956 303 1071 336 Ληϊσταὶ
1085 303 1222 338 μεγάρων,
1236 302 1360 334 τέκτονες
1374 301 1406 339 ἧς
1424 302 1531 338 μανίης.

920 348 1001 374 Ταῦτ’
1021 348 1050 374 οὐ
1069 348 1245 383 σωφροσύνης
1257 348 1291 375 τὰ
1305 349 1470 384 σοφίσματα,
1486 349 1656 384 μαχλοσύνης
1670 348 1708 376 δέ.

957 395 1014 421 Πᾶν
1026 394 1080 429 γὰρ
1096 394 1110 421 ὃ
1125 395 1243 431 τεχνάζῃ
1259 395 1366 430 ἄρρεσι,
1386 395 1551 430 μαχλοσύνη.

919 441 986 466 Φασὶ
998 440 1056 467 ταὼ
1074 441 1255 476 μεγάλαυχον,
1276 441 1344 475 ἐπὴν
1360 441 1528 476 περικυκλον
1545 440 1640 477 ἐγείρῃ

956 486 990 514 80
1000 487 1106 522 Αὺχένα
1117 487 1260 522 κυρτώσας
1275 487 1399 522 χρύσεον,
1416 487 1566 522 ἀστερόεις,

919 532 1036 564 xta;an
1051 533 1212 568 θηλυτέραις
1226 533 1390 568 φιλοτήσιος.
1408 533 1440 559 Et
1454 533 1482 558 δὲ
1498 533 1530 559 σὺ
1550 532 1656 568 μορφὴν

955 579 992 605 οὐ
1007 579 1158 614 σφριγόωσι
1174 578 1289 614 γράφεις
1303 579 1419 614 ὄμμασι,
1435 577 1526 613 θαῦμα
1540 579 1567 613 μ’
1581 578 1646 614 ἔχει.

920 624 951 650 Ei
973 625 1021 659 μὲν
1037 624 1091 660 γὰρ
1112 625 1204 656 πόσιός
1221 633 1268 651 σου
1287 624 1361 660 ἔχεις
1378 624 1471 655 πόθον,
1484 624 1522 655 ὡς
1539 624 1584 650 σὸν
1594 625 1708 657 ἐκεῖνος,

963 670 1048 701 Ἐξέτι
1067 669 1126 701 τοῦ,
1141 670 1180 696 ὅτ’
1197 671 1268 706 ἐρῶν
1283 672 1308 697 α’
1320 670 1407 705 ἤγαγε
1424 669 1491 705 πρὸς
1503 669 1637 704 θαλάμους

920 714 954 741 85
960 715 1104 750 Κουριδζην
1113 715 1286 747 θαλέθουσαν,
1298 715 1369 750 ἔχεις
1376 716 1466 750 χάριν·
1474 715 1498 741 εὶ
1510 714 1538 740 δὲ
1546 713 1577 740 σύ
1586 714 1611 748 γ’
1621 712 1709 741 ἄλλων

956 759 1095 795 Ὀμμασιν
1112 759 1261 792 ἀνδανὲεις,
1276 759 1355 786 τοῦτο
1374 760 1453 791 πόσις
1468 759 1584 793 στυγέει.

931 804 1034 831 ιεύθειν
1048 805 1127 832 λώϊόν
1141 807 1199 832 ἐστι
1213 805 1297 841 βελῶν
1312 805 1392 841 χάριν
1409 804 1463 832 οἷσι
1478 805 1608 841 δόμοισιν,

964 851 1010 877 Ἦὲ
1019 851 1187 888 ψευδομένην
1201 853 1250 888 οὐχ
1260 852 1340 884 ὁσίως
1355 852 1511 888 προφέρειν.

338 929 366 957 Si
373 937 445 968 ἔοι-ο
461 929 559 962 audio,
578 929 631 968 hoc
645 929 781 968 commodi
796 929 877 968 habet
892 930 971 959 fucus
981 953 988 963 ,
1005 936 1151 968 postquam
1166 938 1294 961 senectus

371 963 458 1000 [iugis
473 965 644 992 contraxerit
665 964 779 991 fortnam
800 966 876 999 prius
896 963 1057 996 ﬂorentem:

335 999 564 1038 Tu_nc_’_cum_jam
585 999 725 1038 [nemhris
734 999 871 1038 pigmenta
888 1009 942 1028 non
958 1003 1133 1035 adhibentur,
1149 1003 1225 1030 velut
1242 1003 1298 1038 igni
1315 1001 1429 1030 adustas

374 1035 501 1070 lielinqui
518 1035 611 1062 carnis
628 1035 760 1069 reliquias
774 1042 789 1061 e
805 1035 897 1062 cinere
913 1044 919 1068 ;

334 1069 370 1097 65
390 1069 540 1097 Tum’sero
556 1070 681 1104 deplorat
701 1070 886 1096 membrorum
902 1071 1043 1103 fraudem,
1062 1079 1125 1098 cum
1142 1071 1251 1099 simiam

370 1104 458 1139 Regis
475 1104 649 1132 densissimis
664 1104 816 1139 propulerit
831 1105 857 1132 id
874 1106 948 1139 quod
964 1111 1102 1140 superest.

335 1139 410 1177 Talis
423 1139 612 1177 commentitia
626 1139 811 1177 inembrorum
824 1145 966 1168 venustas.
984 1139 1019 1168 At
1033 1150 1123 1174 nunc,
1141 1149 1158 1169 ο
1174 1141 1399 1177 praestantissima
1410 1161 1418 1173 ,

372 1174 467 1202 Statue
485 1175 578 1201 forma:
591 1174 768 1201 simulacrum
779 1194 786 1207 ,
804 1179 833 1201 ut
848 1179 938 1203 antea.

335 1208 480 1247 Singaram
493 1210 569 1247 haud
585 1209 776 1247 equidemego
789 1214 881 1247 putem
895 1220 902 1237 :
919 1218 950 1238 ac
965 1215 1040 1238 certe
1054 1212 1213 1247 priusquam
1228 1211 1326 1239 faciem
1343 1211 1492 1238 admoveas

371 1245 404 1272 70
423 1244 564 1272 Neminem
579 1252 611 1272 ex
624 1245 658 1271 iis
671 1244 738 1271 viris
751 1245 858 1278 optabis
872 1246 968 1273 oculos
985 1244 1086 1274 habere
1099 1267 1106 1277 .

334 1280 387 1313 Qui
406 1283 432 1307 te
448 1284 528 1307 antea
546 1280 674 1306 laudibus
692 1279 856 1313 etTerebant,
874 1285 901 1307 et
916 1282 1011 1309 oculos
1029 1282 1167 1309 habebant
1182 1282 1209 1308 in
1227 1285 1253 1309 te
1265 1281 1369 1309 delixos

370 1314 429 1342 Huc
446 1319 474 1342 et
487 1315 553 1341 illuc
570 1314 698 1349 superbis
713 1314 855 1350 gressibus
869 1315 1074 1350 procedentem.

333 1349 367 1377 Et
375 1351 432 1386 hoc
448 1349 594 1377 ridiculum
611 1354 671 1386 est,
689 1353 715 1376 te
729 1349 869 1386 hominum
889 1359 977 1386 genus
990 1353 1075 1380 latere
1093 1352 1161 1379 velle
1172 1371 1180 1384 ,

368 1384 435 1417 Quae
445 1389 547 1420 mystas
560 1389 612 1412 tuae
623 1384 717 1411 formae
727 1384 801 1411 viros
812 1384 964 1413 adscivisti.

334 1420 368 1448 75
388 1419 445 1447 Viri
459 1419 531 1447 enim
546 1420 738 1455 contriverunt
752 1419 808 1446 hac
823 1421 970 1455 pharmaca
981 1441 988 1452 ,
1002 1420 1102 1455 quibus
1117 1419 1264 1447 delectaris
1275 1438 1283 1451 ,

369 1455 528 1490 Magnarum
542 1455 684 1489 przedones
697 1454 840 1482 domorum
851 1475 859 1487 ,
876 1456 996 1483 artifices
1011 1454 1069 1483 sua:
1085 1455 1212 1483 insania;

333 1489 397 1518 Hazc
412 1489 550 1525 pudicitia:
564 1489 680 1516 artificia
695 1497 750 1516 non
767 1494 847 1522 sunt,
863 1491 911 1518 sed
927 1491 1056 1519 lasciviae.

368 1525 505 1560 Quidquid
522 1526 593 1552 enim
610 1525 694 1552 struis
712 1525 739 1551 in
754 1526 869 1559 gratiam
885 1526 1007 1553 virorum
1019 1546 1026 1558 ,
1043 1525 1183 1553 libidinem
1198 1525 1308 1559 promit.

332 1560 436 1588 Ferunt
449 1559 582 1596 pavonem
597 1559 745 1594 superbum
758 1580 766 1592 ,
782 1568 843 1587 cum
858 1561 994 1588 circulum
1011 1561 1109 1591 etlicit,

368 1596 403 1623 80
421 1595 716 1636 Aureumnintorquens
731 1595 833 1622 collum
843 1615 850 1627 ,
868 1597 965 1636 pennis
980 1595 1183 1636 gernriiantibus

332 1631 466 1666 Clangore
480 1638 531 1658 suo
546 1629 662 1666 feminas
678 1630 712 1657 ad
726 1638 852 1657 venerem
868 1629 996 1659 invitare.
1016 1631 1044 1658 Si
1062 1637 1152 1657 autem
1168 1634 1197 1657 tu
1214 1629 1331 1657 formam

367 1665 427 1693 Non
443 1666 550 1700 pingis,
570 1669 600 1691 ut
618 1665 728 1693 lascivis
745 1666 853 1700 placeas
866 1667 954 1693 oculis
965 1686 972 1698 ,
989 1667 1040 1694 hoc
1055 1666 1186 1693 admiror.

335 1700 364 1728 Si
376 1701 448 1728 enim
465 1701 555 1727 mariti
571 1700 707 1728 desiderio
721 1701 835 1735 ﬂagras,
852 1705 880 1727 ut
898 1702 936 1728 tui
953 1702 998 1728 ille

368 1735 427 1762 Jam
444 1735 505 1762 inde
519 1743 552 1762 ex
568 1743 623 1770 quo
640 1740 666 1763 te
679 1736 731 1763 sibi
747 1737 921 1763 matrimonio
934 1737 1049 1764 sociavit

333 1770 368 1798 85
388 1771 506 1798 Puellam
523 1770 661 1797 ﬂorentem
672 1790 679 1801 .
698 1771 724 1798 id
737 1775 856 1805 gratum.
875 1770 904 1798 Si
917 1777 1008 1799 autent
1026 1771 1142 1798 aliorum

369 1805 461 1833 Oculis
478 1806 585 1840 placere
600 1806 694 1833 studes
705 1826 712 1838 ,
732 1806 784 1833 hoc
799 1806 914 1833 nuaritus
928 1807 996 1833 odit.

333 1839 586 1868 Occultare’melins
599 1845 641 1868 est
654 1841 838 1868 membrorum
854 1842 1017 1876 elegantiam
1032 1841 1059 1868 iu
1076 1841 1135 1869 suis
1151 1840 1272 1873 aedibus,

368 1875 454 1908 Onam
467 1876 680 1903 commentitiam
697 1876 803 1903 nefario
817 1875 952 1910 proferre.

164 1941 307 1978 Κάλαζεος.
324 1942 401 1978 Chig.
422 1946 450 1971 et
462 1943 545 1971 Coisl.
563 1944 666 1976 κύδεος.

115 1976 150 2004 65
159 1977 270 2014 Μελῶν
282 1976 388 2004 δόλονῖ
400 1979 497 2012 Χάριν,
513 1980 680 2014 elegantium.
698 1978 864 2013 IbidJIlﬂn—

78 2020 144 2072 ἔον.
153 2012 262 2039 Simiam
274 2014 429 2048 propulerit,
445 2014 472 2041 id
484 2019 536 2047 est,
553 2012 703 2041 enterttitam
717 2015 864 2049 pulchritu-

99 2055 175 2072 mem.

99 2055 139 2073 me
142 2056 175 2074 nt.

114 2083 149 2119 liii
163 2082 292 2117 Στῆσον.
310 2083 430 2119 Ἔγειρε,
441 2084 549 2111 ἱνοηὶεε.

114 2118 149 2144 69
170 2119 258 2145 Ἀλλὰ
278 2119 356 2145 πολὺ
371 2119 452 2152 πρίν.
472 2119 553 2146 Prius
575 2119 706 2146 crederem
729 2124 752 2147 te
772 2124 862 2153 optare

78 2156 108 2178 ut
124 2161 197 2180 nemo
213 2161 245 2180 ea;
258 2155 292 2180 iis
308 2155 369 2180 viris
386 2154 475 2181 oculos
489 2155 593 2183 habeat.

116 2189 149 2216 73
166 2189 284 2224 Λήθείν.
298 2188 375 2224 Cliig.
391 2189 487 2224 λήθην.

115 2224 148 2252 76
166 2225 306 2257 Τέκτονες
326 2223 364 2260 ﬁt}
378 2223 499 2258 μανίὴς.
523 2223 578 2258 Ipsi
594 2226 662 2251 enim
683 2225 733 2252 sibi
757 2226 863 2259 laqueos

76 2261 171 2295 quibus
191 2260 331 2294 capiantur
352 2265 458 2294 parum,
476 2260 538 2286 dum
555 2261 688 2295 pigmenta
708 2261 863 2295 conﬁciunt,

915 1945 1008 1980 quibus
1023 1943 1195 1980 elegantioraa
1211 1942 1358 1980 reddantur
1374 1943 1508 1980 mulieres.

952 1980 985 2006 78
1005 1977 1142 2014 Τεχὶλάζη.
1160 1979 1198 2005 lta
1217 1979 1271 2004 duo
1280 1977 1377 2013 iiegg.,
1392 1978 1477 2005 Coisl.
1493 1981 1520 2006 et
1535 1977 1613 2014 Chig.
1628 1978 1701 2008 Edit.

915 2014 1051 2050 τεχνάζοι.

953 2051 985 2077 79
1003 2049 1075 2077 Tati).
1095 2048 1173 2083 Chig.
1188 2051 1214 2075 et
1229 2048 1313 2075 Coisl.
1328 2048 1412 2076 ταών.

955 2085 990 2112 80
1012 2083 1183 2117 Ἂστειόεις.
1199 2083 1289 2110 Stcllis
1304 2083 1416 2110 micans.

951 2120 986 2147 84
1003 2120 1060 2146 "Ot‘
1076 2119 1152 2153 ἐρῶν
1168 2119 1197 2144 0"
1214 2117 1406 2155 ﬁrars._lieg.
1428 2118 1491 2149 99L
1513 2118 1609 2155 Coisl..
1625 2118 1694 2155 Cltig

917 2154 989 2187 ἐξέτι
1005 2154 1050 2181 τοῦ
1067 2154 1111 2180 ὅτε
1129 2162 1159 2180 σε
1178 2153 1302 2188 ἠγάγετ’.
1320 2153 1352 2179 In
1370 2155 1514 2180 thalamum
1531 2154 1650 2181 admisit.

952 2190 986 2216 87
1014 2189 1126 2216 Buchr.
1151 2188 1271 2224 Uterque
1292 2189 1427 2224 interpres
1450 2190 1514 2224 legit
1535 2189 1631 2225 μελῶν.
1657 2189 1702 2218 Cf.

953 2233 988 2252 rs.
1008 2225 1051 2252 65.
1066 2225 1144 2251 Enn,

918 2233 988 2253 νει-Β.
1008 2233 1051 2252 υἱ).
1066 2233 1144 2251 ΕΒΓΒ

726 2319 894 2351 METRICA
919 2316 1067 2347 VERSIO.

75 2371 166 2399 Audio
180 2372 244 2407 quid
260 2372 347 2407 prosit
360 2372 540 2404 medicamen,
557 2373 667 2407 quando
683 2378 812 2400 senectus

112 2407 256 2434 Contraxit
270 2408 366 2435 faciem
381 2407 496 2435 lloribus
512 2414 575 2435 ante
589 2416 681 2443 parent
698 2418 704 2435 :

76 2453 144 2490 Cum
160 2453 353 2490 nonrinficiunt
366 2453 459 2490 vultus
473 2454 621 2488 pigmenta,
638 2458 787 2490 supersunt

113 2489 243 2523 Corporis
253 2489 387 2516 ambusta:
400 2489 532 2524 rclliquia:
545 2497 560 2517 e
575 2491 678 2517 cinere.

77 2535 182 2562 Deflere
197 2539 225 2571 at
239 2542 331 2571 serum
345 2540 387 2571 est
400 2534 522 2561 fraudem
537 2535 728 2563 medicaminis
740 2535 832 2571 hujus,

112 2571 181 2598 Cum
192 2570 285 2597 densis
304 2570 379 2605 rugis
395 2571 474 2597 simia
490 2571 647 2597 coniicitur.

76 2615 153 2642 Talis
179 2614 319 2642 mendacis
333 2615 441 2642 decoris
453 2619 508 2642 stat
525 2615 623 2650 gratia.
636 2615 726 2647 Quare

115 2650 187 2678 Siste
200 2651 257 2677 oris
269 2650 410 2684 speculum
427 2651 508 2685 quale
521 2651 596 2685 prius
612 2651 710 2677 fuerat.

77 2695 157 2724 Haltd
171 2704 223 2731 ego
238 2695 404 2724 crediderim
419 2704 515 2724 verum
529 2706 535 2723 :
552 2696 599 2723 sed
614 2701 676 2723 vota
691 2700 736 2723 tua
748 2701 842 2725 essent

113 2732 226 2759 Cunctis
239 2732 314 2759 nulla
328 2732 396 2760 viris
411 2732 515 2759 lumina
532 2731 559 2758 in
573 2739 620 2759 ore
631 2732 689 2759 tore
701 2741 708 2763 ;

78 2777 127 2804 llis
142 2778 188 2812 qui
204 2782 231 2806 te
242 2779 380 2813 quondam
396 2778 584 2810 celebrabant,
601 2782 683 2812 teque
696 2778 820 2806 ferebant

113 2813 183 2840 Ante
198 2815 294 2842 oculos
311 2814 420 2841 incessu
432 2818 514 2849 atque
526 2814 612 2848 gradu
629 2814 745 2841 tumido.

78 2858 114 2887 At
128 2859 201 2896 quod
214 2860 362 2889 ridiculum
377 2864 430 2894 est,
443 2860 535 2898 generi
548 2860 601 2889 hoc
617 2860 706 2890 celare
720 2861 840 2890 virorum

881 2377 902 2404 Β
919 2403 928 2404 η
953 2368 1139 2398 Contendens.
1153 2370 1256 2404 mystas
1267 2367 1326 2404 hos
1338 2366 1426 2394 trahis
1436 2366 1468 2393 ad
1489 2365 1596 2404 faciem.

917 2403 1070 2431 Pharmaea
1089 2401 1207 2436 namque
1222 2402 1273 2428 viri
1292 2402 1500 2436 triveruntqua:
1520 2402 1569 2429 tibi
1582 2401 1669 2435 cordi,

953 2439 1098 2466 Przedones
1115 2438 1258 2468 domuum,
1273 2437 1454 2471 nequitiaeque
1470 2437 1549 2464 fabri.
1694 2440 1695 2444 ‘

919 2474 976 2501 Hoc
992 2473 1119 2501 lenocinii
1134 2476 1176 2499 est
1194 2477 1397 2502 commentum,
1418 2471 1488 2498 haud
1507 2471 1678 2499 sobrietatis:

955 2509 1077 2543 Namque
1094 2511 1137 2535 cst
1153 2507 1282 2542 flagitium
1298 2509 1370 2541 quod
1387 2508 1472 2534 struis
1488 2510 1546 2543 arte
1562 2507 1638 2543 viris.

919 2542 1056 2572 Pavonem
1073 2547 1226 2569 metuerant
1242 2549 1297 2577 pra:
1314 2543 1384 2569 l‘astn
1401 2550 1463 2568 cum
1478 2542 1595 2576 explicat
1610 2542 1668 2570 alas

956 2580 1132 2606 Gemmantes
1143 2598 1150 2609 ,
1167 2578 1266 2604 collum
1283 2581 1310 2603 et.
1326 2577 1438 2604 stellifer
1454 2578 1594 2603 aureolum
1606 2597 1613 2607 ,

920 2614 1054 2649 Clangore
1067 2613 1101 2640 ad
1117 2620 1146 2640 se
1162 2613 1251 2639 accire
1265 2620 1316 2639 suo
1333 2612 1473 2639 Venerem.
1492 2611 1550 2646 Ipsa
1565 2613 1685 2640 colorem

957 2650 985 2676 Si
995 2648 1051 2675 neu
1065 2649 1101 2675 ob
1115 2648 1211 2674 molles
1223 2667 1230 2677 ,
1249 2649 1332 2674 miror
1345 2667 1352 2679 ,
1368 2655 1444 2674 amas
1459 2649 1565 2675 oculos.

921 2685 1004 2713 Estne
1019 2684 1069 2710 viri
1086 2683 1253 2710 desiderium
1273 2683 1321 2709 tibi
1338 2687 1460 2709 mutuum
1475 2688 1501 2709 et
1519 2683 1618 2710 ardens
1629 2702 1637 2714 ,

958 2720 995 2746 Ex
1012 2727 1066 2754 quo
1080 2722 1107 2745 te
1123 2726 1137 2744 a
1153 2719 1238 2754 prima
1255 2719 1358 2752 virgine
1372 2718 1450 2744 duxit
1465 2718 1584 2745 animus?

922 2757 951 2783 ln
967 2752 1116 2781 thalamum
1131 2752 1264 2788 genialem
1282 2753 1401 2780 habuisti
1419 2753 1532 2787 gratiam
1546 2763 1552 2780 :
1571 2759 1596 2780 at
1613 2752 1685 2780 idem

958 2790 1005 2817 Vir
1022 2795 1047 2816 te
1062 2789 1135 2820 odit,
1152 2789 1175 2815 si
1191 2788 1251 2815 aliis
1269 2789 1416 2815 luminilms
1432 2789 1549 2823 placeas.

923 2825 1066 2854 Occultare
1080 2823 1153 2850 domi
1167 2827 1210 2850 est
1227 2826 1314 2850 satius
1328 2832 1388 2858 qua:
1405 2825 1431 2850 in
1446 2831 1559 2858 corpore
1574 2827 1668 2858 (totes,

958 2861 1044 2894 Quam
1061 2867 1116 2887 non
1131 2859 1183 2888 rite
1199 2859 1271 2887 l'oras
1288 2859 1402 2894 prodere
1418 2860 1535 2887 tictitias.
