1954 3047
247 130 299 161 891

565 129 595 158 S.
615 128 779 158 GREGOR"
799 129 922 157 THEOL.
944 129 1125 157 CARMINUM
1145 129 1247 156 LlBER
1267 128 1286 156 l.
1307 127 1535 156 THEOLOGICA.

1829 124 1890 155 89%

248 191 288 226 Τῇ
301 190 350 225 μὲν
363 190 416 226 γὰρ
434 190 512 222 πόσις
533 190 606 216 ἐστὶν
626 190 772 225 ἐπάρκιος·
792 191 809 225 ἡ
823 190 844 216 δ’
866 190 913 216 ἐπὶ
931 190 1036 222 πολλοῖς
1050 197 1073 225 Α
1090 190 1188 222 Ἀλλας
1202 191 1250 225 μὲν
1268 189 1408 225 βάλλουσιν
1424 188 1597 223 ὲπεσὸολιῃσι
1609 195 1733 222 φαεινας,

285 235 319 262 90
337 235 468 267 ’Ὶσταται,
484 235 522 267 ὥς
535 244 566 261 τε
580 235 651 262 λίνον
664 237 820 270 ῑπταμὲνων
831 235 925 271 ἀγέλῃ.

247 279 344 316 Τέρπῃ
358 281 528 316 τερπομένῳ,
544 281 590 307 καὶ
606 281 731 316 ἁμείὸεαι
744 281 808 315 ὄψιν
822 282 930 316 ὀπωπῇ,

286 327 377 362 Αὐτὰρ
393 326 487 353 ἔπειτα
502 327 597 360 γέλως,
613 327 660 353 καὶ
675 326 752 360 λόγος
763 326 915 358 ἀντίϐετος,

249 371 435 406 Κλεπτὸμενοι
445 372 474 398 τὺ
488 372 605 408 πρῶτον,
625 371 720 398 ἔπειτα
733 372 762 398 δὲ
776 372 874 406 θάρσος
890 371 1004 406 ἔχοντες.

288 419 393 453 Μηκέτι
409 426 453 453 μοι
472 418 505 444 τὰ
520 418 612 452 πρόσω
629 417 755 451 φθέγγεο,
774 417 883 451 γλῶσσα
900 418 974 444 λάλε.

251 464 285 491 95
311 464 391 490 Ἀλλὰ
403 464 455 490 τόδ’
471 464 608 498 ἀτρεκέως
625 464 790 498 μυθήσομαι,
811 463 886 489 οὐδὲν
904 463 1033 498 ἄκεντρον

285 509 344 535 Τῶν
358 509 408 534 ὃσα
421 508 581 544 θηλυτέραις
599 508 724 540 παίζεται
740 508 812 542 ἀμφὶ
831 508 911 539 νέοις.

251 553 343 581 Πάντα
354 554 408 588 γὰρ
422 553 574 588 ἀλλήλοισιν
585 553 631 588 ἂμ*
643 554 767 585 ἕσπεται,
780 553 850 579 ὥστε
866 552 984 587 σίδηρος,

292 601 338 626 Ὃν
352 600 458 635 μάγνης
469 599 553 634 ὲρύει,
571 599 648 626 ἄλλον
663 600 706 624 ὑπ’
719 598 797 625 ἄλλον
811 598 894 632 ἄγων.

256 644 301 675 Ὦς
317 644 410 678 ὄφελον
426 643 554 678 ψιμύθοις
567 643 614 669 καὶ
629 643 752 677 φύκεσιν,
763 643 822 669 ἀντὶ
836 643 982 676 γυναικῶν,

288 691 340 718 100
353 690 484 722 Στίλϐειν,
498 691 546 716 καὶ
561 689 692 725 λιπαρῶς,
708 689 804 724 ἀνέρες
822 689 966 724 ἀεξραδέες,

251 736 285 763 οι
300 735 377 762 τόσον
388 733 482 770 αἶσχος
494 734 601 770 ἔχοντες
613 735 642 760 ὲν
652 734 812 769 ὀφθαλμοῖσι
827 734 959 766 σύνοικον,

246 773 250 782 1
288 782 437 818 Τέρπονται
455 781 547 817 κακίῃ,
563 780 646 815 ἀχλὺν
659 780 837 814 ὲφεσσάμενοι
848 788 856 795 ·

1123 237 1204 264 Αὐτοὶ
1219 237 1241 263 δ’
1256 238 1284 263 ὲν
1296 236 1436 271 σφετέροις
1450 234 1573 269 αῖσχεσίν
1590 233 1643 260 εἰσι
1660 233 1740 265 σύες·

1087 282 1140 309 105
1154 283 1189 308 Ἣ
1204 282 1273 317 τάχα
1284 282 1330 308 καὶ
1346 282 1484 315 συφεοῖσιν
1498 280 1538 306 ὲνὶ
1550 279 1680 306 σκοτίοισι
1693 279 1814 312 πέσοιεν,

1122 328 1283 363 Εἰρχοέντες
1301 328 1407 363 Κίρκης
1420 326 1552 362 χρίσμασι
1565 325 1732 360 θηροτόκοις,

1087 373 1118 400 Οἳ
1132 374 1193 408 μήτ’
1205 373 1372 409 ἐχθαίρουσι,
1386 373 1433 398 καὶ
1446 372 1483 403 ὠς
1497 371 1562 407 πυρὶ
1572 371 1708 405 κάγκανον
1721 371 1788 407 ὖλην

1123 419 1262 452 Dinone",
1273 420 1305 454 ἣν
1317 419 1406 454 ἐρύειν
1420 418 1499 445 λώῖον
1516 419 1548 453 ἠὲ
1559 418 1661 454 φέρειν.

1089 464 1185 490 Ἀλλον
1198 465 1250 500 γάρ
1265 466 1287 491 τ’
1305 464 1383 495 ἄλλος
1395 473 1435 495 τις
1449 463 1518 499 ἀνὴρ
1531 463 1655 498 κόσμοισι
1668 463 1806 497 γυναικῶν

1122 510 1174 536 110
1185 509 1296 542 Νικῶσ”,
1315 509 1433 545 ἀφραδίῃ
1449 509 1538 535 πλεῖον
1552 509 1623 544 ἔχειν
1637 509 1745 536 ἐθέλων.

1089 555 1206 581 Πολλάκι
1225 556 1272 582 καὶ
1284 555 1404 582 κτεάνων
1419 555 1566 587 ἐπιδευέες,
1575 554 1612 587 ὥς
1625 564 1672 582 κεν
1687 555 1805 590 ἐγείρειν

1126 601 1223 636 ’Ύϐριν
1238 601 1289 627 ἐῶν
1299 601 1412 636 ἀλόχων.
1428 600 1517 626 πλεῖον
1531 600 1621 635 ἔχουσι
1636 601 1724 628 πόνον.

1093 645 1197 680 Ἐχθρῷ
1210 645 1232 672 δ’
1248 645 1277 672 οὒ
1299 645 1356 671 ποτ’
1373 645 1470 681 ὄρεξας
1485 645 1527 671 ἐὸν
1539 645 1624 679 ξίφος,
1640 645 1701 672 οὐδὲ
1716 645 1848 683 χαράδρῃ

1122 691 1212 717 Σοῖσιν
1225 692 1268 717 ἐπ’
1288 691 1435 726 ἀστάχυσιν
1447 690 1560 723 ὤπασας
1574 691 1690 727 εὐοδίην.

1087 735 1138 762 115
1151 736 1298 772 Πανδώρην
1319 736 1455 769 ἐνέπουσι⁷
1477 737 1562 772 πυρὸς
1579 736 1704 772 μαλεροῖο
1715 736 1884 770 κλαπέντος,

1120 782 1221 817 Ποινὴν
1234 782 1358 817 ὴμερίοις
1370 782 1475 809 ἄντιτον
1488 782 1641 818 ἐλθέμεναι,

503 840 659 878 Natiiva_tua
673 840 847 875 pulchritudo
862 840 959 878 marito
977 839 1074 878 sufﬁcit
1087 850 1093 868 :
1109 843 1294 870 commentitia
1310 850 1374 871 vero
1388 843 1512 878 pluribus

538 876 573 902 90
592 876 700 902 Prostat
710 895 717 906 ,
730 881 759 902 ut
771 879 829 902 rete
841 876 989 902 volatilium
1002 876 1086 910 gregi.

504 910 655 938 Delectabit
669 914 695 937 te
711 911 756 937 ille
772 918 852 945 quem
865 911 985 937 delectas
997 907 1156 941 ,‘ct'reddes
1170 915 1311 944 aspectum
1326 909 1450 945 aspectui
1467 918 1476 943 ;

539 945 639 972 Deinde
653 948 725 972 risus
739 949 766 972 et
783 950 906 972 mutuum
922 945 1086 979 colloquium
1099 963 1107 974 ,

502 979 643 1007 Furtivum
657 981 683 1007 id
700 981 786 1014 primo
797 999 804 1011 .
823 984 918 1014 postea
931 980 1036 1006 accedit
1052 979 1178 1014 audacta.

538 1016 578 1042 Ne
592 1015 659 1041 mihi
675 1011 729 1049 jain
742 1035 749 1046 ,
767 1011 831 1048 quae
842 1015 969 1049 deinceps
980 1018 1144 1049 sequuntur,
1160 1011 1283 1047 loquaris
1295 1032 1302 1044 ,
1320 1012 1412 1047 lingua
1428 1012 1537 1047 garrula
1550 1020 1558 1040 :

502 1049 536 1077 95
557 1049 610 1077 Sed
627 1050 678 1077 hoc
693 1057 757 1077 vere
771 1050 876 1081 dicam,
896 1050 963 1076 nihil
975 1050 1033 1077 sine
1044 1049 1138 1076 aculeo

539 1084 576 1111 Ex
593 1085 720 1112 omnibus
733 1092 793 1119 quae
807 1085 934 1112 mulieres
946 1085 1010 1119 joco
1025 1085 1120 1111 dieunt
1136 1087 1183 1110 aut
1201 1082 1302 1119 faciunt
1316 1089 1378 1108 cum
1391 1082 1556 1117 juvenibus.

504 1119 681 1154 570-571
700 1117 795 1147 omnia
811 1120 882 1146 enim
898 1117 968 1146 inter
983 1128 1012 1147 se
1024 1120 1170 1150 cohaerent,
1187 1122 1216 1154 ut
1235 1117 1338 1144 ferrum

539 1153 619 1186 Quod
630 1153 741 1189 magnes
758 1154 850 1187 trahit,
867 1155 999 1189 permulta
1015 1155 1143 1187 deinceps
1161 1153 1242 1187 rapit.

503 1189 592 1224 Atque
608 1190 710 1216 utinam
727 1197 838 1217 cerussa
852 1194 878 1216 et
893 1189 964 1219 fuco.
980 1190 1040 1216 loco
1055 1189 1210 1219 mulierum,

539 1225 592 1251 100
613 1224 786 1255 Reniderent,
800 1225 948 1258 etquidem
964 1225 1082 1256 abunde,
1101 1224 1153 1250 viri
1167 1223 1269 1255 stolidi,

503 1259 555 1292 Qui
570 1263 672 1285 tantam
687 1259 879 1293 turpitudinem
899 1259 1026 1286 habentes
1041 1261 1076 1286 οι)
1090 1259 1185 1286 oculos
1198 1258 1433 1292 contubernalem,

540 1294 611 1321 Vltio
627 1294 806 1323 delecmnlur.
823 1294 939 1328 caligine
956 1294 1114 1321 circumfusi
1130 1303 1136 1326 ;

504 1329 581 1356 Alias
597 1329 704 1364 quidem
720 1329 886 1355 insectantur
901 1329 1023 1356 dicteriis
1038 1330 1170 1363 sapientia
1186 1328 1317 1360 illustres,

539 1364 592 1406 ipsi
612 1371 673 1406 vero
689 1365 717 1390 in
730 1364 847 1406 prop-riis
862 1364 1077 1406 obscenitatibus
1093 1365 1247 1406 suntporci
1258 1372 1270 1406 _:

505 1398 558 1426 105
577 1399 631 1425 Aut
646 1398 737 1425 forsan
753 1403 780 1426 et
796 1400 822 1425 in
838 1400 996 1426 tenebrosas
1014 1400 1096 1426 haras
1111 1399 1278 1429 deciderent.

542 1433 642 1460 lnclusi
657 1433 750 1460 Circes
762 1434 937 1461 unctionibus
952 1434 1087 1469 feriparis,

510 1468 561 1502 Qui
574 1477 627 1495 non
641 1469 757 1496 oderunt
771 1469 925 1503 hujusmodi
941 1467 1027 1500 fucos,
1041 1470 1095 1496 imo
1110 1469 1165 1503 igni
1178 1469 1255 1503 quasi
1269 1467 1372 1495 aridam
1387 1467 1536 1503 materiam,

543 1504 681 1539 injiciunt,
700 1511 781 1538 quam
796 1504 940 1531 extrahere
955 1505 1041 1531 satius
1056 1508 1128 1532 esset
1143 1512 1224 1539 quam
1237 1503 1348 1531 inferre.

508 1538 596 1566 Alium
611 1539 682 1565 enim
696 1540 766 1566 alius
782 1539 823 1566 vir
834 1545 931 1566 ornatu
944 1539 1087 1566 mulierum

545 1573 596 1600 110
616 1573 741 1604 Vincere,
758 1578 785 1600 et
802 1575 955 1609 insipientia
973 1575 1074 1609 primas
1088 1572 1187 1600 habere
1200 1571 1294 1606 gestit.

511 1607 587 1644 Sajpe
603 1610 684 1635 etiam
701 1607 875 1636 facultatibus
888 1607 1008 1644 egentes,
1025 1614 1054 1635 ut
1069 1608 1188 1644 excitent

547 1641 657 1670 Fastuni
671 1652 786 1671 uxorum
799 1641 921 1676 suarunf,
936 1645 1069 1670 maximos
1084 1643 1237 1677 suscipiunt
1252 1641 1369 1669 labores.

510 1677 622 1714 Inimico
639 1687 776 1713 nunquam
790 1687 868 1706 suum
884 1680 1028 1714 porrexisti
1044 1676 1174 1712 gladium,
1195 1684 1284 1711 neque
1298 1676 1414 1704 torrenti

547 1713 618 1741 Tuas
634 1714 660 1739 in
677 1718 781 1748 segetes
796 1713 899 1740 facilem
916 1714 1046 1748 aperuisti
1062 1714 1144 1740 viain.

511 1748 564 1775 115
583 1747 733 1775 Pandorain
750 1748 849 1781 ferunt,
866 1750 927 1783 igne
935 1747 955 1775 7a
970 1752 1149 1776 consumente
1177 1747 1270 1775 furtim
1285 1747 1405 1779 sublato,

548 1783 658 1810 Poenam
676 1784 836 1812 mortalibus
849 1785 972 1811 ultricem
988 1784 1130 1811 advenisse

294 1837 329 1865 89
348 1839 517 1879 :Exdpxlog.
536 1841 582 1879 Sic
600 1842 698 1879 habent
711 1843 777 1879 edit.
793 1842 860 1879 Reg.
876 1843 937 1875 991,
956 1844 1044 1879 ἐπάρ-

258 1881 331 1914 κεος.
346 1875 450 1914 Noxia
464 1876 487 1902 δ’
502 1876 557 1914 sui.
574 1876 611 1903 Ita
626 1878 730 1912 pariter
744 1878 816 1905 idem
829 1875 896 1914 Reg.
913 1879 976 1911 99l,
990 1875 1045 1906 992

260 1912 288 1936 et
305 1909 388 1937 Coisl.
404 1909 476 1938 Edit.
493 1913 516 1938 εἰ
533 1912 565 1938 δ’.

282 1943 323 1988 ﬁl
345 1945 441 1988 Τέρεξη
455 1947 632 1988 τερτξομέιςῳι.
648 1946 700 1974 Ιιιῐ.
715 1947 798 1975 Coisl.
813 1948 901 1985 τέρπῃ
913 1948 960 1974 καὶ
973 1949 1047 1976 ἀντι-

257 1981 379 2013 τὲρπεις,
397 1981 534 2009 delectaris
547 1987 571 2009 et
586 1982 711 2010 delectas.
845 1981 852 1985 ’
888 1981 901 1984 ”

294 2014 329 2041 95
343 2016 439 2054 Ορὺδὲν
452 2017 605 2051 ἂκεντρον.
619 2017 696 2044 Nihil
708 2018 777 2053 quod
789 2027 840 2046 non
854 2023 964 2054 pungat,
978 2019 1047 2054 quod

258 2056 310 2075 non
325 2050 451 2079 vulneret.

295 2083 328 2110 98
346 2085 407 2126 "97'.
419 2087 462 2126 _l_ta
476 2087 642 2126 duo_ltegg._
654 2091 681 2115 et
702 2088 892 2126 (goisl._ljldit.
907 2089 949 2116 οὒ.
972 2088 1046 2126 Mox,

259 2119 344 2152 ἄγων.
417 2122 558 2159 1ἰιιει990,
571 2119 656 2150 ῦῦἷει.
668 2127 694 2150 ct
705 2123 782 2159 Chig.
794 2123 866 2151 Edit.
877 2125 953 2158 ἄγος.
966 2119 1048 2151 Aliud

259 2161 336 2188 super
352 2156 425 2182 aliud
438 2156 532 2185 scelus.

297 2189 348 2216 105
366 2191 500 2225 Φαεινάς.
517 2193 666 2229 Ιιιικαοὶδί.
687 2193 812 2228 βάλλουσι
834 2194 883 2229 μὲν
902 2193 1046 2229 λοιδορίαις

260 2232 400 2285 ῗῳφρονας
412 2229 555 2260 γυναῖκας.
572 2228 684 2263 Injuriis
700 2228 1047 2263 lacessunt'sapientes'mu-

272 2268 348 2285 teres.

272 2268 348 2286 teres.

296 2295 348 2321 106
363 2296 475 2330 Κίρκης
490 2298 635 2332 χρίσμασι
655 2299 836 2333 θηροτόκοις.
852 2298 930 2327 Circe
945 2299 1045 2327 veneﬁ-

1094 1843 1144 1870 ciis
1156 1843 1214 1870 suis
1227 1841 1334 1878 UlysSIS
1349 1842 1440 1878 socios
1453 1841 1479 1868 in
1496 1849 1559 1870 sues
1575 1842 1701 1878 mutavit.
1715 1841 1760 1868 Sic
1771 1841 1880 1878 lasciva:

1095 1877 1267 1905 mulierculae
1281 1877 1344 1905 fuco
1364 1884 1396 1903 ac
1409 1877 1555 1912 pigmentis
1571 1878 1630 1904 suis
1648 1877 1685 1903 ita
1703 1877 1815 1904 maritos
1830 1877 1879 1904 de-

1096 1917 1228 1945 mentant,
1256 1916 1286 1939 ut
1312 1920 1379 1947 pene
1405 1912 1546 1938 hominum
1571 1912 1681 1940 exuisse
1697 1916 1835 1945 naturam,
1853 1915 1880 1940 et

1096 1949 1250 1975 belluinam.
1266 1948 1389 1974 induisse
1405 1947 1558 1974 videantur.

1133 1984 1184 2010 110
1200 1982 1320 2010 Nimim".
1339 1982 1396 2017 lnt.
1406 1982 1489 2009 Coisl.
1503 1981 1674 2017 ὑπερϐάλλει.

1131 2018 1183 2045 115
1198 2017 1370 2051 Πανδώρην.
1384 2016 1509 2044 Pandora
1525 2016 1622 2051 puclla:
1638 2024 1736 2044 nomen
1748 2022 1790 2045 est
1807 2017 1879 2052 apud

1096 2052 1256 2083 Hesiodum.
1271 2053 1310 2079 sic
1321 2052 1405 2083 dicta,
1416 2052 1488 2087 quod
1502 2052 1539 2079 dii
1551 2059 1646 2079 omnes
1656 2053 1757 2079 donum
1771 2053 1879 2087 aliquod

1097 2088 1124 2114 in
1143 2096 1202 2114 eam
1224 2088 1414 2114 contulissent.
1439 2087 1526 2118 Hanc,
1541 2087 1577 2114 ob
1598 2088 1736 2115 cwlestem
1758 2087 1847 2122 ignem
1865 2096 1879 2114 ο

1097 2122 1259 2150 Prometheo
1273 2127 1440 2157 surreptum,
1457 2130 1472 2149 e
1489 2122 1559 2149 coelo
1572 2123 1598 2149 in
1619 2126 1718 2149 terram
1733 2122 1879 2150 demissam

1097 2157 1183 2185 fuisse
1198 2158 1273 2192 lingit
1285 2161 1375 2192 poeta,
1389 2161 1418 2183 ut
1432 2158 1556 2184 homines
1568 2158 1676 2192 philtris
1693 2157 1751 2185 suis
1765 2165 1796 2184 ac
1810 2157 1880 2184 fucis

1096 2193 1123 2219 in
1141 2191 1253 2254 Eritium
1268 2191 1427 2227 impelleret.
1445 2191 1507 2219 Hac
1519 2191 1591 2219 enim
1615 2198 1679 2221 sunt
1701 2193 1735 2220 de
1758 2200 1790 2220 ea
1806 2192 1880 2220 Jovis

1096 2235 1142 2254 ver
1162 2236 1177 2254 a
1192 2237 1199 2254 :

1095 2235 1177 2255 verna
1192 2237 1199 2254 ;

1149 2263 1193 2288 Σοὶ
1209 2261 1238 2288 δέ
1250 2270 1291 2288 τοι
1311 2262 1370 2288 ἀντὶ
1389 2262 1474 2297 πυρὸς
1488 2262 1564 2288 δώσω
1573 2262 1667 2296 κακὸν,
1676 2259 1697 2296 ᾧ
1708 2271 1754 2289 κεν
1763 2262 1880 2293 ἅπαντες

1149 2298 1309 2332 Τέρπωνται
1319 2298 1388 2324 κατὰ
1401 2297 1485 2332 θυμὸν
1499 2298 1542 2324 ἑὸν
1555 2299 1636 2333 μόρον
1647 2298 1879 2333 ἀμφαγαπῶντες.

910 2358 1075 2388 METRICA
1100 2356 1248 2386 VERSIO.

259 2404 357 2446 Forma
370 2409 416 2433 tua
425 2412 449 2434 et
460 2407 552 2434 nativa
563 2408 654 2446 virum
664 2409 756 2444 juvat;
771 2414 799 2436 at
812 2410 834 2437 si
848 2411 942 2437 eadem
953 2410 1037 2437 ambit
1056 2420 1079 2446 Β
1092 2408 1149 2446 Nec
1162 2412 1271 2446 cessant
1287 2409 1375 2435 cultas
1389 2407 1624 2446 dictisincessere
1638 2406 1747 2446 acerbis
1761 2416 1768 2434 :

296 2441 394 2482 Multos
405 2462 413 2473 ,
431 2447 487 2482 rete
502 2444 575 2482 gregi
591 2441 714 2482 tenditur
729 2441 758 2471 ut
772 2446 924 2482 volucrum.

260 2476 315 2515 Ille“
322 2477 410 2515 placet
424 2477 473 2515 tibi
489 2476 533 2505 cui
548 2476 607 2514 ipsa
622 2481 711 2513 places
724 2500 731 2512 ,
746 2481 893 2515 carnisque
906 2484 1042 2515 tuentem,

297 2511 426 2550 Obtutum
443 2513 532 2550 risus,
548 2511 692 2549 sermoque
708 2511 892 2550 persequitur.

261 2546 320 2585 Hoc
339 2547 430 2585 furtim
446 2549 582 2582 primum,
599 2546 662 2577 moi
678 2546 741 2577 hinc
760 2546 861 2577 fiducia
875 2550 982 2585 surgit:

298 2581 336 2609 Ne
351 2581 575 2620 ulteriu’supergas
588 2604 595 2617 ,
610 2585 720 2618 garrula
737 2585 829 2620 lingua
841 2606 848 2618 ,
863 2581 939 2612 cave“.

262 2618 321 2654 Ηυξ
337 2622 426 2645 tamen
442 2618 544 2645 effabor
559 2627 637 2653 vere,
654 2620 726 2654 quod
743 2618 797 2647 non
811 2621 890 2654 jocus
905 2621 977 2647 ullus

298 2651 426 2679 Femineo
442 2653 469 2680 in
485 2657 557 2681 metu
570 2651 687 2689 est,’qui
701 2651 819 2682 stimulo
829 2660 930 2683 careat.

262 2688 367 2724 Cuncta
374 2689 471 2715 etenim
482 2690 532 2716 sibi
543 2688 737 2720 inhaerescunt.
748 2692 821 2718 velut
831 2691 925 2717 ordine
934 2690 1045 2724 ferrum,

300 2723 377 2755 Quod
392 2724 475 2760 traxit
492 2732 603 2759 magnes
613 2744 620 2755 ε
637 2726 725 2752 ferrea
739 2734 854 2760 qumque
869 2726 949 2760 rapit.

264 2757 352 2796 Quam
366 2759 462 2796 vellem
474 2757 589 2796 ceru—ssa
606 2761 731 2787 homines
743 2757 754 2791 ξ
766 2757 883 2796 fucoque
898 2757 1016 2788 niterent
1026 2780 1033 2794 ,

303 2793 355 2825 Qui
369 2793 408 2821 sic
423 2794 575 2828 desipiunt.
591 2799 618 2822 et
634 2796 766 2823 muliebre
782 2793 880 2823 secus!

265 2826 367 2864 Nempe
380 2829 467 2864 oculis
481 2826 584 2857 tantum
600 2838 663 2857 cum
680 2831 800 2858 dedecus
815 2831 991 2864 obversetur,

303 2862 392 2890 lnduti
412 2864 536 2891 vitiorum
554 2866 686 2892 exsiliunt
703 2866 822 2897 nebula;

1127 2444 1162 2470 At
1178 2445 1254 2478 porci
1271 2447 1411 2470 remanent
1425 2443 1558 2469 dedecore
1575 2444 1602 2469 in
1617 2443 1727 2478 proprio
1740 2451 1748 2476 ;

1092 2477 1246 2508 Deciderint
1259 2478 1287 2504 in
1304 2478 1385 2504 haras
1402 2477 1470 2505 tales
1485 2477 1624 2504 duntaxat
1633 2485 1749 2512 opacas,

1131 2513 1222 2541 Vincti
1239 2514 1351 2541 Circaeis
1362 2533 1370 2544 ,
1389 2513 1612 2548 unguinibusque
1629 2513 1704 2548 feris.

1093 2549 1153 2577 Non
1169 2549 1269 2576 etenim
1282 2549 1365 2576 odere
1378 2547 1450 2580 haec,
1465 2547 1593 2576 alimenta
1606 2547 1655 2575 sed
1669 2547 1745 2575 arida
1758 2548 1785 2575 in
1799 2547 1875 2583 ignes

1132 2584 1304 2618 Conjiciunt,
1321 2591 1382 2618 quae
1397 2588 1468 2610 esset
1485 2583 1647 2610 subtrahere
1662 2583 1705 2610 his
1722 2583 1831 2610 melius.

1097 2619 1147 2647 Hic
1165 2620 1240 2647 illum
1258 2624 1359 2646 ornatu
1377 2619 1470 2646 uxoris
1487 2619 1544 2645 vult
1561 2619 1671 2646 vincere
1687 2625 1808 2652 semper,

1134 2654 1188 2682 Nec
1205 2655 1348 2690 quisquam
1365 2655 1491 2689 cuiquam
1508 2653 1604 2681 cedere
1621 2654 1737 2681 stultitia
1754 2663 1760 2680 :

1100 2688 1231 2725 Saepeque
1241 2698 1301 2717 cum
1313 2689 1451 2725 indigeant
1461 2689 1570 2723 opibus,
1580 2697 1634 2723 quo
1640 2689 1765 2716 attollere
1774 2688 1879 2724 possint

1137 2725 1257 2752 Uxornm
1273 2725 1372 2751 fastum
1386 2746 1394 2757 ,
1411 2724 1500 2758 majus
1516 2732 1639 2758 opusque
1654 2729 1771 2750 movent.

1098 2761 1181 2795 Atqui
1200 2760 1270 2787 hosti
1288 2760 1407 2795 gladium
1426 2768 1480 2786 non
1496 2760 1545 2786 das
1556 2779 1563 2791 ,
1578 2760 1709 2795 torrentis
1720 2762 1754 2795 et
1769 2758 1849 2787 undis

1136 2794 1163 2822 ln
1179 2794 1425 2830 scgctesrproprias
1444 2795 1516 2821 haud
1532 2795 1584 2821 iter
1600 2795 1658 2829 ipse
1674 2794 1754 2821 facis.

1100 2831 1165 2859 Post
1183 2828 1272 2865 ignem
1288 2828 1405 2857 rethor-eo
1423 2830 1588 2857 subductum
1607 2829 1742 2865 culmine.
1758 2828 1843 2857 fertur

1135 2864 1287 2893 Pandarum
1306 2866 1412 2892 venisse
1429 2865 1481 2892 huc
1499 2872 1580 2900 grave
1595 2864 1758 2900 supplicium
1769 2883 1776 2897 ,
