1954 3047
125 163 179 192 895

678 165 798 194 SECTlO
818 167 850 194 ΙΙ.
872 167 1032 196 ΡΟΕΜᾹΤᾹ
1050 171 1214 198 ΜΟΙῖΑΙιΙᾹ.

1698 171 1753 202 891

133 223 204 249 Ἀντ).
219 224 302 258 πυρὸς
317 224 371 260 πῦρ
383 225 456 256 ἄλλο,
477 224 558 251 καλοῦ
575 226 669 257 κακὸν,
686 225 724 256 ὥς
746 234 776 251 κε
795 226 912 261 φλέγῃσι
930 232 948 258 Λ
967 230 1104 263 Ἥπαῳεν,
1119 229 1246 260 εὐθαλέος
1261 237 1290 255 τε
1308 230 1382 264 ἄφαρ
1399 229 1479 264 βάλεν
1496 229 1527 255 ἐκ
1540 229 1717 266 παραδείσου,

162 269 216 294 Καὶ
233 268 323 299 πλέον,
335 270 453 304 ἀσκῆσαι
468 270 577 296 κάλλεσι
590 270 739 302 δαιδαλέοις

127 306 274 348 Aztpovag,
283 313 346 340 ἄλλο
361 322 386 340 τι
402 314 425 340 δ’
441 314 520 341 ἄλλον
534 315 679 342 ἐπίκλοπον
690 317 729 347 εἰς
750 316 778 343 ἓν
789 317 913 350 ἄγοντας.

163 359 213 386 1ἳο
227 359 389 395 Συμφερτὴν
403 360 509 396 ἀπάτην
522 361 650 395 ἀνδράσιν
662 362 825 396 ὲμπελάσαι,

129 405 317 440 Δειπνολόχην,
328 405 483 438 δολόεσσαν,
498 407 618 439 ἀναιδέα,
633 408 838 442 μειλιχόμυϐον,

165 450 313 486 Τερπωλὴν
324 451 412 487 ὀλοὴν,
425 451 504 478 δαλὸν
516 453 673 487 ἀειφλεγέα.

131 496 167 523 Οὐ
185 496 275 532 μὲνδὴ
294 496 386 532 μύθοις
406 497 601 534 ἐπιπείθομαι·
620 500 644 525 εἰ
658 499 685 525 δὲ
695 499 827 533 κελεύεις,

164 543 211 578 Μὴ
224 543 255 569 σύ
267 551 298 577 γε
313 543 443 579 Πανδώρη
461 544 536 578 γίνεο
550 545 686 580 δαιδαλέη.

132 589 183 616 125
199 589 345 625 Πανδώρης
357 590 435 624 γένος
451 591 518 616 εἰσὶν
527 591 664 623 ὰναιδέες·
677 592 744 619 ἀλλὰ
754 592 784 619 σὺ
798 591 916 627 Χριστοῦ

168 635 267 667 Εῑκὼν,
285 635 444 672 σωφροσύνῃ
456 636 562 671 λάμπεο
574 638 620 663 καὶ
634 638 777 673 πραπίσιν.

133 679 230 712 Ἀλλος
241 681 263 707 δ’
283 681 375 708 οὐκέτι
389 682 482 717 μῦθος,
498 681 572 717 ἐμῶν
583 682 604 708 δ’
618 683 706 710 ἐπέων
720 684 882 715 ἐπάκουσον,

168 726 222 758 Οὖς
235 735 275 753 σοι
290 727 436 755 Θειοτάτων
455 727 605 763 φθέγξομαι
621 729 654 755 ἐκ
666 728 775 763 λογίων.

133 772 190 799 Οὐκ
205 772 273 804 ἀΐεις
287 773 334 800 καὶ
344 772 444 810 πρόσθε
455 773 514 800 τεὸν
530 773 624 809 πατέρ’
641 774 678 806 ὡς
694 775 834 809 ἀπάτησεν

169 818 220 846 150
237 819 419 856 ’Δνδροφόνοιο
430 819 513 855 φυτοῦ
528 819 638 856 εὖχροος
654 821 752 857 ἀγλαΐη

1001 275 1150 309 Δυσμενέος
1163 283 1192 300 τε
1209 275 1294 306 δόλος,
1311 275 1452 310 παρφασίη
1468 275 1493 300 τ’
1510 274 1620 308 ἀλόχου.

966 319 1049 352 Οὗτός
1068 329 1108 346 σοι
1124 321 1204 355 νόμος
1217 321 1275 346 ἐστὶ
1293 321 1429 355 πατρώϊος
1447 320 1516 352 ἐξέτι
1529 320 1630 351 κείνου,

1002 368 1046 401 Μή
1063 367 1120 392 ποτ’
1140 367 1182 392 ἐπ’
1198 366 1308 401 εὐχροίῃ
1327 366 1425 401 θάρσος
1440 366 1522 401 ἔχειν,
1537 365 1665 401 Θύγατερ.

969 413 1022 439 1ῧῦ
1043 413 1099 438 Πᾶν
1118 412 1165 446 μὲν
1178 411 1274 442 κάλλος
1290 412 1360 446 ἐμοὶ,
1372 411 1432 445 βαιὴ
1447 411 1535 445 χάρις,
1549 408 1609 445 εἶαρ
1620 410 1719 443 ἔνεικε,

1005 459 1058 484 Καὶ
1075 457 1176 493 χειμὼν
1193 457 1306 492 κρυερὸς
1323 457 1422 482 ὤλεσεν
1440 456 1578 491 ἐξαπίνης.

975 503 1007 529 'Il
1018 503 1112 534 νοῦσος
1132 511 1178 538 μιν
1196 502 1317 536 ἔκαμψεν
1332 501 1441 536 ἀώριον,
1456 501 1472 536 ἢ
1485 501 1578 536 χρόνος
1594 500 1668 533 αἰνὸς

1009 549 1114 580 Ὤλεσε,
1132 547 1287 582 τηκεδανῷν
1300 546 1387 573 κύκλα
1402 547 1491 581 φέρων
1505 546 1596 572 ἐτέων.

969 594 1054 620 Τοῦτο
1064 594 1092 620 δὲ
1109 593 1155 620 καὶ
1171 593 1250 619 πλέον
1267 593 1325 619 ἐστὶ
1341 592 1454 626 γελοίϊον
1465 600 1471 606 ’
1491 589 1561 618 οἶδεν
1578 591 1700 627 ἄκοσμον

1004 639 1055 665 HO
1075 637 1150 670 Εἶδος
1164 638 1261 673 ἔχουσα
1276 638 1354 672 γυνὴ,
1372 638 1418 664 καὶ
1431 637 1524 663 πατέει
1541 636 1656 671 Δανάην,

968 685 1063 719 ΔῖαίΞῖ
1079 684 1221 711 mamma.
1245 684 1281 709 Τὸ
1293 684 1314 709 δ’
1331 683 1434 718 αἴσχιον
1449 683 1497 716 (ὡς
1512 682 1654 709 ἐνέπουσιν

1007 730 1114 764 Ἰδριες,
1133 729 1162 756 οὐ
1183 729 1236 764 γὰρ
1253 729 1318 762 ἐγὼ,
1334 728 1414 762 τῆσδε
1432 726 1645 763 κακορραφίης),

968 775 1054 810 Ξυνὴν
1071 775 1166 802 νοῦσον
1184 775 1284 810 ἔχουσι,
1300 775 1347 801 καὶ
1362 774 1476 809 ἀλλήλας
1496 773 1616 799 ἐθέλουσι

1004 821 1128 849 Κεὺὒειν.
1150 821 1233 847 Τίπτε
1248 821 1325 847 νόσου
1339 820 1419 855 τῆσδε
1437 819 1622 856 χερειότερον;

381 897 523 933 Proiigne,
538 898 627 932 ignem
644 898 737 931 alium,
753 898 857 926 scilicet
871 906 920 933 pro
931 899 1002 925 bono
1015 899 1126 930 malum,
1141 903 1167 926 et
1182 905 1236 931 quo
1254 898 1434 925 inflammaret

418 931 513 968 Magis,
532 931 591 960 eam
607 933 770 960 instruxisse
784 933 859 960 omni
871 931 1086 968 pulchritudinis
1099 942 1197 968 genere

382 965 547 996 Deosfsuas
562 969 686 995 certatim
703 968 846 995 illecebras
861 965 888 995 in
907 977 990 996 unum
1004 965 1192 996 conferentes:

419 1002 472 1029 129
489 1002 557 1029 Tum
572 1010 637 1030 vero
653 1003 804 1030 confertam
821 1003 978 1031 hominibus
991 1004 1112 1030 fraudem
1129 1003 1279 1035 invexisse,

383 1037 479 1073 Epplis
492 1037 677 1068 insidiantem,
692 1042 841 1069 versutam,
856 1038 1051 1073 impudentem,
1067 1038 1264 1073 duleiloquam,

419 1071 654 1108 oblectamentum
670 1073 865 1108 perniciosum,
884 1071 970 1101 facem
986 1081 1092 1108 semper
1105 1071 1254 1100 ardentem.

383 1106 462 1134 Haud
476 1106 583 1141 quidem
599 1107 697 1134 fabulis
709 1107 871 1134 crediderim
885 1117 892 1134 :
906 1106 1105 1140 verumtamen,
1120 1108 1143 1135 si
1157 1108 1288 1140 volueris,

421 1143 465 1177 Ne
473 1146 501 1168 tu
517 1141 566 1177 fias
580 1141 706 1169 Pandora
719 1143 882 1177 versipellis.

384 1176 438 1212 125
454 1176 584 1204 Pandorze
599 1178 658 1204 ﬁlia:
673 1181 736 1204 sunt
751 1175 845 1204 omnes
861 1185 990 1212 procaces
1004 1176 1189 1210 mulierculae;
1207 1175 1256 1204 sed
1268 1181 1296 1204 tu
1308 1177 1411 1204 Christi

422 1211 523 1245 Imago,
540 1212 673 1247 sapientia
686 1212 828 1245 splendeas
845 1211 871 1239 et
885 1212 1041 1247 prudentia.

385 1245 486 1274 Verum
499 1247 555 1280 jam
570 1245 679 1275 omissis
694 1247 804 1278 fabulis,
820 1245 903 1275 verba
917 1255 976 1275 mea
989 1247 1064 1278 audi,

421 1282 487 1315 Quae
497 1282 544 1309 tibi
559 1282 658 1309 divinis
673 1282 829 1317 depromam
845 1290 878 1309 ex
890 1283 1020 1309 oraculis.

385 1315 445 1345 Non
464 1317 563 1344 audisti
579 1315 716 1352 quomodo
729 1318 792 1344 olim
808 1321 884 1343 tuum
902 1321 1041 1351 parentem
1054 1317 1083 1344 in
1102 1316 1223 1345 fraudem
1241 1316 1379 1352 impulerit

422 1351 473 1379 150
495 1351 642 1379 Homicida:
657 1353 762 1380 arboris
777 1353 852 1379 color
867 1352 988 1379 nitidus?

388 1387 499 1422 Decepit
512 1388 594 1417 hunc.
609 1392 636 1415 et
648 1396 663 1415 e
679 1388 775 1415 virenti
789 1387 879 1414 subito
893 1388 1008 1415 extrusit
1024 1387 1152 1422 paradiso

425 1421 512 1449 Fraus
529 1422 640 1452 inimici.
656 1428 682 1449 et
695 1422 838 1450 consilium
854 1423 959 1449 uxoris.

389 1456 567 1518 5%2-573
582 1456 644 1484 llaac
658 1458 705 1484 tibi
723 1458 763 1484 lex
776 1461 818 1484 est
835 1461 946 1491 paterna
962 1465 993 1485 ex
1012 1458 1058 1484 illo
1071 1462 1204 1493 tempore,

449 1501 464 1518 e
480 1500 598 1518 unuuam
613 1492 807 1518 pulchritudini
824 1492 956 1518 conﬁdas.
971 1501 988 1518 ο
1005 1493 1070 1518 lilia.

449 1501 464 1519 e
480 1500 598 1526 unquam
613 1492 807 1526 pulchritudini
824 1492 956 1524 conﬁdas,
971 1501 988 1519 ο
1005 1493 1070 1519 lilia.

392 1527 448 1563 i3§
459 1527 572 1563 Omnem
585 1528 694 1561 quidem
710 1527 938 1563 pulchritudinem
956 1528 1032 1560 mihi,
1047 1532 1154 1563 gratum
1169 1527 1216 1555 sed
1231 1527 1312 1555 breve
1326 1534 1372 1554 ver
1386 1526 1474 1560 affert,

429 1561 461 1589 Et
476 1562 560 1589 hiems
576 1570 670 1597 aspera
683 1562 830 1597 exstinguit
847 1563 1006 1589 confestim:

393 1597 448 1632 Aut
462 1605 520 1624 eam
534 1597 644 1624 morbus
658 1597 756 1631 frangit
771 1602 943 1632 praemature.
958 1601 1005 1624 aut
1020 1601 1127 1632 tempus
1142 1605 1224 1632 grave

428 1631 514 1661 Delct.
527 1632 652 1659 edacium
672 1633 764 1659 orbem
780 1633 891 1659 volvens
902 1640 1047 1660 annorum.

406 1667 469 1694 stud
487 1670 576 1693 autem
592 1668 677 1701 magis
692 1673 734 1694 est
746 1667 892 1694 ridiculum
905 1677 912 1694 :
931 1668 1005 1694 novit
1020 1675 1049 1694 se
1063 1667 1212 1694 deformem

430 1702 480 1729 MO
496 1701 617 1736 Speciem
631 1703 730 1730 habere
745 1703 852 1733 mulier,
870 1706 897 1728 et
912 1703 1000 1729 calcat
1015 1702 1135 1733 Danaen,

394 1736 525 1772 Quamvis
535 1737 665 1764 deformis
676 1737 827 1772 gloriando.

845 1737 924 1770 Quod
941 1745 1004 1765 vero
1018 1738 1124 1771 turpius
1136 1742 1177 1764 est
1194 1737 1235 1769 (ut
1247 1737 1333 1770 aiunt,

429 1771 511 1798 Periti
524 1771 605 1806 hujus
617 1771 737 1808 artificii,
754 1780 841 1807 neque
859 1773 930 1799 enim
948 1772 975 1798 id
989 1773 1238 1807 exploratum'milli
1254 1773 1315 1808 est),

393 1806 539 1834 Communi
556 1807 650 1833 morbo
666 1806 805 1839 laborant,
818 1811 845 1834 et
858 1815 887 1834 se
905 1812 998 1835 mutuo
1015 1806 1110 1835 volunt

429 1842 533 1869 Celare.
551 1841 622 1874 Quid
638 1843 732 1869 morbo
744 1843 795 1869 hoc
811 1842 889 1877 pejus
904 1843 966 1870 est?

198 1919 253 1947 Pro
265 1919 322 1954 igne
337 1919 404 1946 dabo
421 1919 466 1946 tibi
479 1924 581 1954 gratam
598 1923 704 1953 pestem,
717 1927 769 1954 qua
789 1927 876 1946 omnes

199 1955 365 1982 Delectantur
379 1963 454 1982 suam
468 1955 584 1988 ipsorum
599 1960 708 1980 mortem
728 1960 856 1980 amantes.

145 1990 293 2018 Commode
307 1991 399 2025 itaque
413 1990 559 2024 Gregorius
573 1989 703 2025 Pandora:
717 1993 856 2025 comparat
869 1997 928 2025 mu:

146 2026 227 2053 lieres
246 2023 363 2053 fucatas»
379 2031 406 2052 et
431 2023 576 2059 unguentis
602 2024 749 2051 delibutas.
766 2023 927 2058 llujusmodi

144 2059 277 2088 Pandorae
290 2060 396 2095 egregia
409 2063 451 2087 est
464 2060 612 2095 descriptio
622 2058 760 2095 Proverb.
769 2067 816 2086 vn.

182 2096 234 2122 1⁸25
250 2097 282 2122 El
294 2093 327 2121 δὲ
337 2093 478 2127 autem.
493 2094 637 2121 1111..ϋοὶ51.
649 2096 672 2120 εἰ
684 2094 782 2129 βούλει,
797 2093 833 2129 μὴ
842 2094 928 2128 γίνου.

182 2131 234 2157 1‘28
249 2131 316 2163 οὓς.
342 2130 401 2156 Non
421 2130 568 2157 concordat
593 2137 656 2156 cum
681 2137 779 2165 genere
797 2130 929 2156 substan-

146 2166 194 2193 tivi
210 2166 297 2192 neutri
314 2164 412 2191 ἐπέων.

182 2201 229 2228 151
248 2202 396 2235 Ἥπαφεν.
413 2200 457 2227 Sic
469 2199 553 2228 Coisl.
566 2203 592 2227 et
608 2199 674 2235 Reg.
693 2199 754 2227 991.
775 2198 844 2226 Male
862 2199 927 2226 edit.

146 2235 260 2272 ἥταφεν.

1019 1920 1069 1946 155
1086 1920 1146 1946 Σοί.
1164 1920 1202 1947 Ita
1218 1919 1299 1946 Coisl.
1316 1923 1342 1946 et
1353 1925 1429 1954 ng.
1445 1919 1515 1946 Edit.
1533 1918 1590 1954 μοί.

1017 1955 1068 1982 154
1088 1955 1133 1988 Μή
1145 1956 1209 1982 ,τοτ’
1225 1955 1374 1982 ἐπ”.(ὶ‹›ἰει.
1394 1955 1430 1990 μή
1449 1954 1506 1981 ποτ’
1515 1955 1553 1980 ὲν.

1016 1990 1066 2017 157
1088 1989 1211 2025 Ἄφρων.
1226 1990 1302 2025 Chig.
1324 1989 1431 2025 dubptog.

1017 2026 1067 2051 159
1089 2023 1184 2051 Οἶδεν.
1204 2025 1265 2052 Suae
1281 2023 1332 2051 sibi
1346 2023 1450 2051 conscia
1463 2023 1652 2058 deformitatis.

1019 2060 1069 2086 HO
1083 2059 1186 2086 Πατέει
1197 2059 1323 2093 Δανάην.
1352 2059 1441 2093 Ipsam
1466 2059 1574 2086 Danaen
1590 2059 1674 2093 forma
1696 2065 1763 2093 ρηο-

982 2096 1173 2121 ιιιιηιὶδδὶηιιιηι
1203 2100 1369 2129 aspernatur.
1401 2094 1506 2127 Schol.,
1531 2095 1578 2121 καὶ
1601 2094 1655 2120 τῶν
1684 2093 1763 2129 φύσει

982 2130 1105 2172 adimito!
1115 2131 1334 2172 stat'rIaxqudt'at.

1019 2165 1069 2191 Hi
1086 2166 1126 2191 οὐ
1142 2165 1196 2199 γὰρ
1210 2162 1276 2199 ἐγὼ.
1290 2164 1342 2194 Ιηι.
1365 2164 1449 2193 Coisl.
1466 2163 1607 2200 ἔμπειρος.
1619 2163 1680 2191 Mox
1697 2162 1765 2199 Reg.

982 2200 1044 2232 990,
1057 2200 1252 2236 κακοφραδίης.

797 2311 963 2342 METRICA
987 2308 1135 2338 VERSIO.

147 2386 240 2424 lgncm
254 2387 337 2415 alium
351 2393 402 2422 pro
417 2387 480 2422 igne
490 2407 497 2420 ,
510 2391 592 2422 atque
607 2388 708 2415 malum
724 2394 774 2424 pro
786 2385 931 2413 commodo
947 2386 968 2414 Β
990 2417 1012 2424 η
1020 2382 1061 2410 Sit
1077 2386 1147 2424 t_uus_
1157 2382 1189 2423 in.
1203 2382 1275 2424 pomi
1291 2380 1412 2424 pestiferi
1426 2380 1548 2424 decore}

753 2426 780 2449 et
797 2427 876 2455 τοι]υο
889 2429 895 2446 :

185 2456 284 2486 Ureret
301 2461 386 2492 utque
402 2457 506 2492 magis,
521 2456 594 2484 hanc
608 2456 680 2491 genii
697 2421 848 2484 oebﬁaiﬁl

150 2492 264 2520 Artibus
281 2491 363 2527 inque
380 2491 466 2519 unum
481 2492 582 2519 collata
597 2491 693 2519 fraude
706 2492 810 2519 dolosis
820 2511 828 2523 ,

185 2528 338 2555 Admovere
351 2527 419 2554 viris
433 2527 588 2562 decipulam
603 2527 775 2561 omnigenam
789 2536 795 2553 :

152 2562 447 2597 lusidiantemepulis,
473 2561 615 2594 blandam,
640 2561 699 2588 sine
718 2561 937 2632 frontc,ll0qlla-

838 2604 910 2628 cem,

838 2604 910 2628 cem,

189 2632 336 2660 Ardentem
353 2636 473 2664 torrem,
489 2632 609 2659 laetitiam
623 2638 750 2658 noeuam.

152 2668 288 2696 Credulus
303 2667 376 2695 haud
391 2675 441 2702 ego
456 2674 517 2694 sum
532 2666 639 2693 fabellis
654 2675 660 2693 :
676 2666 789 2702 credere
802 2665 826 2693 si
840 2666 899 2699 vis,

190 2703 228 2731 Ne
243 2703 396 2730 l’andoram
412 2701 477 2730 actu
496 2701 590 2736 ﬁngito
607 2701 760 2736 multiplici.

152 2738 287 2766 Pandoraa
302 2745 388 2772 genus
402 2738 443 2764 hae
457 2737 585 2772 perfricta
605 2736 710 2768 fronte,
727 2736 774 2772 sed
793 2736 859 2763 heus
873 2740 902 2764 tu

193 2773 281 2800 Mente
296 2771 343 2799 tua
362 2771 506 2800 Christum
521 2776 548 2799 et
562 2772 713 2799 sobrietate
731 2771 813 2798 refer.

156 2808 258 2836 Fabula
266 2808 341 2835 nulla
351 2808 433 2835 modo
443 2812 484 2835 est
495 2817 500 2834 :
514 2815 572 2834 mea
584 2814 656 2833 nunc
667 2815 715 2841 age
724 2806 796 2833 dicta
807 2814 920 2841 capesse
932 2815 938 2840 ;

195 2843 261 2875 Quae
275 2843 324 2869 tibi
337 2843 374 2870 ab
388 2843 491 2870 oraclis
506 2842 618 2876 eloquar
635 2841 764 2868 :elheriis.

155 2876 340 2914 Nunquamne
355 2878 455 2906 audisti
472 2882 548 2914 pater
567 2881 595 2905 ut
610 2877 739 2912 deceptus
755 2876 874 2904 Adanlus

990 2417 1069 2445 llunc
1086 2418 1150 2444 lusit
1167 2414 1302 2451 viridique
1316 2417 1372 2443 cito
1386 2416 1467 2450 cjecit
1485 2414 1613 2450 paradiso

1026 2453 1139 2479 llostilis
1152 2452 1247 2483 dolus,
1258 2450 1292 2478 iet
1305 2451 1431 2485 conjugis
1447 2450 1608 2483 alloquium.

988 2487 1059 2515 llinc
1075 2487 1124 2514 tibi
1141 2487 1175 2513 ab
1192 2487 1304 2521 antiquo
1320 2487 1360 2512 lex
1379 2489 1420 2521 est
1434 2485 1592 2519 praescripta
1607 2486 1733 2519 parente~

1023 2523 1060 2549 Nc
1075 2522 1170 2549 credas
1189 2520 1298 2553 formie,
1314 2521 1366 2548 ﬁlia
1382 2520 1480 2551 chara,
1498 2524 1561 2546 tute.

987 2557 1074 2585 Omne
1089 2557 1173 2583 decus
1188 2557 1283 2591 fragile
1298 2560 1340 2583 est
1351 2576 1357 2587 .
1376 2555 1447 2582 veris
1463 2553 1535 2591 quod
1552 2552 1664 2588 protulit
1675 2552 1753 2581 hora.

1026 2592 1216 2626 Momentoque
1231 2589 1305 2617 brevi
1322 2591 1417 2617 bruma
1433 2589 1546 2624 peremit
1563 2593 1652 2615 atrox.

988 2626 1101 2655 Morbus
1117 2632 1143 2653 ct
1159 2623 1221 2653 ante
1235 2626 1306 2652 diem
1324 2626 1404 2660 fregit
1416 2623 1601 2658 {tempusque
1617 2623 1729 2650 volucre

1025 2661 1156 2692 Messuit,
1173 2669 1259 2688 annos
1275 2661 1347 2694 quod
1363 2659 1477 2694 corripit
1493 2660 1663 2694 innumeros.

988 2697 1050 2724 llzec
1066 2697 1147 2723 etiam
1165 2696 1263 2723 mulier
1279 2693 1359 2730 digna
1377 2699 1418 2721 est
1436 2694 1540 2727 majore
1553 2693 1702 2730 cachinno,

1024 2732 1088 2765 Qum
1102 2732 1176 2758 novit
1190 2739 1219 2758 se
1237 2728 1379 2756 informem
1390 2749 1397 2761 ,
1416 2733 1442 2755 et
1453 2729 1522 2765 gerit
1536 2733 1566 2755 ut
1581 2728 1707 2759 Danaen,

987 2764 1125 2795 Dedecore
1141 2766 1292 2792 exsultans.
1311 2765 1344 2791 At
1358 2765 1467 2799 turpius
1485 2764 1535 2790 hoc
1551 2766 1718 2799 memoratur

1027 2802 1153 2836 Expertis
1167 2800 1175 2835 (
1188 2808 1237 2827 nec
1248 2801 1321 2828 enim
1336 2800 1362 2827 id
1379 2796 1456 2836 mens
1470 2807 1536 2836 mea
1546 2798 1626 2825 callet
1640 2796 1729 2833 opus)
1742 2805 1751 2830 ;

990 2834 1131 2865 Vexantur
1146 2836 1240 2862 morbo
1255 2835 1393 2862 communi
1407 2843 1413 2861 :
1432 2841 1516 2868 seque
1531 2834 1615 2860 latere

1029 2863 1145 2900 lmiccm
1157 2876 1248 2899 amant
1261 2880 1266 2899 :
1281 2871 1376 2898 morbo
1388 2870 1438 2897 hoc
1449 2863 1514 2904 quid
1525 2889 1531 2903 ,
1544 2875 1620 2905 rogo,
1628 2863 1771 2896 deterius!
