1954 3047
79 136 130 164 905

87 194 228 230 Ἀνδράσιν
244 193 426 229 ἀφραδέεσσιν
443 192 548 224 ἑαδότα,
564 192 602 224 ὡς
618 193 672 229 ἄρα
687 194 732 220 ταί
754 202 796 231 γε,

120 241 282 275 Ἐσσάμεναι
300 241 406 275 μορφὴν
424 239 533 266 ἔκτοθεν
548 239 702 275 ἀλλοτρίην,

82 286 216 321 κωμικὸν,
232 285 280 320 οὐχ
294 285 365 320 ἱερὸν
377 284 467 316 αἰδοῦς
481 284 595 316 σκέπας,
611 284 686 312 ἔνθεν
702 285 796 313 ἔπειτα

115 332 242 359 Κίνυνται
261 331 368 366 μορφῆς
382 330 445 363 ἄξια
463 329 615 364 δαιδαλέης.

80 378 132 405 285
145 378 184 412 Τῇ
197 376 421 414 περιμοχθίζουσι
436 375 528 411 θύραι,
546 375 663 411 κληῗδες,
679 375 808 412 ἔσοπτρα,

114 424 258 459 Φάρμακα,
276 422 459 458 φαρμακίδες.
474 422 593 458 ἄτρομον
603 422 662 449 οὐδὲ
675 422 764 456 τέγος.

81 469 160 496 Ταῦτ’
176 468 349 504 εὶδογραφίης
370 467 530 502 κενεαυχέες
543 476 549 483 ·
565 468 683 503 ἁκομίης
696 468 725 495 δὲ

115 514 195 540 Οὐδὲν
209 513 390 549 ἀμοχθότερον
406 512 542 548 σώφρονος
558 512 683 548 ἀγλαΐης.

81 561 111 587 Et
124 560 152 586 δὲ
164 559 196 585 σὺ
209 558 302 585 κάλλεϊ
316 558 410 584 τόσσον
425 556 584 592 ἐπιπλάστῳ
595 556 773 591 βλεμεαίνεις,

114 607 166 634 290
181 605 218 632 Οὔ
234 604 292 631 ποτ’
310 604 343 631 ἂν
358 603 487 638 ἀπλάστῳ
500 602 625 638 σώφρονα
640 602 723 638 θυμὸν
741 603 814 640 ἔχῃς.

87 652 184 687 Ἐσθὴρ
199 649 266 683 εἶδος
281 649 387 682 ἔτευξεν
399 648 529 684 ἐράσμιον
539 657 546 665 ’
561 648 628 676 ἀλλὰ
642 649 668 674 τί
685 649 776 684 κείνης

116 697 216 732 Ἔργον
230 694 412 731 ἀριπρεπίης;
427 692 504 724 ἔθνος
514 693 620 728 ἔμεινεν
636 693 706 720 ὅλον.

80 743 169 779 Γρὰψε
183 742 242 768 ποτ’
252 741 365 776 ὄμματα
378 740 481 775 πόρνης
507 737 624 770 Ἰεζάϐελ
639 739 806 775 ἀγριόθυμος
817 760 825 772 ,

114 787 202 816 Λοῦσέ
216 796 247 822 γε
262 787 315 822 μὴν
328 786 428 821 πόρνας
439 785 536 820 αἵματι
552 784 689 820 πορνιδίῳ.
736 784 862 820 [πόρναις

614 131 735 160 SECTIO
754 131 785 160 Ιῐ.
806 130 971 160 ΡΟΕΠΔΤΑ
990 130 1157 160 MORALIA.

878 197 901 224 Α
916 192 969 218 995
983 193 1027 218 Σοὶ
1039 192 1060 218 δ’
1076 191 1131 218 οὔτ’
1150 191 1229 227 ἔργον
1242 191 1357 223 ἄνακτος
1369 191 1438 219 ἑλεῖν
1450 190 1536 226 χόλον,
1549 189 1605 217 οὒτ’
1620 189 1660 215 Evt

1643 128 1695 157 906

949 239 1054 273 Μοῖραν
1069 237 1141 272 ἔχεις
1151 245 1158 251 ⁸
1171 237 1210 272 τῷ
1230 246 1274 273 μοι
1285 237 1373 272 φείδεο
1387 236 1572 273 σωφροσύνης.

915 284 951 309 Οὺ
962 283 1087 319 τρομέεις
1103 283 1196 318 ἱερῆας
1208 283 1387 311 ὑποκλῐνουσα
1397 284 1526 320 κάρηνον,

950 329 1054 364 Σκηνὴν
1065 329 1224 364 ἀμφιθέτοις
1232 329 1313 355 εἴδεσι
1325 329 1501 364 λαμπομένην
1512 337 1520 361 ;

915 375 982 401 οὐδὲ
994 375 1072 409 χέρες
1084 375 1251 410 φρίσσουσιν,
1268 374 1337 410 ἐπὴν
1347 376 1375 407 ὲς
1389 374 1486 410 μύστιν
1498 374 1598 409 ἐδωδὴν

951 421 1003 448 500
1019 421 1132 453 Τείνεις,
1147 418 1191 452 αἷς
1209 421 1241 448 σὺ
1257 421 1372 457 γράφεις
1385 420 1514 456 πένθιμον
1530 419 1659 454 ἀγλαΐηνς

915 467 978 498 Πῶς
994 467 1022 494 δὲ
1037 467 1068 493 σύ
1085 467 1110 501 γ’
1125 467 1322 503 ἁϐλοφόροισιν,
1338 467 1410 499 ὅσοις
1431 466 1520 502 ἵστησι
1534 465 1644 501 χορείην

951 512 1020 544 Λαδς
1036 512 1179 547 πασσυδίῃ,
1197 512 1285 546 τίμιον
1299 509 1368 547 αἷμα
1382 512 1468 538 σέϐων
1478 531 1485 542 ,

915 555 991 588 Εἶδος
1001 557 1077 591 ἄγεις
1092 557 1196 584 πολλῶν
1210 557 1378 593 θελκτήριον,
1395 557 1433 589 ὡς
1452 557 1536 592 ἀγορή
1551 564 1593 587 τις

951 602 1058 636 Πληθὺν
1074 603 1241 638 ἐφελκομένη
1255 603 1283 630 ὲν
1299 603 1408 638 μεσάτῳ
1424 602 1539 629 πτολίων
1549 622 1556 633 ,

915 649 967 676 505
982 649 1016 675 Ἦ
1028 648 1118 684 θηρῶν
1130 649 1265 684 δεὶκτῃσιν
1279 649 1382 685 όμοίῖα,
1401 649 1443 676 τοὶ
1464 649 1644 684 προφέρουσιν

957 694 1110 729 Ἑρπυσυτὰς
1122 695 1236 722 σκοτίων
1251 695 1388 730 δειμαλέοι
1403 694 1538 729 λαγόνων;

922 739 1011 771 Ἀλλὰ,
1026 738 1116 773 γύναι,
1131 739 1225 774 μύθοις
1241 740 1379 767 ἐπιπείθεο
1394 738 1561 775 ἡμετέροισι,

951 786 996 820 Μή
1014 794 1043 812 σε
1058 785 1117 817 νόος
1137 785 1228 821 τρώσῃ
1243 787 1335 821 χεῖρας
1352 786 1395 813 ἐπ’
1405 783 1473 817 εἶδος
1488 785 1572 819 ἄγων.

327 853 493 881 Hominibus
509 852 603 880 stultis
619 851 773 887 placentia;
795 851 835 879 sic
852 852 947 887 utique
962 853 1016 880 illa:

364 888 467 916 lndutaa
485 888 597 914 formam
611 891 723 914 externo
739 887 867 918 alienam,

328 924 484 954 Scenieum,
497 930 552 949 non
569 929 678 949 sacrum
687 922 808 984 ‘pudoris
826 923 961 955 Velamen,
977 923 1076 950 exinde
1091 927 1186 958 postea

364 958 516 984 Moventur.
538 961 568 984 ut
582 957 669 984 forma
707 957 799 984 ianum
815 961 857 984 est
872 957 975 984 fucata.

364 958 516 990 Moventur,
538 961 568 984 ut
582 957 669 984 forma

717 964 799 992 gnum
815 961 857 984 est
872 957 975 985 fucata.

328 993 502 1055 5%0—581
517 992 570 1032 2853
588 991 656 1032 l|_uic
671 992 795 1031 laborant
808 991 890 1032 fores,
906 993 1008 1023 claves.
1023 992 1144 1027 specula.

387 1030 515 1055 iamenta.
535 1031 673 1055 uictrices.
684 1034 734 1054 nec
748 1031 856 1054 umoris
864 1031 906 1054 est
916 1035 1014 1055 exners
1027 1031 1137 1054 tectuln.

387 1027 515 1063 igmenta,
535 1027 673 1063 pictrices,
684 1034 734 1063 nec
748 1027 856 1063 timoris
864 1031 906 1054 est
916 1035 1014 1063 expers
1027 1031 1137 1054 tectum.

330 1062 582 1090 [hec'incommoda
598 1062 675 1088 affert
689 1062 795 1096 pictura
818 1062 909 1090 inanis
927 1062 1021 1089 forma:
1036 1070 1042 1088 :
1060 1063 1198 1097 incompta
1214 1068 1304 1092 autem

363 1098 433 1125 Nihil
448 1098 538 1125 minus
551 1097 717 1123 laboriosum
729 1101 771 1123 est
785 1097 883 1132 pudica
898 1097 1110 1132 pulchritudine.

330 1133 357 1160 Si
375 1141 438 1159 vero
450 1137 478 1159 tu
494 1132 529 1159 ob
540 1132 685 1159 ascititiam
700 1136 869 1167 venustatem
885 1136 1026 1167 tantopere
1039 1132 1193 1164 insolescis,

362 1168 415 1194 290
431 1167 574 1202 Nunquam
586 1173 650 1202 erga
663 1174 725 1193 eum
741 1167 787 1201 qui
804 1166 894 1193 fucum
911 1165 1064 1198 aversatur.
1079 1168 1208 1202 pudicum
1225 1175 1344 1196 amorem
1363 1165 1485 1194 habebis.

328 1202 425 1238 Esther
435 1202 543 1238 quidem
561 1201 674 1238 formam
693 1202 848 1238 composuit
863 1201 897 1229 ad
910 1201 1254 1238 amoremcoucitanduni;
1270 1203 1317 1232 sed
1331 1202 1392 1238 quis
1404 1202 1486 1236 hujus

363 1236 480 1264 Fructus
494 1236 544 1264 fuit
557 1236 787 1271 pulchritudinis?
799 1237 883 1264 totius
896 1238 986 1271 gentis
1003 1237 1088 1265 salus.

327 1272 419 1300 Pinxit
431 1272 495 1299 olim
510 1272 605 1299 oculos
619 1271 764 1298 fornicaria
780 1277 806 1299 et
818 1272 893 1299 ferox
913 1271 1019 1299 Jezabel
1039 1282 1045 1298 :

363 1307 463 1334 Verum
481 1306 600 1341 perfudit
613 1307 770 1333 meretrices
785 1314 883 1334 cruore
899 1307 1064 1334 meretricio.

327 1343 380 1379 29§
395 1342 455 1369 Tibi
471 1345 560 1379 autem
579 1348 667 1375 neque
684 1349 754 1376 opus
769 1348 810 1370 est
826 1342 897 1379 regis
910 1342 980 1379 iram
998 1342 1105 1375 sedare,
1123 1349 1212 1379 neque
1226 1341 1297 1370 inter
1313 1342 1473 1370 meretrices

364 1377 474 1404 Partem
489 1376 572 1404 habes
585 1385 592 1402 :
608 1383 694 1412 quare
708 1384 792 1412 parce
802 1376 942 1412 pudicitiae
960 1380 1024 1404 tuae.

328 1411 388 1440 Non
402 1411 572 1447 pertimescis
585 1410 751 1447 sacerdotes,
764 1410 828 1438 dum
845 1412 985 1447 submittis
999 1415 1093 1447 caput,

365 1446 478 1474 Lai-vam
492 1446 566 1474 velut
579 1446 724 1481 quamdam
735 1447 867 1481 oppositis
878 1446 949 1473 inter
962 1454 991 1474 se
1001 1446 1098 1473 formis
1114 1446 1269 1475 lucentem?

329 1481 388 1509 Non
401 1482 562 1508 horrescunt
576 1489 682 1512 manus,
698 1489 759 1508 rum
776 1482 808 1508 ad
823 1482 962 1517 mysticam
976 1489 1066 1509 escam

367 1517 419 1544 500
436 1517 488 1543 Eas
504 1517 636 1546 extendis,
651 1517 749 1550 quibus
762 1521 789 1542 tu
807 1515 896 1550 [ﬁngis
910 1517 1060 1543 luctuosam
1073 1515 1324 1550 pulchritudinem?

334 1551 475 1584 Quomodo
489 1558 551 1578 vero
566 1555 594 1577 tu
610 1552 785 1586 martyribus.
800 1552 899 1585 quibus
917 1552 1033 1578 instituit
1050 1552 1165 1580 choreas

370 1586 488 1620 Pupulus
506 1586 671 1620 agminatim,
690 1592 835 1619 pretiosum
854 1587 1013 1621 sanguinem
1028 1591 1189 1618 veneratus,

335 1620 444 1656 Faciem
458 1621 529 1656 geris
545 1621 645 1647 multos
663 1622 838 1652 inrseantem,
857 1622 928 1647 velut
941 1621 1030 1648 forum
1047 1621 1182 1656 quoddam

371 1655 518 1690 Populares
538 1656 676 1682 attrahcns
693 1657 719 1682 in
733 1656 821 1682 medio
838 1656 965 1689 urbium;

333 1691 385 1718 505
401 1693 455 1717 Aut
470 1690 587 1718 ferarum
600 1691 787 1718 ostensorihus
803 1691 912 1722 similis,

947 1692 972 1718 ui
990 1691 1132 1725 proferunt

371 1726 518 1760 Serpentes
534 1733 549 1752 c
565 1726 717 1752 tenebrosis
735 1726 832 1760 trepidi
846 1726 1005 1753 cubilibus?

333 1760 367 1786 At
384 1764 424 1790 tu,
444 1762 551 1792 mulier,
565 1761 739 1787 sermonibus
752 1761 910 1795 obtempera
925 1761 1044 1794 nostris;

369 1795 408 1823 Ne
421 1799 448 1822 te
461 1803 537 1823 mens
552 1796 685 1827 vulneret,
703 1803 800 1823 manus
816 1795 849 1822 ad
865 1796 961 1823 faciem
979 1796 1092 1825 ducens.

116 1853 170 1890 282
193 1853 380 1888 Ἑσσάμεναι,
401 1853 438 1881 lla
463 1854 545 1882 Coisl.
570 1857 595 1882 et
610 1854 665 1882 duo
690 1853 774 1890 Κείς.
795 1855 866 1882 Edit.

81 1889 228 1922 ἑσσόμεναι

117 1923 170 1959 290
190 1924 289 1957 Ἕχῃς.
304 1923 370 1958 Reg.
388 1924 435 1951 991
453 1924 535 1959 ἔχοις.

117 1958 171 1985 292
189 1958 297 1991 Ἔθνος
311 1960 427 1993 ἔμεινεν
443 1958 526 1986 ὅλον.
540 1958 644 1994 Schol.,
659 1960 785 1995 διεσώθη,
805 1969 866 1996 gem

83 1998 139 2020 tota
151 1997 254 2019 servata
263 1998 311 2020 est.

117 2027 292 2072 ﬁatﬁteﬁo’é
316 2037 359 2069 re.
377 2028 442 2072 _Vul_t
463 2029 554 2072 forsan
581 2029 730 2072 Gregorius
755 2031 864 2065 impiam

82 2062 246 2101 Iezabelcm.
267 2071 327 2101 eum
346 2064 455 2098 jubente
477 2064 544 2092 Jehu
571 2062 735 2101 pracipitata
751 2062 802 2096 est;
818 2073 865 2092 αις

82 2097 390 2135 ἀειιιΙο-ιιηριιάεηεοε
403 2107 483 2126 suum
508 2097 660 2135 oculosque
686 2108 752 2128 suos
767 2109 867 2128 cruen-

82 2132 279 2169 tasse.Allud_it
290 2134 361 2159 enim
375 2134 407 2160 ad
420 2135 445 2160 id
457 2135 528 2169 quod
537 2132 639 2163 dictum
655 2136 719 2163 olim
731 2135 765 2162 de
779 2136 866 2169 impu-

82 2167 383 2204 denterbomine,reum
413 2167 472 2196 non'
495 2170 593 2198 habere
615 2171 640 2197 in
667 2171 754 2197 oculis
771 2167 865 2204 κόράς,

82 2204 132 2240 sed
148 2203 260 2240 ’πόρναςε
281 2203 348 2238 κόρη
362 2211 478 2240 namque
494 2206 574 2231 etiam
592 2203 864 2240 significatpueilam.

82 2238 207 2265 Combef.
226 2237 327 2272 πόρνας
343 2237 445 2273 accipit
465 2247 513 2274 pro
528 2237 666 2275 πορνείας,
685 2237 748 2267 ιαυῆ
763 2245 866 2266 scorta-

918 1856 1000 1882 tianes
1012 1855 1157 1882 meretricia
1173 1863 1274 1883 cruore.

951 1890 1004 1918 299
1029 1891 1077 1923 Ἐς
1089 1892 1202 1924 μύστιν
1216 1889 1340 1923 ἐδωδήν.
1355 1889 1384 1916 Id
1407 1893 1458 1922 est,
1476 1897 1581 1917 sacram
1593 1889 1698 1917 Euenu-

916 1926 1031 1986 zisliam,
1043 1933 1122 1960 quam
1138 1926 1201 1952 olim
1215 1926 1305 1960 ﬁdeles
1325 1926 1432 1952 suismet
1455 1925 1576 1952 manibus
1590 1927 1700 1960 accipie-

933 1966 988 1986 ant.
1668 1972 1672 1976 ι

933 1966 988 1986 ant.
1668 1972 1672 1976 ‘

949 1996 1001 2037 ξοδ
1027 1997 1073 2029 Ὡς
1087 1995 1178 2031 ἀγορή
1198 2004 1252 2028 τις.
1273 1994 1370 2022 Mulier
1397 1994 1617 2029 circumforanea,
1638 1996 1699 2030 ἀγα

916 2039 989 2065 ραια.

952 2066 1004 2093 504
1024 2066 1155 2099 Πληθύν.
1175 2064 1211 2091 ita
1223 2064 1290 2100 Reg.
1306 2064 1358 2091 990
1371 2067 1395 2100 et
1407 2063 1491 2092 Coisl.
1503 2063 1574 2091 Edit.
1585 2065 1698 2092 πλυθυν.

951 2100 1004 2136 ῧοό
1023 2102 1189 2134 Δείκτῃσιν.
1208 2099 1275 2136 Reg.
1291 2099 1353 2131 990,
1369 2099 1500 2136 δήκτῃσιν
1514 2100 1639 2136 ἐπαοιδαῇ
1653 2100 1701 2135 θη-

918 2135 1060 2170 ροδήκτου,
1075 2135 1236 2162 incantatori
1256 2143 1272 2161 ιι
1284 2139 1400 2167 serpente
1420 2135 1542 2168 percusso
1559 2135 1664 2162 similis.

952 2150 1219 2206 Eii'é'iELJESJZZZ.“
1228 2150 1545 2206 ὶιέεῗ⁶ἒᾘό¹ἶιῖὲᾇέἐῖῗέ
1551 2150 1699 2206 ἕρἒέζὶέἓέις.

953 2205 1005 2232 508
1021 2206 1067 2238 Μή
1082 2213 1118 2232 σε
1132 2205 1202 2237 νόος
1217 2204 1328 2239 τρώσῃ.
1339 2204 1390 2232 int.
1406 2204 1491 2232 Coisl.
1513 2205 1550 2240 μή
1564 2204 1594 2231 σε
1613 2205 1683 2240 πλήξ

917 2240 1047 2275 λογισμὸς
1064 2240 1165 2267 πείθων
1171 2240 1307 2275 ιὲπαίρειν
1319 2240 1414 2275 χεῖρας
1428 2240 1468 2272 είς
1487 2240 1611 2267 ποικίλαν
1637 2249 1703 2275 μορ-

723 2296 890 2326 METRICA
910 2295 1057 2326 VERSIO.

84 2353 145 2381 Non
163 2355 241 2382 aliter
255 2355 356 2382 lasciva
372 2355 471 2382 cohors
489 2363 537 2382 sua
554 2363 616 2383 cum
632 2356 707 2383 exuit
725 2363 784 2388 oral

121 2389 270 2417 Personam
282 2393 309 2417 et
325 2390 419 2417 formae
431 2391 530 2417 lietitizp
546 2391 676 2421 induerit.

84 2425 204 2459 Quaaque
219 2424 315 2452 decent
332 2432 452 2458 scenam,
473 2425 544 2452 haud
558 2426 626 2453 casti
643 2425 801 2453 indumenta
819 2434 868 2460 pu-

749 2461 835 2492 doris,

127 2493 178 2521 Par
197 2494 430 2530 sequiturformee
452 2495 553 2526 motio,
573 2502 668 2530 nempe
685 2460 772 2523 salaliil:

89 2530 139 2557 llis
150 2532 234 2557 valvm
249 2529 403 2564 strepitanl,
416 2530 517 2561 claves,
532 2530 642 2564 specula
655 2534 735 2563 atque
751 2531 869 2564 colores,

126 2564 266 2595 Pictrices.
280 2572 330 2591 nec
340 2572 373 2590 eo
385 2568 455 2591 tecta
466 2569 584 2591 tremore
594 2569 699 2591 carent.

87 2599 152 2634 Haec
166 2600 260 2626 forma:
268 2600 375 2634 pictura
386 2599 469 2625 trahit
482 2599 598 2626 damna:
614 2605 641 2625 at
653 2600 735 2626 decor
749 2601 816 2627 artis

129 2633 242 2669 Expers,
258 2633 395 2668 incompta
407 2638 433 2661 ct
446 2634 544 2666 forma,
556 2634 647 2661 labore
659 2639 750 2661 vacat.

87 2670 166 2703 Quod
182 2670 205 2696 si
222 2671 314 2696 fucan
326 2669 414 2704 placet
426 2669 566 2704 indulgere
580 2670 672 2699 nitori,

127 2705 228 2732 Focum
245 2703 415 2731 aversantem
430 2703 607 2731 haudmente
623 2705 696 2730 coles
714 2703 830 2738 placida.

88 2739 189 2767 Forma
206 2740 258 2766 fuit
274 2746 430 2774 peramoena
446 2739 552 2766 Esther.
569 2738 621 2766 Sed
633 2739 694 2773 quis
709 2739 758 2765 fuit
774 2741 831 2767 Oris

127 2775 243 2802 Fructus
256 2774 386 2801 formosi?
405 2775 493 2807 gentis
505 2774 592 2800 amica
610 2775 694 2800 satus.

88 2809 197 2838 Iezabel
215 2814 243 2836 at
257 2808 383 2835 meretrix
399 2809 494 2835 oculos
509 2808 565 2835 fera
579 2809 676 2843 pimit,
693 2813 719 2836 et
737 2808 798 2836 inde

125 2845 239 2872 Lumina
257 2845 359 2878 polluto
375 2843 460 2870 tincta
477 2851 573 2871 cruore
587 2844 658 2870 tulit.

229 2890 355 2922 PA'rnOL
382 2890 441 2920 Gn.
465 2889 628 2920 XXXVII.

882 2358 906 2387 B
919 2357 954 2383 At
962 2356 1017 2391 tibi
1037 2363 1091 2383 non
1106 2363 1175 2391 opus
1191 2359 1233 2384 est
1244 2363 1335 2391 regem
1344 2355 1466 2391 placare.
1480 2363 1530 2383 nec
1544 2356 1614 2383 inter

957 2390 1053 2418 Scorta
1068 2390 1144 2425 jaces
1157 2401 1163 2418 :
1177 2395 1207 2418 ut
1218 2391 1254 2418 sit
1270 2390 1325 2418 vita
1341 2390 1438 2425 pudiea
1453 2391 1525 2418 vide.

922 2424 1094 2461 Sacrificisne
1106 2431 1187 2461 caput
1200 2433 1253 2452 non
1265 2424 1361 2453 horres
1374 2426 1508 2461 subjicere
1520 2424 1597 2461 illud,

957 2460 1049 2487 Larva:
1060 2459 1155 2491 instar.
1171 2461 1267 2487 formis
1282 2460 1413 2494 oppositis
1430 2459 1565 2487 nitidum?

921 2495 979 2522 Non
995 2496 1107 2522 horrent
1127 2496 1221 2530 palma:
1237 2493 1306 2529 quas
1318 2493 1372 2522 liba
1388 2495 1420 2522 ad
1437 2493 1665 2530 mysticatendis,

957 2530 989 2556 Et
1004 2531 1082 2564 queis
1095 2529 1218 2564 depingis
1233 2531 1311 2556 triste
1326 2535 1353 2557 et
1367 2530 1446 2557 inane
1462 2529 1565 2557 decus?

921 2564 980 2600 Iam
996 2563 1058 2592 cum
1073 2563 1238 2600 martyribus
1247 2565 1347 2592 Christi
1360 2569 1517 2591 statuuntur
1528 2563 1650 2598 athletis,

958 2599 980 2625 A
999 2601 1098 2634 popqu
1116 2601 1232 2630 choreae,
1250 2603 1279 2634 ut
1292 2601 1405 2634 vulnera
1418 2603 1513 2627 sancta
1527 2600 1600 2626 colat
1613 2608 1619 2625 :

923 2633 1041 2668 Vulgus,
1058 2636 1224 2662 iuescantem
1245 2633 1342 2661 faciem
1370 2642 1473 2669 gerere,
1497 2642 1514 2661 ο
1537 2634 1637 2704 εεεᾞῗ,
1656 2641 1705 2686 ξιι-

1623 2676 1666 2695 es.

1623 2676 1666 2695 εει

957 2703 1016 2730 Νοη
1034 2711 1112 2730 secus
1128 2707 1208 2739 atque
1224 2702 1313 2730 forum
1332 2703 1404 2739 quod
1422 2703 1509 2730 media
1530 2702 1602 2730 urbe
1613 2707 1704 2738 patet:

921 2742 975 2776 Aut
991 2739 1045 2765 illis
1065 2746 1125 2776 p_ar1
1140 2738 1187 2773 qui
1201 2738 1323 2776 proferre
1332 2739 1473 2776 cubilibus
1489 2745 1603 2774 angues,

956 2773 1099 2801 Ostentar'e
1115 2773 1186 2800 feras
1198 2781 1213 2800 e
1232 2774 1408 2808 tenebrisque
1421 2773 1519 2800 solent.

920 2808 960 2836 Ne
973 2808 1094 2840 monitis,
1110 2809 1218 2840 mulier.
1233 2810 1336 2836 nostris
1352 2815 1445 2843 parere
1464 2815 1585 2838 recuses,

957 2843 1011 2871 Nec
1026 2842 1169 2872 temeraria
1183 2851 1260 2872 mens
1276 2842 1357 2872 ducat
1374 2844 1407 2872 ad
1420 2851 1467 2872 ora
1483 2850 1580 2870 manus
1592 2863 1600 2876 ,

1529 2890 1569 2920 29
