1954 3047
123 132 182 161 925

131 190 165 217 ’Π
179 190 233 226 γὰρ
240 191 363 227 παροῦσα
376 191 502 226 ψεύδεται
514 192 683 228 καθημέραν.

162 237 214 264 115
232 237 327 270 Οὐδεὶς
343 239 402 273 μετ’
416 239 500 274 ὀργῆς
508 239 636 273 ἀσφαλῶς
652 240 806 275 βουλεύεται
816 249 823 258 ο

122 282 167 309 Τὰ
179 283 234 319 γὰρ
249 286 306 319 μετ’
318 285 402 320 ὀργῆς
423 285 528 311 οὐδέπω
546 285 641 321 βουλὴν
656 285 722 321 ἔχει.

160 329 252 355 Δεινὸν
265 329 419 365 δράκοντες⁷
432 330 479 356 καὶ
494 331 646 366 κακοῦργον
661 332 772 364 ἀσπίδες
782 341 788 347 ·

121 373 211 408 Διπλῆ
224 375 351 408 γυναικὸς
365 374 487 410 δεινότης
502 376 531 401 ὲν
547 376 659 411 θηρίοις.

160 419 285 446 Πείθουσι
302 421 392 456 γυμνὰ
403 421 465 452 τοὺς
473 421 593 456 ὁρῶντας
608 422 698 454 ὀστέα,

122 464 177 491 120
202 464 245 495 Ὠς
259 465 335 492 οὐδὲν
347 466 412 501 ἡμῖν
434 466 573 501 προσφυὲς
585 466 640 493 τῶν
662 467 765 494 ἐνθάδε.

161 509 190 535 Εἰ
206 510 270 542 λοξὰ
286 511 323 546 μὴ
338 510 458 545 βαίνουσι
477 511 615 547 καρκίνων
629 512 712 546 γόνοι,

120 555 226 591 Πλῖραν
238 557 340 584 λάϐωσι
356 558 495 594 μητρικῶν
512 558 694 593 βαδισμάτων.

158 601 258 633 Δώσεις
272 603 413 638 προδήλως
433 603 568 635 ἐκϐιάζων
583 604 631 638 τὴν
644 604 734 638 φύσιν,

119 647 229 679 Καλοὺς
243 648 366 684 μαθητὰς
376 650 409 675 ἐκ
420 649 512 675 κακῶν
526 649 702 677 διδασκάλων.

159 694 210 721 125
229 695 333 730 Κόσμει
348 695 460 722 σεαυτὸν
470 696 526 727 τοῖς
541 696 632 727 καλοῖς
648 698 817 734 τεκμηρίοις,

118 739 175 766 Καὶ
187 740 225 777 μὴ
237 741 351 777 πένητος
367 740 485 776 ὀρφανοῦ
501 742 676 777 καταφρόνει.

370 862 576 901 Nartnﬂpraasens
592 866 662 892 fallit
674 866 806 901 quotidie.

406 900 456 926 H5
470 900 554 927 Nemo
568 901 653 928 iratus
666 900 762 928 secure
777 901 927 932 deliberat:

625 135 747 164 SECTIO
765 137 796 165 ll.
816 137 977 165 POEMATA
998 137 1169 166 MORALIA.‘

924 198 951 226 Α
999 195 1066 222 Θεοῦ
1080 196 1206 229 διδόντος,
1225 197 1300 224 οὐδὲν
1315 198 1401 234 ίσχύει
1415 199 1522 234 φθόνος.

967 241 1022 266 Καὶ
1036 242 1072 277 μὴ
1089 241 1214 274 διδόντος,
1229 243 1304 269 οὐδὲν
1319 244 1405 279 ἰσχύει
1423 245 1516 276 κόπος.

1002 287 1119 320 Τίκτεις,
1143 287 1233 322 ἔχιδνα
1245 297 1251 304 ”
1269 289 1306 324 μὴ
1324 290 1406 324 φοϐοῦ
1417 290 1466 322 τὰς
1476 290 1574 322 ὠδῖνας
1583 298 1591 306 ⁸

968 333 1018 360 150
1040 334 1132 368 Ἔχεις
1146 333 1265 361 λαϐοῦσα
1277 336 1409 370 μητρικοῦ
1425 337 1521 371 πεῖραν
1536 337 1627 364 τόκου.

1003 379 1095 411 Οὐδεὶς
1107 380 1234 415 ἀριστεὺς
1249 381 1280 407 ἐκ
1294 381 1427 416 προδήλου
1443 382 1560 413 δειλίας*

969 425 1050 451 Νῖκαι
1063 424 1117 459 γὰρ
1129 425 1319 460 εἰσπράττουσι
1329 426 1379 458 τὰς
1391 427 1537 462 εὐφημίας.

1008 471 1089 507 Ἀνὴρ
1103 471 1240 507 ὑπνώδης,
1257 472 1369 508 εὐρέι-ης
1385 473 1530 509 ὀνειράτων
1541 483 1548 490 ·

966 515 1078 551 Μύστης
1093 516 1146 552 γὰρ
1163 517 1245 549 ὕπνος
1259 519 1408 553 φασμάτων
1418 539 1425 551 ,
1442 519 1471 546 οὐ
1488 521 1667 555 πραγμάτων.

1003 562 1053 588 155
1065 563 1149 589 Εἴωῡε
1162 563 1264 589 πείθειν
1283 565 1320 599 μὴ
1336 564 1461 596 θέλοντας
1480 566 1496 600 ἡ
1515 565 1570 600 βία,

967 608 1062 643 Ἂγχει
1077 608 1130 644 γὰρ
1146 608 1214 644 αὕτη
1234 610 1281 636 καὶ
1294 610 1424 644 γίγαντας
1440 610 1580 642 πολλάκις.

997 655 1087 689 Δήμου
1104 655 1250 688 σφαλέντος
1260 676 1267 687 ,
1287 657 1341 687 πᾶς
1357 656 1478 692 ἀγύρτης
1492 658 1604 693 ἄρχεται
1617 665 1624 673 ·

962 699 1052 733 Δῆμος
1067 699 1096 725 δὲ
1112 701 1199 735 πάντη
1220 701 1273 728 τῶν
1291 701 1382 728 καλῶν
1398 702 1505 734 ἀταξία.

1000 745 1098 780 Ἔργον
1117 746 1253 782 πάρεργον
1265 747 1390 783 οὐδαμῶς
1406 747 1485 784 ἔργον
1502 748 1573 784 λέγω
1584 756 1593 766 '

367 933 432 972 Qua:
448 936 522 972 enini
533 944 593 972 cum
613 937 651 962 ira
668 940 799 972 geruntur
809 956 821 972 ,γ
832 936 947 972 consilio
959 942 1062 972 carent.

403 969 534 1006 llorremli
547 969 681 998 dracones
689 992 696 1002 ,
709 975 736 998 et
755 971 875 998 subdola:
891 971 1015 1006 aspides:

366 1002 504 1043 Duplicem
521 1006 618 1043 mulier
637 1006 717 1035 habet
734 1007 863 1033 malitiam
882 1002 1024 1043 utriusque
1043 1007 1117 1036 ferae.

402 1040 522 1075 §uadettt
535 1041 606 1072 nuda
622 1045 778 1075 spectantes
789 1049 863 1072 ossa,

366 1073 416 1111 121)
428 1073 500 1111 Nihil
517 1076 595 1103 nobis
607 1073 745 1111 proprium
760 1084 821 1103 esse
836 1076 862 1102 in
879 1076 929 1102 hac
945 1077 1011 1104 vita.

399 1109 440 1136 An
455 1110 563 1146 oblique
579 1109 633 1137 non
648 1109 806 1146 gradiantur
820 1118 981 1146 cancrorum
999 1112 1070 1140 {elus
1080 1133 1087 1144 ,

364 1140 583 1180 Experimetitum
595 1140 693 1180 capEre
707 1147 769 1173 licet
784 1140 917 1173 maternis
931 1154 965 1173 ex
980 1140 1142 1177 incessibus.

421 1180 591 1217 abisprocul
609 1181 707 1213 dubio,
724 1182 747 1208 si
763 1181 816 1207 vim
836 1181 959 1217 attuleris
974 1186 1086 1217 natum,

363 1212 453 1250 Bonos
464 1212 612 1250 discipulos
625 1223 656 1243 ex
676 1217 754 1243 malis
771 1216 918 1250 magistris.

399 1249 450 1276 125
467 1249 574 1278 Exorna
588 1251 705 1285 teipsum
723 1249 861 1286 praeclaris
875 1251 993 1284 dotibus,

362 1283 417 1320 Nec
431 1292 575 1320 pauperem
590 1283 742 1320 orphanqu
760 1290 914 1313 contemne.

399 1319 454 1347 Deo
470 1319 568 1353 dante,
587 1319 655 1348 nihil
674 1325 762 1355 potest
777 1322 865 1353 livor;

362 1353 439 1390 Etreo
459 1363 513 1382 non
534 1356 616 1383 dante
627 1376 634 1388 ,
649 1353 717 1382 nihil
735 1359 823 1390 potest
840 1356 925 1383 labor.

397 1389 474 1426 Paris
484 1411 491 1422 ,
504 1391 612 1426 vipera;
628 1399 682 1418 non
696 1389 759 1418 tiuie
776 1395 870 1426 partus
887 1391 992 1418 labores

363 1424 414 1451 150
427 1425 491 1452 Sum
513 1424 569 1452 tum
585 1426 670 1453 habes
691 1424 807 1453 materni
819 1426 1034 1460 experimentum
1050 1430 1154 1461 partus.

396 1459 481 1487 Nemo
495 1435 590 1488 Bellica
611 1461 690 1488 laude
708 1461 785 1488 lloret
796 1482 804 1488 .
818 1461 863 1488 aui
881 1464 971 1488 aperte
983 1462 1095 1488 ignavus
1107 1466 1148 1488 est

396 1459 481 1486 Nemo

397 1468 481 1487 nemo
496 1468 590 1488 nemca
611 1468 690 1488 laude
708 1468 785 1488 uoret
796 1482 804 1492 ,
818 1469 863 1495 qut
881 1469 891 1487 τι

363 1493 490 1531 “gerite
502 1496 574 1523 enim
586 1496 697 1531 exigunt
711 1496 891 1523 laudationes.

514 1461 590 1488 ellica
611 1461 690 1488 laude
708 1461 785 1497 ﬂoret
796 1482 804 1492 ,
818 1461 863 1495 qui
881 1464 971 1496 aperte
983 1462 1095 1497 ignavus
1107 1466 1148 1489 est

395 1529 571 1566 596'597
588 1529 642 1558 Vir
650 1532 835 1558 somnolentus
849 1531 973 1557 inventor
986 1533 1028 1556 est
1043 1529 1211 1566 somniorum
1226 1538 1232 1555 :

361 1564 479 1592 Somnus
492 1564 564 1592 enim
579 1566 724 1593 simulacra
740 1574 830 1593 rerum
848 1566 966 1596 exhibet,
982 1572 1034 1591 non
1050 1571 1093 1590 res
1107 1564 1190 1598 ipsas.

396 1600 447 1627 155
466 1600 540 1628 Solet
554 1601 716 1635 persuadere
732 1602 813 1628 etiam
832 1601 953 1628 nolentes
967 1599 1094 1626 violentia
1108 1607 1115 1624 :

359 1635 437 1671 Cogit
449 1643 566 1670 namque
583 1637 640 1670 ipsa
653 1636 752 1671 saepius
769 1636 902 1670 gigantes.

420 1671 501 1705 opulo
515 1669 638 1706 decepto,
654 1669 743 1706 quivis
755 1669 902 1697 circulator
915 1669 1086 1706 dominatur:

363 1704 483 1767 Pogulus
498 1704 591 1732 autem
603 1704 713 1733 omnino
724 1711 765 1733 est
778 1707 908 1732 bonorum
924 1705 1057 1731 confusio.

423 1748 471 1767 nus
488 1744 691 1767 ormoosterum.
705 1742 857 1767 nullatenus
872 1747 940 1767 onus
956 1747 1022 1767 voco
1037 1749 1043 1766 :

422 1748 471 1775 pus
488 1744 691 1775 prmposterum.
705 1742 857 1768 nullatenus
872 1747 940 1775 opus
956 1747 1022 1767 voco
1037 1749 1043 1766 :

145 1839 191 1875 121
210 1839 258 1874 Μὴ
271 1840 424 1873 βαίνουσι,
438 1845 490 1868 etc.
508 1840 545 1867 lta
557 1840 621 1875 Reg.
639 1841 689 1868 cod
711 1840 794 1874 Edit.,
807 1849 892 1875 προσ-

112 1873 240 1910 βαίνουσι.
262 1875 312 1902 Vix
329 1875 385 1902 ﬁeri
402 1880 500 1910 potest,
527 1873 614 1910 inquit
628 1876 732 1907 BilliusI
750 1881 778 1902 ut
796 1876 813 1902 ii
829 1873 890 1910 qni-

113 1908 163 1936 bus
178 1910 242 1936 mali
263 1911 324 1938 vitat
343 1908 463 1944 magistri
482 1908 664 1942 contiﬁerunt,
682 1920 735 1938 non
758 1911 808 1945 ipsi
823 1908 891 1945 q'uo-

111 1951 163 1978 que
178 1944 240 1970 mali
264 1950 290 1972 et
314 1946 440 1979 llagitiosi
457 1947 608 1973 exsistant:
626 1946 695 1973 unde
713 1944 777 1973 illud
792 1955 799 1973 :
830 1944 893 1972 ntali

111 1979 189 2010 corvi,
207 1980 306 2006 malum
325 1989 411 2007 ovum.

134 2014 196 2050 429
214 2013 335 2050 Τίκτεις,
354 2021 406 2042 etc.
434 2016 525 2043 Schol.
543 2026 549 2044 :
566 2015 658 2041 Τίκτει
673 2015 763 2050 ἔχιδνα
784 2015 820 2050 μὴ
847 2024 894 2049 φο-

111 2048 196 2075 6066a
211 2049 259 2081 τὰς
269 2050 375 2082 ὠδῖνας.
392 2049 471 2078 Juxta
488 2051 596 2078 Billium
611 2051 652 2078 his
669 2048 759 2078 verbis
774 2048 894 2078 ostendit

111 2082 256 2121 Gregorius
279 2093 331 2112 non
354 2093 416 2112 esse
438 2087 510 2120 quod
534 2087 679 2121 quisquam
706 2090 846 2120 queratur,
870 2086 893 2112 si

111 2119 204 2155 eodem
225 2121 306 2155 modo
325 2121 370 2147 alii
393 2128 454 2147 cum
478 2119 649 2155 ipso-agant.
668 2119 722 2155 quo
745 2121 803 2155 ipse
830 2128 893 2147 cum

111 2154 170 2191 aliis
190 2154 265 2191 prius
285 2156 361 2189 egit:
377 2160 405 2182 ut
424 2157 446 2182 si
469 2154 529 2191 quis
552 2154 646 2183 eodem
671 2154 816 2190 Suppli’cio,
839 2164 893 2190 quo

111 2189 177 2225 alios
191 2189 296 2217 allicere
311 2191 426 2221 solebat,
440 2189 531 2225 poétea
548 2189 730 2218 excrucictur.

145 2224 193 2251 157
210 2225 309 2260 Δήμου
329 2224 508 2260 σφαλέντος.
530 2225 595 2261 Reg.
617 2226 694 2257 HW,
711 2225 803 2260 δήμων
823 2233 892 2260 σφα-

948 1841 1057 1867 λέντων.
1074 1839 1169 1867 Billius
1183 1841 1262 1867 vertit
1277 1839 1400 1875 ἄρχεται,
1412 1840 1514 1874 incipit,
1531 1843 1630 1868 etcum
1642 1841 1734 1870 nullus

948 1877 983 1903 sit
1000 1884 1109 1908 sensus,
1132 1880 1208 1910 putat
1223 1875 1512 1911 .legendumrl'ortasse
1529 1875 1653 1911 ἔρχεται.
1680 1876 1732 1903 Sed

948 1911 1015 1938 nihil
1034 1911 1194 1946 mutandum
1215 1920 1221 1936 :
1238 1910 1349 1946 ἄρχεται
1364 1910 1434 1946 idem
1451 1910 1585 1946 significat
1605 1918 1637 1937 ac
1657 1912 1732 1946 ήγεί-

946 1955 1003 1978 ται,
1016 1945 1087 1980 quod
1101 1944 1273 1972 Homericum
1290 1950 1341 1975 est.
1360 1945 1446 1980 inquit
1456 1944 1590 1976 Cbmbeli,
1607 1944 1732 1973 sensum-

946 1989 999 2015 que
1012 1983 1145 2015 optimum
1158 1980 1237 2007 ellicit
1252 1989 1257 2006 :
1271 1980 1385 2006 Seducta
1398 1980 1479 2015 plebe,
1491 1981 1576 2015 quivis
1588 1981 1732 2008 circulator

946 2021 1051 2050 prazesl,
1069 2015 1158 2048 quivis
1177 2015 1277 2041 nebulo
1298 2016 1487 2042 auctoritatem
1510 2020 1633 2050 usurpat.
1651 2016 1730 2043 Nulla

947 2051 1029 2077 etiam
1047 2050 1192 2077 dillicultas
1213 2052 1240 2076 in
1257 2051 1346 2077 verbis
1369 2051 1557 2083 sequentibus.
1576 2058 1636 2085 qua:
1658 2052 1729 2077 Inul-

946 2089 1004 2112 tmn
1016 2086 1118 2112 torsere
1134 2085 1251 2112 Billium.
1268 2085 1356 2120 Δῆμος
1375 2085 1463 2111 καλῶν
1479 2085 1586 2118 ἀταξία,
1599 2085 1670 2120 plebs
1685 2086 1731 2112 bo-

948 2129 1041 2147 norum
1062 2121 1192 2154 confusio,
1212 2128 1303 2146 eorum
1323 2121 1433 2151 scilicet,
1453 2121 1547 2155 quibus
1567 2121 1668 2147 credito
1690 2125 1729 2147 est

949 2156 1105 2188 respublica.
1124 2155 1178 2182 Nec
1192 2163 1303 2183 necesse
1319 2161 1424 2183 mutare
1436 2155 1537 2190 καλῶν,
1552 2156 1663 2191 legendo
1679 2164 1728 2182 κα-

947 2192 1013 2222 κῶν,
1032 2195 1061 2218 ut
1077 2191 1154 2217 Billio
1169 2191 1266 2224 placet.

765 2336 930 2366 METRICA
946 2335 1094 2365 VERSIO.

108 2431 164 2460 Hoc
177 2438 294 2466 namque
308 2438 428 2466 prazsens
446 2430 569 2465 quolibet
586 2429 653 2457 l'allit
671 2430 726 2458 die.

140 2467 261 2495 Consilia
277 2474 357 2493 nemo
371 2472 446 2493 recta
458 2470 611 2492 commotus
625 2467 714 2499 capit:

107 2502 235 2529 Consulta
251 2509 300 2528 nee
312 2506 391 2533 sunt,
407 2501 446 2527 ira
459 2501 537 2534 queis
552 2501 717 2535 adjungilur.

141 2537 208 2564 Saevi
222 2537 374 2568 dracones;
389 2536 493 2562 callida:
506 2539 569 2563 sunt
583 2536 691 2570 aspides
703 2546 708 2562 :

108 2572 152 2599 Est
165 2571 328 2599 feminarum
343 2572 384 2598 vis
398 2570 497 2605 duplex
513 2571 584 2597 inter
599 2571 680 2597 feras.

140 2607 208 2634 Dum
223 2606 415 2641 conspicamur
434 2613 497 2632 ossa
511 2606 582 2632 nuda
598 2605 755 2641 carnibus,1

108 2641 154 2669 Hic
164 2649 226 2669 esse
241 2640 320 2668 nobis
334 2640 465 2668 discimus
480 2645 584 2667 eertum
601 2640 679 2666 nihil.

139 2677 263 2704 lncessus
275 2683 310 2702 an
326 2676 362 2703 sit
380 2683 480 2702 curvus
493 2675 564 2702 haud
580 2682 680 2702 cancro
695 2675 774 2707 satis,

107 2710 214 2739 Discant
230 2711 351 2746 parentis
370 2710 443 2738 istud
457 2718 491 2737 ex
508 2710 672 2737 incessibus.

138 2744 239 2773 Natura
250 2747 274 2773 si
287 2747 342 2773 vim
359 2745 459 2772 sentiat
471 2749 545 2771 tuam
556 2764 564 2776 ,
580 2753 612 2772 ex
629 2744 709 2772 malis

107 2781 191 2809 Bonos
206 2781 346 2815 magistris
357 2780 506 2815 discipulos
519 2783 592 2807 certe
608 2779 697 2807 dabis.

138 2817 210 2844 Orna
223 2811 333 2851 quidem
345 2819 371 2843 te
384 2811 466 2843 rebus
478 2815 688 2843 excellentibus.

107 2850 191 2880 Orbos
207 2850 317 2888 egentes
332 2858 387 2880 non
406 2855 497 2882 tamen
511 2858 610 2886 sperne
628 2850 758 2879 insolens.

905 2435 925 2461 Β
976 2429 1100 2456 Donante
1116 2427 1227 2455 Christo
1239 2447 1246 2459 ,
1264 2427 1304 2454 nil
1323 2427 1412 2454 malus
1430 2427 1498 2454 livor
1512 2430 1618 2462 potest:

940 2463 999 2490 Non
1015 2464 1096 2490 dante
1111 2463 1237 2494 Christo,
1263 2463 1299 2488 nil
1316 2463 1392 2488 labor
1408 2467 1501 2489 noster
1519 2465 1618 2496 potest.

977 2498 1075 2526 Partus
1091 2498 1199 2525 dolores
1217 2505 1250 2524 ne
1270 2501 1394 2531 pavescat
1414 2498 1523 2531 vipera:

940 2533 1050 2560 Partum
1066 2534 1186 2568 parentis
1201 2533 1340 2566 experitur
1355 2532 1395 2559 sic
1416 2540 1480 2559 suae.

975 2568 1038 2595 Fert
1055 2567 1134 2595 nemo
1149 2567 1265 2602 palmam
1275 2587 1282 2598 ,
1302 2574 1382 2601 quem
1397 2571 1469 2594 tenet
1484 2567 1571 2599 turpis
1584 2573 1686 2596 metus:

939 2603 1007 2630 Nam
1023 2603 1080 2630 sola
1097 2603 1190 2629 laudes
1203 2602 1288 2636 exigit
1311 2602 1436 2628 victoria.

976 2638 1023 2665 Vir
1035 2638 1223 2665 somnolentus
1238 2637 1295 2664 sola
1315 2637 1417 2671 reperit
1436 2640 1557 2665 somnia:

937 2673 1005 2700 Nam
1019 2680 1132 2699 somnus
1145 2672 1215 2698 haud
1230 2680 1275 2698 res
1285 2692 1292 2704 ,
1316 2672 1374 2698 visa
1389 2673 1435 2698 sed
1454 2676 1544 2700 tamen
1557 2673 1645 2701 docet.

976 2707 1022 2736 Vis
1041 2714 1201 2743 permovere
1220 2707 1288 2733 dura
1303 2707 1427 2743 nolentes
1443 2708 1527 2734 solet:

939 2743 1008 2778 Ipsis
1022 2747 1050 2770 et
1068 2742 1146 2769 aﬂ'ert
1160 2749 1223 2768 nam
1235 2749 1332 2778 manus
1344 2742 1512 2778 gigantibus.

973 2778 1088 2805 Errante
1101 2777 1194 2811 plebe,
1210 2777 1358 2804 circulator
1375 2784 1438 2804 mox
1456 2777 1543 2805 subit:

938 2813 1018 2840 Plebs
1029 2818 1056 2839 at
1067 2813 1201 2839 bonorum
1216 2819 1329 2846 prorsus
1344 2815 1385 2838 est
1396 2812 1531 2841 confusio.
1565 2820 1570 2823 '

973 2849 1062 2883 Opus,
1076 2847 1147 2883 quod
1161 2847 1194 2874 ad
1210 2855 1267 2874 rem
1282 2847 1319 2874 nil
1331 2847 1396 2874 facit
1408 2869 1414 2880 ,
1429 2856 1482 2875 uon
1499 2852 1541 2876 est
1559 2857 1628 2885 opus
1641 2857 1650 2878 :
