1954 3047
272 208 360 240 Πολὺς
376 207 425 242 μὲν
437 206 510 232 ἐστιν
523 205 537 231 ὁ
553 203 730 240 προκείμενος
747 202 845 238 δρόμος
856 211 862 217 ν

238 253 342 282 Πλείων
358 252 379 278 δ’
394 252 408 277 ὁ
423 250 526 286 μισθός.
539 249 584 284 Μὴ
601 249 706 284 βλέπων
720 248 750 274 τὺ
767 249 820 274 πᾶν
840 247 909 282 ἅμα,

238 298 292 325 Τοῦ
306 297 404 328 παντὸς
417 297 526 330 ὲκστῇς.
539 294 594 320 Καὶ
607 293 697 325 πλέεις
712 293 741 319 οὐ
758 293 810 318 πᾶν
823 293 880 327 ἅμα
890 300 896 306 ·

238 346 273 373 40
282 345 337 372 Καὶ
350 343 428 370 τοῦτο
441 343 524 376 πεῖρα
535 340 664 370 πολλάκις
674 339 720 365 τοῦ
734 337 892 373 δυσμενοῦς.

273 391 319 426 Μὴ
341 390 441 424 σφόδρα
460 388 571 423 Θαρρεῖν
583 407 590 418 ,
613 386 672 421 μηδ’
683 384 841 416 ἀπελπίζειν
854 384 932 418 ἄγαν.

239 437 276 464 Τὸ
289 438 337 472 μὲν
353 435 407 471 γὰρ
420 434 510 461 ἐκλύει
531 441 560 458 σε
573 452 581 464 ,
595 432 633 466 τῷ
648 431 670 457 δ’
681 430 830 466 ἀνατρέπῃ.

239 483 277 510 Το
294 480 342 515 μὲν
357 478 488 513 κατόρθου
499 497 506 508 ,
519 475 566 502 τοῦ
578 476 600 502 δ’
616 475 691 510 ἕχον-
706 474 776 501 τοῦδ’
793 474 823 500 οὐ
839 473 943 508 φθόνος.

240 529 297 563 οὐχ
309 528 348 558 ὡς
363 524 422 551 ὀδοῦ
437 523 466 550 τὺ
480 523 572 548 λεῖπον
583 522 687 556 ἁχρειοῖ
704 520 794 546 πόνον.

275 562 310 599 λε’)
325 571 370 606 Μὴ
384 569 482 604 θερμὸν
498 568 594 594 ἅπτειν
606 586 612 597 ,
631 565 760 600 ἐμμένειν
775 565 797 591 δ’
813 562 854 596 οἷς
871 565 904 591 ἂν
916 564 1020 601 κρίνῃς·

240 619 373 654 Κρεῖσσον
386 614 549 650 προκύπτειν
562 632 569 644 ,
585 613 601 646 ἡ
621 620 640 637 ει
651 611 760 637 κόπτειν
781 610 828 636 τοῦ
846 609 940 637 καλοῦ.

241 665 296 691 Καὶ
312 662 366 697 πὰρ
381 661 480 690 κακοὺς
496 657 640 691 καλοῦμεν,
653 656 712 691 οὐχ).
726 657 788 687 τοὺς
805 656 889 688 κάτω,

241 710 310 740 Τοὺς
323 708 357 738 δ’,
369 705 437 741 ἡνίχ’
456 703 592 738 ὑψωθῶσι,
609 702 754 732 πίπτοντας
769 701 849 736 μέγα.

276 753 396 788 Σπινθὴρ
412 751 525 778 ἀνάπτει
537 748 584 774 καὶ
597 747 699 783 βραχὺς
711 746 810 782 πολλὴν
823 746 918 780 ωλόγα,

554 147 582 174 S.
600 143 765 174 GREGORII
779 143 902 171 THEOL.
919 141 1102 171 CARMINUM
1121 140 1223 169 LIBER
1238 141 1258 168 Ι.
1275 139 1505 168 THEOLOGICA.

1036 205 1058 232 Α
1073 200 1107 227 50
1127 199 1180 226 Καὶ
1195 198 1293 234 σπέρμ’
1307 198 1412 233 ἐχίδνης
1428 197 1555 228 πολλάκις
1570 195 1690 223 διώλεσε.

1807 137 1866 169 932

1074 245 1150 273 Τοῦτ’
1165 243 1211 272 οὖν
1221 245 1300 280 ὁρῶν,
1317 244 1422 271 ἕκκλινε
1437 244 1484 271 καὶ
1499 243 1596 279 μικρὸν
1613 242 1718 277 βλάϐος

1073 290 1179 325 Μικρὸν
1194 290 1243 325 μὲν
1258 289 1341 322 ἐστιν,
1357 290 1397 320 εἰς
1407 289 1434 315 δὲ
1451 288 1541 324 μεῖζον
1554 288 1673 323 ἔρχεται.

1114 335 1227 371 Ἐρεύνα
1241 335 1336 362 σαυτὸν
1349 335 1450 366 πλεῖον,
1462 334 1479 369 ἢ
1496 334 1531 360 τὰ
1546 335 1599 360 τῶν
1617 333 1709 365 πέλας·

1075 382 1111 408 Τὸ
1126 382 1173 416 μὲν
1185 381 1238 416 γὰρ
1252 381 1331 412 αὐτὸς
1346 380 1494 415 κερδανεῖς,
1509 380 1540 406 τὸ
1555 379 1577 406 δ’
1591 381 1616 406 οἱ
1631 379 1724 410 πέλας.

1075 427 1108 453 55
1125 427 1266 462 Κρείσσων
1279 427 1406 462 λογισμὸς
1419 426 1555 462 πράξεων,
1569 427 1585 462 ἢ
1598 426 1756 462 χρημάτων·

1075 474 1115 500 Τὰ
1133 474 1182 509 μὲν
1194 474 1247 509 γάρ
1262 475 1320 500 ἐστι
1335 474 1448 508 φθορᾶς,
1465 473 1498 499 τὰ
1512 473 1539 499 δὲ
1553 473 1670 499 ῖσταται.

1116 520 1145 545 ’0
1161 519 1222 550 νοῦς
1236 519 1278 546 ἀεί
1297 528 1337 545 σοι
1352 519 1478 554 καμνέτω
1489 518 1655 552 τυπούμενος

1075 565 1162 597 Θείοις
1177 566 1293 600 νοήμασί
1308 574 1337 592 τε
1351 566 1399 592 καὶ
1415 565 1471 600 βίου
1487 564 1585 598 λόγοις.

1077 610 1204 646 Γλώσσης
1215 612 1243 638 δὲ
1258 612 1359 646 φείδου’
1374 611 1420 638 καὶ
1432 610 1486 646 γὰρ
1500 610 1670 644 εὐκολωτέρα,

1077 656 1111 683 60
1129 657 1270 684 Βλάπτειψ
1287 658 1318 684 τὸ
1334 657 1427 691 κέρδος
1443 657 1466 683 δ’
1479 653 1562 691 ἧσσον
1578 653 1606 682 εὗ
1624 654 1796 689 κινουμένης.

1115 703 1194 737 Ὄψις
1209 703 1365 738 συνήρπασὲ
1385 711 1428 738 με,
1446 701 1515 737 πλὴν
1532 701 1589 728 ἀλλ’
1604 700 1726 736 ἐσχέθηψ

1078 748 1192 775 Εἴδωλον
1208 749 1257 775 οὑκ
1270 749 1372 783 Eat-qna.
1385 748 1433 783 τῆς
1445 748 1589 783 ἁμαρτίας.

528 805 624 841 lugens
638 804 746 839 quidem
761 804 807 831 tibi
824 805 979 839 propositus
994 813 1092 832 cursus
1105 813 1112 830 :

493 841 545 868 Sed
567 841 653 874 major
672 844 714 867 est
730 847 843 867 merces.
858 841 929 867 Cave
946 848 980 867 tte
998 841 1077 867 simul
1091 845 1175 867 totum
1191 841 1310 873 intuens,

493 876 589 903 Totum
610 875 730 902 amittas.
749 874 840 910 Neque
852 875 923 901 enim
939 879 1025 902 totunt
1043 876 1122 902 simul
1139 876 1268 910 navigas:

492 912 527 939 ιο
539 912 626 945 Atque
641 911 666 936 id
681 918 751 944 smpe
766 914 808 936 est
821 911 935 936 tetttatio
951 910 1064 936 inimici.

526 946 566 973 Ne
584 946 697 972 ttitttium
710 945 841 977 conﬁdas,
858 953 906 971 nec
919 945 1031 971 nimium
1046 945 1185 980 desperes.

493 981 567 1008 Istud
580 981 652 1007 cnim
665 985 690 1007 te
703 980 835 1011 debilitat,
847 980 901 1006 alio
912 980 1088 1007 subveneris.

492 1017 572 1043 Aliud
589 1016 710 1047 absolve,
726 1015 752 1041 in
767 1015 879 1041 alterum
894 1015 1019 1042 incumbe
1034 1024 1040 1041 :
1058 1016 1138 1050 hujus
1151 1016 1224 1042 nulla
1238 1016 1274 1043 sit
1291 1015 1402 1043 invidia.

493 1051 550 1079 Non
567 1051 639 1077 enim
655 1050 728 1085 quod
743 1051 792 1076 vi:e
804 1050 935 1084 reliquum
947 1054 999 1080 est,
1012 1050 1117 1077 irritum
1135 1051 1221 1078 reddit
1234 1052 1361 1080 laborent.

528 1086 563 1113 45
575 1085 613 1113 Ne
625 1086 740 1113 calidius
753 1085 878 1116 :tssilitts;
896 1086 942 1111 sed
957 1089 1046 1119 persta
1058 1085 1084 1112 itt
1102 1086 1144 1113 his
1163 1094 1223 1120 qum
1233 1086 1282 1113 tibi
1297 1091 1398 1114 statuta
1413 1091 1476 1113 sunt
1489 1093 1494 1111 :

495 1121 607 1148 Prtestat
623 1121 765 1154 prolicere.
776 1127 857 1155 quant
869 1121 930 1146 botti
944 1120 1090 1154 quidquam
1106 1121 1258 1148 detrahere.

493 1155 664 1198 βοοθοι

687 1155 893 1191 Lteniutmalos
906 1163 1108 1191 vocantus,non
1123 1164 1170 1184 eos
1187 1157 1232 1191 qui
1247 1156 1317 1183 infra
1329 1156 1457 1188 residem,

495 1190 547 1218 Sed
558 1190 612 1218 eos
625 1191 681 1224 qui,
699 1198 761 1216 cum
777 1190 858 1216 altius
872 1190 1092 1223 conscenderiut,
1105 1191 1224 1225 graviter
1239 1196 1332 1219 ruunt.

528 1225 577 1253 Vel
593 1226 659 1253 levis
673 1225 790 1253 Scintilla
808 1225 943 1259 ingentem
958 1225 1091 1251 ﬂammam
1111 1227 1254 1254 accendit:

494 1261 530 1288 50
550 1261 583 1288 Et
595 1261 694 1295 vipera:
710 1267 801 1287 semen
816 1267 887 1294 saepe
904 1263 1018 1286 mortem
1037 1260 1128 1287 infert.

495 1298 559 1323 Haec
572 1303 634 1323 eutn
649 1295 751 1326 videas,
765 1295 806 1321 vel
822 1302 932 1328 parvam
948 1295 1009 1321 vitae
1025 1295 1108 1322 labem
1125 1295 1213 1323 devita
1227 1305 1234 1322 :

495 1331 581 1358 Parva
596 1330 704 1366 quidem
720 1334 771 1366 est,
789 1331 835 1356 sed
851 1330 998 1356 crescendo
1011 1329 1037 1356 lit
1051 1330 1146 1364 major.

532 1365 660 1404 scrutare
675 1365 765 1404 potius
782 1365 897 1404 teipsum
911 1372 992 1404 quam
1009 1371 1054 1392 res
1071 1366 1173 1393 alienas
1190 1375 1196 1392 :

497 1401 563 1428 lllttd
579 1401 650 1428 enim
662 1399 721 1430 tibi,
740 1400 789 1425 ltoc
802 1399 861 1425 aliis
877 1399 994 1433 prodest.

496 1436 532 1463 55
551 1435 664 1462 Praestat
680 1435 748 1461 inire
763 1435 894 1460 rationem
909 1435 1056 1465 actionum,
1074 1443 1155 1469 quam
1169 1434 1344 1469 pecuniarum
1357 1443 1364 1460 :

496 1471 542 1498 Ila:
557 1471 629 1497 enini
645 1474 866 1504 corrumpuntur,
882 1469 933 1496 illae
947 1477 1010 1496 vero
1026 1475 1192 1503 permanent.

531 1506 685 1532 Continuus
698 1504 744 1531 tibi
762 1505 837 1530 labor
851 1505 896 1536 sit,
911 1508 939 1530 ut
954 1511 1031 1530 mens
1049 1508 1094 1531 tua
1108 1505 1270 1532 informetur

497 1540 601 1568 Divinis
613 1539 827 1574 cogitationibus
840 1543 867 1566 et
883 1539 1049 1566 salutaribus
1061 1540 1182 1567 monitis.

497 1576 549 1603 Sed
565 1583 645 1610 parce
658 1576 776 1609 linguae:
794 1575 850 1610 haec
864 1575 935 1600 enint
951 1574 1097 1610 proclivior
1112 1575 1144 1601 ad
1163 1575 1312 1603 ltedendunt
1329 1584 1337 1603 :

495 1611 530 1637 60
550 1609 679 1637 Minorem
692 1610 773 1646 etiam
787 1609 931 1646 utilitatem
946 1609 1027 1642 parit,
1045 1611 1170 1644 quamvis
1184 1612 1289 1646 egregie
1305 1616 1454 1639 moveatur.

531 1646 664 1679 Aspectus
679 1652 721 1671 tne
736 1644 870 1679 abripuit;
885 1643 931 1670 sed
945 1647 1036 1670 tamen
1049 1643 1092 1672 tne
1107 1643 1216 1674 cobibui
1230 1657 1237 1674 :

497 1679 640 1715 Imaginth
655 1679 758 1714 peccati
772 1687 827 1706 non
842 1679 942 1706 eﬂinxi.

285 1736 319 1764 38
333 1735 381 1769 Μὴ
393 1735 528 1768 βλέπων.
544 1736 582 1762 Ita
597 1734 662 1769 Reg.
675 1735 752 1761 1277.
770 1734 840 1761 Edit.
859 1735 896 1770 μὴ
911 1734 1029 1769 βλέπειν.

283 1773 318 1799 L3
336 1771 416 1798 Τοῦδ*
430 1771 466 1797 οὐ
484 1771 604 1804 φθόνος.
626 1770 714 1796 Locus
734 1770 850 1797 diﬂicilis
864 1779 872 1797 :
887 1778 939 1796 tton
962 1771 1032 1797 male

251 1807 346 1838 Leuv.,
362 1805 428 1832 nihil
446 1806 554 1832 moreris
567 1812 576 1832 :
589 1805 615 1832 id
629 1809 682 1839 est,
702 1804 767 1831 nihil
780 1806 849 1831 istud
868 1809 891 1832 te
905 1810 1031 1837 moretur,

250 1843 274 1869 si
290 1842 367 1868 absit.
384 1841 488 1867 Altiora
506 1845 529 1867 te
542 1848 573 1867 ne
592 1840 690 1874 capias,
712 1848 743 1866 ne
758 1841 834 1871 scies,
851 1848 883 1866 ne
898 1840 1032 1873 invideas;

251 1885 283 1904 ac
298 1877 322 1903 si
339 1885 370 1903 ea
391 1876 497 1902 minime
512 1879 664 1902 consecutus
683 1883 721 1905 es,
737 1875 834 1902 invidia
847 1875 971 1902 adversus
987 1883 1031 1902 eos

251 1913 295 1947 qui
319 1911 548 1947 consecutiusunt,
570 1918 601 1936 ne
627 1909 754 1947 tabescus.
777 1909 900 1947 Contbef.
917 1919 923 1936 :
942 1910 1030 1947 Hujus

251 1945 325 1973 nulla
334 1946 442 1973 invidia.
453 1945 528 1972 Nihil
541 1946 657 1974 interest.
671 1945 747 1971 modo
759 1945 806 1971 vim
820 1946 947 1979 reliquum
959 1945 1030 1970 haud

250 1989 356 2008 cassum
373 1980 476 2008 reddat.
495 1981 601 2007 Nicetas
618 1989 624 2006 :
641 1979 745 2006 Inmdia
757 1979 809 2006 Deo
822 1981 895 2006 uuila
908 1986 956 2011 est,
968 1981 1031 2013 quin

249 2017 428 2051 consequaris.
454 2015 576 2049 Gregorii
604 2021 679 2042 mens
701 2015 758 2041 inec
780 2023 841 2042 esse
863 2015 980 2045 videtur.
1003 2018 1032 2041 ut

251 2050 343 2078 animo
365 2059 418 2077 tton
438 2051 622 2082 concidamus,
646 2056 695 2076 nec
717 2057 789 2084 spem
808 2058 914 2076 outneut
935 2050 1032 2077 salutis

252 2087 423 2119 abjtciamus,
442 2086 465 2113 si
484 2093 612 2112 nutueros
627 2092 723 2111 omnes
742 2085 849 2111 virtutis
861 2086 968 2119 explere
983 2093 1031 2111 ne—

251 2129 394 2156 queamus,
422 2120 641 2155 quandoquidem
670 2120 803 2156 mediocri
825 2121 905 2147 etiam
934 2120 1033 2156 virtute

251 2154 375 2192 prteditis
398 2154 517 2192 in’cwlo
537 2163 585 2182 sua
602 2155 739 2192 cst_ctiatn
753 2155 837 2192 sedes
852 2154 1031 2192 parata._Non

251 2189 344 2218 eadem
359 2191 427 2218 ratio
442 2195 483 2217 est
496 2198 589 2217 eorum
609 2190 654 2224 qui
671 2189 703 2215 ad
721 2190 836 2216 salutem
853 2190 1031 2220 contendunt,

251 2233 284 2252 ac
299 2233 392 2252 eorum
408 2226 453 2259 qtti
467 2226 518 2252 iter
530 2225 637 2259 aliquod
652 2225 754 2250 l'aciuut
768 2235 773 2251 :
790 2225 830 2251 itis
846 2225 917 2250 ettittt
934 2225 983 2251 nisi
998 2225 1032 2251 ad

251 2260 352 2291 locum.
369 2268 423 2295 quo
438 2261 477 2286 ire
489 2261 540 2287 sibi
555 2264 718 2294 proponunt,
738 2263 920 2293 pervenerint,
938 2261 1033 2286 irritus

251 2300 294 2323 est
309 2297 398 2323 omnis
418 2295 509 2328 labor;
531 2295 578 2322 sed
600 2302 653 2320 ttott
672 2295 735 2320 item
755 2295 799 2326 iis,
820 2295 865 2327 qtti
879 2295 906 2320 itt
921 2295 1033 2321 honesta

250 2331 359 2358 vivendi
386 2330 492 2358 ratione
529 2333 672 2357 versantur
697 2333 779 2364 atque
803 2329 976 2356 ascensioues
1006 2330 1031 2356 itt

1080 1736 1163 1764 corde
1177 1744 1228 1764 suo
1242 1737 1401 1772 disponunt.
1417 1736 1472 1764 Nec
1490 1737 1574 1768 enim,
1596 1736 1618 1763 si
1638 1736 1867 1772 supremumrrir-

1081 1772 1149 1799 tutis
1158 1772 1261 1807 apicem
1274 1771 1327 1800 non
1340 1773 1488 1806 attigerint,
1503 1777 1643 1806 propterea
1657 1772 1748 1798 animo
1764 1771 1866 1798 debettt

1081 1807 1236 1840 concidere,
1251 1807 1362 1841 perinde
1374 1815 1406 1834 ac
1418 1807 1541 1834 laboruttt
1551 1815 1661 1834 suorum
1675 1807 1765 1833 nullus
1775 1807 1867 1833 omni-

1081 1849 1118 1869 no
1134 1842 1238 1869 fruetus
1253 1843 1359 1869 futurus
1376 1842 1420 1869 sit.

1117 1877 1151 1904 48
1173 1878 1272 1912 Ἠνίχ’,
1288 1878 1381 1904 Ambr.
1396 1877 1457 1905 cod.
1471 1877 1544 1904 ὅταν.
1559 1876 1720 1927 ῐῖρξξᾹΥΠ,
1736 1875 1824 1904 εὖτεν.

1119 1912 1152 1927 rm
1173 1912 1275 1927 νηιζιυῦ
1311 1912 1392 1927 ΛΜΙ-ιιι
1427 1913 1576 1927 -..ιιι-η...-
1620 1912 1711 1927 ’.υηισιο
1736 1913 1770 1927 ιι..
1790 1913 1824 1927 lnn

1117 1885 1151 1904 4δ
1175 1885 1272 1912 ανιχ’,
1288 1885 1381 1904 amur.
1396 1885 1457 1905 cou.
1471 1885 1544 1904 οταν.
1560 1885 1597 1904 tte
1618 1897 1623 1902 .
1641 1885 1720 1909 tzu,
1736 1885 1824 1904 ευτεν.

1117 1912 1152 1939 50
1168 1912 1286 1947 Σπέρμ“.
1308 1912 1403 1940 Ambr.
1426 1885 1713 1947 Gﬁdpaytta.§\'lt‘elas
1736 1913 1772 1939 ita
1790 1911 1865 1947 legit.

1082 1952 1113 1988 u_t
1133 1952 1205 1990 p‘nl'e‘t
1229 1956 1261 1974 ex
1285 1947 1345 1981 ejus
1367 1947 1691 1990 clomt‘tteutariolitazep
1714 1948 1868 1983 σπάραγμα

1083 1983 1130 2017 τῆς
1144 1983 1259 2018 ἐχίδνης·
1272 1983 1490 2017 quemadmodum
1503 1984 1585 2009 tenuis
1601 1984 1692 2017 viperw
1704 1991 1818 2010 morsus.

1120 2017 1154 2043 54
1174 2018 1208 2044 Τὸ
1221 2017 1311 2051 μὲν...
1327 2018 1359 2044 τὸ
1373 2017 1409 2044 δ’.
1425 2017 1488 2051 Reg.
1505 2018 1584 2049 i277,
1596 2018 1634 2051 τῷ
1650 2018 1731 2051 μὲν...
1745 2017 1784 2051 τῷ
1795 2017 1819 2043 δ’

1120 2027 1154 2043 DA}
1175 2027 1208 2044 ιο
1221 2027 1311 2055 μέγ...
1327 2027 1359 2044 το
1373 2027 1388 2044 ο
1402 2037 1409 2044 ι
1425 2027 1488 2053 neg.
1505 2027 1553 2044 ‘IZI
1564 2027 1584 2049 Ι,
1596 2027 1634 2052 τῳ
1650 2027 1731 2052 μεν...
1745 2027 1784 2053 τῳ
1795 2027 1809 2043 0
1821 2037 1830 2044 υ

1118 2053 1152 2079 56
1167 2054 1292 2086 Φθορας.
1312 2053 1356 2079 Sic
1379 2053 1462 2081 Coisl.
1481 2058 1508 2080 et
1525 2053 1606 2087 ltegg.
1624 2054 1687 2080 duo.
1708 2052 1779 2080 Edit.
1801 2059 1868 2080 vero

1084 2087 1540 2131 tpopt§;.“lt‘avet'trt_Ambr.et'Cass2
1578 2124 1609 2131 ι,
1671 2123 1686 2131 ﬁ
1721 2123 1726 2129 _

1119 2123 1153 2150 58
1168 2124 1250 2149 Βίου.
1273 2123 1338 2149 Vita;
1350 2123 1508 2156 rationibus,
1523 2123 1654 2155 doctrina,
1667 2123 1870 2157 Scripturarum

1119 2158 1312 2184 tditationibus.
1328 2162 1381 2184 etc.

1084 2166 1312 2188 meauauanwus,
1328 2166 1381 2184 etc.

1116 2193 1153 2233 _60
1166 2193 1202 2220 Τὸ
1213 2193 1316 2233 θρρρδος
1366 2191 1477 2228 ἧσσον,
1489 2193 1595 2224 Ambr..
1610 2193 1687 2221 Cass.
1696 2191 1788 2229 ἦττον.
1803 2191 1870 2227 Ejus

1084 2229 1170 2254 mittar
1185 2229 1298 2259 utilitas,
1312 2229 1391 2255 etiam
1404 2237 1463 2254 cum
1477 2233 1545 2255 recte
1562 2233 1688 2256 movetur.

1084 2263 1150 2325 eda"
1169 2262 1333 2325 έξῇἔξθην.
1350 2263 1396 2291 Sic
1410 2263 1509 2291 habent
1521 2264 1575 2291 duo
1589 2263 1672 2299 Regg.
1687 2263 1741 2291 Alii
1753 2269 1828 2294 vero,

1084 2305 1150 2326 etut.
1169 2305 1278 2333 εσχευη.

891 2376 1057 2406 ΜΕΤΒΙΟΛ
1070 2374 1217 2404 VERSIO.

287 2441 335 2469 Est
348 2448 445 2468 cursus
460 2440 566 2474 ingens,
581 2439 626 2474 qui
641 2438 689 2465 tibi
703 2438 861 2473 proponitur
877 2447 883 2464 :

250 2477 285 2503 At
304 2478 393 2511 ampla
409 2474 577 2511 tuerces._1§‘e
594 2475 673 2511 simul
695 2478 780 2500 tottttn
796 2474 902 2511 videns.

251 2509 356 2538 Totum‘
368 2511 514 2545 relinquas.
528 2509 585 2545 Non
599 2509 683 2545 maris
697 2513 768 2535 totas
784 2509 864 2545 simul

251 2546 426 2578 Transmittis
441 2543 538 2572 undas.
553 2543 643 2571 [Iustis
658 2548 699 2570 est
715 2552 743 2571 s;t
752 2551 785 2577 pe
802 2543 844 2570 ltic
857 2543 945 2571 dolus.

286 2581 325 2608 Ne
336 2581 392 2614 ,iide
406 2581 530 2612 multum,
547 2587 596 2606 ttec
609 2579 689 2606 ttintis
702 2586 775 2613 spent
789 2578 899 2612 projice.

252 2616 328 2643 Mens
344 2617 452 2650 languet
469 2615 553 2646 illinc,
570 2621 682 2650 prorsus
698 2614 760 2640 ltntc
774 2613 913 2650 evertitur.

252 2651 308 2678 Hoc
323 2651 375 2682 fac,
388 2648 448 2678 tene
461 2650 525 2676 illttd
539 2658 546 2681 ;
562 2650 584 2676 si
597 2649 693 2683 nequis
707 2655 798 2683 porro.
812 2648 862 2674 Itoc
873 2649 922 2675 vite

251 2686 365 2714 Cassum
382 2684 452 2712 haud
463 2685 593 2717 laborem,
607 2687 677 2718 qttol
700 2684 747 2709 tibi
767 2687 860 2718 restat,
878 2684 950 2710 facit.

286 2721 410 2755 Praeceps
424 2727 488 2754 agas
504 2720 541 2747 nil
555 2729 560 2746 :
580 2717 668 2753 empta
684 2719 730 2755 sed
745 2726 779 2755 ne
794 2717 914 2755 deseras.

252 2753 519 2790 Prolicerépraéstat,
534 2762 614 2789 quatit
628 2753 692 2781 boui
708 2753 917 2790 quidscindcrc.

253 2792 362 2818 Mattens
376 2787 502 2817 deorsum
523 2787 584 2816 nam
598 2789 685 2815 malus
700 2787 872 2820 nondicitur,

253 2826 360 2859 Adrima
375 2826 420 2852 sed
432 2824 488 2859 qui,
507 2824 607 2851 celsius
622 2827 725 2859 vectus,
742 2822 806 2849 ruit.

288 2858 409 2887 Scintilla
423 2857 534 2894 magnas
548 2865 630 2894 parva
649 2858 771 2886 [laminas
784 2857 884 2886 excitat
899 2866 906 2884 :

1048 2445 1069 2472 Β
1086 2437 1122 2464 Ac
1139 2437 1289 2472 viperinttm
1302 2444 1392 2464 semen
1405 2436 1476 2465 haud
1492 2444 1556 2464 raro
1569 2442 1657 2465 necat.

1086 2472 1126 2508 9b
1140 2473 1220 2507 idque
1233 2480 1342 2502 noxam,
1354 2472 1502 2507 quamlibet
1516 2480 1637 2507 parvam,
1650 2473 1722 2508 fuge.

1086 2507 1152 2534 Nam
1167 2515 1248 2542 parva
1261 2508 1376 2541 pritttttnt
1391 2508 1427 2535 sit
1437 2508 1508 2539 licet,
1522 2509 1621 2535 crescit
1632 2507 1730 2536 tamen.

1131 2542 1169 2569 Te
1184 2548 1274 2577 pottus
1287 2543 1386 2576 ipsum,
1407 2550 1487 2577 quam
1503 2544 1671 2577 propinquos
1684 2548 1790 2571 excute.

1087 2577 1203 2604 Lucrum
1218 2578 1264 2604 tibi
1277 2577 1352 2608 illud,
1365 2577 1494 2612 proximis
1509 2578 1581 2604 istud
1598 2578 1675 2605 feret.

1087 2613 1235 2640 Numerare
1255 2617 1364 2647 praestat
1375 2618 1446 2644 acta,
1457 2620 1538 2647 quam
1551 2617 1641 2648 vastas
1651 2621 1728 2648 opes.

1085 2647 1152 2674 Nam
1168 2656 1274 2682 semper
1285 2652 1344 2674 :tcla
1359 2653 1525 2682 permanent,
1538 2656 1602 2682 opes
1615 2647 1710 2675 ﬂuunt.

1120 2683 1212 2709 Divina
1228 2684 1309 2710 menti
1326 2690 1404 2710 sensa
1421 2682 1470 2717 ﬁge
1485 2683 1595 2710 sedulus
1609 2692 1615 2710 :

1087 2717 1250 2752 Semperque
1261 2719 1320 2744 vitae
1332 2718 1437 2752 sculpta
1452 2717 1487 2745 Sit
1503 2718 1684 2745 sermonibus.

1086 2754 1120 2779 At
1139 2760 1218 2786 parre
1234 2752 1349 2787 linguae:
1365 2760 1426 2779 nant
1437 2757 1517 2780 nocet
1529 2753 1751 2788 promptissime:

1087 2787 1229 2822 Minusque
1245 2788 1364 2822 prodest,
1378 2795 1438 2814 cum
1450 2788 1522 2814 celer
1532 2787 1620 2815 tundit
1634 2796 1727 2816 sonus.

1125 2822 1203 2850 Visus
1217 2823 1325 2856 quidem
1338 2830 1380 2848 tne
1390 2822 1460 2856 cepit
1474 2831 1479 2848 :
1497 2827 1523 2848 at
1537 2830 1676 2858 repressus
1687 2827 1739 2856 est,

1088 2857 1117 2885 ln
1132 2862 1221 2886 mente
1232 2858 1318 2885 forma
1331 2858 1413 2893 picta,
1429 2865 1477 2886 nec
1488 2865 1558 2886 noxa
1567 2857 1610 2886 est
1621 2865 1691 2886 mea.
