1954 3047
79 123 130 152 937

114 182 200 216 Πένης
218 177 378 215 προσῆλθεν,
394 175 442 203 εἶτ’
458 175 561 211 ἀπῆλθε
577 177 614 212 μὴ
624 176 723 211 τυχών·

78 228 200 260 Δὲδοικα,
213 225 325 260 Χριστὲ,
339 223 375 259 μὴ
386 222 463 256 κάγὼ
474 223 522 258 τῆς
538 223 586 257 σῆς
600 222 680 258 χερὸς

79 273 203 309 Χρῄζων,
218 269 359 304 ἀπέλθοιμ’
373 268 474 303 ἐνδεὴς,
491 269 566 303 ἐμοῖς
578 267 680 303 νόμοις.

83 322 115 346 "0
132 319 185 354 γάρ
196 327 237 349 τις
250 317 280 343 οὐ
296 315 406 347 δέδωκε,
421 314 481 349 μηδ’
495 312 637 344 ἐλπιζέτω.

117 365 167 392 125
181 364 297 398 Πένητος
313 361 408 396 ἀνδρὸς
422 360 497 386 οὐδὲν
507 359 716 394 ἀσφαλέστερον.

81 411 153 447 Πρὸς
168 410 212 437 τὸν
225 409 291 435 Θεὸν
307 407 425 437 νένευκε,
441 406 487 431 καὶ
503 405 583 440 μόνον
596 405 698 440 βλέπει.

81 458 117 484 Σὺ
131 457 153 483 δ’
167 453 322 488 ἁγκαλίζου·
335 452 382 479 καὶ
397 452 450 487 γὰρ
461 451 548 482 ἀετὸς,
561 451 598 482 ὡς
608 451 698 485 λόγος,

82 503 168 533 Πολὺς
180 500 260 535 καλιᾷ
272 498 369 525 λεπτὸν
381 497 455 533 ὄρνιν
468 496 599 531 ἀμφέπει.

117 548 248 582 Κρεῖσσον
259 544 338 571 πενία
349 542 387 578 μὴ
400 542 508 573 δικαίας
519 542 653 577 κτήσεως·

83 594 134 621 150
150 592 204 620 Καὶ
217 591 271 626 γὰρ
284 590 360 621 νόσος
372 597 404 623 γε
418 588 467 623 τῆς
481 587 570 621 κακῆς
585 585 700 619 εὐεξίας.

82 639 161 674 Λιμῷ
176 638 224 674 μὲν
239 635 268 663 οὗ
283 644 324 667 τις
341 634 438 670 ῥᾳδίως
448 633 589 668 διεφθάρη·

73 687 145 716 ’Τοῖς
157 684 179 711 δ’
189 682 222 709 αὖ
234 681 372 712 κακίστοις
385 680 484 714 πότμος
496 680 512 713 ἠ
530 678 675 714 μοχθηρία.

113 731 145 758 Τί
155 729 295 764 δεσπότης,
307 726 322 762 ἢ
336 725 438 757 δοῦλος,
453 725 469 760 ἣ
483 724 571 759 φαύλη
586 725 671 760 τομή;

575 115 696 144 SECTIO
717 115 748 143 11.
768 116 930 144 POEMATA
951 116 1114 144 MORAIJA.

1644 117 1697 148 933

877 180 898 208 Α
914 175 960 210 Εἷς
973 179 1038 205 πᾶσι
1053 178 1184 213 πλάστης,
1200 175 1241 210 εἷς
1255 178 1346 213 νόμος,
1362 178 1450 214 κρίσις
1465 178 1522 213 μία.

916 223 967 250 155
987 222 1220 259 Ὑπηρετούμενος
1236 223 1266 249 δὲ
1283 223 1423 250 σύνδουλον
1437 223 1529 259 βλέπε.

917 270 1001 296 Ὅταν
1015 269 1042 296 δὲ
1057 269 1148 305 λυθῇς,
1161 268 1322 305 τιμιώτερος
1334 271 1437 304 φανεῖς.

952 315 983 340 Ui.
998 314 1020 340 δ’
1032 313 1134 340 οἰκέται
1146 314 1181 346 τί,
1196 314 1242 340 καὶ
1256 314 1362 349 μάλισθ’
1375 315 1432 342 ὅσοι
1443 315 1526 348 Θεοῦ;

916 359 962 395 Μὴ
979 361 1153 394 φευγέτωσαν
1167 360 1268 386 εὐνοεῖν
1282 362 1337 392 τοῖς
1350 361 1502 392 δεσπόταις.

923 405 1078 441 Ἐλεύθερον
1093 407 1139 433 καὶ
1151 405 1241 432 δοῦλον
1255 406 1269 432 ό
1284 406 1384 442 τρόπος
1396 407 1505 442 γράφει.

918 451 969 478 140
984 452 1038 477 Καὶ
1052 451 1167 487 Χριστὸς
1179 451 1255 487 ὤφθη
1269 452 1370 484 δοῦλος,
1387 451 1444 479 ἀλλ’
1457 452 1615 489 ἠλευθέρου.

950 497 1041 529 Κακδς
1055 497 1077 523 δ’
1090 497 1196 524 ἁκούων
1209 498 1346 534 αἰσχύνοι»,
1365 498 1402 534 μὴ
1416 499 1557 534 δυσγενής.

916 542 995 573 Γένος
1006 543 1058 578 γάρ
1071 543 1138 569 εἰσιν
1150 544 1173 570 οἱ
1188 544 1269 570 πάλαι
1284 544 1442 579 σεσηπότες.

917 588 1012 619 Γένους
1024 589 1170 624 προάρχειν
1188 591 1321 625 κρεῖσσον,
1335 590 1351 626 ἢ
1366 590 1440 617 λύειν
1455 591 1544 625 γένος,

925 634 969 664 Ὠς
979 634 1061 660 καλὸν
1075 632 1153 666 εἷναι,
1166 635 1182 670 ἢ
1195 635 1283 662 καλῶν
1298 636 1458 671 πεφυκέναι,

955 680 1006 707 145
1019 680 1086 707 Θεοῦ
1104 681 1195 715 μόνου,
1210 682 1288 708 θείων
1300 691 1329 709 τε
1345 683 1490 718 ἀπλήστως
1504 683 1586 719 ἔχειν,

923 725 971 757 Ὃς
982 727 1037 756 τοῖς
1052 725 1162 752 λαϐοῦσι
1176 727 1222 753 καὶ
1238 727 1317 754 πλέον
1330 728 1481 764 χαρίζεται,

366 791 472 826 Pauper
490 789 615 822 accessit,
633 789 731 817 deinde
743 789 810 816 abiit
825 797 873 825 spe
887 791 1054 821 frustratus:

332 824 432 857 Metuo,
445 824 563 855 Christe.
577 833 609 852 ne
620 830 646 851 et
662 833 712 860 ego
727 824 898 853 dextera'tua
911 843 920 856 ι

332 860 468 898 Indigens,
485 860 607 898 recedam
620 861 899 898 vac_uus,_secundum
920 862 1006 898 legem
1027 871 1125 891 meam.

331 896 494 935 Quodeuim
505 895 567 930 quis
580 895 740 935 negavi-Ihm
756 903 785 922 se
796 895 971 935 accepturum
984 906 1039 926 non
1051 903 1154 933 speret.

367 931 419 958 125
437 930 559 965 Paupcre
571 930 629 957 viro
644 930 711 956 nihil
723 931 857 958 securius.

331 965 372 1002 ῥά
386 965 470 1002 Deum
485 973 564 993 suum
578 972 608 992 se
620 966 765 1002 convertit,
778 973 894 1001 cumque
907 966 996 994 solum
1010 967 1134 1002 respicit.

331 1000 447 1037 anvero
458 1001 537 1037 hunc
551 1000 731 1037 complectere
743 1008 833 1037 ;_nam
846 1000 873 1029 et
887 1002 989 1037 aquila,
1005 1005 1036 1030 ut
1050 1000 1152 1035 ferunt,

330 1036 400 1063 Nido
411 1035 519 1063 assidua
534 1035 649 1062 tenellos
666 1035 737 1062 fetus
752 1035 833 1062 fcret.

367 1070 461 1110 higher
471 1074 512 1097 est
523 1075 669 1110 paupertas
679 1070 782 1110 injusta
797 1069 983 1110 possessione,

332 1105 384 1133 150
398 1105 434 1132 Ut
444 1109 471 1132 et
484 1105 598 1132 morbus
613 1105 683 1131 mala
699 1105 895 1132 incoluinilatc.

332 1140 415 1175 Fame
428 1141 536 1175 quidem
549 1141 592 1166 vix
610 1139 754 1174 quisquam
770 1140 932 1175 absumptus
945 1143 1004 1167 est:

333 1174 464 1203 Scelestis
478 1179 568 1202 autem
580 1175 736 1202 hominibus
753 1182 827 1201 mors
845 1178 887 1201 est
901 1174 1074 1210 improbitas.

368 1210 439 1243 Quid
453 1210 591 1240 dominus,
607 1210 670 1244 quid
686 1217 792 1240 servus.
811 1209 863 1236 nisi
881 1210 951 1236 mala
963 1210 1084 1238 divisio?

333 1245 409 1273 Unus
424 1245 552 1272 omnibus
563 1245 697 1274 conditor,
711 1251 764 1271 una
781 1245 833 1276 lex,
848 1252 931 1271 unum
944 1245 1090 1279 judicium.

333 1281 384 1308 135
402 1279 470 1306 Dum
485 1280 532 1306 libi
544 1280 725 1310 ministratur.
740 1287 902 1307 conservum
916 1280 1031 1307 intuere.

334 1316 389 1353 Sic,
402 1323 465 1353 cum
480 1315 738 1353 corporisvinculis
756 1315 863 1353 solutus
879 1315 974 1353 fueris,
991 1316 1178 1345 honorabilior
1192 1317 1348 1353 apparebis.

369 1350 446 1378 Servi
464 1353 553 1376 autem
569 1350 646 1385 quid,
663 1357 695 1376 ac
707 1351 843 1384 praecipue
855 1350 902 1384 qui
917 1350 962 1378 Dei
978 1353 1049 1378 servi
1065 1352 1148 1379 sunt?

331 1385 390 1412 Non
404 1385 540 1419 refugiant
552 1385 709 1412 servitutem
723 1385 796 1412 heris
812 1385 970 1413 bencvolam
983 1387 1120 1415 exhibere.

334 1420 461 1447 Liberum
481 1423 508 1447 et
524 1427 632 1447 servum
650 1419 769 1446 etlicinnt
788 1427 889 1447 mores.

336 1454 387 1490 140
406 1454 531 1482 Christus
546 1455 619 1483 visus
633 1458 675 1481 est
688 1462 794 1487 servus,
808 1459 836 1481 at
849 1455 908 1490 ipse
920 1454 1048 1482 liberator
1059 1458 1129 1481 erat.

371 1489 475 1518 Pudeat
486 1495 523 1521 te,
537 1490 559 1517 si
573 1490 661 1517 malus
676 1490 781 1521 audias.
800 1489 934 1518 non’vero
948 1489 972 1516 si
989 1489 1116 1524 ignobilis

336 1525 429 1553 Genus
440 1525 512 1552 enim
525 1529 599 1556 sunt.
614 1525 661 1559 qui
674 1524 833 1559 jamdudum
851 1527 1024 1560 putruerunt.

336 1560 450 1587 Praastat
465 1561 574 1595 generis
586 1564 667 1594 caput
682 1567 753 1590 esse,
769 1568 850 1594 quam
863 1568 949 1593 genus
965 1560 1080 1591 solvere,

344 1595 379 1622 Ut
394 1598 421 1622 et
431 1595 531 1622 bonum
542 1603 612 1625 esse,
629 1602 709 1629 quam
722 1602 755 1621 ex
767 1595 844 1622 bonis
856 1600 956 1622 ortum.

378 1630 428 1657 145
448 1629 494 1656 Dei
513 1631 597 1657 solius
616 1637 760 1663 rerumque
772 1630 925 1657 divinarum
940 1629 1102 1657 insatiabilis
1118 1633 1187 1661 esto,

341 1665 393 1697 Qui
407 1665 602 1700 accipientibus
615 1665 696 1692 etiam
714 1666 775 1699 plus
800 1665 924 1700 largitur.

123 1721 175 1748 123
199 1721 296 1756 Ἔμοῖς
312 1723 423 1757 νόμοις.
443 1722 556 1750 Grtecus
577 1722 639 1753 int.,
655 1731 688 1749 ea:
708 1723 873 1750 credulitatis

88 1757 143 1792 lege
157 1765 236 1791 quam
250 1762 354 1784 secutus
364 1766 433 1789 sum,
449 1757 540 1784 abeam
554 1759 608 1792 ipse
625 1758 689 1784 nihil
699 1763 873 1785 consecutus:

87 1791 119 1819 ut
133 1792 178 1826 qui
191 1791 267 1825 nillil,
280 1792 426 1819 dediderim
442 1793 508 1820 nihil
525 1794 579 1827 ipse
591 1793 729 1827 accipiam.

126 1827 176 1853 127
201 1827 303 1860 Ἀετός.
325 1827 370 1855 Sic
386 1836 481 1855 omnes
509 1835 575 1855 mss.
605 1832 710 1862 prwter.
735 1827 831 1855 Ambr.
846 1832 875 1855 et

87 1861 166 1889 Cass.
178 1862 236 1896 qui,
253 1865 282 1889 ut
298 1862 385 1890 Paris.
402 1863 468 1890 edit.
485 1863 583 1889 habent
599 1861 696 1894 ἁῐετός.

126 1896 177 1923 I52
195 1897 319 1931 Πότμος.
340 1897 436 1927 Coisl..
456 1897 549 1924 Ambr.
565 1897 662 1927 Coisl.,
678 1897 801 1928 θάνατος.

126 1931 177 1958 155
197 1932 231 1968 '_'H
249 1933 361 1966 φαύλη.
371 1932 427 1968 δίε
437 1932 518 1968 Coisl.
529 1932 618 1963 .Edit.,
635 1932 760 1968 ήφαύλη.
774 1931 874 1968 Eadem

89 1966 224 1994 sententia
236 1968 355 1993 occurrit
369 1967 439 1994 infra
457 1967 502 1993 lib.
521 1975 551 1999 II,
566 1972 632 1994 sect.
646 1966 678 1999 ’1,
694 1966 780 1994 carm.
798 1969 823 2000 1,
837 1967 874 1994 De

89 2001 166 2036 rebus
184 2002 250 2033 suis,
267 2010 339 2030 vers.
353 2002 387 2028 80
402 2006 429 2029 et
446 2010 521 2036 seqq.

126 2035 177 2072 155
202 2036 459 2072 Ὑπηρετούμενος.
477 2035 529 2064 etc.
553 2036 680 2072 Ilervag.,
698 2036 872 2072 Lang..Beg.

89 2071 117 2101 6.
127 2071 261 2107 ὑπηρετοῦ
274 2072 331 2106 μὲν.
343 2072 380 2103 ὡς
395 2071 534 2098 σύνδουλόν
549 2071 723 2107 βλέπείηρε.
736 2072 797 2103 992,
815 2071 874 2106 βλέ-

90 2114 158 2132 πων.
178 2106 273 2138 Lenv.,
287 2106 410 2134 Ministro
426 2107 529 2142 quidem
542 2106 622 2139 utere,
637 2110 681 2134 sed
697 2106 755 2134 eum
772 2112 800 2133 ut
813 2115 875 2134 cou—

89 2149 192 2167 servum
209 2143 348 2176 aspiciens.

126 2175 176 2202 I36
195 2177 284 2203 Ὅταν
304 2176 338 2203 δὲ
349 2176 455 2210 λυθῇς,
472 2177 637 2211 τιμιώτεροι,-
652 2176 766 2211 panic.
786 2177 825 2204 Ita
838 2177 876 2204 le—

89 2211 178 2248 gimus
190 2219 251 2248 cum
271 2211 384 2248 Hervag.
400 2216 426 2239 et
441 2212 520 2240 Gaul.
533 2212 617 2244 Edit.,
632 2212 695 2238 ὅταν
711 2212 805 2247 λυθῇς,
822 2212 873 2246 φά-

88 2245 150 2282 νηθι
163 2247 334 2282 τιμιώτερος.

960 1723 1012 1750 m
1030 1722 1245 1750 mammam.
1267 1721 1411 1757 ItaVRegg.
1427 1721 1489 1755 993,
1506 1722 1584 1754 i277,
1608 1722 1708 1751 Coisli—

924 1758 1024 1786 nianns
1040 1762 1067 1785 et
1082 1757 1265 1785 Cassinensis.
1283 1756 1496 1792 Είὶίῐη⁷μάλιοπτα
1518 1758 1553 1785 οἱ.
1570 1757 1599 1785 1η
1613 1756 1725 1787 εοᾱὶοε’

924 1793 1018 1820 Amhr.
1031 1793 1100 1819 alius
1108 1793 1175 1820 ordo
1184 1800 1311 1820 versuum
1328 1792 1409 1825 hujus
1424 1792 1593 1826 telrastichi;
1610 1793 1650 1821 sic
1664 1795 1708 1822 in—

925 1828 990 1863 cipit
1005 1828 1187 1863 ιἘλεύθερον,
1203 1827 1300 1863 deinde
1318 1827 1344 1863 ot
1355 1827 1377 1863 δ’
1391 1827 1503 1863 οἰκέται.

962 1863 1009 1890 HI
1032 1861 1140 1896 Κακόςζ
1162 1863 1208 1889 Sic
1221 1862 1305 1898 Regg.
1333 1861 1397 1895 995,
1423 1862 1519 1895 Coisl.,
1536 1863 1663 1892 Ambros.
1680 1869 1708 1892 et

926 1897 1002 1925 Cass.
1024 1898 1106 1929 Edit..
1123 1898 1225 1929 κακῶς.

963 1933 1014 1960 142
1033 1933 1136 1966 Γὲνος.
1157 1932 1288 1968 Coislinw
1306 1932 1400 1966 γένους
1426 1932 1480 1968 γὰρ
1504 1930 1584 1968 ἦσαν.
1601 1932 1708 1961 Generis

927 1968 996 1995 enim
1020 1969 1092 2003 origo
1110 1970 1142 1994 ab
1160 1968 1192 1994 iis
1210 1968 1253 2003 qui
1275 1967 1334 2002 jam
1356 1967 1469 2002 pridem'
1484 1967 1706 2002 conmitti-uerunt.

928 2003 1001 2030 Idem
1026 2002 1219 2038 argumentum
1241 2002 1296 2031 fere
1320 2003 1496 2039 prosequitur
1518 2011 1599 2038 supra
1622 2011 1707 2031 carm.

928 2046 990 2065 XXVI
1004 2043 1030 2066 Cl.
1045 2046 1129 2064 XXVII.

964 2074 1024 2100 114.
1045 2072 1160 2100 Καλῶν.
1181 2071 1275 2103 Coisl.,
1289 2072 1380 2099 καλόν.

965 2109 1016 2135 145
1036 2107 1109 2134 Θεοῦ
1119 2109 1225 2142 μόνου.
1247 2106 1312 2142 Reg.
1329 2108 1391 2139 995,
1407 2107 1486 2134 θείων
1500 2107 1645 2143 ἀπλήστως
1661 2107 1710 2134 καὶ

928 2143 996 2169 Θεοῦ
1013 2143 1092 2178 μόνου
1105 2143 1178 2178 ἕχον,
1195 2151 1282 2170 rerum
1301 2143 1450 2178 divinarum
1465 2143 1627 2170 insatiabilis
1641 2148 1707 2175 esto,

928 2184 952 2206 et
968 2177 1017 2205 Dei
1030 2179 1121 2205 solius.
1134 2178 1231 2210 Coisl.,
1246 2178 1313 2205 Θεοῦ
1330 2178 1420 2214 μόνου,
1433 2177 1512 2205 θείων
1527 2187 1556 2205 τε
1571 2178 1610 2205 δεῖ
1622 2177 1710 2214 ἀπλή-

929 2222 998 2240 στω(
1012 2213 1093 2240 ἕειειν.

929 2222 998 2246 στως
1012 2222 1093 2248 εχειν.

734 2323 900 2354 METRICA
916 2323 1063 2354 VERSIO.

125 2405 247 2433 Accessit
259 2405 293 2432 ad
308 2413 350 2432 me
364 2412 466 2440 pauper
479 2414 485 2431 :
500 2409 528 2431 at
539 2404 641 2431 frustra
658 2405 768 2432 tamen?

88 2442 208 2473 Christe,
225 2443 385 2471 extimesco.
399 2448 434 2466 ne
448 2445 521 2466 tuam
539 2448 664 2474 quaerens
677 2448 769 2474 opem,

88 2477 200 2507 Abeam,
215 2475 334 2502 vicissim
354 2482 467 2509 prorsus
485 2475 533 2501 abs
549 2478 575 2501 te
592 2475 629 2501 nil
643 2475 744 2502 ferens.

88 2512 156 2539 Nam
169 2512 240 2545 quod
255 2514 332 2545 negat
350 2510 412 2545 quis
428 2510 518 2541 alteri,
535 2509 637 2537 frustra
654 2513 737 2544 petet.

124 2544 225 2581 Opibus
237 2544 342 2581 carenti
358 2545 396 2581 nil
412 2545 472 2581 viro
489 2545 625 2572 securius.

90 2579 159 2616 Spes
176 2581 220 2608 ille
233 2585 303 2608 totas
319 2580 346 2607 in
363 2579 418 2607 Deo
433 2579 501 2616 ﬁxas
515 2583 607 2616 tenet;

88 2613 123 2644 At
135 2622 163 2644 tu
178 2616 284 2648 foveto;
298 2623 416 2650 namque
431 2615 537 2650 pullos,
550 2618 580 2650 ut
594 2613 696 2647 ferunt,

89 2652 185 2687 Aquila
201 2651 315 2679 tenellos
327 2649 480 2687 gra’ndis’in
494 2649 651 2687 nidofovet.

126 2684 219 2714 Melior
233 2684 341 2721 egestas
356 2685 479 2721 improbe
493 2684 688 2721 partisbonis,

90 2722 125 2749 Ut
138 2719 381 2748 sanitate‘morbus
397 2720 466 2747 haud
483 2719 622 2747 laudabili.

90 2757 139 2785 Vix
154 2763 272 2791 unquam
285 2756 382 2782 acerba
396 2756 505 2783 sustulit
520 2762 687 2791 quemquam
698 2753 784 2782 fames
797 2763 804 2781 ι

91 2793 123 2820 At
143 2789 216 2819 certa
230 2791 333 2817 crimen
350 2791 481 2825 improhis
497 2798 570 2817 mors
583 2795 625 2816 est
639 2789 714 2816 viris.

124 2827 194 2861 Quid
209 2833 316 2858 servus,
334 2829 380 2852 aut
390 2824 497 2853 herus?
515 2825 582 2851 Mala
599 2829 642 2852 est
655 2825 712 2853 haec
725 2824 819 2854 sectio.

247 2873 385 2905 Ρηιιοι.
405 2873 464 2905 Gn.
480 2869 643 2903 XXXVII.

891 2415 912 2442 Β
926 2405 973 2442 list
989 2404 1067 2432 ﬁctor
1079 2413 1162 2436 unus.
1179 2413 1232 2432 una
1246 2405 1301 2437 lex,
1315 2405 1400 2439 judex
1414 2412 1535 2440 quoque.

926 2440 971 2466 Sic
982 2448 1047 2474 ergo
1062 2448 1167 2472 servus,
1182 2447 1277 2467 servos
1295 2445 1324 2466 ut
1337 2447 1434 2467 cernas
1451 2444 1525 2468 tuos.

923 2475 1002 2506 Aliis,
1021 2475 1128 2502 solutus
1142 2482 1267 2509 corpore,
1283 2480 1313 2501 ut
1329 2478 1442 2509 praestes
1453 2475 1523 2502 vide.

959 2509 1036 2546 Servi
1054 2510 1118 2546 quid
1134 2514 1234 2546 autem,
1251 2510 1367 2546 maxime
1381 2510 1427 2544 qui
1444 2514 1510 2538 sunt
1532 2511 1590 2546 pii?

923 2544 1047 2572 Dominis
1064 2543 1152 2571 amice
1166 2545 1286 2571 serviant
1303 2544 1341 2571 illi
1352 2543 1429 2572 ‘suis.

924 2580 1024 2607 Servos
1040 2580 1176 2614 herosque
1190 2580 1244 2606 vita
1258 2579 1316 2606 sola
1331 2580 1445 2607 iactitat.

924 2614 1050 2645 Servivit,
1067 2618 1094 2640 at
1106 2622 1156 2641 nus
1171 2614 1296 2642 Christus
1314 2615 1414 2641 exemit
1427 2615 1504 2649 jugo.

963 2649 1063 2676 Malum
1077 2649 1169 2676 vocari
1186 2653 1274 2683 turpe,
1290 2657 1346 2677 non
1357 2650 1515 2684 ignobilem.

925 2684 995 2721 ﬁunt
1010 2691 1127 2721 namque
1142 2684 1244 2721 pridem
1260 2685 1374 2721 putrida:
1388 2693 1485 2714 carnes
1499 2693 1595 2721 genus.

924 2719 1017 2747 Genus
1033 2719 1167 2753 auspicari
1183 2724 1301 2753 prmstat,
1317 2719 1343 2747 id
1358 2727 1440 2755 quam
1452 2719 1574 2749 solvere:

925 2755 1034 2791 Ut_csse
1050 2755 1204 2791 pulchrum,
1222 2763 1301 2789 qnam
1318 2760 1407 2782 satum
1424 2757 1538 2789 pulchro
1552 2759 1638 2791 patre.

960 2789 1025 2821 Deo,
1041 2795 1067 2815 et
1080 2790 1206 2822 supernis
1222 2790 1304 2817 rebus
1318 2791 1391 2818 haud
1407 2799 1528 2825 unquam
1544 2789 1622 2818 satur

924 2823 1009 2853 Esto:
1025 2825 1071 2852 dat
1089 2825 1142 2852 illis
1157 2825 1234 2859 plura
1253 2826 1298 2860 qui
1312 2826 1367 2862 jam
1385 2823 1563 2862 sumpserint.

1532 2871 1571 2901 30
