1954 3047
90 121 148 148 949

90 179 129 207 45
144 180 278 214 Μνήμων,
295 179 379 214 λοχῶν
393 187 432 210 τε,
451 179 617 214 μνησικακία
632 179 768 214 τυγχάνει.

91 226 181 261 ιιέψιν
193 225 221 252 δὲ
233 225 320 260 λύπης
333 224 391 252 οἶδα
403 225 591 261 μακροθυμίαν
600 234 606 240 ·

91 270 133 297 Τὸ
149 270 178 296 δὲ
188 270 255 306 πρὸς
267 270 345 307 ὓϐριν
362 271 474 306 ἤρεμον,
487 270 647 305 ἀοργησίαν,

94 317 152 343 Ἠν
167 316 198 350 δὴ
211 317 351 352 πραότητα
366 318 422 348 τοῖς
439 316 522 343 πάλαι
538 316 629 343 καλεῖν
644 316 715 348 ἔθος,

94 362 176 396 Ἕξιν
188 362 216 389 δὲ
231 362 331 395 καλῶν,
343 362 393 398 τὴν
407 363 507 398 ἀρετὴν
522 361 616 398 νόμιζέ
632 371 687 397 μοι,

93 408 132 435 50
149 408 209 434 Τῶν
228 408 250 434 δ’
267 405 300 435 αὖ
316 408 460 441 κακίστων,
475 408 523 444 τὴν
537 408 659 435 ἐναντίαν
674 407 763 435 νόσον·

93 453 154 489 Τὴν
170 453 218 486 μὲν
235 453 301 480 Θεοῦ
318 453 442 489 δώρημα,
457 453 506 489 τὴν
519 454 541 481 δ’
555 453 707 489 ὲφεύρεσιν.

94 497 203 529 Κάλλος
217 497 246 524 δὲ
258 497 357 529 παντός
370 498 442 525 ἐστιν
455 499 632 534 εὐαρμοστία,

94 543 196 580 Δῖσχος
209 545 247 576 δὲ,
261 545 374 577 κάλλους
387 545 474 581 ὕϐρις,
488 545 526 577 ὡς
538 545 603 580 ὲμὸς
614 545 702 579 λόγος.

101 590 226 625 Ἀνδρεία
240 591 262 617 δ’
278 590 335 617 ἐστι
351 591 417 626 πρὸς
432 591 467 617 τὰ
482 590 556 617 δεινὰ
570 590 715 626 στεῤῥότης

95 637 133 665 55
144 637 249 672 Θράσος
265 636 304 668 δὲ,
321 636 419 672 θάρσος
434 636 502 672 πρὸς
516 636 550 663 τὰ
568 636 604 671 μὴ
619 635 765 672 τολμητέα.

96 681 190 708 Δειλία
201 677 243 714 se;
255 681 368 716 συστολή
381 690 423 713 τις
434 682 473 712 είς
483 681 626 716 τολμητέα,

102 727 138 753 Ἦ
154 726 313 762 σωφροσύνη
331 726 353 753 δ’
367 725 548 762 ἐπικράτησις
563 725 663 762 ἡδονῶν
673 734 680 741 ·

95 770 203 799 Ἦτταν
218 772 246 799 δὲ
258 772 370 805 τούτων,
389 772 438 807 τὴν
453 772 596 806 ἀσέλγειαν
609 772 690 806 λέγω.

601 119 724 148 SECTIO
743 120 775 147 ll.
793 119 955 148 POEMATA
973 118 1125 146 MORALIA

897 183 921 210 Α
935 178 1095 212 Δικαιοσύνη
1105 177 1142 210 δὲ,
1160 176 1197 213 μὴ
1209 184 1288 203 πλέον
1304 177 1394 212 ζητεῖν
1410 175 1482 211 ἔχειν
1491 184 1499 190 ·

1670 112 1723 141 953

935 223 969 251 60
985 223 1039 258 Τῆς
1057 223 1079 249 δ’
1098 223 1218 258 ἰσότητος
1232 222 1352 254 ἔκϐασις,
1367 221 1437 248 τοῦτ’
1453 220 1553 249 ἀδικία.

935 269 1066 304 Φρόνησίς
1082 269 1139 295 ἐστι
1154 268 1322 304 πραγμάτων
1334 268 1474 303 ἐμπειρία.

937 315 1021 349 Σοφία
1037 313 1188 349 νομιζέσθω
1205 315 1233 341 δὲ
1251 314 1305 340 τῶν
1318 314 1401 341 όντων
1414 313 1472 340 θέα.

942 361 974 388 'H
988 361 1010 388 δ’
1024 361 1142 396 ἁπλότης
1156 359 1212 392 ἕξις
1226 369 1267 391 τις
1281 359 1353 395 ἀργὴ
1367 360 1433 395 πρὸς
1449 360 1543 387 κακόν.

940 407 973 433 Ἦ
986 407 1079 442 διπλόη
1091 407 1131 438 δὲ,
1146 406 1192 433 τοῦ
1205 406 1306 442 τρόπου
1321 406 1480 441 κακουργία.

935 452 970 480 65
990 453 1020 479 Ἡ
1035 453 1057 479 δ’
1073 452 1164 488 ἡδονὴ,
1179 452 1268 488 ψυχῆς
1280 452 1322 483 τίς
1335 453 1391 478 ἐστι
1404 452 1523 485 λειότης·

934 499 1013 534 Λύπη
1029 499 1068 530 δὲ,
1085 498 1187 534 δηγμὸς
1204 498 1317 533 καρδίας
1329 498 1374 525 καὶ
1391 498 1528 533 σύγχυσις.

934 543 1047 578 Φροντὶς
1064 543 1086 569 δ’
1101 543 1221 578 ἑλιγμός,
1237 544 1253 578 ἡ
1270 543 1389 578 μέριμνα
1407 543 1437 569 τὸ
1455 542 1543 569 πλέον.

938 589 1046 623 Σκέψις,
1064 588 1199 623 λογισμῶν
1219 587 1353 619 ἀντίθεσις
1370 588 1409 618 είς
1428 587 1560 622 πρακτέα.

938 630 1078 670 Κρίσις’δὲ
1094 634 1174 669 πῆξις
1188 633 1241 660 τῶν
1256 634 1314 664 νοὸς
1330 633 1535 668 βουλευμάτων·

937 680 972 707 70
996 680 1082 715 Ῥίψιν
1098 681 1126 707 δὲ
1139 679 1242 707 τούτων
1255 677 1311 706 οἶδα
1323 680 1372 714 τὴν
1385 680 1509 715 ἁκηδὶαν.

937 726 1033 758 Φθόνος
1047 726 1075 752 δὲ
1087 725 1163 761 τῆξις
1176 725 1341 761 εὑροούντων
1354 726 1407 753 τῶν
1426 726 1519 757 πέλας.

943 771 974 798 Ἢ
996 771 1128 806 βασκανία
1144 771 1173 798 δὲ
1186 771 1232 798 καὶ
1245 771 1330 808 βλάϐη
1343 771 1387 798 διὰ
1401 771 1508 807 φθόνον.

352 895 388 922 45
413 894 516 921 Memor
538 893 584 925 sit,
602 897 630 921 et
648 893 762 921 insidias
778 897 878 925 struat,
895 897 938 920 est
956 892 1119 928 iniuriarum
1136 892 1299 920 recordatio.

353 929 561 957 Concoctionem
577 929 680 956 doloris
695 930 753 956 scio
766 936 826 956 esse
837 928 1079 963 longanimitatem.

353 964 382 991 Si
405 964 467 1000 quis
483 963 656 1000 contumeliis
676 963 789 991 affectus
804 964 927 1000 placidus
941 964 986 996 sil,
1004 964 1106 1000 estirae
1119 962 1253 996 vacuitas,

352 998 439 1032 Quain
459 999 563 1033 antiqui
582 998 818 1027 mansuetudinem
833 999 970 1033 appellare
987 998 1121 1025 solebant.

352 1034 480 1061 Habitum
496 1041 586 1061 rerum
601 1034 734 1061 bonarum
749 1041 811 1062 esse
831 1035 960 1061 virtutem
978 1034 1124 1066 existima;

351 1070 386 1098 50
405 1069 505 1097 Rerum
523 1073 613 1095 autem
629 1069 801 1101 vitiosarum,
813 1069 980 1096 contrarium
992 1076 1053 1096 esse
1065 1068 1189 1095 morbum
1206 1076 1212 1094 τ

351 1104 399 1131 Illa
413 1104 521 1139 quidem
538 1103 585 1131 Dei
599 1104 700 1131 donum
716 1109 773 1137 est,
789 1104 841 1131 iste
856 1104 922 1139 quid
942 1104 1124 1131 inventitium.

352 1139 400 1166 ltei
420 1139 553 1174 cujusque
569 1139 745 1172 pulchritudo
764 1143 806 1167 est
824 1139 1005 1171 concinnitas,

353 1172 516 1202 Deforniitas
532 1178 632 1204 autem,
651 1174 863 1209 pulchritudinis
878 1174 1045 1209 depravatio.
1062 1172 1125 1200 Haec
1141 1180 1201 1200 mea
1219 1173 1366 1201 sententia.

352 1209 494 1237 Fortitudo
509 1209 590 1236 estin
602 1209 685 1237 rebus
700 1210 861 1244 periculosis
876 1209 959 1236 animi
972 1209 1137 1244 c0nstantia.

353 1245 387 1272 55
397 1245 516 1271 Audacia
529 1249 618 1271 autem
634 1248 676 1272 est
694 1242 868 1276 confidentia,
881 1245 927 1272 ubi
939 1252 993 1271 non
1008 1248 1050 1272 cst
1072 1242 1238 1270 audendum.

353 1279 496 1307 Timiditas
511 1283 553 1307 est
569 1280 692 1314 quaedam
708 1280 791 1307 animi
806 1280 958 1307 contractio
972 1280 999 1306 in
1017 1279 1100 1307 rebus
1116 1278 1259 1306 audcndis.

353 1314 543 1350 Temperantia
556 1318 598 1342 est
616 1315 782 1350 expugnatio
795 1315 961 1350 voluptatum
976 1323 982 1341 :

353 1349 449 1385 [isdem
464 1350 599 1384 superari,
615 1349 849 1385 intemperantiam
859 1349 981 1385 appello.

352 1384 471 1420 Iustitia,
486 1382 541 1412 non
552 1393 674 1420 quaerere
690 1382 720 1412 ut
736 1386 796 1420 plus
811 1382 924 1417 habeas,
938 1392 1019 1419 quam
1037 1385 1085 1412 tibi
1106 1384 1237 1412 debeatur
1255 1393 1262 1411 :

353 1420 387 1446 60
401 1418 578 1454 Equalitatis
596 1421 682 1447 lineas
698 1418 848 1450 transilire.
869 1418 1002 1454 iniustitia
1018 1424 1070 1447 est.

351 1454 529 1490 614-615
546 1455 692 1482 Prudentia
708 1459 749 1482 est
767 1463 857 1483 rerum
874 1455 1051 1490 experientia.

354 1491 492 1524 sapientia
505 1495 648 1518 censeatur
662 1498 762 1523 rerum,
779 1495 808 1517 ut
825 1496 897 1522 sunt.
910 1490 1113 1525 contemplatio.

354 1525 520 1558 Simplicitas
536 1526 644 1552 habitus
659 1530 701 1552 est
713 1526 785 1553 iners
806 1526 839 1553 ad
856 1526 967 1552 malum.

352 1560 489 1595 Vorsutia,
510 1568 614 1587 morum
631 1561 805 1595 perversitas.

351 1595 386 1622 65
405 1594 547 1629 Voluptas,
562 1594 660 1622 mentis
675 1596 796 1630 quaedam
813 1600 853 1623 est
865 1595 1002 1623 mollities.

351 1630 474 1657 Tristitia
488 1634 530 1657 est
546 1638 654 1658 morsus
671 1632 763 1658 cordis
777 1635 804 1658 et
817 1631 952 1658 confusio.

351 1666 424 1692 Cura
438 1666 558 1692 animum
573 1666 694 1693 volvitet
712 1671 810 1699 versat,
833 1666 988 1694 sollicitudo
1007 1665 1095 1692 adhuc
1106 1666 1193 1700 magis

351 1700 540 1737 gonrsideratio
554 1700 697 1737 conﬂictus
717 1706 759 1728 est
769 1702 907 1737 rationum
924 1701 957 1728 de
972 1701 1053 1728 rebus
1066 1701 1178 1737 agendis
1196 1710 1202 1728 :

352 1734 499 1767 Judicium,
518 1735 632 1763 ﬁrmitas
645 1737 743 1763 mentis
760 1736 996 1764 deliberationum.

354 1770 388 1797 70
408 1770 470 1798 Haec
495 1771 623 1805 abjicere,
642 1772 700 1799 scio
719 1779 781 1799 esse
796 1771 929 1798 incuriam
942 1775 968 1799 et
988 1771 1124 1798 inertiam.

352 1805 455 1832 Invidia
470 1806 547 1833 tabes
561 1806 644 1832 animi
660 1810 701 1834 est
717 1807 750 1833 de
764 1807 846 1834 rebus
858 1806 986 1834 secundis
1001 1807 1162 1834 vicinorum.

350 1839 516 1874 Fascinatio,
534 1841 727 1869 detrimentum
744 1842 817 1876 quod
832 1842 949 1869 infertur
970 1849 1018 1876 per
1034 1841 1176 1869 invidiam.

137 1939 172 1967 45
190 1939 331 1974 Μνήμων.
352 1939 415 1966 Vat.
435 1941 538 1975 μνήμη.
559 1939 620 1966 Mox
641 1939 724 1967 Coisl.
752 1941 884 1975 μνησίκα-

102 1982 149 2005 κος
167 1982 216 2009 pro
233 1975 407 2009 μνησικακία.

137 2009 167 2036 5t
193 2009 251 2043 Τὴν
273 2009 340 2044 μέν.
367 2010 422 2037 ιιια
436 2009 549 2045 quidem,
570 2018 678 2045 nempe,
705 2010 882 2043 virtus:iste,

103 2045 207 2070 morbus
224 2046 382 2072 contrarius.

139 2079 172 2120 59
185 2079 241 2120 ⁸Μὴ
253 2080 358 2120 πιζέον,
373 2085 424 2108 etc.
443 2079 532 2108 Minus
548 2085 620 2108 recte
634 2080 742 2115 Billius,
762 2089 813 2108 non
827 2081 886 2114 plus

102 2119 204 2150 cwterts
220 2119 362 2150 requirere.

138 2149 172 2186 62
194 2149 255 2176 Τῶν
269 2149 364 2176 ὄντων
378 2149 440 2178 θέα.
456 2149 550 2177 Rerum
563 2159 654 2178 earum
669 2159 727 2186 qua:
746 2159 802 2178 vere
814 2155 887 2184 sunt,

102 2191 135 2213 ac
148 2184 295 2212 divinarum
316 2185 511 2219 contemplatio.

973 1940 1007 1967 66
1026 1940 1217 1976 Δηγμόςηδίιι
1241 1939 1324 1976 Coisl.
1340 1943 1370 1976 et
1381 1939 1443 1967 Vat.
1463 1940 1509 1968 Sic
1531 1940 1595 1976 legit
1618 1941 1726 1975 Billics,

938 1978 1063 2037 Euangifs
1102 1975 1168 2002 editi
1206 1975 1323 2002 habeant
1361 1975 1476 2011 δεσμός,
1509 1975 1582 2011 quod
1617 1977 1726 2012 prafert

962 2019 1004 2037 0111
1027 2018 1041 2037 8
1056 2030 1062 2037 .
1482 2019 1484 2022 ’

939 2011 1062 2038 Combef.
1482 2019 1484 2022 ν

976 2045 1010 2072 68
1036 2045 1201 2077 Ἀντίθεσις
1216 2046 1260 2078 εὶς
1281 2045 1421 2079 πρακτέα.
1445 2046 1539 2073 Billius
1555 2047 1582 2073 in
1599 2046 1672 2074 hunc
1687 2047 1728 2073 lo-

941 2089 1003 2108 cum
1024 2090 1030 2107 :
1054 2080 1146 2107 Videat
1177 2080 1272 2113 lector,
1293 2081 1397 2115 inquit.
1419 2090 1454 2107 an
1475 2082 1542 2115 forte
1565 2082 1728 2108 commodior

941 2089 1003 2108 cum
1024 2090 1030 2107 :
1055 2089 1146 2107 rzaeat
1177 2089 1272 2113 tector,
1293 2089 1397 2113 tmult.
1419 2090 1454 2107 an
1475 2089 1542 2115 [orte
1565 2089 1727 2108 commomer

941 2117 996 2143 lucc
1011 2116 1086 2152 lectio
1105 2116 1198 2152 futura
1215 2116 1261 2152 sit,
1273 2089 1367 2150 σκέιίίις
1382 2117 1522 2152 λογισμὸς.
1541 2117 1573 2143 ἄν
1588 2126 1614 2143 τι
1629 2118 1727 2152 πρᾶξις

942 2151 1096 2187 πρακτέων.
1121 2150 1196 2178 Hane
1223 2151 1279 2178 fere
1302 2150 1443 2178 lectionem
1463 2150 1630 2186 'suppeditat
1652 2150 1727 2179 Vati-

941 2186 1028 2214 canus
1042 2186 1139 2219 codex,
1157 2187 1183 2213 in
1199 2193 1254 2221 quo
1271 2186 1377 2222 legitur,
1393 2187 1553 2222 ἀντίπραξις
1571 2187 1726 2223 πρακτέων.

754 2275 920 2306 METRICA
930 2274 1080 2305 VERSIO.

105 2366 183 2404 Menti
200 2367 321 2404 dolosus,
350 2369 517 2404 μνησικακία
533 2369 641 2397 dicitur.

103 2401 304 2437 Longanimitas
319 2401 362 2430 cst
381 2401 470 2431 coctio
487 2405 627 2432 molestias.

109 2437 263 2498 Ἀοργησία,
279 2446 340 2465 cum
355 2442 428 2465 tenet
444 2439 536 2466 laesum
553 2440 642 2474 quies,

109 2471 187 2498 Duam
208 2473 335 2498 enitatem
347 2474 439 2498 dicere
452 2475 517 2498 olim
531 2482 590 2498 mos
606 2482 642 2498 er:

103 2471 187 2504 Quam
198 2471 335 2500 lenitatem
347 2474 439 2501 dicere
452 2475 517 2501 olim
531 2471 590 2501 mos
606 2478 676 2502 erat.

105 2506 204 2540 Virtus,
222 2508 356 2535 bonorum
371 2509 465 2536 firmus
479 2513 522 2536 est
535 2509 645 2538 habitus
658 2518 664 2535 :
684 2510 747 2537 mali

103 2542 270 2578 llabitusque
282 2551 402 2576 rursum,
421 2544 533 2571 morbus
548 2545 732 2572 adversarius.

104 2577 148 2604 Dei
167 2578 213 2604 illa
227 2577 329 2605 donum
341 2583 383 2606 est
402 2588 408 2605 :
427 2583 454 2605 at
472 2580 544 2605 mala
569 2579 613 2606 hic
632 2580 762 2607 inventio.

103 2612 196 2649 [)ecor,
210 2613 247 2640 rei
259 2614 349 2641 omnis
366 2615 476 2649 elegans
491 2614 664 2642 concinnitas
684 2624 690 2641 :

102 2647 202 2683 Contra
222 2649 329 2676 decoris
349 2655 391 2676 est
409 2647 538 2683 probrum
558 2650 729 2678 deformitas.

102 2681 158 2709 Jain
171 2683 311 2716 fortitudo,
333 2681 417 2711 robur
433 2685 460 2711 in
484 2685 623 2718 periculis.

103 2719 158 2754 Ast,
175 2719 221 2745 ubi
241 2726 310 2754 opus
326 2719 397 2746 haud
410 2724 461 2751 est,
478 2720 570 2751 fidere,
583 2723 626 2748 est
645 2719 769 2748 audacia.

103 2752 229 2789 Audenda
241 2752 365 2789 quisquis
374 2754 488 2789 defugit.
501 2756 634 2789 premitur
648 2759 732 2782 metu.

104 2785 350 2827 Esttempcrantis,
362 2790 421 2827 [arta
439 2785 576 2827 quae'sunt
585 2791 705 2822 ,vinccrc
720 2800 726 2818 :

105 2821 252 2854 Libidinosi
267 2832 373 2860 rursus,
394 2825 436 2853 his
448 2821 638 2854 isuccumbcre.

905 2373 926 2401 B
941 2367 1063 2400 Iustitia,
1080 2375 1135 2395 non
1149 2368 1210 2403 plus
1230 2368 1336 2395 casteris
1354 2368 1492 2403 requirere
1509 2377 1515 2395 :

942 2404 983 2431 Ab
998 2404 1124 2438 aequitate
1137 2403 1252 2438 digredi,
1271 2406 1312 2430 est
1326 2403 1468 2438 iniquitas.

942 2437 1042 2466 lterum
1056 2437 1177 2473 peritus;
1189 2438 1290 2465 dicitur
1303 2439 1424 2472 prudens
1442 2445 1449 2463 :
1466 2437 1570 2472 sophus

941 2475 976 2500 At
992 2478 1146 2505 censeatur,
1167 2478 1257 2505 mente
1277 2473 1323 2508 qui
1344 2481 1388 2501 res
1405 2473 1551 2508 conspicit.

942 2509 1063 2544 Simplex
1078 2512 1193 2535 vocatur
1208 2507 1335 2543 quisquis
1351 2508 1384 2544 ad
1398 2507 1500 2544 malum
1513 2512 1556 2544 est
1570 2507 1647 2543 piger
1666 2514 1673 2534 :

940 2543 1074 2571 VerSutus
1090 2546 1190 2575 autem,
1203 2543 1327 2570 moribus
1340 2543 1466 2578 quisquis
1480 2543 1591 2577 duplex.

940 2580 1044 2606 Lietitia
1055 2578 1204 2614 quidnam?
1220 2579 1318 2605 mentis
1333 2582 1374 2606 est
1388 2578 1515 2614 diliusio;

942 2614 1074 2646 Tristitia,
1093 2614 1183 2641 cordis
1198 2621 1317 2646 morsus,
1335 2618 1361 2640 et
1376 2613 1507 2640 turbatio.

943 2651 977 2676 At
988 2657 1053 2676 cura
1068 2653 1184 2677 mentem
1198 2649 1290 2680 volvit,
1307 2649 1430 2676 anxietas
1445 2649 1541 2683 magis.

941 2684 1034 2719 Pugna
1047 2685 1193 2716 rationum,
1208 2683 1306 2719 σκέψις
1316 2688 1367 2716 est,
1383 2684 1506 2718 nunquid
1521 2691 1608 2719 geres.

941 2718 1072 2747 Consulta
1084 2719 1184 2746 mentis
1202 2718 1290 2745 ﬁrmat
1305 2723 1333 2745 at
1355 2719 1501 2746 sententia.

942 2754 1004 2782 llaec
1019 2755 1065 2788 qui
1077 2754 1192 2789 repellit,
1209 2754 1273 2780 huic
1289 2754 1360 2781 inest
1382 2755 1497 2781 incuria.

942 2789 1023 2816 Livor
1040 2789 1167 2816 secundis
1188 2789 1301 2823 proximi
1315 2789 1397 2816 rebus
1415 2789 1498 2817 dolet.

941 2824 1081 2853 Βασκανία
1101 2825 1162 2860 plus
1176 2829 1238 2853 est:
1256 2831 1321 2852 nam
1343 2828 1424 2853 nocet
1441 2829 1574 2861 quantum
1589 2829 1692 2861 potest.
