1954 3047
137 109 192 137 953

135 167 250 203 Πρᾶξις,
266 165 344 200 λόγος
355 174 396 192 τε.
412 165 537 200 Λοίὸορος
551 164 572 190 δ’
584 165 666 200 αἴσχη
684 165 771 201 φέρει.

135 213 249 248 Μέμφις
261 213 282 238 δ’
296 211 468 247 ἀτιμώρητος
482 212 514 237 ἐκ
529 210 606 245 φίλου
622 210 718 246 ψόγος.

136 259 298 294 Κατηγορία
312 258 334 284 δ’
351 257 478 293 ἔγκλημα
491 256 544 284 τῶν
557 256 710 283 κολαστέων
721 266 727 272 ·

142 305 176 331 'H
192 305 214 331 δ’
232 305 282 331 οὐκ
301 303 404 340 ἀληθὴς
423 303 538 338 γίνεται,
557 303 739 337 συκοφαντία·

138 350 192 378 105
214 351 246 376 'H
262 349 372 385 λάθριος
384 350 427 381 δὲ,
442 348 552 383 διαϐολή
570 357 611 374 σοι
629 348 741 382 κλητέα.

136 397 250 432 Μέμψις
269 395 415 427 ἀνεύθυνος
428 396 510 430 τις,ἡ
526 394 697 430 βλασφημία.

137 443 302 478 Κακήγορος
315 442 347 475 δ’,
361 442 390 473 ὃς
407 442 490 468 πᾶσιν
503 440 607 473 ὁπλίζει
626 441 722 477 στόμα.

144 490 300 524 Ἀστειότης
316 489 376 524 μὲν,
393 488 540 524 φαιδρότης
557 489 586 515 ὲν
601 489 732 524 συλλόγῳ.

142 535 177 561 Ἦ
191 535 214 562 δ’
229 534 404 570 εὐτραπελία,
417 533 564 569 φαιδρότης
579 534 630 566 ἔξω
645 534 735 568 λόγου.

139 579 191 606 “0
207 579 295 614 Λόγου
307 579 335 605 δὲ
351 579 430 614 μωρί¹
446 579 520 605 ἐστὶν
534 579 550 613 ἡ
566 579 713 614 ἀχρηστία.

136 625 237 658 Γέλως,
255 625 372 660 παρειᾶς
389 624 510 660 βράσμα,
525 624 631 659 παλμὸς
643 624 767 659 καρδίας.

138 671 219 697 Οἶνου
235 670 257 696 δ’
274 670 393 706 ἄμετρον
408 671 507 706 χρῆσιν
523 670 583 696 εἰπὲ
595 669 645 704 τὴν
661 669 759 705 μέθην,

137 716 180 743 Τὰ
190 717 213 743 δ’
227 717 260 743 ἐκ
271 716 357 755 μέθης
369 715 525 752 ὺΰρίσμαθ’,
538 717 554 752 ἡ
570 715 707 751 παροινία.

143 760 177 790 Ἦ
190 763 327 799 κραιπάλη
342 763 364 790 δ’
378 763 463 794 ἕωλος
483 762 562 798 ὕϐρις
576 763 608 789 ὲκ
625 762 722 798 μέθης.

659 106 781 134 SECTIO
799 105 830 134 ll.
849 106 1012 134 ΡΟΕΜΛΤΛ
1027 107 1193 135 MOliALIA.

941 169 964 197 Α
980 165 1030 192 H5
1046 166 1127 197 Φόνος
1144 166 1166 192 δ’
1178 167 1193 191 ὁ
1211 164 1261 200 μέν
1274 173 1315 197 τις
1331 165 1475 200 σωμάτων,
1491 164 1506 191 ὁ
1519 165 1542 192 δ’
1556 164 1674 197 εἰκόνος·

1711 107 1763 139 956

981 211 1080 246 ιἌμφω
1095 211 1123 237 δὲ
1141 210 1217 242 λύσις
1233 210 1281 245 τῆς
1296 209 1377 246 φίλης
1392 210 1536 246 ἁρμονίας.

979 257 1096 290 Πορνεία
1113 258 1158 283 καὶ
1178 257 1296 292 μοιχεία,
1316 257 1332 292 ή
1349 256 1398 292 μὲν
1413 256 1546 291 σωμάτων

979 302 1068 329 Ξένων
1085 303 1170 338 κλοπή
1186 312 1238 335 τις,
1259 304 1275 338 ἡ
1292 303 1321 329 δέ
1337 311 1378 334 τις
1398 303 1444 329 καὶ
1460 302 1607 338 δαιμόνων·

981 349 1062 375 Ὅταν
1076 349 1143 375 Θεοῦ
1161 349 1191 375 τὸ
1204 349 1315 384 φίλτρον
1332 349 1371 380 είς
1386 347 1500 383 ἐχθροὺς
1514 348 1597 384 πέσῃ.

980 394 1033 421 120
1047 394 1248 430 Είδωλολάτρης
1263 394 1285 420 δ’
1298 394 1327 425 ὅς
1343 393 1415 420 σέὸει
1433 394 1480 420 καὶ
1494 394 1616 429 χρυσίον.

980 441 1012 467 El
1026 441 1048 467 δ’
1060 441 1190 475 ὠφέλεια,
1207 440 1302 476 κέρδος
1320 441 1359 472 είς
1376 439 1463 475 ψυχὴν
1477 439 1582 473 λαὸεῖν,

981 486 1083 521 Βλάὅη,
1094 486 1125 512 τὸ
1138 485 1239 522 ταύτην
1251 485 1400 521 ζημιῶσαι,
1415 485 1530 519 γίνεται.

983 533 1076 564 Ἔλεος
1089 533 1138 568 μέν
1154 533 1212 559 ἐστι
1226 532 1382 567 συμπάθεια
1395 533 1547 568 συμφορᾶς.

982 576 1079 610 Οἴκτος
1095 578 1122 604 δέ
1135 579 1160 605 κ’
1177 577 1206 605 εὖ
1220 587 1246 605 τι
1263 578 1309 605 τὸν
1323 578 1477 605 πεπονθότα
1491 577 1599 614 δράσαι.

980 624 1032 652 1‘25
1051 624 1126 657 ’Ἐξις
1140 624 1168 651 δὲ
1181 625 1246 651 ποιὰ
1262 624 1329 660 πρὸς
1340 624 1375 650 τὰ
1390 622 1542 659 πράγμαθ’,
1553 623 1567 648 ὁ
1579 622 1698 658 τρόπθςί’

978 668 1065 702 Ἶὶοος
1078 670 1106 696 δὲ
1123 670 1237 706 πλάσμα
1254 670 1302 697 τοῦ
1318 670 1418 706 τρόπου
1436 670 1599 706 κατήγορον.

980 715 1157 747 Διδασκαλία,
1170 716 1290 747 τύπωσις
1308 715 1382 751 ἔργῳ
1395 716 1442 742 καὶ
1457 715 1538 751 λόγῳ.

979 762 1064 796 Λόγος
1074 762 1097 789 δ’
1111 762 1221 798 ἄριστός
1231 763 1288 789 ἐστι
1304 763 1467 798 φαρμακεὺς
1481 761 1590 789 κακῶν

383 882 462 910 Actio
472 882 517 910 vel
530 882 630 911 oratio.
645 881 795 910 Matedicus
814 882 938 909 convicia
955 882 1062 917 ingerit.

382 917 541 953 Objurgatio
553 922 642 945 autem
658 918 738 945 amici
753 918 866 944 innoxia
879 921 921 945 est
936 917 1120 952 reprehensio.

382 953 542 980 Criminatio
556 956 597 980 est
610 953 750 980 accusatio
766 960 855 980 rerum
870 953 1080 988 puniendarum.

383 989 412 1015 Si
430 988 498 1015 falsa
511 988 547 1015 sit
562 988 736 1023 (accusatio).
751 988 927 1023 sycophantia
941 991 998 1019 est;

382 1023 436 1050 105
455 1023 483 1050 Si
494 1022 673 1055 clandestina,
685 1022 822 1050 calumnia
841 1023 890 1049 tibi
905 1022 1063 1057 appellanda
1078 1026 1130 1050 est.

385 1058 571 1093 Reprehensio
586 1066 639 1085 non
657 1059 723 1085 fulta
740 1058 955 1092 probationibus,
971 1058 1149 1092 blasphemia.

383 1092 529 1121 Maledicus
549 1097 638 1120 autem
654 1094 698 1121 ille
709 1098 762 1124 est,
778 1093 824 1127 qui
836 1098 929 1120 contra
941 1101 1035 1121 omnes
1046 1100 1078 1121 os
1092 1100 1172 1121 suum
1186 1097 1282 1121 armat.

381 1128 503 1156 Comitas
513 1131 555 1156 est
570 1128 693 1155 hilaritas
713 1129 739 1155 in
754 1128 900 1162 colloquio.

382 1163 517 1197 Dicacitas
528 1167 618 1190 autem
631 1168 673 1190 est
684 1163 806 1190 hilaritas
821 1167 896 1190 extra
907 1163 1051 1190 rationem.

381 1198 444 1233 110.
462 1198 602 1226 Sermonis
619 1199 733 1226 stultitia
745 1198 805 1233 ejus
819 1203 860 1225 est
872 1198 1015 1225 inutilitas.

382 1232 465 1268 Bisus
481 1241 610 1268 genarum
626 1237 667 1261 est
685 1232 830 1268 impulsus,
846 1233 1011 1260 subsultatio
1023 1233 1125 1262 cordis.

382 1267 444 1295 Vini
459 1267 634 1295 irnmodicum
649 1267 732 1296 usum
746 1276 811 1296 voca
822 1268 1021 1301 temulentiam,

382 1302 422 1330 Ex
437 1303 596 1330 temulentia
606 1308 696 1331 autem
711 1308 789 1331 natas
805 1304 918 1338 injurias
931 1303 1182 1331 debacchationem.

382 1337 499 1374 Crapula
509 1346 583 1370 vero,
600 1339 750 1373 petulantia
763 1343 805 1366 est
822 1337 943 1374 profecta
957 1346 989 1366 ex
1007 1338 1132 1373 pridiana
1147 1340 1288 1369 ebrietate.

382 1372 540 1410 QiS’Caedes
553 1372 655 1410 aliaest
672 1372 831 1408 corporum,”
843 1374 895 1400 alia
906 1372 1163 1410 divinazr’imaginis;

382 1408 503 1442 Utraque
516 1414 604 1436 autem
620 1409 762 1436 dissolutio
779 1409 868 1436 chara:
883 1408 1088 1437 concinnitatis}

383 1442 518 1479 Scortalio
531 1449 557 1471 et
570 1444 743 1475 adulterium,
756 1445 809 1470 alia
825 1448 889 1471 sunt
900 1451 1046 1479 corporum

381 1478 540 1514 Alienorum
553 1479 629 1513 quasi
645 1480 769 1514 quaedam
785 1479 866 1512 furta,
881 1479 933 1506 alia
944 1479 1114 1512 daemonum;

382 1514 449 1540 Cum
464 1514 569 1541 scilicet
581 1521 657 1540 amor
670 1514 717 1542 Dei
731 1514 764 1541 ad
785 1514 845 1548 ejus
858 1514 949 1541 hostes
967 1515 1158 1543 transferatur.

385 1548 587 1584 120‘ldolorum
603 1550 692 1576 cultor
703 1553 745 1576 est
761 1550 886 1584 quisquis
899 1550 963 1576 colit
978 1556 1084 1576 aurum.

386 1583 416 1618 Si
433 1584 536 1612 utilitas
548 1588 600 1616 est,
615 1585 721 1611 lucrum
740 1583 898 1611 in'animam
916 1585 1073 1612 redundans
1093 1584 1191 1618 facere,

383 1617 561 1656 Jaclura'est.
577 1627 637 1646 cum
651 1619 780 1656 damnum
797 1619 904 1656 aliquod
919 1620 944 1656 ei
961 1619 1084 1656 affertur.

385 1653 571 1681 Misericordia
585 1658 627 1681 est
643 1655 774 1682 naturalis
790 1653 902 1681 allectus
918 1655 944 1681 in
962 1654 1058 1682 alienis
1073 1655 1273 1683 calamitatibus
1291 1665 1297 1682 :

385 1689 638 1726 Miseratioﬁutem,
650 1690 730 1726 etiam
742 1697 815 1726 eum,
827 1689 874 1724 qui
886 1689 1068 1726 calamitatem
1080 1698 1178 1725 passus
1192 1695 1243 1723 est,
1257 1691 1364 1726 juvare.

385 1723 438 1760 525
456 1723 642 1760 Habitusitalis
655 1724 696 1751 vel
714 1725 777 1752 talis
791 1723 853 1759 erga
868 1732 923 1756 res,
942 1723 1131 1760 cujusque‘est
1144 1723 1260 1754 indoles;

385 1758 474 1794 Mores
489 1767 553 1786 vero
565 1759 721 1793 ﬁgmentum
742 1764 815 1792 sunt,
825 1758 886 1794 quo
901 1758 1057 1794 designatur
1072 1760 1187 1789 indoles.

384 1793 514 1829 Doctrina
527 1794 642 1821 aliorum
659 1798 701 1821 est
713 1793 870 1821 informatio
884 1802 966 1829 opere
985 1799 1011 1822 et
1028 1803 1163 1824 sermone.

386 1827 482 1856 Sermo
494 1833 584 1856 autem
599 1829 718 1864 optimus
737 1833 780 1858 est
799 1827 948 1858 remedium
963 1830 1107 1862 vitiorum;

175 1915 227 1943 106
253 1916 438 1949 Ἀνεύθυνος.
450 1915 574 1944 Combef.
586 1916 729 1952 legendum
742 1920 835 1945 censet
847 1918 929 1944 ὑπεύ-

141 1950 228 1983 θυνος.
251 1960 260 1977 ¢
279 1952 383 1979 Adduci
407 1960 461 1979 non
478 1959 601 1987 possum,
614 1950 724 1986 'inquit,
743 1957 773 1980 ut
800 1954 837 1980 ita
857 1952 926 1980 Gre-

139 1986 233 2021 gorius
248 1986 446 2022 blasphemiam
461 1986 572 2019 dixerit,
594 1989 673 2023 quasi
693 1995 775 2022 quam
797 1988 860 2023 quis
876 1989 927 2016 im-

140 2028 214 2055 pune
236 2025 356 2053 evomat,
381 2026 408 2049 et
429 2030 492 2058 noni
508 2023 599 2057 potius
623 2023 782 2055 ὑπεύθυνον,
809 2031 867 2058 (μαι)
891 2024 928 2050 sit

140 2064 222 2091 poema
237 2057 361 2084 obnoxia.
385 2067 394 2083 ›
420 2057 576 2089 Ἀνεύουνος
597 2062 687 2086 autem
710 2057 926 2093 exponi'potest,

140 2099 191 2118 non
211 2092 343 2124 discussa,
369 2101 420 2119 non
434 2094 597 2121 exanimata.
613 2092 751 2120 (la-terunt
773 2092 836 2120 alio,
844 2102 927 2121 sensu

140 2131 167 2154 et
180 2129 353 2164 accuratiore
374 2128 444 2155 solet
461 2128 547 2164 accipi
565 2137 618 2156 vox
634 2129 696 2160 ista,
715 2128 889 2163 blasphemia.

176 2162 227 2189 “8
246 2163 406 2197 Δαιμόνων.
429 2164 497 2190 Cum
512 2162 573 2198 quis
589 2164 759 2191 daemonibus
776 2165 880 2191 servire
899 2169 926 2192 et

140 2196 253 2233 obsequi
270 2196 361 2233 potius
374 2206 456 2234 quam
476 2196 529 2226 Ded
543 2199 644 2227 studet.
661 2200 739 2232 Quod
755 2200 782 2226 in
801 2199 926 2235 Scriptu-

982 1919 1021 1956 rjs
1037 1919 1178 1956 {orrnicatia
1200 1925 1227 1948 et
1248 1920 1378 1955 fornicari
1398 1920 1561 1956 appellatur,
1574 1920 1637 1949 Jud.
1662 1928 1692 1954 ll,
1710 1922 1744 1949 i7
1762 1932 1770 1950 :

981 1953 1158 1982 Fornicames
1173 1963 1231 1982 cum
1246 1953 1298 1982 diis
1316 1953 1448 1988 alienisE'l
1458 1955 1575 1988 Paralip.
1590 1965 1616 1988 ν,
1631 1956 1667 1983 25
1678 1953 1689 1984 ί
1701 1956 1770 1984 For-

981 1990 1062 2016 nicati
1076 1995 1137 2027 sunt
1151 1995 1209 2025 post
1226 1990 1342 2023 deos;et
1350 1991 1423 2018 ['sal.
1439 1999 1525 2024 Lxxn,
1542 1990 1576 2018 27
1592 2002 1598 2020 :
1615 1993 1668 2025 Qui
1687 1993 1770 2027 forni-

981 2030 1076 2052 camur
1089 2025 1136 2052 abs
1152 2030 1185 2053 te.

1017 2060 1068 2098 126
1082 2057 1213 2098 fﬂoocet
1226 2062 1347 2098 τρρττυς,
1365 2068 1447 2098 voces
1467 2065 1532 2089 sunt
1551 2061 1655 2095 afﬁnes,
1679 2063 1768 2098 inquit

980 2095 1117 2133 Combel.,
1141 2096 1252 2133 ruitque
1265 2096 1422 2133 Gregorius,
1440 2098 1512 2132 quod
1527 2098 1696 2125 consuetudo
1714 2095 1770 2133 ple-

981 2138 1096 2166 rumque
1108 2131 1226 2159 indolem
1242 2139 1386 2166 moresque
1398 2131 1498 2164 ﬁrmet,
1513 2135 1540 2160 et
1554 2133 1592 2160 ita
1607 2141 1658 2161 nos
1668 2133 1704 2161 ad
1715 2131 1770 2161 ali-

980 2167 1046 2202 quid
1063 2166 1223 2200 habeamus,
1242 2171 1272 2194 ut
1287 2168 1388 2196 assueti
1407 2175 1512 2196 sumus.

791 2289 958 2320 METRICA
968 2289 1117 2319 VERSIO.

141 2370 199 2403 Est,
215 2370 344 2405 actioque
356 2370 458 2405 probra
470 2369 524 2397 fert
535 2370 699 2398 convicium.

141 2404 256 2438 Querela‘
271 2404 436 2433 arnici'lenis
452 2409 495 2432 est
508 2406 694 2440 reprehensio.

140 2441 175 2477 ᾼι
188 2439 305 2477 crimen,
322 2440 487 2477 horumrest,
502 2439 548 2468 lci
560 2441 661 2475 quibus
673 2448 781 2476 pcenam
797 2441 909 2477 irrogat.

141 2474 264 2511 conﬁcta
282 2475 305 2502 si
317 2475 374 2502 sint
390 2475 516 2508 crimina,
529 2474 772 2511 est’sycophantia.

142 2510 169 2537 Id
182 2510 204 2537 si
220 2510 346 2543 latenter,
361 2513 418 2537 tum
431 2517 526 2538 vorem
545 2510 722 2538 calumniam.

142 2545 253 2582 impune
264 2553 326 2572 cum
340 2545 403 2580 quis
422 2546 519 2581 carpit,
531 2550 573 2573 est
586 2546 753 2582 βλασφημία.

141 2581 289 2617 Maledicus
305 2586 397 2617 autem
420 2585 472 2613 est,
491 2588 539 2608 ore
550 2582 598 2616 qui
614 2587 730 2609 cunctus
743 2581 821 2617 petit.

142 2615 169 2643 In
185 2615 367 2651 colloquendo
386 2616 507 2644 suavitas
523 2615 566 2644 est
579 2617 704 2644 comitas.

143 2651 265 2679 Rationis
281 2659 379 2686 expers
396 2651 532 2684 hilaritas,
550 2651 690 2679 dicacitas.

143 2687 264 2714 Stultitia
284 2695 361 2719 vero,
384 2694 476 2714 sermo
488 2695 550 2713 cum
564 2695 632 2715 vane
646 2687 716 2714 ﬂuit.

143 2721 224 2757 Bisus
236 2729 367 2757 genarum
378 2726 421 2749 est
435 2727 518 2750 aestus
535 2731 541 2749 :
561 2722 604 2749 hic
621 2727 716 2757 pectus
732 2723 824 2751 micat.

144 2756 215 2792 [ﬁsus
232 2757 290 2792 lyzci
309 2758 412 2785 nimius
427 2762 469 2784 est
486 2756 655 2785 ternulcntia.

143 2790 321 2819 Exorta'vino
337 2793 447 2827 probra,
463 2792 650 2820 debacchatio.

146 2826 273 2863 Crapula,
291 2826 416 2864 proterve
432 2833 493 2864 post
510 2836 614 2857 nierum
630 2829 653 2857 si
665 2833 690 2857 te
704 2837 791 2865 geras.

981 2370 1029 2398 Est
1046 2377 1100 2397 una
1119 2369 1208 2398 caedes
1222 2370 1357 2404 corporis,
1381 2369 1465 2397 animi
1483 2370 1568 2398 altera
1584 2381 1590 2398 :

980 2405 1033 2434 Per
1048 2410 1194 2440 utramque
1208 2405 1300 2433 dulcis
1310 2405 1427 2432 solvitur
1439 2406 1583 2433 connexio.

981 2442 1112 2475 Stuprum
1129 2441 1228 2475 duplex
1246 2444 1298 2472 est,
1317 2444 1399 2475 atque
1418 2440 1584 2468 adulterium
1598 2440 1708 2476 duplex.

981 2476 1141 2511 Subripitur
1154 2483 1209 2511 uno
1223 2483 1345 2511 corpus}?
1359 2479 1386 2502 at
1405 2483 1482 2511 mens
1498 2476 1593 2504 altero.

980 2512 1032 2538 “9
1045 2511 1157 2544 Quoties
1172 2510 1207 2537 ad
1218 2511 1311 2538 hostes
1322 2510 1447 2537 Numinis
1461 2511 1591 2546 philtrum
1607 2510 1690 2538 cadit.

980 2547 1152 2578 ldololatras,
1165 2546 1211 2581 qui
1227 2547 1322 2573 colunt
1338 2553 1448 2578 aurum,
1461 2553 1540 2573 voca.

979 2583 1046 2609 Cum
1059 2585 1153 2609 nostra
1173 2583 1280 2607 lucrum
1296 2588 1373 2608 mens
1384 2581 1459 2613 facit,
1473 2587 1528 2608 tum
1543 2581 1594 2608 hoc
1609 2582 1685 2615 utile,

979 2617 1090 2644 Iactura
1102 2617 1201 2644 mentis
1215 2623 1277 2643 cum
1293 2615 1331 2647 iit,
1347 2617 1399 2643 hoc
1414 2617 1514 2643 malum
1532 2622 1607 2651 puta.

982 2652 1087 2684 Ἔλεος,
1103 2652 1197 2679 dolore
1211 2655 1253 2678 est
1268 2651 1335 2677 allici
1356 2651 1391 2678 ob
1406 2659 1485 2679 casus
1502 2659 1599 2686 graves
1619 2660 1628 2679 :

981 2686 1087 2719 Οἷκτος,
1101 2687 1187 2714 dolori
1204 2686 1255 2713 hoc
1271 2686 1380 2718 addere,
1397 2692 1427 2712 ut
1439 2687 1569 2713 miserum
1578 2687 1669 2721 juves.

981 2723 1030 2751 Est
1045 2727 1137 2750 certus
1154 2722 1188 2749 ad
1201 2729 1245 2757 res
1258 2721 1377 2753 habitus,
1388 2722 1461 2748 hunc
1473 2722 1573 2757 τρόπον
1588 2726 1700 2751 vocant.

982 2758 1152 2793 Fignientum
1166 2761 1193 2784 at
1205 2755 1272 2792 ἦθος
1288 2764 1384 2793 rursus
1394 2761 1447 2789 est,
1465 2755 1543 2784 index
1559 2757 1671 2793 τρόπον.

982 2792 1111 2820 Doctrina
1127 2792 1209 2820 rebus
1223 2792 1342 2823 instruit,
1359 2792 1441 2820 dictis
1454 2800 1572 2827 quoque.

983 2829 1030 2857 Est
1048 2828 1231 2864 improborum
1244 2827 1421 2862 pharmacum
1434 2835 1524 2857 sermo
1540 2828 1677 2864 optimus:
