1954 3047
285 213 352 240 AE'.
368 212 420 245 Εἰς
430 211 537 238 πενίαν
556 212 726 246 φιλόσοφον

158 270 282 305 Χαίρεις,
295 269 417 305 τρυφῶν,
432 269 464 295 σὺ
479 270 510 303 τῇ
525 269 604 302 νόσῳ,
625 265 673 294 εἶτ’
684 268 825 303 εὐπορεῖςς

126 316 217 350 Ἔχεις
231 315 314 342 κακὸν
333 315 393 350 μὲν,
406 315 550 349 φάρμακον
566 314 594 340 δὲ
608 313 656 348 τῆς
668 313 756 340 νόσου.

126 363 221 394 Ἀλλος
234 361 318 397 πένης
336 362 396 396 μὲν,
410 362 545 397 ἐγκρατὴς
560 361 588 387 δέ
601 370 606 375 ·
625 361 782 397 τρισμάκαρ

127 410 175 440 Ὃς
188 408 249 435 οὕτε
263 408 360 439 δεινὸν,
371 407 431 434 οὔτε
447 408 592 442 φάρμακον
610 408 675 442 ἔχει.

125 453 142 480 5
153 453 204 478 Τὸν
219 451 345 478 πλούσιον
361 453 422 487 μὲν,
436 452 489 478 τῶν
502 451 595 479 παθῶν
607 453 634 478 δὲ
649 453 762 488 ἥσσονα,

125 499 191 526 Τότε
206 499 331 534 προτιμῶ
340 498 387 525 τοῦ
400 499 516 535 πένητος
530 500 577 526 καὶ
592 499 686 534 σοφοῦ,

126 545 207 571 Ὅταν
225 545 271 571 τὸν
289 544 415 579 ἰσχύοντα
433 545 607 580 Μραπληξὶᾳ

125 589 178 616 Τοῦ
195 590 232 624 μὴ
249 589 401 622 νοσοῦντος,
417 590 611 626 ἀσθενεστέρου
628 590 655 617 δέ
672 599 713 625 γε.

343 647 412 680 AG’.
428 647 498 681 Περὶ
515 646 570 681 τῆς
582 647 687 681 αὐτῆς.

128 701 217 728 Ἔστω
232 711 272 734 τις
286 703 395 737 νοσερὺς
410 703 546 738 χαλεπῶς,
567 704 614 730 καὶ
630 704 715 730 πολλὰ
729 703 848 740 πορίζων

161 747 294 782 Φάρμακα.
305 749 361 780 τοῖς
371 748 483 775 πάθεσιν
494 757 500 763 ⁸
512 748 589 780 ἄλλος
601 749 782 783 ὑγεινότατος,

125 792 270 829 Φάρμακον
286 793 446 830 οὑδὲν.ἐχων
460 803 466 809 ·
488 795 600 831 πότερον
615 795 716 822 τούτων
734 794 908 831 μακαρίζεις

632 151 752 180 SECTIO
772 151 804 179 II.
823 151 985 180 ΡΟΕΜΑΤΑ
999 151 1164 181 MORALIA.

1689 152 1741 181 966

916 216 942 244 Α
990 213 1043 241 Τὸν
1058 214 1082 248 ῤ’
1098 212 1259 240 εὐεκτοῦντα
1272 212 1329 247 (οἷδ’
1342 214 1381 240 ὅτι
1393 213 1439 241 καὶ
1449 212 1502 249 γὰρ
1517 213 1600 249 ἅπας)
1610 233 1617 239 .

957 259 974 286 5
986 258 1065 284 Οὕτω
1075 258 1120 284 τὸν
1137 258 1260 294 χρῄζοντ’
1274 259 1380 294 ὀλίγων,
1397 259 1448 286 κᾶν
1464 258 1565 293 σφόδρα
1580 258 1704 294 πένηται,

992 305 1063 340 Πρὸς
1075 305 1122 331 τοῦ
1137 305 1314 337 πλουτοῦντος
1328 306 1451 341 χρήμασι
1465 306 1510 332 καὶ
1526 305 1635 332 πάθεσι.

1152 373 1213 399 AZ’.
1233 373 1284 405 Εἰς
1301 373 1358 406 τὴν
1375 371 1542 406 ὑπομονήν.

994 427 1077 454 Ὅταν
1093 428 1144 454 τιν’
1157 426 1240 463 εὕρῃς
1257 426 1425 453 εὐπαθοῦντα
1438 428 1490 454 τῶν
1505 427 1607 461 κακῶν,

958 473 1076 500 Γίνωσκε
1093 473 1186 500 τοῦτον
1203 473 1241 508 τῷ
1255 473 1328 499 τέλει
1343 473 1521 508 τηρούμενον.

958 517 1042 543 Ὅταν
1058 517 1138 544 καλόν
1155 518 1207 544 τιν’
1220 517 1248 543 ἐν
1261 518 1366 549 κακοῖς,
1382 517 1531 552 καθάρσιον

958 562 1012 597 Τὴν
1027 562 1115 597 θλίψιν
1132 562 1202 588 ἴσθι·
1218 562 1258 589 δεῖ
1269 563 1333 598 γὰρ,
1353 563 1379 588 εἴ
1393 571 1418 588 τι
1434 563 1479 589 καὶ
1494 563 1590 599 μικρὸν

958 608 976 635 5
996 608 1077 640 Ἰλύος
1092 609 1211 643 ἐφέλκει,
1223 607 1302 634 τοῦτο
1315 608 1450 644 ρυφθῆναι
1463 609 1565 641 πόνοις,

964 655 1009 688 Ὦς
1026 655 1108 691 μηδὲν
1118 657 1158 686 εἰς
1172 655 1294 691 πύρωσιν
1312 655 1376 692 ἔλθῃ
1388 655 1441 681 τῶν
1455 656 1547 682 κακῶν
1559 663 1566 670 ·

962 703 998 729 Ἦ
1012 696 1190 738 πεῖρανέἴναι
1206 702 1252 728 καὶ
1266 702 1354 736 πάλην
1366 701 1413 728 τοῦ
1425 701 1582 736 δυσμενοῦς,

959 748 1027 775 Θεοῦ
1043 748 1168 780 διδόντος,
1184 748 1221 779 ὡς
1236 747 1393 783 ἀναρῤηῢῇς
1410 747 1504 782 μέγας.

966 794 1026 821 ’1ώὸ
1043 803 1072 820 τε
1085 793 1169 820 ταῦτα
1183 793 1299 819 πειθέτω
1313 792 1468 828 νικηφόρος.

666 871 762 900 XXXV
793 872 832 899 De
846 872 1024 906 philosophica
1041 873 1216 906 paupertate'.

419 919 462 946 An
478 919 588 951 laetaris,
606 922 634 946 tu
649 919 695 954 qui
712 919 822 947 delicias
839 919 962 950 sectaris,
977 919 1010 954 in
1017 919 1121 949 morbo,
1134 917 1207 952 quod
1222 917 1298 945 dives
1315 916 1375 945 sis?

386 953 456 981 Malo

472 953 582 989 quidem
597 953 706 981 laboras
719 963 726 981 τ
744 954 791 981 sed
807 958 848 981 est
862 954 910 981 tibi
923 953 1069 981 remedium
1085 953 1181 989 morbi.

386 989 462 1017 Alius
476 988 569 1016 contra
584 996 684 1023 pauper
700 993 752 1022 est,
767 989 814 1016 sed
830 992 983 1023 temperans
998 998 1004 1015 :
1023 992 1064 1014 ter
1081 988 1143 1015 felix
1157 988 1212 1021 ille,

385 1023 437 1056 Qui
456 1031 505 1051 nec
519 1024 600 1050 ullum
613 1024 727 1055 malum,
746 1031 795 1050 nec
808 1024 956 1051 remedium
972 1023 1036 1050 mali
1052 1023 1140 1050 habet.

381 1059 400 1093 5
415 1058 527 1085 Divitem
545 1058 664 1093 quidem,
681 1058 874 1093 cupiditatibus
891 1062 981 1085 autem
997 1058 1107 1089 victum,

381 1092 458 1120 Tunc
471 1092 625 1128 praeponam
639 1092 752 1127 pauperi
768 1098 795 1120 et
811 1094 937 1128 sapienti.

381 1127 449 1155 Cum
465 1127 609 1162 praztulero
622 1128 764 1155 robustum
781 1136 815 1155 ex
827 1127 963 1155 dementia

381 1162 490 1190 Homini
504 1162 550 1198 qui
565 1163 660 1190 morbo
673 1170 726 1189 non
739 1163 852 1196 laborat,
874 1163 963 1190 minus
978 1166 1068 1189 autem
1086 1162 1164 1189 fortis
1177 1165 1229 1190 est.

690 1206 810 1235 XXXVI.
835 1207 874 1234 De
886 1207 974 1234 eodem
989 1209 1180 1242 argumenta".

381 1253 448 1289 Esto
461 1253 522 1289 quis
539 1252 659 1287 graviter
672 1253 824 1289 morbidus,
843 1257 870 1280 et
884 1253 967 1289 multa
978 1260 1143 1289 comparans

415 1288 566 1315 Pha’rmaca
581 1289 639 1315 suis
656 1288 757 1315 morbis
772 1297 779 1314 :
800 1288 868 1315 alter
885 1288 1061 1321 sanissimus,

570 1322 751 1349 Pharmacum
764 1323 868 1349 nullum
888 1322 1004 1354 habens;
1022 1326 1112 1350 utrum
1126 1322 1236 1350 beatum
1253 1321 1373 1350 dixeris?

416 1358 488 1385 Bene
504 1358 637 1385 valentem
649 1358 717 1391 (scio
733 1365 827 1385 omnes
843 1358 878 1384 ita
894 1358 1042 1392 dicturos);

382 1393 399 1420 5
415 1393 460 1429 §ic
472 1393 637 1429 indigentem
655 1392 760 1426 paucis,
777 1393 902 1429 quamvis
914 1392 993 1420 valde
1009 1391 1155 1428 pauperem
1171 1392 1288 1427 (felicem
1304 1391 1485 1429 praedicabis),

416 1428 470 1456 Pro
484 1428 568 1455 divite
584 1427 682 1462 opibus
696 1431 721 1452 et
740 1427 829 1453 malis.

672 1473 803 1501 XXXVII.
825 1473 863 1501 De
874 1475 1003 1509 patientia

415 1521 483 1548 Cum
499 1520 632 1555 repereris
647 1519 832 1554 improborum
847 1519 962 1556 aliquem
978 1527 1106 1556 prospere
1124 1523 1242 1548 utentem
1256 1520 1348 1553 rebus.

383 1555 458 1582 Scito
470 1554 545 1582 illum
559 1559 681 1581 extremo
700 1559 866 1581 reservatum
878 1554 990 1588 judicio:

382 1591 449 1617 Cum
463 1590 576 1624 probum
591 1589 709 1623 aliquem
726 1589 827 1616 videris
838 1589 976 1621 amictum,
991 1589 1178 1617 lustrationem

383 1625 458 1661 Hanc
471 1632 531 1661 esse
544 1624 715 1661 alﬂictionem
732 1624 818 1661 scito;
832 1628 939 1661 oportet
952 1625 1033 1657 enim,
1051 1625 1074 1661 si
1089 1625 1154 1659 quid
1167 1625 1249 1653 etiam
1263 1625 1390 1661 exiguum

381 1660 399 1687 5
411 1660 488 1688 Comi
503 1663 674 1693 contractum
691 1658 737 1690 sit,
753 1658 804 1685 hoc
820 1659 928 1693 purgari
944 1667 992 1693 per
1003 1658 1151 1693 molestias,

382 1693 419 1722 Ut
434 1694 501 1721 nihil
517 1694 649 1720 malorum
664 1692 733 1727 ignis
752 1692 883 1720 inccndio
894 1692 1034 1728 servetur;

382 1730 437 1756 Aut
449 1729 624 1757 tentationem
638 1735 700 1763 esse
712 1731 738 1754 et
753 1728 852 1755 luctam
872 1729 986 1763 inimici,

382 1764 438 1791 Deo
451 1767 607 1798 praestante,
623 1766 653 1790 ut
673 1762 760 1798 victor
774 1763 955 1798 renuntietur.

383 1798 434 1827 Job
447 1797 505 1826 haec
517 1798 567 1826 tibi
581 1797 743 1833 persuadeat
757 1797 899 1826 victoriam
913 1798 1036 1834 adeptus.

162 1880 172 1891 ¹
188 1877 263 1906 Alias
277 1877 338 1905 Bill.
353 1876 415 1910 I50,
427 1884 456 1912 p.
472 1876 534 1904 I96.
573 1876 594 1887 “
610 1873 686 1903 Alias
699 1874 830 1902 Murator.
843 1874 906 1909 200,
918 1882 981 1911 pag.
1001 1874 1064 1903 I96.
1103 1877 1133 1888 '“
1147 1875 1222 1904 Alias
1239 1876 1370 1904 Murator.
1389 1877 1450 1909 190,
1465 1884 1526 1914 pag.
1542 1877 1604 1905 172.

161 1935 290 1963 XXXVII.
311 1935 327 1962 5
348 1935 435 1961 Ὅταν
449 1933 543 1960 καλὸν
556 1933 609 1960 τιν’
620 1933 654 1959 ὲν
665 1932 777 1965 κακοῖς.
798 1931 837 1959 Ita
846 1931 909 1959 Vat.

129 1971 213 2003 Edit.,
229 1971 292 1997 ὅταν
308 1970 358 1996 τιν’
372 1970 401 1996 ὲν
419 1970 514 2000 κακοῖς
530 1968 584 1994 τῶν
599 1967 698 1994 καλῶν.

162 2006 189 2040 6,
206 2001 221 2032 7
246 2006 294 2037 Ὧς
313 2004 472 2040 μηδέν.
504 2003 557 2030 τοῦ
581 2002 760 2040 δυσμενοῦς.
780 2001 910 2040 Geminos

128 2035 298 2071 hos'versus'.
313 2035 362 2074 qui
383 2038 573 2074 desiderantur
590 2038 626 2074 in
639 2035 706 2074 edit.
726 2036 801 2074 Pan,
824 2035 907 2074 Leuv.

127 2079 273 2110 agnoverat
288 2075 315 2101 in
325 2071 388 2105 sua,
404 2073 541 2110 etrLatine
552 2071 762 2110 reddide_rat._ld
779 2078 834 2110 quo
847 2072 909 2110 qui-

127 2107 188 2136 dem
206 2118 258 2137 non
271 2117 383 2144 possum
397 2109 462 2143 quin
475 2108 555 2144 mirer
566 2111 593 2135 et
608 2107 713 2144 laudem
725 2107 843 2144 hominis
853 2107 908 2133 hae-

128 2145 203 2172 retici
226 2141 324 2171 bonam
350 2141 441 2174 ﬁdem,
458 2143 503 2178 qui
520 2143 577 2178 ipse
594 2141 706 2178 profert,
729 2142 908 2178 agnoscitque

127 2179 251 2215 Gregorii
265 2180 433 2215 verba,un
447 2176 567 2215 error-cm
582 2185 662 2215 suum
678 2176 712 2204 de
729 2177 791 2215 igne
809 2183 910 2215 purga-

129 2211 209 2247 Ιωὶό,
232 2214 284 2247 vel,
309 2217 339 2241 ut
359 2211 446 2249 ipsius
461 2213 543 2240 verbo
558 2217 627 2245 utar,
644 2212 702 2247 igne
723 2211 909 2245 exploratorio,

962 1933 1071 1969 penitus
1098 1933 1269 1969 subvertant,
1286 1939 1313 1961 et
1340 1933 1468 1962 Ecclesiae
1494 1935 1645 1963 doctrinam
1673 1937 1741 1965 mire

962 1969 1125 1995 conlirmant
1143 1969 1204 1995 :sic
1229 1968 1278 1995 hos
1303 1976 1399 1996 versus
1425 1970 1513 1997 reddit
1538 1970 1640 1998 Leuv.:
1660 1971 1693 1998 Ut
1708 1980 1739 1999 ne

961 2003 1023 2042 quid
1039 2004 1103 2030 ntali
1115 2003 1229 2042 supersit
1241 2003 1419 2042 esploralorio
1432 2005 1598 2042 pici-gendum
1615 2007 1684 2042 igne.
1700 2008 1739 2034 vel

962 2038 1016 2065 Deo
1034 2038 1353 2074 concedentemericulum
1367 2039 1399 2065 de
1413 2038 1491 2067 nobis
1501 2041 1558 2074 ﬁeri
1572 2038 1673 2068 necésse
1689 2047 1738 2074 est,

961 2078 986 2110 et
999 2081 1057 2099 cum
1069 2073 1221 2110 aduersario
1236 2073 1399 2106 luctandum,
1416 2073 1514 2110 utAqui's
1527 2083 1635 2110 magnus
1648 2073 1742 2103 renun-

961 2109 1050 2135 tielur.
1069 2107 1185 2144 Dubium
1207 2115 1266 2144 non
1285 2112 1334 2144 est
1349 2110 1416 2144 quin
1440 2107 1588 2144 Gregorius
1608 2111 1641 2138 ad
1657 2112 1738 2138 verba

962 2143 1077 2181 Apost._l
1093 2142 1162 2181 C_or._
1175 2149 1216 2174 ut,
1235 2143 1285 2181 I_3._
1297 2142 1403 2181 _alludat
1418 2153 1425 2171 :
1444 2142 1655 2181 Uniiscujuaque
1680 2153 1742 2180 opus

963 2177 1039 2213 quale
1049 2178 1095 2211 sit,
1108 2178 1176 2213 ignis
1192 2177 1324 2213 probabit.

775 2268 941 2298 METRICA
954 2265 1102 2296 VERSIO.

246 2340 327 2360 XXXV.
347 2339 381 2359 DE
404 2339 587 2360 PHILOSOPIIICA
608 2339 792 2358 PAUPERTATE.

382 2377 473 2413 (Bittio
495 2378 655 2412 interprete.)

163 2433 286 2465 Laetaris,
301 2441 382 2468 aeger,
397 2438 494 2461 cuncta
511 2433 582 2467 quod
597 2434 644 2460 tibi
664 2432 826 2468 suppetant?

130 2468 305 2500 Medicamen,
325 2467 398 2496 hunc
417 2477 470 2503 quo
490 2469 574 2496 lenias
590 2468 726 2499 morbum,
741 2472 782 2494 est
799 2467 857 2494 tibi.

129 2503 203 2530 Felix
220 2507 247 2530 at
264 2503 330 2530 alter
348 2512 354 2530 :
373 2511 475 2538 pauper
490 2508 541 2533 est,
552 2503 597 2530 sed
618 2503 770 2533 continens,

127 2538 177 2566 Cui
192 2545 242 2566 nec
258 2539 356 2565 malum
372 2536 466 2568 ullum.
484 2538 658 2572 pbarmacum
672 2543 721 2572 nec
732 2540 773 2572 est
793 2536 865 2562 mali.

129 2573 188 2608 Ipse
202 2573 298 2607 opibus
313 2573 441 2608 amplum,
455 2571 569 2608 crimine
587 2572 633 2599 sed
645 2571 718 2608 omni
733 2571 871 2603 obrutum,

154 2615 205 2635 nnc
223 2607 383 2642 anteponain
400 2607 509 2642 pauperi
523 2610 553 2642 et
568 2607 651 2642 probo
663 2607 732 2642 viro,

128 2642 207 2674 Cum,
227 2639 306 2676 quem
325 2639 423 2668 furoris
437 2639 552 2669 reddidit
564 2639 660 2668 fortem
674 2641 800 2674 impetus,

129 2677 276 2705 Prmtulcro
291 2684 368 2709 sano,
382 2676 429 2704 sed
447 2677 537 2704 minus
554 2676 617 2703 forti
637 2680 737 2702 tamen.

300 2728 391 2749 Χιιινι.
409 2730 443 2749 DE
464 2729 554 2749 EODEI
574 2729 743 2748 ARGUMENTO.

322 2767 365 2801 (Α.
382 2767 414 2794 Β.
430 2767 536 2794 Caillau
557 2766 718 2802 interprete.)

129 2810 194 2848 Esto
209 2811 270 2846 quis
286 2816 403 2846 :rgrotus
417 2813 544 2848 graviter,
562 2813 719 2847 morbisque
732 2811 853 2848 requirat

163 2845 486 2877 Pharmaca’multa'suis
503 2857 509 2876 :
528 2848 600 2876 nulla
614 2848 662 2876 sed
676 2845 744 2875 alter
762 2845 863 2874 habens

927 2332 949 2360 Β
962 2328 1110 2356 Pharmaca
1127 2329 1162 2356 sit
1178 2337 1261 2357 sanus
1277 2337 1374 2364 :quem
1390 2329 1491 2357 dixeris
1509 2337 1569 2358 esse
1585 2331 1711 2359 beatum?

997 2364 1048 2396 Qui
1065 2364 1144 2395 valet,
1160 2366 1311 2396 exclamas;
1328 2365 1426 2391 clamat
1436 2369 1462 2392 et
1475 2367 1563 2392 omnis
1578 2366 1668 2393 homo.

961 2398 1064 2434 Indiget
1081 2399 1121 2426 bis
1136 2400 1240 2434 paucis,
1253 2407 1354 2434 pauper
1368 2399 1447 2431 licet;
1465 2400 1509 2426 ille
1520 2401 1566 2427 sed
1581 2409 1646 2427 auro

996 2433 1088 2460 AIIluit
1113 2433 1193 2469 atque
1210 2434 1288 2461 malis
1306 2433 1314 2460 Ξ
1330 2434 1373 2460 hic
1390 2434 1437 2460 tibi
1458 2435 1560 2468 primus
1574 2435 1635 2462 erit.

1188 2487 1290 2506 XXXVII.
1310 2487 1343 2505 DE
1362 2487 1517 2506 PATIENTIA.

1153 2524 1198 2559 (Α.
1217 2524 1248 2551 Β.
1269 2524 1375 2552 Caillau
1391 2526 1562 2560 interprete.)}

1000 2567 1028 2596 Si
1043 2576 1155 2604 prosper
1167 2574 1293 2596 occurrat
1308 2569 1399 2597 forsan
1414 2570 1460 2597 tibi
1478 2571 1575 2601 malus.

963 2602 1131 2630 Hunc’crede
1145 2610 1280 2631 servatum
1294 2605 1394 2631 ultimae
1405 2606 1545 2632 sententia:
1557 2615 1564 2632 :

964 2638 1011 2674 βίη
1025 2638 1114 2673 justus
1128 2639 1153 2665 in
1169 2639 1257 2671 malis,
1272 2640 1379 2667 dolores
1393 2640 1440 2666 hos
1455 2645 1518 2674 puta

962 2673 1179 2708 Lustrationcm;
1195 2675 1217 2701 si
1230 2674 1293 2708 quid
1308 2679 1349 2700 est
1368 2673 1528 2701 eniniflicet

960 2707 1087 2743 Parvum,
1101 2709 1148 2735 luti
1168 2707 1259 2743 super,
1277 2708 1353 2735 decet
1371 2709 1501 2736 molestiis

960 2742 1086 2778 Purgari,
1102 2744 1128 2770 in
1149 2742 1223 2778 ignes
1238 2748 1266 2770 ut
1281 2743 1343 2770 mali
1357 2744 1435 2770 cadat
1451 2744 1535 2776 nihil;

960 2777 1102 2805 'I‘entantis
1116 2777 1169 2804 aut
1180 2779 1275 2805 duram
1289 2786 1350 2805 esse
1364 2779 1461 2804 laetam
1480 2778 1622 2811 daemonis,

961 2812 1061 2849 Deique
1077 2813 1187 2849 donum.
1205 2814 1291 2839 victor
1308 2819 1336 2839 nt
1356 2814 1438 2839 niteat
1457 2814 1553 2849 magis.

960 2847 1010 2875 Job
1025 2849 1076 2875 ista
1094 2848 1206 2875 suadeat
1219 2848 1399 2882 triumphator
1411 2848 1465 2876 tibi.
