1954 3047
253 128 304 155 987

252 187 444 222 Σκιδναμένου,
454 187 498 213 τὸν
515 186 592 218 ξυνὸν
607 186 677 220 ἔχειν
689 185 809 221 ὲπόθησα
824 189 970 222 πενιχροῖς,

252 231 304 260 Οἷά
317 242 347 259 τε
365 233 462 264 καύτὸς
479 232 530 258 ἐὼν
545 232 684 267 ἐπιδήμιος
698 232 784 258 ἐνθάδ’
799 233 913 268 ἀλήτης,

258 279 302 308 Ἐς
317 279 384 313 χέρα
398 279 421 304 δ’
441 278 568 312 Ὑψίστου
585 279 670 312 ὁρόων
681 277 810 313 ὀώτειραν
825 278 907 304 ἐάων-

250 323 304 350 2‘25
318 323 355 349 Οὐ
376 324 442 349 πᾶσι
457 322 592 357 θνητοῖσιν
607 322 740 357 ἀπεχοὲος
755 322 847 348 εἵνεκα
861 322 961 358 λώϐης,

251 369 320 395 ’Ἡτε
333 369 381 396 καὶ
397 370 477 405 ἤπιον
490 369 574 403 ἄνδρα
592 368 670 404 χόλου
687 368 823 404 πίμπλησι
835 369 960 403 τάχιστα·

251 415 319 441 Οὔτε
334 415 516 449 κασιγνήτων,
530 414 577 446 οὒς
593 423 638 449 μοι
656 414 740 449 τάφος
756 408 972 450 ἀμφικαλῦπτει,

256 461 435 496 Ὠκυμὸρους,
454 460 600 486 πάντεσσιν
615 460 810 494 ἐπιχθονέοισιν
823 460 952 495 ἀγητοὺς,

252 506 350 532 ’Όσσον
363 505 432 541 ἐμὴν
443 505 531 541 ψυχὴν
551 505 725 540 ὀλοφύρομαι,
742 504 779 536 ὥς
792 513 834 536 τις
850 505 969 531 ἄνασσαν

250 550 302 577 950
319 551 411 586 Καλήν
422 560 450 577 τε
465 551 585 585 μεγάλην
594 559 622 576 τε
631 551 676 576 καὶ
690 550 821 584 εὑγενέων
833 550 979 585 βασιλήων,

250 597 386 631 Είσορόων
398 596 557 631 στιϐαρῇσιν
571 595 766 627 ἁλυκτοπέδαις
782 595 944 630 μογέουσαν,

253 642 304 668 Ἢν
316 643 373 677 δορὶ
388 642 579 677 δυσμενέοντες
594 642 663 672 ἕλον.
677 641 780 677 χαλεπῇ
801 642 823 667 δ’
840 641 969 676 ὲνέδησαν

249 688 411 723 Δουλοσύνῃ,
425 688 471 714 καὶ
488 689 588 722 στυγνὰ
603 688 672 714 κατὰ
685 688 778 722 χθονὺς
791 688 891 723 ὄμματ’
904 688 1012 723 ἐρείδει.

249 735 317 761 Τοῖα
331 734 425 760 πάθον·
440 734 533 760 τοιόνδ’
551 734 594 769 ἄρ’
610 734 664 768 ἔχω
677 734 859 769 κατακάρδιον
879 734 967 765 ἕλκος.

249 779 302 807 255
324 781 437 815 Ἀρχαίη
455 780 535 814 φάτις
550 780 634 812 ἐστὶν,
654 780 691 806 ὅτ’
702 779 884 815 ἑγχρίμᾌσιν
897 779 991 807 ὀδόντα

588 127 617 155 S.
639 127 801 155 GREGORII
825 128 948 157 THEOL.
969 128 1152 157 CARMINUM
1173 127 1271 156 LIBER
1289 127 1320 155 ll.
1341 126 1534 154 IllSTOBlCA.

1056 191 1077 219 Λ
1093 187 1192 222 Πικρὸς
1209 186 1266 221 ἔχις
1285 185 1435 220 κακοεργὸν
1449 185 1491 211 ἐπ’
1505 184 1593 219 ἀνέρι,
1607 182 1706 217 λοίγιον
1722 182 1801 215 ἕλκος

1824 125 1878 154 983

1092 233 1207 264 Μούνοις
1222 231 1289 258 τόνδ’
1300 231 1401 257 ἐθέλειν
1417 229 1595 265 ἀγορευέμεν,
1607 226 1677 255 οἷσιν
1689 229 1781 264 ὁμοῖον

1091 279 1196 314 Λυγρὸς
1206 278 1262 313 ἔχις
1277 277 1404 314 πυρόεντι
1419 277 1489 312 χόλῳ
1502 275 1666 311 ἐνομόρξατο
1679 275 1779 310 λοιγόν·

1091 324 1144 350 Τὸν
1160 324 1213 359 γὰρ
1227 324 1258 358 δὴ
1273 323 1319 350 καὶ
1341 322 1437 358 μοῦνον
1453 321 1615 348 ἐπίστασθαι
1632 321 1715 347 κακὸν
1732 321 1826 354 ἄλγος,

1091 368 1144 395 240
1159 369 1206 400 ’Ὡς
1225 369 1272 395 καὶ
1284 367 1339 402 ἐγὼ
1348 368 1474 394 κείνοισιν
1487 367 1551 401 ἐμὸν
1565 366 1645 393 πόνον
1660 366 1846 402 ἐξαγορεύσω,

1092 413 1169 442 Οἷσιν
1189 415 1266 448 ξυνὸς
1280 415 1359 450 ἔρως,
1376 414 1453 446 ξυνὸν
1467 414 1561 445 κακὸν,
1575 413 1657 447 ἄλγος
1669 414 1770 447 ὁμοῖον.

1091 462 1193 488 Μοῦνοι
1208 461 1263 497 γάρ
1279 469 1327 487 κεν
1342 461 1417 495 ὲμοίο
1434 459 1517 494 φίλως
1528 459 1650 491 δεξαίατο
1669 458 1764 494 μῦθον,

1092 508 1147 534 Καὶ
1168 508 1267 542 γοερῆς
1288 506 1401 542 κραδίης
1416 507 1552 542 μυστήρια
1564 506 1651 540 γνοῖεν
1664 505 1770 540 ἄριστα,

1091 553 1122 579 Οἳ
1144 553 1259 588 σταυροῦ
1274 552 1415 584 ποθέοντες
1429 551 1571 587 ἐπωμαδὸν
1583 551 1664 586 ἄχθος
1676 551 1788 585 ἀείρειν,

1092 599 1145 625 945
1166 600 1220 626 Καὶ
1241 599 1359 634 μεγάλου
1374 598 1507 633 Βασιλῆος
1525 598 1554 624 ὲν
1581 597 1674 632 ἕρκεσι
1689 598 1785 632 μοῖραν
1801 595 1878 630 ἕχον-

1786 649 1844 672 τες,

1093 687 1206 723 Εὑοδίην
1222 688 1377 723 στέργουσι,
1392 687 1439 714 καὶ
1452 687 1613 723 οἰκτείρουσι
1629 686 1762 717 πεσόντος

1093 735 1155 766 Τοῖς
1168 734 1189 760 δ’
1207 734 1297 766 ἄλλοις
1314 743 1361 761 κεν
1381 734 1453 769 ἔοιμι
1468 734 1553 768 γέλως
1569 733 1623 768 ὲμὰ
1642 732 1725 768 κήδεα
1739 732 1841 767 βάζων,

1094 776 1144 806 Ὧν
1161 780 1252 812 πίστις
1264 780 1376 816 κραδίην
1391 780 1479 816 ἄκρην
1492 779 1623 816 ἐχάραξεν
1639 777 1752 814 ὲλαφρὴ,

501 856 576 892 Quas
597 864 659 883 cum
672 857 838 891 pauperibus
854 864 1013 884 communes
1026 856 1127 884 habere
1143 857 1283 892 optabam,

503 891 604 927 Utpote
615 897 642 919 et
656 894 713 926 ipse
729 892 831 919 advena
847 892 889 918 hic
901 896 927 919 et
941 900 1015 921 erro.

503 927 532 954 ln
554 935 664 953 manum
681 927 811 954 Allissimi
829 927 980 962 respiciens
998 927 1132 954 bonorum
1147 927 1312 961 largitriccm
1331 934 1338 953 :

498 962 552 989 225
572 962 627 989 Nec
641 965 747 988 tantum
766 962 800 988 ob
816 961 931 989 invisam
944 963 1072 989 omnibus
1090 962 1251 989 mortalibus
1265 961 1406 996 injuriam,

499 998 565 1030 Qua:
573 998 653 1024 etiam
667 1001 840 1024 mansuetum
860 997 997 1024 hominem
1013 998 1052 1023 ira
1066 998 1158 1031 implet
1175 997 1395 1032 promptissime;

499 1033 554 1060 Nec
570 1032 685 1058 fratrum
697 1040 791 1062 causa.
809 1040 880 1066 quos
894 1040 968 1058 nune
985 1032 1050 1058 mihi
1068 1032 1223 1066 sepulcrum
1239 1033 1315 1066 tegit,

500 1068 647 1094 lmmatura
661 1072 750 1094 morte
763 1067 902 1102 abreptos.
918 1067 1047 1094 omnibus
1059 1068 1218 1094 hominibus
1235 1067 1385 1100 mirabiles,

498 1103 636 1135 Quantum
649 1103 768 1128 animam
782 1110 868 1129 meam
881 1102 978 1133 deﬂeo.
990 1103 1063 1129 velut
1075 1103 1098 1130 si
1115 1103 1175 1136 quis
1193 1102 1322 1137 gravibus

499 1137 552 1165 250
566 1137 598 1163 Et
615 1137 808 1164 insolubilibus
821 1138 928 1165 catenis
944 1138 1082 1164 dolentem
1098 1138 1199 1164 viderit
1214 1137 1369 1172 pulchram,

498 1172 532 1199 Et
548 1180 685 1206 magnam,
702 1178 729 1199 et
746 1181 778 1199 ex
790 1173 930 1206 generosis
948 1173 1058 1207 regibus
1071 1178 1159 1199 ortam
1177 1173 1309 1206 reginam,

497 1207 564 1240 Quaa
581 1208 665 1235 armis
683 1207 717 1233 ab
731 1207 856 1234 hostibus
868 1212 958 1242 capta,
979 1212 1007 1235 et
1017 1208 1138 1235 molesta:
1153 1207 1267 1235 astricta

498 1242 640 1278 Servituti,
660 1243 754 1270 tristes
771 1244 867 1270 oculos
890 1243 917 1269 in
935 1248 1035 1270 terram
1053 1243 1155 1278 deligit.

498 1277 575 1304 Talia
587 1285 685 1312 passus
700 1285 778 1310 sunt;
793 1278 846 1304 tale
861 1278 939 1305 ulcus
955 1278 1025 1304 intra
1038 1285 1086 1305 cor
1097 1277 1171 1313 gero.

496 1313 550 1339 255
574 1313 708 1347 Antiquos
726 1321 816 1340 sentio
827 1317 877 1345 est,
895 1314 918 1340 si
931 1314 975 1339 cui
994 1313 1138 1340 immiserit
1152 1313 1261 1341 dentem

497 1347 648 1383 Maleficum
667 1348 782 1375 acerbus
795 1356 918 1383 serpens,
929 1356 991 1375 eum
1007 1349 1192 1382 perniciosum
1206 1349 1285 1376 ulcus

496 1382 533 1418 lis
547 1384 613 1409 solis
629 1391 742 1410 narrare
761 1384 828 1411 velle
842 1382 949 1418 quibus
965 1383 1081 1410 similem

497 1417 580 1446 Dirus
596 1426 710 1452 serpens
733 1417 900 1445 inflammato
916 1426 1022 1445 veneno
1041 1419 1140 1447 inussit
1152 1419 1319 1453 perniciem;

497 1452 675 1489 6443645

703 1453 771 1480 lluic
788 1454 872 1483 enim,
890 1458 918 1480 ct
930 1453 1039 1488 quidem
1056 1455 1105 1481 soli
1121 1455 1260 1489 cognitum
1276 1461 1337 1481 esse
1359 1453 1460 1480 malum
1477 1454 1613 1481 dolorem.

498 1488 552 1523 ᾍιο
576 1488 621 1514 Sic
634 1488 720 1515 etiam
736 1496 786 1523 ego
803 1489 856 1515 illis
871 1496 1023 1516 aerumnam
1041 1497 1128 1516 meam
1148 1488 1310 1520 edisseram,

497 1522 604 1555 Quibus
620 1522 776 1551 communis
792 1532 878 1554 amor,
897 1531 1042 1550 commune
1059 1526 1171 1556 malum,
1189 1524 1287 1552 similis
1303 1523 1390 1552 dolor.

498 1558 555 1593 Soli
581 1559 653 1585 enim
670 1559 694 1584 bi
709 1559 780 1586 dicta
798 1567 855 1584 mea
873 1559 960 1585 amice
977 1560 1146 1593 exceperint,

497 1592 531 1629 Et
548 1593 638 1620 mtrsti
655 1593 748 1620 cordis
762 1594 863 1629 optime
879 1595 1005 1628 mysteria
1023 1592 1156 1625 noverint,

496 1628 550 1660 Qui
568 1629 657 1655 crucis
675 1628 786 1662 pondus
799 1629 919 1655 humeris
934 1630 1057 1656 attollere
1071 1631 1225 1664 cupientes,

496 1663 549 1699 245
572 1665 611 1690 Ae
626 1670 728 1698 partem
745 1665 773 1690 in
794 1665 884 1698 magni
902 1664 983 1698 Regis
998 1665 1082 1699 septis
1097 1663 1241 1698 habentes,

497 1697 611 1734 Rectam
626 1697 699 1725 viam
715 1697 850 1734 deligunt,
863 1703 890 1726 et
905 1697 996 1734 lapsos
1012 1697 1186 1727 miserantur.

493 1733 562 1761 Aliis
581 1741 646 1761 vero
662 1735 733 1762 risus
747 1733 817 1760 mala
839 1742 899 1761 mea
916 1733 1038 1762 referens
1052 1735 1216 1768 exstiterim,

494 1768 616 1802 Quorum
635 1770 773 1797 levissima
793 1769 860 1797 ﬁdes
877 1777 984 1797 summa
997 1770 1088 1797 cordis
1105 1770 1256 1806 impressit,

249 1848 412 1885 Billiusrnon
424 1848 525 1885 vitam,
535 1849 583 1876 scd
598 1848 743 1876 facultates
757 1853 784 1876 et
798 1857 875 1884 opes,
894 1857 954 1885 qua:
973 1854 1035 1884 post

246 1884 356 1911 Casarii
372 1888 486 1911 mortem
503 1884 538 1910 ab
557 1885 592 1911 iis
604 1885 651 1918 qui
671 1885 840 1918 imperatorii
860 1884 917 1912 fisci
939 1893 1034 1912 curant

246 1920 386 1954 gerebant,
403 1919 517 1954 direpta:
534 1919 651 1952 fuerant,
673 1920 834 1954 signiﬁcari.
853 1921 930 1953 Quod
944 1926 1036 1947 autem

247 1954 382 1988 sequitur,
394 1954 439 1981 τὸν
454 1954 540 1986 ξυνόν,
556 1955 626 1981 idem
636 1960 678 1982 est
690 1963 722 1981 ac
737 1957 760 1983 si
771 1955 887 1982 dixisset
897 1955 926 1981 ὃν
936 1956 1034 1982 κοινόν.

281 1989 334 2016 224
351 1988 504 2024 Δώτειραν.
529 1989 591 2016 lbec
613 1990 704 2021 lectio,
719 1998 801 2024 quam
826 1991 880 2017 duo
908 1991 1037 2025 Regii'et

246 2025 332 2052 Coisl.
349 2026 570 2060 suppeditarunt,
583 2026 672 2059 potior
688 2026 745 2052 visa
758 2029 801 2052 est
815 2033 896 2060 quam
915 2028 1035 2060 vulgata,

245 2060 377 2096 δότειραν,
414 2061 567 2096 magisque
582 2061 654 2095 sapit
679 2060 840 2093 Homerum,
856 2069 937 2095 queui
965 2067 1037 2096 saepe

245 2093 394 2132 Gregorius
405 2093 535 2132 imitatur.
547 2093 621 2123 llinc'
635 2096 754 2123 tollenda
766 2093 902 2132 particula
918 2104 962 2130 γε,
975 2093 1037 2131 quae

245 2130 368 2157 abundat
383 2131 412 2158 in
423 2131 491 2158 edit.

1121 1849 1174 1877 929
1191 1850 1244 1882 Ὣς
1276 1859 1319 1883 τις
1334 1850 1484 1886 ἄνασσαν.
1508 1850 1554 1876 Sic
1583 1849 1684 1878 habent
1710 1849 1786 1886 Regii
1812 1851 1878 1886 991,

1087 1885 1142 1912 99:1
1155 1906 1161 1916 ,
1194 1893 1308 1922 net-mn
1321 1889 1355 1922 _ct
1374 1885 1559 1922 Coislinianus
1577 1887 1694 1922 ejusque
1720 1885 1878 1922 interpres,

1089 1921 1180 1948 Schol.
1195 1921 1272 1955 Chig.
1289 1920 1360 1947 Edit.
1381 1925 1470 1947 autem
1484 1920 1521 1952 ὥς
1533 1920 1582 1947 τιν’
1595 1921 1724 1948 ἄνασσαν.

1122 1956 1175 1983 256
1190 1957 1310 1990 Λοίγιον
1324 1956 1422 1988 ἕλκος.
1441 1955 1486 1982 Sic
1502 1964 1569 1982 mss.
1587 1955 1656 1983 Edit.
1674 1956 1786 1990 λοίγεον.

1123 1989 1280 2028 ἓὸἹγυῖσιν
1305 1991 1417 2025 ὁμοῖον,
1445 1991 1577 2026 Adagium
1597 1997 1637 2028 est
1650 1989 1725 2028 rquo'
1739 1991 1880 2028 signiﬁca-

1089 2035 1151 2054 mus
1168 2027 1354 2054 dulcissimam
1367 2034 1428 2054 esse
1444 2034 1502 2053 eam
1523 2027 1750 2060 consolationem,
1765 2035 1827 2062 qua!
1844 2028 1881 2055 ab

1091 2070 1124 2089 eo
1141 2062 1333 2096 prolieiscitur,
1359 2063 1406 2097 qui
1423 2061 1519 2089 iisdem
1538 2062 1741 2090 calamitatibus
1761 2061 1880 2092 allectus

1090 2103 1132 2124 est
1147 2098 1246 2132 quibus
1260 2098 1305 2124 ille
1320 2105 1399 2132 quem
1420 2097 1587 2124 consolatur.
1606 2097 1681 2124 Βιιι..

899 2189 1068 2220 METRICA
1082 2188 1230 2219 VERSlO.

245 2252 351 2280 Census
366 2250 505 2286 diripitur,
519 2251 647 2288 manibus
660 2251 803 2286 dispersus
818 2253 930 2288 iniquis,

245 2289 331 2320 Quem
354 2294 417 2313 cum
433 2287 598 2321 pauperibus
619 2295 793 2314 communem
814 2296 922 2322 semper
936 2287 1037 2314 habere

246 2321 356 2357 Optavi,
369 2322 443 2348 velut
458 2322 516 2356 ipse
533 2322 614 2349 etiam
630 2322 773 2349 mendicus
786 2328 812 2350 et
822 2321 912 2354 exsul,

246 2357 450 2391 Advenaquein
463 2361 548 2389 terra,
565 2358 815 2392 porrectricelnque
831 2359 963 2385 bonormn

244 2393 369 2421 Numinis
387 2392 420 2418 ad
439 2392 562 2419 dextram
583 2393 696 2427 supplex
715 2400 773 2419 mea
792 2394 892 2420 lumina
911 2393 1010 2420 tollens
1028 2400 1035 2418 :

244 2428 304 2455 Non
322 2429 402 2454 etiam
422 2428 502 2455 nobis
514 2429 578 2461 quia
594 2436 665 2455 saeva
683 2428 784 2461 injuria
798 2428 868 2454 facta
884 2433 937 2460 est,

245 2465 312 2496 Quae
324 2464 394 2490 solet
405 2467 431 2490 et
446 2463 539 2490 faciles
554 2464 662 2490 animos
678 2464 789 2490 turbare
805 2463 900 2490 dolore
917 2473 922 2490 ι

246 2498 307 2527 Non
321 2499 385 2533 quia
402 2499 538 2533 praeeelcri
555 2499 626 2526 facto
642 2506 718 2525 mors
734 2506 829 2533 aspera
850 2499 947 2526 fratres

246 2534 374 2564 Sustulit,
390 2534 512 2568 egregios
526 2533 635 2566 fratres,
648 2541 771 2568 quosque
781 2534 910 2562 omnibus
924 2541 1000 2569 teque

247 2569 413 2597 Reddiderat
433 2568 503 2595 fama
519 2570 640 2597 celebres
652 2569 836 2603 pulcherrima
854 2570 942 2596 virtus
960 2577 966 2594 :

245 2606 381 2638 Quantum
393 2604 491 2630 animae
510 2604 588 2632 doleo
605 2605 692 2631 fatum
705 2605 859 2631 miserabile
871 2609 981 2636 nostra},

245 2643 332 2672 Quam
352 2640 426 2666 velut
449 2639 585 2666 illustrem
611 2640 761 2671 dominam,
781 2639 924 2674 formaque
937 2640 1036 2666 decora

244 2675 440 2709 Conspicuam,
455 2678 482 2700 et
492 2675 574 2702 claris
589 2682 683 2710 regum
700 2675 837 2701 natalibus
850 2680 946 2706 ortam,

245 2710 356 2744 Aspicio
371 2709 500 2743 gravibus
518 2711 633 2736 vinctam
650 2717 866 2744 oppressamque
876 2709 993 2741 catenis,

246 2747 333 2777 Quam
348 2752 446 2771 manus
458 2745 565 2772 hostilis
577 2746 648 2772 bello
661 2745 801 2779 superavit
817 2750 843 2771 ct
857 2746 951 2776 armis,

247 2780 421 2813 Servilioque
439 2783 512 2806 tcnet
526 2785 685 2807 Inmrentem
698 2801 705 2812 ,
724 2784 750 2806 et
770 2781 870 2806 lumina
887 2785 966 2807 terrae

245 2815 386 2849 Figentem
397 2815 525 2850 lacrymis
545 2815 685 2842 stillantia.
703 2815 778 2841 Talia
798 2823 915 2850 namque

248 2850 315 2878 Sum
335 2857 434 2885 passus
444 2869 452 2883 ,
469 2851 605 2886 talemque
619 2859 713 2886 premo
727 2850 780 2877 sub
793 2851 880 2877 corde
903 2850 1035 2878 dolerent.

1125 2250 1227 2284 lnjecto
1238 2258 1414 2285 quemquam,
1429 2254 1458 2278 ut
1471 2251 1576 2283 dicunt,
1592 2252 1615 2279 si
1632 2252 1713 2279 dente
1728 2253 1878 2281 momordit

1087 2285 1230 2321 limi-ulcus
1239 2294 1361 2320 serpens,
1377 2287 1529 2321 vulnusque
1544 2287 1631 2314 infixit
1645 2288 1774 2314 acerbum

1085 2320 1144 2347 Non
1162 2321 1224 2347 aliis
1238 2323 1312 2355 cupit
1325 2322 1370 2349 ille
1385 2330 1450 2349 suos
1465 2320 1616 2349 memorare
1629 2323 1747 2353 dolores,

1085 2355 1171 2388 Quam
1184 2356 1284 2389 quibus
1299 2363 1342 2384 est
1357 2357 1438 2383 etiam
1452 2356 1540 2384 fusum
1556 2361 1705 2391 aserpente
1716 2365 1854 2385 venenum
1871 2369 1877 2386 :

1084 2391 1140 2418 Hos
1152 2391 1251 2417 etenim
1266 2393 1333 2418 tanti
1349 2393 1422 2419 solos
1434 2393 1487 2418 vim
1505 2400 1586 2420 nosse
1599 2393 1712 2420 doloris.

1084 2426 1161 2453 Haud
1188 2434 1269 2454 secus
1288 2428 1330 2454 his
1350 2432 1473 2454 nostrum
1496 2428 1569 2454 hunc
1593 2435 1811 2456 commemorare
1840 2429 1878 2455 la-

1745 2463 1840 2491 borem

1763 2472 1779 2489 0
1804 2472 1810 2488 ‘.

1083 2498 1147 2526 Fert
1167 2498 1285 2530 animus,
1298 2498 1400 2533 quibus
1413 2497 1484 2525 idem
1498 2504 1575 2525 amor
1584 2502 1636 2532 est,
1651 2463 1877 2533 vCﬂdCllqul'lLHll‘ll-

1784 2535 1840 2564 ido.

1084 2570 1299 2604 Consiniilisque
1316 2568 1403 2595 dolor.
1424 2567 1547 2603 Namque
1563 2568 1589 2595 hi
1603 2533 1842 2596 duntaxat

1085 2606 1229 2640 Excipient
1241 2611 1300 2632 mea
1312 2604 1394 2630 verba
1409 2604 1511 2636 animo,
1532 2604 1678 2638 cordisque
1691 2605 1839 2638 gementis.

1086 2639 1192 2675 Optima
1206 2643 1373 2674 cognoscent
1385 2639 1513 2675 mysteria
1523 2659 1529 2666 .
1542 2640 1588 2673 qui
1607 2639 1750 2675 cupientes

1087 2673 1170 2703 Dulce
1187 2673 1376 2703 suisrhumeris
1393 2673 1499 2709 pendas
1514 2675 1678 2708 plenumque
1697 2674 1788 2701 salute

1086 2710 1169 2737 Ferre
1185 2712 1286 2740 crucis.
1303 2714 1462 2744 partemque
1487 2709 1513 2735 in
1538 2710 1628 2745 magni
1647 2709 1729 2745 Regis
1741 2710 1878 2737 habentes

1086 2745 1229 2773 Clelitibus
1245 2746 1340 2779 septis,
1357 2745 1438 2771 simul
1460 2745 1510 2779 ipsi
1531 2745 1639 2772 tramite
1658 2749 1733 2772 recto

1087 2780 1217 2816 Pergunt,
1231 2786 1312 2814 atque
1330 2780 1374 2814 pio
1389 2780 1554 2816 miserantur
1568 2780 1651 2816 corde
1661 2779 1804 2807 cadentes.

1086 2817 1191 2850 Quippe
1210 2816 1270 2842 aliis
1281 2815 1377 2846 risum,
1396 2815 1515 2842 referens
1530 2822 1589 2842 Inea
1603 2815 1672 2847 fata,
1689 2822 1842 2849 moverem,

1087 2853 1208 2885 Quorum
1222 2855 1343 2878 extrema
1356 2850 1407 2878 lidc
1418 2851 1510 2878 leviter
1523 2854 1587 2878 sunt
1607 2858 1722 2885 corpora
1736 2850 1836 2884 tincta,
