1955 3042
263 143 316 172 999

603 141 631 167 S.
652 139 814 168 GREGORII
835 139 961 168 TllEOL.
982 138 1166 167 CARMINUM
1187 138 1288 166 LIBER
1306 138 1339 167 ll.
1360 138 1556 166 IIISTORICA.

1823 139 1888 167 1000

269 199 349 227 Ἀλλά
374 199 412 234 μ’,
429 197 524 231 Ἀναξ,
542 198 659 233 ὲλέαιρε,
676 197 722 223 καὶ
738 197 770 223 ἐκ
793 196 917 223 θανάτοιο
940 196 1054 228 σάωσον,
1070 201 1092 230 Α
1107 195 1200 230 Αὐτὰρ
1219 196 1233 221 ὁ
1246 194 1403 230 δακρυχέων
1417 194 1464 221 καὶ
1479 194 1579 230 στήθεα
1594 194 1672 229 χερσὶ
1692 195 1847 226 πατάσσων,

265 249 314 274 Ὃν
329 245 423 280 λεῖψαν
439 246 540 281 ἱερῆες,
556 245 617 271 ἐπεὶ
632 243 754 279 μογέοντ’
770 243 895 278 ἐνόησαν.

263 293 365 321 Ἕλκεά
380 292 403 319 τ’
419 290 447 319 εὖ
459 291 620 326 κατάδησον,
634 291 707 325 ἄγων
722 290 769 316 ἐπὶ
786 290 918 316 πάνδοκον
933 287 1017 321 οἷκον,

262 338 346 371 Αὖθις
359 339 381 366 δ’
397 339 437 370 εἰς
458 338 534 373 ἱερὴν
553 338 673 372 πέμποις
693 337 770 364 πόλιν
785 335 963 372 ἁρτεμέοντα,

263 386 315 414 390
335 384 473 421 Ἔμπεδον
496 383 562 411 ἔνθα
582 383 700 419 μένοιμι,
726 383 828 413 κακοὺς
844 382 866 407 δ’
879 381 934 408 ἀπὸ
957 381 1052 416 φῶρας

887 427 1016 463 ξὲρύκοις,

263 478 319 505 Καὶ
331 477 423 514 τρίϐον
438 476 588 512 ἀργαλέην,
600 474 648 502 καὶ
667 482 823 510 τραυματα,
840 474 886 499 καὶ
906 473 1053 509 παροδίτας

263 525 356 561 Νηλέα
376 524 460 559 θυμὸν
475 523 594 558 ἔχοντας,
614 522 658 548 ἐπ’
670 521 780 556 εὐσεϐἱῃ
792 521 957 556 κομόωντας.

299 570 453 605 Πυνθόινομ1
468 570 505 601 ὡς
527 568 574 595 δύο
588 568 671 602 φῶτε,
689 567 760 602 μέγα
777 566 876 593 πνείων
896 566 1051 601 Φαρισαῖος,

264 618 311 649 ’Ὡς
325 626 355 652 γε
366 615 425 651 Θεῷ
440 616 548 642 πάντων
561 613 791 650 προφερέστατος,
804 613 851 647 ἡδὲ
863 612 982 647 τελώνης

263 664 315 691 595
331 663 465 699 Κέρδεσιν
476 662 524 696 οὐχ
537 661 632 688 ὁσίοισι
643 660 807 696 τετρυμένος
817 658 922 685 ἔνδοθεν
934 656 1012 694 ἦτὀρ,

264 710 310 740 Εἰς
325 709 397 744 ἱερὸν
413 707 578 738 ἀναϐάντες·
601 707 616 732 ό
630 706 678 741 μὲν
689 705 724 732 τὰ
737 705 829 731 ἕκαστ’
847 704 960 740 ἀγόρευε

262 754 398 790 Νησιείας
409 753 526 784 δεκάτας
538 760 568 778 τε
585 751 679 787 νόμου,
693 750 862 788 παρεμέτρεε
878 750 900 776 δ’
924 748 1004 776 αὑτὸν

268 801 392 837 Ἀνδράσι
408 808 441 835 γε
455 798 620 835 προτέροισι,
632 798 722 832 λόγοις
740 797 762 823 δ’
782 795 891 828 ὰοέοιξε
913 795 1047 831 τελώνηνι

1105 241 1157 268 400
1167 241 1227 268 Οὐδ’
1238 241 1320 276 ἄντην
1330 241 1455 276 μεγάλοιο
1462 241 1530 268 Θεοῦ
1542 242 1635 276 θρόνον
1649 241 1763 276 οὐρανὸν
1774 241 1855 277 εὐρὺν

1105 289 1252 324 Εἰσορόων,
1266 287 1387 314 λεύσσων
1402 288 1430 315 δὲ
1444 289 1503 314 κατ’
1519 287 1609 320 οὔδεος
1623 288 1729 323 δμμασι
1742 287 1854 320 δούλοις,

1104 334 1222 370 Τηλόοεν
1237 334 1360 370 ἑστηκὼς
1373 334 1401 360 δὲ
1413 334 1537 366 λιτάζετο
1549 342 1556 349 '
1578 344 1586 359 ι
1607 334 1695 365 ’Ἱλαος
1707 333 1776 368 εἴης,

1105 381 1194 408 "nam
1208 380 1247 416 σῷ
1267 381 1422 416 θεράποντι,
1438 381 1518 416 βοῶν,
1537 379 1654 415 βρίθοντι
1668 381 1800 407 κακοῖσιν.

1105 428 1141 454 Οὐ
1156 427 1248 462 νόμος,
1262 427 1291 453 οὐ
1305 427 1415 454 δεκάται
1437 436 1481 462 με,
1501 426 1547 453 καὶ
1560 426 1684 462 ἔργματα
1697 426 1767 453 καλὰ
1780 425 1888 452 σαώσει.

1104 473 1157 501 405
1176 473 1236 500 Οὐδ’
1249 473 1290 507 ὅγ’
1301 472 1468 500 ὲπεσΰολέων
1477 473 1609 507 ψεύστης.
1626 472 1680 498 Καὶ
1691 472 1754 507 νηὸν
1766 472 1852 507 ἔγωγε

1105 519 1212 554 Δίδέομ’
1226 517 1284 544 οὔτι
1301 519 1426 545 πόδεσσιν
1440 518 1580 553 ἐπιψαύων
1595 518 1705 545 ὀσίοισι..

1103 565 1141 600 Σὴ
1154 565 1182 591 δὲ
1196 564 1285 599 χάρις,
1301 564 1346 596 σὸς
1365 564 1387 590 δ’
1399 562 1488 596 οἶκτος
1505 564 1566 599 ἐμοὶ
1583 564 1687 596 στάξειε
1701 563 1816 599 βεϐήλῳ,

1107 612 1158 637 Ἢν
1173 611 1274 646 μούνην
1290 611 1424 642 δειλοῖσιν,
1440 611 1533 643 Ἀναξ,
1546 611 1628 646 πόρες
1640 610 1724 637 ἐλπίδ’
1737 610 1864 645 ἀλιτροῖς.
1878 620 1886 635 ι

1105 658 1153 689 Ὣς
1166 658 1254 692 φάσαν
1264 665 1271 672 ·
1287 657 1450 692 ἀμφοτέρων
1464 658 1492 683 δὲ
1512 657 1578 689 Θεὸς
1591 657 1665 689 κλύε,
1678 656 1724 683 καί
1740 657 1763 692 ῤ’
1780 656 1888 692 ἑλέηρεν

1103 703 1155 730 410
1175 705 1222 730 Ὃν
1240 703 1361 738 μογέοντ*
1372 704 1492 739 ἐνόησεν,
1506 703 1706 739 ὑπερμενέοντα
1715 703 1737 729 δ’
1750 702 1852 728 ἄτισεν.

1106 751 1154 782 ’Ὡς
1172 750 1235 782 ἴδες,
1249 749 1287 782 ὣς
1309 750 1446 782 ἐδίκασας,
1461 750 1532 785 ἐμοὶ,
1547 750 1607 782 Θεὲ,
1623 749 1721 785 θάρσος
1734 747 1854 780 ὀπάζων.

1104 793 1189 829 Οὗτος
1206 796 1261 831 ἐγώ
1281 805 1322 824 σοι
1334 798 1422 828 κεῖνος
1436 796 1451 822 ὁ
1473 796 1616 831 πάγκακός
1630 796 1689 830 ειμι
1702 794 1836 829 τελώνης

516 877 569 905 Sed
583 877 647 909 mei,
660 876 728 909 Rex,
744 876 884 907 miserere,
901 880 928 903 et
941 882 974 902 ex
991 878 1078 902 morte
1088 875 1192 902 salvum
1205 883 1248 903 me
1263 875 1316 907 fac,

513 912 599 946 Quem
613 912 781 945 reliquerunt
797 911 964 942 sacerdotes,
977 917 1039 937 eum
1052 910 1218 946 laborantem
1230 911 1365 941 viderent,

511 945 690 983 652-653
705 946 824 973 Vulnera
837 950 899 983 apte
913 946 1003 981 alliga,
1022 945 1157 983 deducens
1172 946 1198 983 in
1215 946 1326 973 domum
1340 945 1513 980 hospitalem,

512 981 851 1018 Rursusqueincolumem
866 982 892 1008 iu
907 988 1014 1018 sacram
1031 981 1283 1018 tui_ttas_civitatem,

512 1018 564 1046 590
584 1015 638 1045 Ubi
653 1017 767 1044 ﬁrmiter
781 1024 916 1047 maneam,
934 1020 961 1043 et
976 1015 1114 1050 improbos
1126 1016 1201 1043 fures
1214 1024 1320 1049 arceas,

512 1054 550 1080 Ac
567 1054 638 1080 viam
655 1052 809 1082 scelestam,
826 1056 853 1078 et
870 1052 992 1082 vulnera,
1008 1057 1034 1078 ct
1050 1050 1169 1079 viatores

511 1088 656 1115 Crudelem
670 1088 790 1114 animam
809 1087 950 1118 habentes,
968 1086 1032 1112 dum
1047 1085 1082 1113 de
1097 1087 1198 1122 pietate
1213 1086 1376 1122 gloriantur.

546 1123 634 1150 Didici
651 1123 722 1150 duos
735 1122 860 1149 homines
875 1131 881 1148 :
896 1129 994 1157 magna
1010 1121 1158 1156 spirantem
1175 1121 1357 1153 Pharisazum,

511 1157 594 1191 Quasi
607 1159 730 1185 omnium
746 1163 820 1185 esset
836 1157 907 1192 apud
920 1156 1004 1183 Deum
1019 1157 1274 1191 prmstautissintus,
1289 1161 1316 1185 et
1332 1156 1510 1192 publicanum

510 1193 564 1220 595
582 1192 623 1222 0b
637 1194 713 1220 lucra
728 1200 781 1220 non
797 1197 892 1219 saneta
909 1192 983 1219 intus
1000 1193 1081 1219 corde
1100 1193 1260 1223 contritum.

511 1228 540 1256 In
553 1228 684 1263 templum
699 1227 874 1261 ascendisse;
893 1231 976 1262 atque
990 1228 1035 1254 ille
1051 1227 1161 1262 quidem
1180 1228 1288 1263 singula
1303 1227 1491 1260 enumerabat,

510 1263 590 1299 Legis
603 1264 707 1298 jeiunia
724 1267 751 1291 et
762 1263 894 1299 decimas,
909 1270 993 1297 seque
1007 1263 1167 1298 adaequabat

513 1298 584 1334 Viris
598 1299 729 1334 antiquis,
745 1302 772 1325 et
792 1298 882 1334 verbis
897 1299 1072 1333 publicanum
1085 1299 1241 1332 spernebat.

510 1333 560 1361 Hic
577 1333 824 1369 rursusilaerymas
841 1333 957 1361 fundens
972 1337 999 1360 et
1016 1338 1110 1367 pectus
1127 1335 1252 1360 manibus
1268 1333 1434 1368 percutiens,

510 1369 563 1396 400
581 1369 637 1397 Nec
653 1369 798 1396 adversum
811 1369 903 1404 magni
916 1369 963 1396 Dei
979 1369 1070 1395 sedem
1088 1369 1172 1395 iatutn
1185 1369 1285 1395 cwlum

509 1404 665 1439 Aspiciens,
686 1405 734 1432 sed
752 1403 867 1431 serviles
877 1405 972 1439 oeulgs
985 1403 1105 1438 deﬁgens
1122 1404 1148 1430 in
1167 1405 1365 1439 pavimentum,

510 1438 609 1475 Procul
623 1444 700 1467 stans
716 1439 879 1475 precabatur
894 1449 900 1466 :
918 1449 927 1464 ‹
943 1438 1081 1474 Propitius
1094 1439 1145 1471 sis,

510 1473 664 1510 Propiliare
678 1473 788 1510 famulor
798 1478 855 1506 tuo,
872 1473 1033 1506 inclamans,
1051 1475 1134 1510 malis
1145 1481 1294 1510 oppresso;

510 1508 574 1537 Non'
584 1511 636 1543 lex,
649 1518 704 1538 non
719 1518 761 1537 tne
773 1509 895 1542 deciuue,
911 1517 966 1536 non
980 1510 1110 1544 praeclare
1124 1508 1196 1536 facta
1209 1511 1313 1537 salvum
1330 1508 1443 1537 facient.

507 1545 560 1580 1405
579 1544 635 1572 Nec
650 1546 703 1573 iste
725 1544 839 1579 fuligine
854 1552 1002 1579 aspergens
1017 1552 1071 1576 me,
1091 1546 1209 1572 mendax
1222 1549 1274 1573 est.
1290 1545 1380 1580 Atque
1393 1544 1519 1579 equidem
1538 1544 1668 1579 templum

508 1579 686 1615 Yerecundor
699 1580 814 1615 pedibus
830 1587 883 1606 non
901 1581 1005 1607 sanctis
1022 1583 1144 1615 tangere.

508 1614 561 1642 Sed
575 1620 621 1642 tua
639 1617 737 1650 gratia,
754 1620 800 1641 tua
815 1615 841 1641 iu
858 1622 900 1641 me
917 1615 1061 1649 profanum
1076 1616 1159 1643 stillet
1174 1615 1324 1646 miseratio,

504 1649 592 1683 Quam
605 1649 691 1678 solam
708 1658 796 1685 spem,
814 1651 881 1680 ltex.
898 1651 1007 1677 miseris
1026 1651 1218 1684 peccatoribus
1231 1651 1346 1685 prmbes.
1364 1659 1374 1676 ι

505 1685 551 1712 Sic
568 1686 649 1712 locuti
667 1691 742 1718 sunt,
758 1693 789 1712 ac
805 1690 951 1720 utrumque
966 1685 1038 1713 Deus
1052 1685 1166 1718 audivit,
1187 1693 1219 1712 ac
1234 1693 1297 1712 eum
1313 1686 1462 1714 miseratus
1478 1690 1521 1714 est

503 1720 556 1747 410
575 1721 660 1753 Quem
676 1721 744 1747 vidit
757 1720 897 1751 alllietunt,
915 1721 1063 1755 superbum
1080 1726 1170 1748 autem
1191 1721 1325 1755 despexit.

504 1756 552 1791 §ic
566 1755 669 1788 vidisti,
682 1756 723 1783 sic
736 1755 879 1789 judicasti.
899 1755 981 1787 Deus,
1003 1756 1132 1783 ﬁduciam
1147 1756 1213 1783 mihi
1227 1756 1357 1791 largiens.

504 1789 560 1826 Ego
577 1792 625 1819 tibi
640 1799 701 1818 sum
715 1791 849 1819 scelestus
864 1791 909 1818 ille
920 1792 1100 1826 publicanus;

292 1869 346 1906 ΞΜ
361 1869 413 1903 Ὠς
426 1878 459 1904 τε
473 1869 543 1906 Θεῷ,
558 1870 604 1898 Sic
616 1869 709 1898 Schol.
721 1873 749 1897 et
763 1878 778 1898 e
793 1869 884 1906 Regiis
906 1878 987 1902 unus,
1001 1877 1046 1898 ac-

1129 1870 1181 1898 598
1203 1870 1498 1907 'Ardpdo‘grerchig.
1517 1870 1631 1905 ἀνδράσι
1645 1880 1685 1898 τε.
1712 1870 1771 1898 Mox
1784 1871 1887 1907 λόγοις.

257 1904 383 1941 curatius
403 1912 486 1941 quam
501 1905 567 1932 edit.
584 1905 614 1941 δς
637 1914 680 1940 γε,
695 1907 750 1941 qui,
774 1910 825 1933 etc.
837 1904 843 1906 ⁷
854 1905 947 1941 Neque
971 1906 1044 1933 enim
1094 1905 1172 1940 Chig.
1185 1911 1211 1933 et
1227 1914 1297 1932 unus
1309 1914 1324 1933 e
1337 1905 1429 1941 Regiis
1444 1904 1528 1941 λόῖτῳ.

259 1939 483 1976 Ρὴςιιζίξωιιείιιο,
495 1945 525 1967 ιιι
537 1941 575 1967 ait
586 1939 813 1976 Billius.'primas
828 1939 938 1976 pietatis
954 1946 1046 1976 partes

258 1975 330 2010 apud
345 1975 429 2002 Deum
447 1976 566 2008 tenebat,
581 1983 596 2003 a
619 1984 674 2011 quo
699 1975 818 2010 rejectus
829 1975 876 2003 Vest
888 1976 924 2004 ob
950 1975 1046 2011 super-

258 2010 331 2051 biam
342 2019 356 2051 ;_
372 2010 420 2052 sed
433 2011 470 2037 ita
486 2011 586 2052 cristas
601 2010 741 2052 attollebat
754 2012 833 2052 quasi
851 2019 931 2052 nemo
947 2010 992 2038 ad’
1005 2012 1044 2047 ip-

257 2045 316 2072 sius
331 2046 461 2072 virtutem
474 2047 614 2081 animique
629 2045 813 2081 praestantiam
827 2047 977 2074 accederet.

293 2080 345 2108 596
360 2082 411 2117 Εἰς
433 2081 513 2117 ἱερρν
531 2080 705 2114 ἀνὰϐάὶυτες.
719 2081 774 2117 rSic
791 2089 858 2110 mss.
876 2080 948 2109 Edit.
972 2081 1043 2117 ἱερὸν

257 2115 458 2148 εἰσαναὸάντες.
476 2116 543 2152 Reg.
558 2117 620 2150 99'2,
639 2116 783 2144 ἀναϐάντε.

1132 1933 1356 1979 illiillo?!)an
1365 1933 1399 1967 δὲ
1413 1933 1556 1979 ,ᾅιτᾴξὲέςλ
1579 1943 1625 1970 Sic
1649 1942 1759 1979 codices
1780 1944 1887 1979 antiqui

1095 1976 1231 2003 nonnulli.
1255 1976 1326 2003 Edit.
1349 1976 1452 2012 ἑστηὼς
1472 1978 1494 2003 δ’
1515 1977 1663 2010 ὲλιτάξετο.
1676 1993 1709 1997 —
1733 1976 1813 2004 Forte
1830 1976 1888 2007 nie-

1095 2012 1228 2049 lius,cum
1241 2015 1363 2049 servetur
1376 2016 1561 2049 augmentum.
1575 2012 1727 2049 (ΟΑιιιΑυ.)

1131 2047 1184 2074 tot
1200 2047 1277 2082 Kal,
1287 2047 1325 2082 ita
1341 2046 1406 2082 Reg.
1423 2048 1485 2075 992.
1505 2046 1650 2076 Editﬁobx.

1135 2083 1179 2120 ιιι
1207 2081 1345 2120 Ὀῖιᾴζωνκ
1359 2083 1464 2120 _Scltol.
1484 2083 1595 2120 θαρρεῖν
1617 2083 1838 2120 παρεσκεύασας,
1855 2085 1889 2119 [i-

1097 2117 1205 2144 duciam
1218 2117 1285 2144 mihi
1299 2117 1446 2147 prazbuisu'.

909 2178 1075 2208 METRICA
1087 2177 1237 2208 VERSIO.

258 2239 326 2266 Dum
341 2238 416 2274 legit,
434 2238 461 2265 in
476 2242 576 2275 terram
594 2239 704 2270 cecidit,
721 2246 775 2274 qua
790 2242 912 2266 traxerat
925 2244 1026 2268 ortum.
1062 2244 1083 2271 Β
1096 2238 1232 2272 Jactabat,
1244 2239 1400 2275 priscisque
1413 2239 1480 2266 viris
1491 2238 1526 2267 de
1537 2239 1618 2266 laude
1630 2240 1756 2267 movebat

259 2276 293 2302 At
306 2282 390 2307 nunc,
406 2281 511 2301 summe
522 2274 635 2308 Parens,
648 2275 746 2302 animat
758 2275 887 2302 miserere
897 2276 1044 2310 precantis.

257 2310 340 2344 Eripe
353 2318 395 2337 me
409 2309 493 2344 nigra:
508 2310 599 2341 morti,
615 2317 696 2344 quem
712 2309 783 2337 mole
798 2309 925 2337 dolorum

259 2345 427 2380 Oppressum
440 2345 524 2373 nimia
539 2345 663 2379 gravium
678 2352 755 2372 sacer
765 2345 833 2372 ordo
849 2345 968 2380 reliquit.

258 2379 378 2407 vulnera
393 2380 445 2407 rite
459 2380 511 2415 liga
526 2380 654 2411 festinus,
667 2380 700 2407 ad
716 2379 823 2414 hospita
837 2379 941 2408 ducens

258 2416 343 2444 Tecta
358 2424 365 2442 :
379 2422 487 2443 sacram
503 2415 612 2443 redeam
628 2419 709 2450 teque
725 2416 838 2451 auspice
849 2423 947 2443 rursus
958 2415 992 2451 ad
1005 2423 1048 2443 ur-

987 2452 1046 2478 bern

778 2450 786 2451 ί
987 2452 1002 2477 b
1020 2458 1032 2477 ιι

261 2486 369 2513 Viribus
385 2484 541 2518 incolumis,
559 2493 738 2520 maneamque
755 2485 792 2513 ibi
807 2485 878 2514 ﬁxus
893 2486 920 2513 in
935 2450 1032 2513 minii.

261 2521 482 2555 Submoveasque
498 2521 584 2556 malos
598 2521 683 2553 fures,
699 2521 850 2556 calletnque
869 2522 1024 2552 molestum.

261 2556 444 2592 Yulneraque,
458 2561 484 2584 et
495 2555 572 2592 ﬁctos
585 2556 721 2592 homines,
736 2555 841 2592 subque
854 2556 950 2584 ordine
964 2563 1045 2584 sacro

261 2591 292 2619 Et
309 2592 376 2619 recti
391 2591 482 2627 specie
497 2591 618 2619 crudelia
629 2591 712 2618 corda
725 2591 861 2627 gerentes.

295 2626 457 2654 Ascendisse
469 2627 538 2654 duos
554 2630 660 2654 sacrata
676 2626 814 2654 volumina
828 2626 967 2662 quondam

261 2668 288 2688 tn
300 2663 429 2696 templum
445 2665 557 2688 narrant
573 2662 698 2689 homines
711 2672 718 2689 :
731 2661 849 2696 quorum
861 2662 929 2689 alter
944 2661 1018 2689 inani

263 2697 396 2732 [urgebat
410 2697 492 2729 fastu,
511 2701 639 2732 tanquam
653 2697 713 2731 ipso
727 2697 837 2725 charior
851 2701 924 2724 esset
977 2705 983 2711 -

259 2731 343 2760 Nemo
359 2731 424 2763 Deo.
439 2738 519 2760 nemo
530 2731 627 2760 melior
638 2740 690 2760 nec
705 2733 827 2761 sanctior
838 2739 971 2767 usquam;

259 2767 309 2794 Hic
323 2768 474 2802 pharisazus
490 2770 548 2794 erat
560 2777 566 2794 :
580 2768 657 2794 lucra
673 2772 715 2796 ast
727 2769 762 2795 ob
773 2768 865 2802 iniqua
880 2769 973 2795 dolore

258 2802 364 2838 _Sauciar
374 2803 457 2830 corda
471 2810 568 2837 gerens
580 2803 649 2830 alter
661 2803 790 2838 luctuque
803 2803 922 2837 jac’ebat.

257 2836 305 2864 Ille
319 2837 428 2867 quidem
440 2836 549 2865 inflatus
561 2838 723 2865 meritorum
735 2836 767 2865 ex
781 2836 878 2865 ordine
891 2845 1025 2867 summam

259 2870 432 2906 Subducens,
449 2873 514 2908 legis
526 2873 658 2907 decimus,
674 2873 778 2908 jejunia
793 2873 889 2902 crebra

1096 2275 1254 2307 Certamen,
1269 2275 1373 2302 tutnido
1385 2275 1497 2301 calcans
1511 2283 1637 2302 sermone
1650 2276 1767 2303 telonen.

1096 2309 1146 2345 llic
1158 2313 1248 2337 autem
1264 2310 1419 2345 lacrymans
1437 2309 1552 2337 feriebat
1566 2314 1677 2344 pectora
1694 2311 1803 2345 palmis.

1095 2344 1151 2380 Nec
1165 2353 1230 2372 vero
1241 2346 1268 2372 iu
1280 2344 1392 2378 cwlum,
1408 2344 1500 2372 sedem
1511 2345 1600 2372 Patris
1610 2344 1791 2380 altitonantis,

1097 2379 1253 2416 Spectabat,
1272 2389 1366 2407 verum
1384 2381 1411 2407 in
1429 2384 1530 2416 terram
1549 2381 1658 2407 servilia
1671 2381 1759 2416 ﬁgens

1096 2415 1224 2447 Lumina,
1237 2420 1369 2450 stansque
1389 2415 1484 2450 procul
1500 2415 1629 2442 fundebat
1647 2421 1755 2450 pectore
1768 2425 1868 2445 vocem

1099 2460 1107 2487 ι
1130 2449 1215 2487 Parce
1229 2456 1275 2487 tuo
1293 2449 1406 2487 tantulo,
1420 2450 1491 2477 Deus
1503 2451 1617 2487 optime,
1631 2449 1712 2486 parce
1722 2454 1844 2487 roganti.

1093 2486 1194 2521 Aspice
1205 2494 1248 2513 me
1266 2486 1364 2516 facilis,
1379 2493 1513 2512 noxarum
1527 2486 1597 2513 mole
1607 2491 1760 2521 gravatum.

1094 2520 1154 2548 Non
1175 2521 1230 2551 lex,
1243 2529 1297 2548 non
1310 2521 1435 2553 decimae,
1450 2528 1504 2547 non
1518 2529 1560 2548 me
1572 2520 1714 2548 benefacta
1726 2523 1809 2555 tueri,

1093 2555 1132 2591 Ac
1145 2556 1254 2583 dulcetn
1268 2556 1369 2583 misero
1387 2559 1517 2591 poterunt
1532 2556 1631 2584 aﬁ‘erre
1646 2558 1772 2584 salutem.

1094 2590 1169 2618 Ficta
1187 2599 1237 2619 nec
1255 2591 1284 2618 in
1298 2590 1423 2618 nostrum
1440 2596 1523 2626 caput
1536 2592 1580 2618 hic
1597 2592 1722 2619 convicia
1737 2592 1832 2620 torsit.

1093 2627 1165 2663 Quin
1179 2628 1263 2654 etiam
1280 2627 1396 2663 impuris
1409 2626 1703 2663 pedibus_contingere
1718 2629 1852 2663 templum

1093 2660 1152 2688 Hoc
1170 2670 1275 2689 vereor.
1301 2660 1355 2689 Sed
1371 2660 1417 2688 me
1432 2661 1501 2696 ipse,
1524 2661 1605 2689 Pater
1626 2660 1783 2694 lénissime,‘
1797 2671 1890 2695 serva,

1093 2696 1177 2733 hique
1191 2697 1330 2724 hominem
1349 2697 1434 2733 stillet
1448 2701 1500 2733 tua
1511 2697 1598 2731 gratia
1619 2702 1714 2725 sancta
1726 2697 1890 2733 profanum,

1093 2731 1158 2768 Quae
1173 2740 1236 2767 spes
1250 2739 1304 2759 una
1318 2732 1399 2759 malis
1414 2739 1434 2768 an
1446 2736 1472 2758 te
1486 2731 1585 2759 donata
1602 2731 1753 2768 refulgent

1093 2767 1169 2794 Talia
1187 2767 1311 2795 dicentes
1330 2767 1407 2794 audit
1421 2766 1504 2800 Deus,
1525 2774 1557 2794 ac
1573 2766 1720 2796 miseratur

1092 2802 1267 2839 Quem_videt
1281 2802 1412 2839 atl'iicttuu
1430 2803 1515 2839 luctu,
1540 2804 1701 2839 spernitque
1720 2804 1890 2839 superbum.

1092 2838 1159 2870 Hos,
1178 2837 1267 2869 Pater,
1283 2838 1421 2872 aspiciens
1437 2837 1584 2865 confestim
1599 2837 1753 2867 tale‘tuiisti

1092 2873 1229 2902 Judicium
1242 2881 1249 2900 :
1266 2873 1385 2908 hincque
1400 2873 1468 2902 mihi
1481 2873 1543 2902 iacta
1558 2879 1601 2903 est
1615 2873 1714 2904 ﬁducia
1727 2878 1804 2904 nata.
