1955 3042
83 133 146 162 1001

87 192 130 223 Ὠς
148 190 177 217 δὲ
193 189 397 226 βαρυστενάχω,
413 188 492 224 ποιὴν
509 188 532 215 δ’
547 189 692 224 ima-tropi
707 189 830 225 ἀρωγήν.

82 238 223 270 Λίσσομαι,
242 237 268 263 at
284 244 348 262 ποτε
367 236 398 270 δή
421 244 450 261 σε
471 235 574 270 πατὴρ,
599 236 644 262 καὶ
662 235 757 262 πότνια
779 236 869 272 μήτηρ

82 284 132 311 λιες
142 283 272 318 Δάκρυσι,
282 282 328 309 καὶ
343 282 498 317 στοναχῇσι,
509 282 556 308 καὶ
567 282 717 318 εὐχωλῇσιν
730 282 831 313 ἔτισαν,

85 332 119 356 ’Ἡ
136 330 196 356 τινά
208 338 249 355 τοι
263 329 384 355 κτεάνων
395 328 494 363 τυτθὴν
508 327 562 354 ἀπὸ
579 330 676 364 μοῖραν
689 328 809 363 ἔνειμαν,

85 376 118 402 Ἦ
132 375 238 406 θυσίαις
252 374 387 409 καθαρῇσι
401 373 447 399 καὶ
465 372 607 406 εὐαγέεσσι
619 373 741 408 γέρηραν

84 422 130 453 (Οὐ
145 421 201 455 γὰρ
219 419 275 454 ἐγώ
291 428 356 446 ποτε
374 420 429 445 σεῖο
446 418 557 449 ἐπάξιον
572 418 632 445 οὐδὲ
649 418 751 453 ἔρεξα),

83 467 140 493 Τῶν
157 466 268 502 μνῆσαι,
287 466 334 493 καὶ
352 464 469 492 ἄλαλκε·
493 463 581 496 κακὰς
604 464 626 490 δ’
650 464 797 499 ἀπόπεμπε
825 473 872 500 με·

708 510 835 546 [ρίμνας”

83 557 134 585 420
144 557 220 593 Μηδέ
233 566 266 591 με
281 555 461 592 συμπνίξειαν
473 557 527 587 ἑοῖς
543 556 698 592 πτόρθοισιν
708 556 834 588 ἄκανθαι,

83 603 150 638 Μηδ’
166 603 210 638 ἄρ’
223 602 399 637 ἐπειγόμενον
414 601 489 637 θείην
503 602 562 629 ὁδὸν
578 602 615 636 ἂψ
629 601 765 637 ὲρύσειαν,

86 651 190 685 ’Λλκαρ
203 649 279 684 ἐμὸν,
292 649 411 684 πέμποις
422 648 450 675 δέ
468 648 494 684 μ’
511 649 647 684 ἀπήμονα.
663 648 710 680 Σὺς
721 648 775 683 γὰρ
785 648 872 682 ἔγωγε

83 695 195 730 Λᾶτρις,
211 695 256 721 σὺν
269 694 297 721 δὲ
313 694 405 729 λάχος.
422 694 457 720 Σὺ
471 694 499 720 δέ
514 703 559 729 μοι
573 693 639 725 Θεὸς
650 692 706 725 οἷος
722 693 835 721 ἄνωθεν.

84 742 127 768 Σοὶ
142 741 170 768 δέ
188 742 215 776 μ’
234 741 287 768 ἀπὸ
309 741 471 776 σπλάγχνων
490 741 581 776 μήτηρ
606 740 724 775 ἀνέθηκε
740 740 871 776 φέρουσα,

84 788 136 814 425
146 789 249 823 Ἤματι
265 787 314 823 τῷ,
323 788 367 814 ὅτε
380 787 478 822 κοῦρον
491 787 545 818 ἑοῖς
563 787 610 813 ἐπὶ
623 787 736 820 γούνασι
749 786 837 813 θεῖναι

84 835 169 862 Παῖδα
182 834 293 861 ποθεῦσ’
311 834 387 870 ἱερῆς
405 834 504 868 Ἀνννης
519 834 674 869 ἐμιμήσατο
691 834 799 868 φωνήν·

585 128 705 157 SECTIO
726 130 745 157 Ι.
764 129 928 157 POEMATA
949 130 993 157 DE
1014 129 1142 158 SEIPSO.

1641 129 1711 156 1002

883 194 906 222 Α
923 201 932 216 ι
956 190 1061 226 Κοῦρον
1078 190 1133 224 ἐγὼ
1148 190 1197 225 μὲν
1209 189 1303 225 ἴδοιμι,
1319 190 1351 216 σὺ
1364 190 1386 216 δ’
1401 189 1496 224 ἕρκεος
1509 189 1583 220 ἐντὸς
1595 189 1711 224 ἐέργοις,

923 236 1021 272 Χριστὲ
1035 236 1114 269 ἄναξ.
1129 236 1220 267 ὠδῖνος
1235 235 1304 271 ὲμῆς
1318 235 1444 270 ἐριθηλέα
1458 234 1572 270 καρπόν.
1594 245 1603 260 ι

922 281 1006 309 Εἷττιε⁵
1024 282 1090 314 Θεὸς
1106 282 1128 308 δ’
1143 282 1302 312 ἐπένευσας,
1327 282 1341 308 ὁ
1354 281 1376 307 δ’
1397 281 1497 307 ἕσπετο
1514 281 1584 312 θεῖος
1609 281 1712 316 ὄνειρος

922 328 974 355 450
994 328 1103 363 Οὓνομα
1131 327 1216 363 μητρὶ
1246 327 1357 362 φέρων,
1384 327 1531 361 μετέπειτα
1554 325 1582 352 δὲ
1616 325 1712 361 κοῦρον

1550 371 1676 407 [ἔδωκας.

929 422 959 447 'H
976 421 1004 448 δέ
1026 429 1059 456 με
1077 422 1132 452 σοῖς
1152 421 1246 455 ἱεροῖσι
1263 420 1322 447 νέον
1336 420 1452 455 ἀνέθηκε
1470 419 1605 455 Σαμουὴλ,

923 467 957 494 Εἴ
971 468 1030 494 ποτ’
1044 467 1102 501 ἔην.
1117 466 1174 492 Νῦν
1189 466 1211 492 δ’
1224 464 1285 493 αὖτ’
1299 466 1455 501 ἑναρίθμιὸς
1472 467 1530 501 εἰμι
1547 464 1670 500 βεῦήλοις

930 513 1003 540 Ἠλεὶ
1018 512 1064 539 σοῦ
1082 513 1246 547 θεράποντος
1267 512 1400 546 ἀγακλέος
1417 511 1486 538 υἱέσι
1505 512 1630 546 μάργοις,

924 559 954 585 Οἳ
973 558 1078 590 θυσίαις
1095 559 1245 594 καθαρῇσιν
1261 559 1394 594 ἐπέχραον
1408 557 1505 593 ἄφρονι
1526 557 1614 593 θυμῷ,

926 605 977 632 455
995 606 1095 640 Χερσὶν
1117 605 1300 640 ἐφαπτόμενοι
1318 604 1398 631 θείων
1413 604 1519 641 λίχνῃσι
1539 604 1677 640 λεϐήτων·

924 652 1044 678 Τοῦνεκα
1061 652 1106 678 καὶ
1122 652 1244 686 χαλεπῆς
1260 651 1364 686 κύρσαν
1379 651 1477 685 βιότοιο
1491 650 1630 686 τελευτῆς.

931 696 1000 722 Ἀλλ’
1014 696 1058 730 ἥγ’
1073 696 1228 731 ἐλπωρῇσιν
1243 696 1365 730 ἀμείνοσι
1382 697 1478 731 μοῖραν
1490 695 1580 730 ἔνειμε

925 743 970 768 Σοὶ
987 743 1099 774 τεκέων,
1118 742 1237 768 Βίϐλοισι
1253 741 1274 768 δ’
1290 741 1360 776 ἐμὰς
1377 742 1459 777 χέρας
1473 742 1567 777 ἥγνισε
1582 742 1678 775 θείαις,

925 789 980 815 Καί
1000 790 1026 823 μ’
1045 788 1254 823 ὰγαπαζομένη,
1273 788 1336 823 τοίῳ
1350 788 1523 823 προσεφώνεε
1539 787 1616 823 μύθῳ
1628 799 1634 804 ι

926 834 978 860 440
1001 843 1009 858 ι
1034 834 1102 869 Ἤδη
1117 842 1158 865 τις
1174 833 1250 868 φίλον
1265 831 1310 860 υἷα
1328 832 1466 860 θεόσδοτον
1483 834 1570 868 ἤγαγε
1583 832 1677 869 βωμῷ,

333 954 383 984 Ac,
399 960 480 988 quam
494 952 614 988 graviter
628 952 791 987 ingemisco,
809 961 858 987 par
874 961 956 988 spero
969 953 1113 981 auxilium.

332 989 443 1020 Precor,
464 988 487 1015 si
500 989 610 1023 quando
627 992 653 1014 te
671 993 756 1023 pater,
773 994 799 1015 et
811 989 967 1016 veneranda
984 993 1081 1021 mater,

332 1025 386 1052 M5
406 1024 558 1058 Lacrymis,
574 1027 600 1050 ct
614 1024 773 1058 gemitibus,
789 1028 817 1051 et
834 1025 964 1058 precibus
975 1024 1132 1057 coluerunt,

332 1060 386 1087 Aut
402 1066 512 1094 parvam
529 1059 663 1085 bonorum
682 1063 785 1092 partem
798 1059 970 1091 obtulerunt,

333 1095 388 1122 Aut
404 1094 523 1122 victimis
538 1094 614 1128 puris
628 1099 655 1121 et
666 1094 772 1121 sanctis
787 1096 925 1122 munerati
943 1098 1008 1122 sunt

334 1129 471 1159 (Nondum
489 1130 561 1165 enim
577 1129 727 1164 quidquam
745 1129 799 1164 egi,
815 1131 888 1164 quod
906 1134 933 1157 te
945 1131 1058 1165 dignum
1071 1130 1129 1164 sit).

332 1165 437 1200 Horum
451 1164 607 1195 recordare,
624 1169 651 1191 et
665 1165 798 1191 auxilium
815 1166 872 1197 [οι-ις
886 1164 1079 1193 malas’aulcm
1098 1165 1168 1200 pelle
1185 1165 1388 1194 sollicitudines
1402 1174 1410 1193 :

333 1201 387 1228 420
405 1199 461 1227 Nec
480 1207 522 1226 me
539 1207 592 1227 una
605 1207 668 1227 cum
685 1201 744 1227 suis
759 1201 879 1228 surculis
898 1201 1033 1228 sulIoceut
1048 1199 1144 1235 spina},

335 1236 390 1263 Nec
404 1239 595 1271 properantem
614 1235 641 1262 in
655 1235 699 1262 via
717 1235 810 1262 divina
823 1236 977 1264 inhibeant.

337 1271 390 1298 Sed
402 1270 455 1302 me,
473 1270 558 1297 robur
573 1278 674 1302 meum,
691 1271 808 1298 illaesum
824 1271 942 1299 dimitte.
959 1271 1035 1299 Tuus
1050 1272 1123 1298 enim
1141 1279 1202 1299 sum

335 1307 442 1337 Cultor,
458 1310 505 1332 tua
521 1305 676 1334 imreditas.
697 1306 737 1333 Tu
752 1307 819 1333 mihi
836 1307 912 1334 solus
926 1306 998 1334 Deus
1014 1308 1047 1334 ab
1062 1307 1149 1334 initio.

336 1340 398 1368 Tihi
412 1348 455 1367 me
471 1341 505 1367 ab
521 1345 599 1368 utero
615 1346 701 1369 mater
718 1341 836 1369 offerens
851 1343 1036 1372 consecravit.

334 1375 510 1420 ﬁsa-655
597 1376 658 1420 Quo
671 1377 716 1404 die
730 1377 1001 1420 niasculamprolem
1014 1377 1130 1413 genibus
1147 1378 1288 1412 imponere

334 1412 468 1446 Cupiens,
484 1416 586 1439 sancta:
600 1413 685 1438 Aume
701 1420 795 1439 vocem
808 1412 913 1439 imitata
926 1418 977 1441 est.

338 1456 352 1484 ι
364 1447 462 1484 Fili_mu
475 1447 585 1481 quidem
601 1455 651 1481 ego
666 1448 779 1484 habeam
797 1457 802 1474 :
820 1451 848 1474 tu
865 1456 929 1484 vero
943 1448 1014 1476 intra
1030 1452 1137 1484 septum
1154 1453 1230 1475 tuum
1247 1447 1382 1480 retineas,

335 1481 393 1510 Rex
406 1482 527 1513 Christe,
545 1486 642 1517 partus
654 1483 706 1509 mei
724 1483 864 1510 ﬂorentem
884 1483 1015 1511 fructum.
1031 1494 1041 1509 ι
1063 1481 1070 1484 ⁷
1420 1486 1423 1489 ‘

336 1517 489 1553 Dixitrilla:
505 1523 532 1544 tu
557 1525 631 1550 vero,
650 1517 731 1550 Deus,
749 1518 882 1548 annuisti,
897 1523 1079 1553 secutumque
1096 1523 1139 1546 est
1155 1518 1292 1547 somnium
1308 1518 1441 1552 divinum,

335 1553 389 1580 450

407 1552 468 1586 Quo
485 1560 585 1579 nomen
600 1561 690 1580 meum
709 1554 788 1580 matri
806 1554 954 1585 l'ere‘batur,
970 1562 1003 1581 ac
1017 1552 1115 1582 deinde
1132 1554 1218 1582 ﬁlium
1235 1554 1346 1583 dedisti.

336 1588 385 1615 Illa
401 1592 491 1615 autem
507 1588 562 1615 tuis
576 1596 618 1614 me
630 1589 717 1615 sacris
734 1596 834 1616 novum
847 1590 1022 1617 consecravit
1037 1590 1204 1619 Samuelem,

337 1623 366 1659 Si
383 1623 494 1658 quando
509 1623 619 1650 Samuel
634 1624 683 1651 lui.
698 1623 777 1651 Nunc
792 1629 882 1652 autem
894 1624 1017 1659 profanis
1031 1632 1197 1653 annumeror

336 1658 396 1686 Ileli
412 1659 526 1686 illustris
544 1659 637 1686 famuli
653 1660 690 1686 tui
706 1661 841 1694 protervis
855 1658 929 1692 liliis,

336 1693 388 1727 Qui
403 1694 550 1728 insipiente
565 1695 656 1721 animo
669 1693 754 1729 puras
772 1696 899 1722 victimas
912 1696 1145 1730 contaminarunt,

336 1730 389 1766 135
406 1729 508 1757 Avidas
523 1737 622 1757 manus
637 1731 725 1757 sacris
742 1730 877 1757 lcbetibus
891 1730 1063 1766 injicientes;

335 1764 509 1800 Quapropter
525 1765 663 1792 funestum
679 1766 740 1792 vita:
759 1766 839 1792 linem
856 1764 959 1800 experti
976 1770 1051 1793 sunt.

334 1801 370 1827 At
389 1801 434 1826 illa
451 1800 555 1827 meliori
573 1808 620 1834 spe
636 1800 703 1827 fulta
720 1806 824 1836 partem
839 1801 889 1828 tibi
908 1802 1008 1829 obtulit

339 1835 483 1867 Filiorum,
500 1835 586 1863 sacris
601 1836 678 1863 libris
694 1835 767 1863 meas
783 1837 956 1864 consecravit
970 1845 1068 1865 manus

338 1871 435 1906 Meque
448 1875 573 1898 amanter
588 1872 774 1906 complectens
788 1872 834 1898 tali
851 1872 970 1899 allocuta
982 1877 1025 1900 est
1041 1880 1168 1900 sermone
1180 1883 1188 1900 :

337 1906 391 1934 ΜΟ
413 1916 422 1932 ι
434 1906 493 1934 Jam
507 1907 620 1934 charum
634 1907 720 1934 lilium
733 1907 834 1942 aliquis
847 1907 981 1936 divinitus
997 1908 1101 1940 datum,
1122 1908 1224 1935 bonum
1237 1908 1367 1943 optimus,

122 1982 171 2020 121
202 1983 369 2020 [Ερύσειᾳν.
390 1983 433 2020 lta
454 1984 558 2020 antiqui
588 1985 708 2017 codices,
739 1984 807 2020 Reg.
832 1985 876 2012 59.

85 2017 178 2054 Cbig.,
196 2018 280 2045 Coisl.
303 2019 371 2045 Edtt.
388 2019 521 2054 épdxozsv.

124 2027 178 2079 '15.,
196 2027 280 2045 b0lbl.
303 2027 371 2045 butt.
388 2027 521 2054 spuxozsv.

124 2053 140 2079 4
160 2053 175 2080 9
196 2053 387 2090 Fuere-vane.
408 2055 483 2089 (lhig.
501 2059 527 2082 et
545 2055 600 2082 duo
621 2055 705 2090 Regg.
720 2055 877 2082 ἐπένευσεν.

86 2089 157 2117 Cum
172 2089 252 2117 editis
267 2090 442 2117 consentiunt
457 2091 541 2118 Coisl.
559 2096 585 2118 et
605 2089 700 2118 lntfet
715 2090 807 2117 Schol.

963 1986 1017 2013 455
1032 1985 1229 2021 Θεράποντος,
1245 1985 1312 2021 Reg.
1330 1985 1383 2013 992
1398 1984 1576 2021 θεραπευτοῧ.

963 2023 1015 2093 ἶξι
1033 2021 1204 2056 Ἑπέχραον.
1219 2020 1270 2049 Int.
1285 2020 1369 2048 Coisl.
1391 2020 1544 2048 ἐπέϐαινον.
1565 2021 1657 2050 Schol.
1670 2023 1720 2051 ἐπ-

929 2067 965 2084 επ
985 2064 1038 2084 οων

743 2170 910 2200 ΜΕἸἮΙΟΔ
918 2169 1066 2199 VERSIO.

89 2252 156 2279 Sum
173 2252 268 2284 miser,
286 2252 338 2280 hoc
353 2251 450 2284 fateor,
467 2260 528 2280 sum
540 2253 677 2287 pessimus
692 2253 738 2279 ille
754 2253 879 2285 teloncs;
898 2259 917 2286 [ι
933 2250 1050 2279 ιΕιῘίιιιιε
1065 2251 1148 2286 inque
1163 2251 1219 2279 tuis
1233 2259 1330 2287 omnes
1350 2252 1398 2279 tibi
1418 2252 1520 2280 serviet
1534 2260 1633 2282 annos.
1652 2264 1661 2279 )

87 2288 253 2316 Consimiles
272 2287 323 2315 edo
336 2289 465 2323 gemitus,
486 2288 659 2323 similemque
677 2288 810 2315 medelam

89 2323 235 2358 Exspecto,
253 2331 410 2357 numenque
427 2328 516 2353 tuum,
534 2323 613 2350 Pater
629 2323 740 2358 optime,
763 2323 878 2358 supplex

88 2358 228 2394 leeslor,
244 2360 266 2386 si
284 2363 310 2385 te
324 2359 464 2393 quondam
482 2365 623 2393 materque
638 2363 770 2394 paterque

89 2393 267 2428 Supplicibus
281 2395 352 2421 votis
363 2398 458 2421 sancte
472 2395 583 2421 coluere
598 2394 704 2428 piisque

89 2428 224 2460 Fletibus,
246 2433 292 2456 aut
305 2431 422 2463 quadam
439 2430 577 2456 donarunt
593 2433 669 2463 parte
689 2429 834 2460 bonorum,

88 2466 145 2490 Aut
159 2464 241 2491 etiam
255 2472 322 2498 pura
337 2470 364 2491 et
382 2469 477 2491 sancta
498 2465 547 2491 tibi
561 2468 652 2491 mente
669 2464 784 2491 litaruut

89 2499 247 2534 (Nunquam
257 2500 357 2526 etenim
368 2500 517 2534 quidquam
526 2505 551 2526 te
561 2499 672 2533 dignum
682 2499 879 2534 fecimusipsi),

90 2535 135 2561 Sis
147 2542 261 2566 memor,
277 2542 309 2560 ae
323 2535 363 2561 fer
375 2543 466 2569 opem,
480 2541 618 2568 curasque
634 2539 726 2562 averte
740 2539 880 2567 nocentes,

87 2569 144 2597 Nec
161 2577 220 2596 mea
237 2569 386 2597 mortifera
401 2570 590 2604 constringant
603 2574 714 2604 guttura
726 2574 830 2599 sentes,

86 2606 142 2631 Aut
159 2605 211 2632 iter
228 2604 260 2630 ad
273 2613 403 2640 superum
419 2605 577 2633 tendentem
599 2606 670 2632 lorte
687 2609 844 2637 morentur;

87 2641 161 2672 Quin
179 2640 280 2674 potius,
296 2648 356 2667 mea
372 2644 458 2672 certa,
472 2641 554 2670 Deus.
570 2641 655 2667 tutela
670 2641 812 2674 salusque,

88 2675 206 2702 Ill-(esum
221 2683 264 2702 me
278 2675 365 2707 mitte,
378 2683 474 2710 precor
487 2685 493 2702 :
508 2676 643 2710 siquidem
655 2676 713 2710 ipse
729 2680 792 2702 tuus
803 2682 876 2706 sum.

88 2711 129 2738 Te
147 2711 219 2741 colo,
236 2715 263 2738 te
278 2718 405 2743 veneror,
426 2711 493 2738 mihi
514 2716 554 2742 tu.
569 2710 654 2741 Deus,
673 2718 744 2738 unus
759 2711 793 2737 ab
810 2710 877 2745 ipsis

88 2746 244 2773 Liminibus
261 2746 331 2773 vim.
348 2746 416 2773 Nam
436 2755 479 2774 me
494 2747 542 2773 tibi
562 2747 636 2772 vovit
653 2746 687 2773 ab
703 2747 764 2772 alvo

87 2782 179 2808 Chara
195 2789 304 2816 parens,
323 2785 388 2808 tunc
405 2790 467 2809 cum
483 2789 615 2809 succensa
635 2780 764 2815 cupidine
781 2781 876 2816 prolis,

88 2818 198 2852 Annam
213 2817 324 2844 imitans
339 2817 407 2844 tales
422 2817 514 2844 emisit
529 2822 640 2852 pectore
653 2824 734 2843 voces
747 2825 754 2843 :

89 2859 102 2878 ι
120 2851 159 2879 Da
173 2852 241 2879 mihi
257 2855 296 2883 tu,
317 2860 421 2887 quam,
437 2852 598 2879 Dominator
612 2852 740 2885 maxime,
757 2855 876 2880 natum;

193 2899 330 2931 ΡΑτιιοι..
347 2899 406 2931 Gn.
422 2899 576 2932 XXXVII

934 2287 1054 2323 Dixerat,
1068 2291 1095 2314 et
1113 2287 1241 2322 precibus
1254 2286 1340 2314 ﬂexus
1356 2287 1389 2314 dc
1401 2292 1481 2314 nocte
1496 2290 1601 2323 parenti

934 2322 1065 2357 Designas
1080 2329 1181 2349 nomen
1197 2322 1273 2356 pueri
1286 2332 1292 2349 :
1311 2322 1562 2358 prolesquerse’cuta
1577 2329 1630 2351 est.

932 2359 966 2383 At
984 2365 1048 2384 vero
1065 2358 1111 2384 illa
1126 2359 1179 2385 tuis
1196 2366 1238 2384 Ine
1254 2359 1390 2392 protinus,
1407 2362 1437 2384 ut
1450 2357 1616 2389 Samuelem,

931 2393 1044 2420 Addixit
1061 2393 1181 2427 templis.
1198 2391 1351 2420 Saniuelcm
1368 2393 1391 2420 si
1408 2399 1497 2420 tamen
1517 2401 1637 2428 unquam

933 2428 1053 2455 Moribus
1069 2428 1192 2463 expressi
1208 2437 1214 2454 :
1230 2435 1293 2454 nam
1309 2436 1382 2456 mmc
1396 2436 1447 2463 ego
1461 2429 1571 2463 dispare
1586 2433 1660 2455 sorte

932 2463 1062 2504 gonferri
1071 2462 1284 2504 [leliilisvi-dcor
1298 2464 1364 2504 mihi
1381 2462 1460 2504 posse
1474 2462 1609 2504 profanis,

932 2498 983 2531 Qui
998 2498 1112 2525 nimium
1130 2497 1200 2525 foeda
1217 2498 1336 2533 ingluvie
1351 2497 1528 2526 sanctissima
1544 2507 1633 2531 sacra,

932 2533 965 2561 Et
978 2533 1079 2560 stolido
1096 2534 1202 2560 oblatas
1217 2534 1389 2560 temerabant
1402 2540 1511 2568 pectore
1525 2541 1623 2562 carnes
1636 2545 1642 2562 :

933 2569 1101 2603 Divinosque
1117 2568 1205 2595 avidis
1219 2570 1345 2596 manibus
1362 2573 1481 2596 tractare
1497 2569 1599 2597 lebetes

933 2604 1012 2636 Ausi,
1030 2603 1148 2631 luctiﬁca
1167 2604 1324 2631 clauserunt
1342 2604 1444 2631 lumina
1458 2609 1556 2631 morte.

934 2639 970 2666 At
984 2647 1044 2667 mea
1058 2647 1132 2673 spem
1148 2639 1266 2674 genitrix
1282 2640 1421 2667 meliorem
1437 2639 1521 2667 corde
1537 2639 1656 2674 fovebat,

934 2674 1004 2710 Cum
1017 2680 1043 2702 te
1056 2677 1182 2701 natorum
1203 2675 1315 2702 donavit
1327 2678 1404 2710 parte
1415 2682 1539 2702 suorum.

933 2709 1056 2744 Namque
1072 2717 1169 2736 manus
1185 2713 1294 2738 nostras
1309 2710 1410 2737 divinis
1426 2710 1519 2738 sedula
1535 2710 1612 2738 libris

931 2745 1090 2775 Lustrabat,
1109 2752 1264 2780 corpusque
1277 2746 1360 2772 etiam
1374 2746 1517 2780 complexa
1532 2746 1663 2773 tenellum

932 2780 1009 2807 Talia
1024 2780 1106 2807 verba
1118 2779 1201 2806 dabat
1215 2779 1227 2806 ξ
1239 2790 1248 2806 ι
1263 2779 1323 2807 .Iam
1342 2782 1384 2808 vir
1400 2779 1574 2808 clarissimus
1589 2782 1654 2807 olim

932 2815 1055 2845 Exstitit,
1075 2815 1228 2850 intrepidus
1241 2816 1287 2850 qui
1303 2821 1428 2844 sanctam
1441 2817 1520 2843 duxit
1537 2816 1569 2843 ad
1590 2824 1665 2843 aram

932 2851 998 2888 (Res
1011 2851 1109 2886 mira!)
1123 2855 1265 2887 acceptum
1278 2851 1373 2880 divino
1388 2859 1502 2880 munere
1518 2857 1613 2879 natum

1561 2899 1600 2929 32
