1955 3042
206 127 276 155 £025

204 184 254 216 Ti;
270 191 316 210 σου
326 183 356 210 τὺ
371 183 480 216 κάλλος,
494 183 536 215 τίς
548 183 659 218 θρόνους
672 184 754 218 ἐμοὺς
769 184 843 219 Exit;

205 230 268 261 Πῶς
283 228 338 265 εἶμ’
355 230 477 261 ἄτεκνος,
493 229 560 260 ζῶσι
575 230 597 256 δ’
612 231 636 256 οἱ
654 230 765 262 παῖδεςς
784 230 884 265 Πάτερ,

206 277 240 304 10
260 277 304 302 Σοὶ
321 276 395 309 δόξα,
411 276 462 303 κᾶν
478 285 504 302 τι
521 276 597 302 τοῦδε
614 277 703 311 χεῖρον
719 276 864 312 συμπέσοι.

207 321 287 352 Ἴσως
299 321 422 352 κολάζεις
442 321 490 356 τὴν
509 321 578 356 ἐμὴν
596 322 761 357 παρῥησίαν.

206 366 253 398 Τίς
264 366 389 402 ὲκόοήσει
400 366 517 401 γνησίως
529 366 558 392 τὸ
572 366 627 398 σὺν,
644 367 728 402 Τριάς
739 375 746 400 ;

419 421 464 454 ς’.
478 422 556 456 Πρὸς
569 421 640 454 τοὺς
658 422 780 455 αὐτούς.

242 477 311 503 Σιὼν
327 477 382 504 ὁδοὶ
396 477 536 510 πενθοῦσι,
545 478 590 504 τὸν
603 479 684 514 νόμον
699 478 802 514 λάτρην

206 524 277 550 Λαὸν
288 524 417 550 ποθοῦσαι
438 524 555 560 ἡμέραις
571 525 695 560 ἑορτίοις.

207 569 304 596 Πενθῶ
318 569 339 596 δ’
355 569 441 603 ἔγωγε
453 569 516 596 λαὸν
527 570 575 605 οὐχ
588 570 725 606 ὁρώμενον

214 615 313 650 Ἐμοὺς
326 615 422 650 ῥέοντα
438 615 504 651 πρὸς
523 616 628 650 λόγους,
646 617 683 649 ὡς
695 615 729 652 ἦν
745 626 810 644 ποτε

209 659 225 687 5
238 660 521 692 Κωνοταντινούπολίς
537 670 565 686 τε
583 662 630 688 καὶ
650 661 732 694 ξένων
747 663 809 688 ὅσον

209 705 354 740 Ἐνδημον,
368 703 407 737 οἷς
423 706 577 742 ἤστραπτεν
589 709 605 742 ἡ
621 708 684 742 φίλη
695 708 789 743 Τριάς.

209 751 264 777 Καὶ
276 751 322 778 νῦν
338 751 393 786 ἐγὼ
410 751 459 787 μὲν
475 752 512 783 ὼς
525 752 593 779 λέων
612 753 787 789 βρυχώμενος

538 126 566 153 S.
588 125 751 153 GREGORll
770 125 893 153 THEOL.
912 125 1093 154 CARMINUM
1112 122 1212 152 LIBER
1232 122 1262 151 ΙΙ.
1282 121 1476 150 lllSTORlCA.

1763 119 1837 147 102‘

1008 191 1032 219 Α
1045 183 1147 218 Μακρὰ
1159 182 1287 214 στενάζω.
1307 181 1367 208 Τῶν
1384 181 1406 207 δ’
1420 181 1432 206 ὲ
1437 179 1495 216 μῶν
1510 179 1613 206 τέκνων
1626 178 1708 213 τυχὸν

1047 229 1137 256 Ἀλλοι
1150 227 1363 263 κατασκιρτῶσι,
1375 226 1496 258 πιθανοῖς
1513 225 1604 260 λόγοις

1045 274 1079 302 10
1091 273 1325 308 Συναρπάσαντες.
1342 272 1373 298 El
1384 271 1438 306 γὰρ
1453 270 1525 297 ἔλθοι
1541 279 1586 305 μοι
1597 269 1700 302 σθενος,

1052 320 1097 351 Ὣς
1116 319 1190 354 πρὶν,
1208 318 1303 353 Τριὰς,
1319 317 1375 349 σὸν,
1387 317 1434 343 καὶ
1451 315 1644 352 βρυχησαῑμην
1657 314 1738 342 πάλιν

1054 367 1097 393 Ἐν
1117 366 1168 397 σοὶ,
1183 364 1241 399 τάχ’
1259 364 1291 391 ἄν
1305 372 1331 390 τι
1342 363 1425 399 θῆρες
1439 363 1540 396 εἴξειαν
1555 361 1647 389 πάλιν.

1171 422 1207 449 Z’.
1224 422 1301 457 Πρὸς
1317 422 1384 455 τοὺς
1403 422 1532 456 ἀφίλους
1549 419 1707 455 ἐξιτήριον.

1081 479 1112 506 Οἱ
1130 478 1267 510 συνθύται,
1279 478 1400 513 τέθνηκα
1414 477 1453 513 τῷ
1473 477 1562 512 φθόνῳ
1577 475 1665 512 μόγις.

1050 524 1123 559 Ἐῲα
1138 523 1212 560 λήξει
1225 524 1271 550 καὶ
1284 523 1368 554 δύσις.
1386 523 1481 557 φθόνος
1495 522 1518 548 τ’
1540 521 1605 557 ὲμὸς

1053 569 1186 604 Ἐχθροῖς,
1205 569 1308 604 φίλοις·
1323 570 1458 605 ἀπῆλθον·
1474 570 1663 605 εὐφημήσατε.

1047 616 1119 650 Πλὴν
1132 615 1267 651 ὲξιτήριόν
1279 624 1305 642 τι
1323 617 1390 642 πᾶσι
1406 615 1567 650 φθέγξομαι.

1047 661 1063 687 5
1078 662 1127 687 Ἂν
1143 661 1221 688 ἄλλον
1238 661 1330 696 εὕρητ’
1344 662 1400 688 ἀντ’
1423 660 1502 697 ἐμοῦ,
1518 661 1664 696 τιμήσατε.

1047 707 1084 733 Τὸ
1099 708 1196 734 σεπτὸν
1214 709 1279 743 ἡμῖν
1299 708 1421 744 Πνεῦμα,
1439 708 1477 744 τῷ
1493 708 1645 744 συνηγορῶ.

1048 753 1105 779 Νῦν
1118 753 1140 778 δ’
1156 753 1245 780 οὐκέτ’
1257 755 1314 789 εἰμὶ
1333 755 1382 790 τῆς
1398 755 1486 790 μάχης
1502 754 1672 790 μεταίχμιον.

461 829 528 862 Quis
543 834 616 856 tuam
633 828 876 864 pulchritudinem,
890 831 953 864 quis
970 836 1046 857 meas
1063 831 1142 859 sedes
1161 830 1260 857 habet?

461 865 603 898 Quotnodo
618 873 677 891 sum
694 866 753 892 sine
770 865 874 894 liberis.
887 865 952 892 dum
969 865 1047 892 liberi
1062 866 1176 893 vivunt?
1191 865 1282 899 Pater,

463 900 497 936 to
513 899 574 927 Tibi
590 900 685 936 gloria,
702 900 809 926 etiamsi
824 900 887 936 quid
906 900 985 934 pejus
999 901 1157 936 coutigerit.

461 935 589 962 Fortasse
606 935 701 969 plectis
724 942 811 961 meam
831 935 996 962 libertatem.

459 970 527 1003 Quis
544 970 594 997 rite
610 969 769 1004 praedicabit
782 972 857 996 tuam
878 970 1033 1001 veritatem.
1048 978 1066 998 o
1083 970 1221 998 Trinitas?

794 1017 971 1052 670'671
992 1016 1037 1045 Vl.
1057 1017 1099 1045 Ad
1112 1018 1243 1046 eosdem‘.

501 1062 558 1090 Vite
573 1063 637 1090 Sion
653 1063 755 1098 lugent.
770 1063 836 1098 legis
850 1063 983 1091 cultorem

465 1097 599 1133 Populum
614 1097 910 1126 desiderantes’diebus
925 1098 1013 1126 festis.

465 1133 556 1169 Lugeo
570 1137 597 1160 et
613 1141 668 1169 ego
679 1133 746 1168 ipse,
764 1134 894 1168 populum
909 1141 963 1160 non
978 1135 1103 1168 conspici

463 1167 593 1195 Ad’meos
607 1167 786 1196 confluentem
804 1176 954 1200 sermones,
975 1173 1005 1196 ut
1019 1167 1083 1196 olim
1099 1169 1204 1197 solebat

464 1204 481 1241 ξ
502 1203 857 1241 EtConstantinoplilis,et
875 1205 1081 1241 peregrinorum
1097 1204 1233 1241 quidquid

463 1238 594 1273 Degebat,
609 1238 709 1273 quibus
725 1237 972 1272 affulgebat’amica
986 1237 1119 1267 Trinitas.

463 1273 496 1300 Et
512 1281 584 1300 nunc
601 1281 661 1307 ego,
679 1278 709 1300 ut
725 1274 767 1300 leo
787 1274 909 1308 rugiens,

464 1308 578 1335 Multum
593 1316 681 1342 gemo.
696 1308 770 1335 Meos
783 1313 874 1336 autem
890 1309 991 1336 liberos
1008 1309 1126 1337 forsitan

465 1343 517 1370 Alii
533 1343 676 1375 insultant,
694 1343 920 1378 persuasibilibus
939 1345 1030 1371 verbis

467 1378 500 1404 10
517 1379 699 1413 Abripientes.
719 1378 747 1405 Si
765 1382 855 1405 autem
875 1378 968 1405 redeat
984 1379 1050 1405 mihi
1070 1379 1164 1413 robur,

466 1413 502 1440 Ut
516 1412 593 1444 olim,
610 1412 741 1445 Trinitas,
757 1417 845 1445 tuum,
861 1418 887 1440 et
900 1414 1006 1448 rugiam
1023 1415 1122 1442 iterum

466 1448 495 1475 In
510 1453 547 1480 te,
568 1449 622 1476 cito
641 1448 704 1476 ferae
720 1456 816 1475 rursus
832 1450 977 1476 cesserint.

778 1493 831 1520 Vll.
857 1493 921 1521 Vale
938 1494 972 1521 ad
986 1495 1108 1522 inimicos
1121 1495 1222 1522 dictum
1233 1497 1264 1524 “.

501 1539 647 1567 Sacrorum
663 1539 743 1572 socii,
757 1539 802 1566 vix
821 1539 899 1566 livori
919 1544 1046 1568 mortuus
1063 1548 1135 1568 sum.

464 1574 595 1602 Desinent
611 1576 702 1602 oriens
719 1575 911 1608 Occidensque.
926 1579 953 1601 et
971 1575 1041 1602 livor
1057 1583 1135 1603 meus

465 1610 583 1637 Inimicis
597 1615 623 1637 et
637 1610 731 1637 amicis
746 1619 752 1636 :
776 1609 890 1636 discessi
903 1619 910 1636 :
927 1610 1058 1643 plaudite.

469 1644 565 1671 Verum
582 1645 708 1672 omnibus
725 1645 880 1678 quempiam
896 1644 1037 1672 discessus
1050 1645 1180 1679 hymnum
1195 1651 1304 1672 canam.

466 1680 484 1706 5
505 1681 532 1706 Si
545 1680 626 1706 alium
642 1687 691 1714 pro
704 1687 746 1706 me
761 1679 913 1713 reperistis,
927 1679 990 1706 huic
1003 1680 1133 1707 honorem
1149 1680 1256 1708 habete.

467 1714 636 1741 Venerabilis
652 1715 716 1741 mihi
733 1714 857 1748 spiritus,
874 1715 953 1749 cujus
971 1720 1062 1749 partes
1076 1716 1209 1742 sustineo.

466 1750 525 1777 Jam
540 1758 593 1776 non
608 1750 725 1784 amplius
739 1749 924 1784 pugnantibus
939 1757 1000 1777 sum
1015 1750 1187 1784 iuterjectus.

279 1808 416 1844 Scriptum
433 1815 477 1834 an.
495 1806 556 1834 581.
572 1821 609 1825 -
623 1806 698 1833 Alias
713 1805 781 1833 Toll.
801 1806 850 1839 10,
866 1815 928 1842 pag.
945 1807 990 1834 9|.

250 1866 267 1892 9
282 1865 346 1897 Πῶς
358 1863 413 1899 εἶμ’
428 1864 561 1896 ἄτεκνος,
577 1867 630 1891 etc.
650 1863 695 1890 Sic
708 1871 770 1890 cum
782 1865 933 1891 reverentia
948 1864 1000 1891 Be—

216 1900 363 1929 nedictinis
383 1898 484 1927 ’debila
511 1899 607 1926 melius
634 1898 804 1934 wytendnm.
828 1900 882 1934 Ipsi
909 1904 998 1926 autent

216 1937 252 1964 ita
266 1936 373 1962 fuerant
389 1935 557 1969 interpretati
577 1941 638 1960 cum
653 1933 741 1969 Tullio
761 1942 767 1959 :
787 1934 923 1966 Quomodo
939 1943 996 1961 sum

215 1972 271 2014 sine
287 1970 394 1997 liberis?
409 1970 532 1996 Vivuntnc
547 1969 635 2000 liberi,
649 1968 749 1996 Pater?
762 1969 820 1996 Tibi
834 1970 930 2004 gloria,
945 1975 998 1997 etc.

216 2008 480 2075 LAiLlLilliiﬁpno'lav.
499 2039 554 2066 liae
572 2047 637 2066 voce
657 2039 743 2075 utitur
756 2039 904 2074 Gregorius
930 2038 1000 2066 infra

216 2083 302 2103 carm.
321 2074 358 2106 xi,
376 2075 411 2101 De
424 2076 478 2101 rita
505 2083 571 2106 sua,
587 2082 656 2102 vers.
686 2074 766 2106 lli-58,
784 2079 812 2101 et
833 2082 917 2101 carm.
935 2083 1000 2106 xxx,

215 2119 288 2139 vers.
304 2112 344 2141 15,
362 2116 414 2137 ele.

251 2145 295 2173 Vl.
310 2147 342 2173 10
351 2144 612 2179 Συναρπιᾶταντες.
626 2143 800 2171 Florentinus
813 2145 888 2179 prior
902 2152 1002 2178 συναρ-

261 2183 357 2207 ὀντεί.

215 2181 306 2243 “in.
336 2198 532 2242 §Ancunﬁzt'ruu.
567 2213 796 2249 Constantinopoli
822 2214 1001 2246 discessurus,

1029 1809 1049 1819 “
1071 1807 1208 1842 Scriptum
1224 1815 1270 1835 an.
1287 1808 1349 1835 58L
1367 1824 1401 1828 ——
1413 1808 1487 1836 Alias
1503 1808 1563 1836 Bill.
1581 1808 1642 1842 164,
1661 1815 1723 1844 pag.
1737 1809 1788 1838 251

1053 1865 1262 1935 nondum/relecto
1276 1874 1436 1897 successore,
1453 1865 1593 1901 Gregorius
1607 1867 1741 1901 episcopos
1755 1873 1836 1896 estre-

1053 1909 1124 1927 mum
1141 1910 1156 1927 a
1180 1908 1250 1928 atur.

1052 1909 1124 1927 mum
1141 1908 1250 1928 aﬂatur.

1085 1947 1102 1972 ‘2
1117 1947 1216 1984 {tog-Ic.
1232 1946 1339 1984 Itaﬁfat.
1356 1948 1402 1982 qui
1418 1948 1500 1975 etiam
1516 1947 1592 1983 λῆξις
1603 1956 1652 1982 pro
1664 1948 1748 1984 λήξει.
1765 1948 1834 1977 Edit.

1053 1980 1108 2016 ἑῴα
1120 1982 1194 2017 λήξει
1210 1983 1257 2008 καὶ
1271 1982 1354 2013 δύσει,
1365 1980 1449 2009 ὶέδδίἰ
1463 1980 1548 2010 oriens
1559 1980 1697 2012 occidenti;

1088 2028 1104 2054 4
1126 2028 1296 2062 Ἐξίτήριον.
1318 2028 1378 2056 Vat.
1393 2029 1481 2056 deleto
1497 2038 1535 2061 τι,
1551 2029 1701 2065 φθέγξομαι
1712 2030 1800 2064 λόγον.

1089 2073 1106 2099 6
1128 2073 1162 2100 Τὸ
1180 2074 1314 2109 vendre
1332 2074 1359 2099 Si
1376 2073 1474 2107 jungas
1490 2082 1551 2100 cum
1575 2075 1720 2109 τιμήσατε,
1748 2075 1837 2108 possis

1054 2109 1227 2142 interpretari
1243 2117 1249 2133 :
1266 2107 1350 2134 Colile
1365 2108 1540 2135 venerandum
1566 2107 1704 2142 Spiritum,
1716 2107 1773 2143 ejus
1789 2110 1837 2136 de—

1053 2144 1183 2177 fensorem
1199 2143 1391 2179 constituendo,
1405 2152 1464 2170 eum
1479 2144 1596 2178 eligendo
1608 2145 1652 2178 qui
1666 2145 1723 2179 ejus
1737 2144 1836 2172 diuini-

1055 2179 1117 2216 tatis
1140 2179 1174 2204 sit
1194 2177 1325 2212 defensvir.
1347 2178 1407 2205 Mox
1427 2177 1578 2216 συνηγορῶ.
1595 2177 1664 2208 Male
1677 2177 1755 2207 Vedit.
1778 2188 1838 2206 συν-

1055 2213 1157 2248 ηγόρφ-

864 2274 1031 2304 METRICA
1046 2273 1194 2302 VERSIO.

217 2336 285 2369 Quis
301 2335 384 2362 decus
400 2335 481 2363 habet
498 2339 585 2367 tuum,
603 2335 666 2370 quis
682 2338 709 2362 et
725 2336 804 2362 sedes
824 2335 920 2362 meas?

217 2373 277 2405 Quo
295 2379 354 2398 sum
371 2371 451 2397 modo
466 2371 560 2401 or‘bus,
578 2370 639 2397 liliis
653 2370 828 2397 viventibus?

218 2407 289 2434 Laus
305 2407 366 2437 tibi,
383 2405 473 2437 Pater,
492 2406 568 2440 pejus
581 2406 646 2440 quid
665 2405 771 2432 accidat
787 2406 861 2433 licet.

218 2441 344 2468 Fortasse
360 2441 478 2474 castigas
494 2441 574 2468 nimis
589 2449 630 2467 me
648 2442 774 2468 liberum.

218 2477 286 2510 Quis
299 2477 350 2504 rite
367 2476 526 2512 praedicabit
540 2484 601 2504 esse
616 2480 703 2509 tuum,
718 2475 808 2502 Trias.

495 2551 533 2570 Vl.
555 2551 589 2570 AD
609 2550 723 2570 EOSDEM.

410 2603 459 2638 (Α.
473 2602 505 2629 Β.
521 2601 627 2629 Caillau
644 2602 814 2637 interprete.)

256 2671 321 2698 Sion
339 2671 387 2698 via:
407 2671 511 2705 lugent,
525 2669 648 2696 adactam
664 2669 771 2705 legibus

220 2706 328 2734 Plebem
347 2704 518 2741 requirentes
532 2705 628 2732 diebus
645 2704 672 2730 in
688 2704 793 2741 sacris;

221 2741 254 2769 Et
268 2743 324 2776 ipse
339 2739 427 2775 lugeo,
441 2741 515 2768 viros
528 2748 582 2776 non
600 2739 723 2773 conspici

220 2778 261 2803 Ad
278 2774 319 2803 ine
339 2774 492 2811 loquentem
508 2775 686 2811 confluentes.
704 2777 733 2800 ut
749 2774 827 2808 prius

221 2812 302 2838 Cives
317 2816 343 2838 et
357 2811 443 2837 exteri
460 2810 583 2837 solebant
598 2810 702 2837 incolae.

223 2846 327 2878 Quibus
344 2846 446 2874 nitebat
458 2845 589 2880 fulgidqu
606 2844 713 2871 'l‘riadis
728 2842 816 2870 iubar.

1016 2337 1040 2366 Β
1057 2333 1087 2359 Et
1103 2341 1176 2360 nunc
1191 2341 1242 2368 ego
1257 2333 1371 2360 multum
1387 2341 1497 2369 queror.
1514 2334 1588 2361 velut
1601 2335 1645 2363 leo

1054 2368 1105 2400 Qui
1124 2370 1206 2403 rugit.
1221 2369 1309 2395 Eheu!
1330 2369 1429 2397 liberos
1445 2370 1536 2396 forsan
1555 2377 1630 2397 meos

1052 2403 1168 2436 Quidam
1185 2403 1328 2437 impetunt,
1345 2404 1490 2437 verbisque
1502 2409 1607 2431 tentant
1621 2405 1748 2433 dulcibus

1052 2439 1193 2473 Abripere.
1208 2439 1284 2471 Quod
1300 2440 1323 2465 si
1341 2439 1423 2465 robur
1440 2443 1468 2465 ut
1482 2439 1619 2474 quondam
1636 2440 1714 2474 mihi,

1053 2473 1142 2509 il‘rias.
1159 2477 1235 2500 tuum
1253 2474 1391 2504 reddatur.
1409 2474 1436 2501 in
1453 2479 1477 2501 te
1496 2479 1523 2501 et
1540 2474 1646 2509 rugiam

1052 2508 1169 2540 Rursus,
1184 2513 1331 2536 trementes
1343 2510 1477 2536 cesserint
1492 2508 1584 2537 subito
1598 2508 1671 2536 ferae.

1210 2561 1258 2580 VII.
1285 2562 1353 2580 VALE
1375 2563 1408 2581 AD
1428 2562 1547 2582 ικυιιίῑοδ
1567 2562 1679 2582 DICTUI.

1249 2589 1332 2623 (Fed.
1349 2589 1461 2616 Morello
1484 2590 1649 2625 interprete.)

1090 2633 1162 2661 Socii
1177 2642 1329 2670 sacrorum,
1345 2640 1470 2663 mortuus
1486 2636 1564 2663 livori
1579 2643 1630 2670 ego

1054 2668 1103 2695 Vix
1122 2678 1191 2696 sum.
1207 2669 1337 2696 Occidunt
1352 2669 1418 2702 an,
1438 2671 1506 2697 livor
1520 2676 1547 2698 et
1565 2668 1642 2698 meus

1053 2705 1150 2731 Charis
1165 2709 1192 2731 et
1210 2705 1340 2738 inimicis;
1352 2706 1406 2732 obii
1419 2715 1425 2732 :
1444 2705 1529 2733 favete
1543 2706 1589 2732 mi.

1053 2739 1188 2765 Duntaxat
1205 2747 1334 2774 egressus
1348 2741 1433 2768 melos
1448 2748 1544 2767 canam
1563 2742 1692 2769 omnibus
1706 2751 1714 2768 :

1057 2774 1084 2799 Si
1102 2774 1241 2808 reperistis
1254 2775 1408 2809 quempiam
1423 2777 1474 2802 mei
1490 2776 1560 2807 vice.

1057 2809 1144 2836 Colite
1159 2810 1306 2836 verendum
1323 2810 1452 2844 Spiritum
1474 2811 1549 2837 nobis
1567 2819 1617 2838 suo

1055 2843 1192 2872 Patrono:
1209 2852 1258 2880 ego
1271 2843 1417 2873 haud'sum
1434 2846 1518 2880 praelii
1540 2847 1656 2874 medium
1672 2846 1800 2881 amplius.
