  <div class='ocr_page' id='page_1' title='image "/cluster/home/n/w/nwhite01/storage/ocr_20150623/37/njp.32101077772562/545.png"; bbox 0 0 1955 3042; ppageno 0'>
   <div class='ocr_carea' id='block_1_1' title="bbox 225 121 1864 162">
    <p class='ocr_par' dir='ltr' id='par_1_1' title="bbox 225 121 1864 162">
     <span class='ocr_line' id='line_1_1' title="bbox 225 121 1864 162; baseline -0.008 0"><span class='ocrx_word' id='word_1_1' title='bbox 225 134 290 162; x_wconf 71' lang='grc'><strong>1051</strong></span> <span class='ocrx_word' id='word_1_2' title='bbox 559 128 589 157; x_wconf 87' lang='lat' dir='ltr'><strong>S.</strong></span> <span class='ocrx_word' id='word_1_3' title='bbox 604 127 768 157; x_wconf 77' lang='lat' dir='ltr'><strong>GREGORII</strong></span> <span class='ocrx_word' id='word_1_4' title='bbox 787 127 912 156; x_wconf 76' lang='lat' dir='ltr'><strong>TllEOL.</strong></span> <span class='ocrx_word' id='word_1_5' title='bbox 931 124 1118 156; x_wconf 75' lang='lat' dir='ltr'><strong>CARMINUM</strong></span> <span class='ocrx_word' id='word_1_6' title='bbox 1137 123 1239 152; x_wconf 79' lang='lat' dir='ltr'><strong>LIBER</strong></span> <span class='ocrx_word' id='word_1_7' title='bbox 1259 123 1291 150; x_wconf 87' lang='lat' dir='ltr'><strong>ll.</strong></span> <span class='ocrx_word' id='word_1_8' title='bbox 1313 121 1507 150; x_wconf 82' lang='lat' dir='ltr'><strong>HISTORICA.</strong></span> <span class='ocrx_word' id='word_1_9' title='bbox 1786 121 1864 149; x_wconf 56' lang='lat'><strong>{0.73</strong></span> 
     </span>
    </p>
   </div>
   <div class='ocr_carea' id='block_1_2' title="bbox 227 179 1698 226">
    <p class='ocr_par' dir='ltr' id='par_1_2' title="bbox 227 179 1698 226">
     <span class='ocr_line' id='line_1_2' title="bbox 227 179 1698 226; baseline -0.009 -8"><span class='ocrx_word' id='word_1_10' title='bbox 227 193 262 219; x_wconf 79' lang='lat' dir='ltr'><strong>l5</strong></span> <span class='ocrx_word' id='word_1_11' title='bbox 276 191 368 226; x_wconf 84' lang='grc' dir='ltr'><strong>Ῥώμη</strong></span> <span class='ocrx_word' id='word_1_12' title='bbox 380 188 524 225; x_wconf 84' lang='grc' dir='ltr'>νεουργὴς,</span> <span class='ocrx_word' id='word_1_13' title='bbox 544 187 661 222; x_wconf 82' lang='grc' dir='ltr'><strong>εὐγενῶν</strong></span> <span class='ocrx_word' id='word_1_14' title='bbox 674 187 760 214; x_wconf 74' lang='grc' dir='ltr'>ἄλλων</span> <span class='ocrx_word' id='word_1_15' title='bbox 774 186 844 218; x_wconf 74' lang='grc' dir='ltr'>ἕδος,</span> <span class='ocrx_word' id='word_1_16' title='bbox 1031 188 1054 216; x_wconf 77' lang='grc' dir='ltr'>Α</span> <span class='ocrx_word' id='word_1_17' title='bbox 1069 184 1102 211; x_wconf 83' lang='grc'><strong>50</strong></span> <span class='ocrx_word' id='word_1_18' title='bbox 1117 183 1188 210; x_wconf 84' lang='grc' dir='ltr'><strong>Λαοῦ</strong></span> <span class='ocrx_word' id='word_1_19' title='bbox 1206 182 1341 218; x_wconf 76' lang='grc' dir='ltr'><strong>πρόεδροι,</strong></span> <span class='ocrx_word' id='word_1_20' title='bbox 1360 180 1407 207; x_wconf 81' lang='grc' dir='ltr'>τοῦ</span> <span class='ocrx_word' id='word_1_21' title='bbox 1433 180 1515 208; x_wconf 84' lang='grc' dir='ltr'>καλοῦ</span> <span class='ocrx_word' id='word_1_22' title='bbox 1532 179 1698 214; x_wconf 83' lang='grc' dir='ltr'>διδάσκαλοι,</span> 
     </span>
    </p>
   </div>
   <div class='ocr_carea' id='block_1_3' title="bbox 225 227 1642 267">
    <p class='ocr_par' dir='ltr' id='par_1_3' title="bbox 225 227 1642 267">
     <span class='ocr_line' id='line_1_3' title="bbox 225 227 1642 267; baseline -0.007 -5"><span class='ocrx_word' id='word_1_23' title='bbox 225 234 430 264; x_wconf 82' lang='grc' dir='ltr'>Κωνσταντίνου</span> <span class='ocrx_word' id='word_1_24' title='bbox 444 234 520 264; x_wconf 81' lang='grc' dir='ltr'><strong>πόλις</strong></span> <span class='ocrx_word' id='word_1_25' title='bbox 531 241 560 258; x_wconf 87' lang='grc' dir='ltr'><strong>τε</strong></span> <span class='ocrx_word' id='word_1_26' title='bbox 576 233 624 258; x_wconf 83' lang='grc' dir='ltr'>καὶ</span> <span class='ocrx_word' id='word_1_27' title='bbox 639 231 724 267; x_wconf 78' lang='grc' dir='ltr'>στήλη</span> <span class='ocrx_word' id='word_1_28' title='bbox 741 232 857 266; x_wconf 83' lang='grc' dir='ltr'><strong>κράτους</strong></span> <span class='ocrx_word' id='word_1_29' title='bbox 867 239 875 247; x_wconf 90' lang='grc'>·</span> <span class='ocrx_word' id='word_1_30' title='bbox 1068 229 1164 264; x_wconf 79' lang='grc' dir='ltr'>Ψυχὰς</span> <span class='ocrx_word' id='word_1_31' title='bbox 1181 230 1291 264; x_wconf 77' lang='grc' dir='ltr'><strong>τρέφειν</strong></span> <span class='ocrx_word' id='word_1_32' title='bbox 1303 228 1428 263; x_wconf 82' lang='grc' dir='ltr'><strong>λαχόντες</strong></span> <span class='ocrx_word' id='word_1_33' title='bbox 1443 227 1527 262; x_wconf 61' lang='lat' dir='ltr'><strong>avsa,»</strong></span> <span class='ocrx_word' id='word_1_34' title='bbox 1542 227 1642 262; x_wconf 81' lang='grc' dir='ltr'>τροφῇ,</span> 
     </span>
    </p>
   </div>
   <div class='ocr_carea' id='block_1_4' title="bbox 233 273 1628 315">
    <p class='ocr_par' dir='ltr' id='par_1_4' title="bbox 233 273 1628 315">
     <span class='ocr_line' id='line_1_4' title="bbox 233 273 1628 315; baseline -0.007 -6"><span class='ocrx_word' id='word_1_35' title='bbox 233 282 384 310; x_wconf 67' lang='grc' dir='ltr'>Ἀκούσατᾷ</span> <span class='ocrx_word' id='word_1_36' title='bbox 400 280 506 315; x_wconf 79' lang='grc' dir='ltr'>ἄνδρες,</span> <span class='ocrx_word' id='word_1_37' title='bbox 520 279 615 314; x_wconf 77' lang='grc' dir='ltr'><strong>ἀνδρὸς</strong></span> <span class='ocrx_word' id='word_1_38' title='bbox 629 278 837 312; x_wconf 77' lang='grc' dir='ltr'>ἀψευδεστάτου,</span> <span class='ocrx_word' id='word_1_39' title='bbox 1067 276 1150 302; x_wconf 76' lang='grc' dir='ltr'>Αὐτοὶ</span> <span class='ocrx_word' id='word_1_40' title='bbox 1160 276 1187 302; x_wconf 82' lang='grc' dir='ltr'>δὲ</span> <span class='ocrx_word' id='word_1_41' title='bbox 1205 275 1401 310; x_wconf 64' lang='grc' dir='ltr'>λιμώττοντες*</span> <span class='ocrx_word' id='word_1_42' title='bbox 1420 275 1508 309; x_wconf 80' lang='grc' dir='ltr'>ἰατροὶ</span> <span class='ocrx_word' id='word_1_43' title='bbox 1523 273 1628 306; x_wconf 82' lang='grc' dir='ltr'>παθῶν,</span> 
     </span>
    </p>
   </div>
   <div class='ocr_carea' id='block_1_5' title="bbox 228 320 1610 361">
    <p class='ocr_par' dir='ltr' id='par_1_5' title="bbox 228 320 1610 361">
     <span class='ocr_line' id='line_1_5' title="bbox 228 320 1610 361; baseline -0.007 -7"><span class='ocrx_word' id='word_1_44' title='bbox 228 328 282 355; x_wconf 64' lang='grc' dir='ltr'><strong>Καὶ</strong></span> <span class='ocrx_word' id='word_1_45' title='bbox 303 326 388 353; x_wconf 69' lang='grc' dir='ltr'>πολλὰ</span> <span class='ocrx_word' id='word_1_46' title='bbox 413 325 597 361; x_wconf 79' lang='grc' dir='ltr'>μοχθήσαντος</span> <span class='ocrx_word' id='word_1_47' title='bbox 614 325 643 350; x_wconf 78' lang='grc' dir='ltr'>ἐν</span> <span class='ocrx_word' id='word_1_48' title='bbox 664 323 774 354; x_wconf 80' lang='grc' dir='ltr'>πολλαῖς</span> <span class='ocrx_word' id='word_1_49' title='bbox 789 323 928 358; x_wconf 78' lang='grc' dir='ltr'><strong>στροφαῖς,</strong></span> <span class='ocrx_word' id='word_1_50' title='bbox 1069 322 1305 358; x_wconf 69' lang='grc' dir='ltr'>Νεκροὶβρύοντες</span> <span class='ocrx_word' id='word_1_51' title='bbox 1318 320 1446 355; x_wconf 77' lang='grc' dir='ltr'><strong>ἀφθόνοις</strong></span> <span class='ocrx_word' id='word_1_52' title='bbox 1458 320 1610 355; x_wconf 80' lang='grc' dir='ltr'><strong>νοσήμασι·</strong></span> 
     </span>
    </p>
   </div>
   <div class='ocr_carea' id='block_1_6' title="bbox 236 365 1628 406">
    <p class='ocr_par' dir='ltr' id='par_1_6' title="bbox 236 365 1628 406">
     <span class='ocr_line' id='line_1_6' title="bbox 236 365 1628 406; baseline -0.006 -6"><span class='ocrx_word' id='word_1_53' title='bbox 236 374 281 406; x_wconf 77' lang='grc' dir='ltr'><strong>ἘΞ</strong></span> <span class='ocrx_word' id='word_1_54' title='bbox 298 369 335 399; x_wconf 80' lang='grc' dir='ltr'>ὧν</span> <span class='ocrx_word' id='word_1_55' title='bbox 354 372 472 406; x_wconf 81' lang='grc' dir='ltr'>ὑπάρχει</span> <span class='ocrx_word' id='word_1_56' title='bbox 487 371 534 398; x_wconf 71' lang='grc' dir='ltr'>καὶ</span> <span class='ocrx_word' id='word_1_57' title='bbox 545 370 575 396; x_wconf 81' lang='grc' dir='ltr'>τὸ</span> <span class='ocrx_word' id='word_1_58' title='bbox 584 368 746 404; x_wconf 79' lang='grc' dir='ltr'><strong>γιγνώσκειν</strong></span> <span class='ocrx_word' id='word_1_59' title='bbox 756 368 845 395; x_wconf 82' lang='grc' dir='ltr'>πλέον.</span> <span class='ocrx_word' id='word_1_60' title='bbox 1069 366 1176 404; x_wconf 75' lang='grc' dir='ltr'>Τρεϐων</span> <span class='ocrx_word' id='word_1_61' title='bbox 1188 367 1280 402; x_wconf 72' lang='grc' dir='ltr'>ὁδηγοὶ</span> <span class='ocrx_word' id='word_1_62' title='bbox 1293 366 1348 393; x_wconf 82' lang='grc' dir='ltr'>τῶν</span> <span class='ocrx_word' id='word_1_63' title='bbox 1359 367 1536 401; x_wconf 82' lang='grc' dir='ltr'>ἐπικρήμνων</span> <span class='ocrx_word' id='word_1_64' title='bbox 1553 365 1628 396; x_wconf 80' lang='grc' dir='ltr'>ἴσως,</span> 
     </span>
    </p>
   </div>
   <div class='ocr_carea' id='block_1_7' title="bbox 263 411 1678 453">
    <p class='ocr_par' dir='ltr' id='par_1_7' title="bbox 263 411 1678 453">
     <span class='ocr_line' id='line_1_7' title="bbox 263 411 1678 453; baseline -0.006 -7"><span class='ocrx_word' id='word_1_65' title='bbox 263 420 298 446; x_wconf 71' lang='lat'><strong>20</strong></span> <span class='ocrx_word' id='word_1_66' title='bbox 322 419 454 453; x_wconf 77' lang='grc' dir='ltr'>Κέκμηκε</span> <span class='ocrx_word' id='word_1_67' title='bbox 471 417 569 447; x_wconf 81' lang='grc' dir='ltr'>πάντα,</span> <span class='ocrx_word' id='word_1_68' title='bbox 587 416 634 442; x_wconf 76' lang='grc' dir='ltr'>καὶ</span> <span class='ocrx_word' id='word_1_69' title='bbox 649 415 682 442; x_wconf 76' lang='grc' dir='ltr'><strong>τὰ</strong></span> <span class='ocrx_word' id='word_1_70' title='bbox 699 414 770 442; x_wconf 84' lang='grc' dir='ltr'>καλὰ</span> <span class='ocrx_word' id='word_1_71' title='bbox 783 414 822 450; x_wconf 84' lang='grc' dir='ltr'>τῷ</span> <span class='ocrx_word' id='word_1_72' title='bbox 833 415 921 451; x_wconf 85' lang='grc' dir='ltr'>χρόνῳ</span> <span class='ocrx_word' id='word_1_73' title='bbox 1068 415 1155 446; x_wconf 78' lang='grc' dir='ltr'><strong>55¹Ας</strong></span> <span class='ocrx_word' id='word_1_74' title='bbox 1166 414 1256 440; x_wconf 76' lang='grc' dir='ltr'>οὕποθ*</span> <span class='ocrx_word' id='word_1_75' title='bbox 1273 413 1426 448; x_wconf 83' lang='grc' dir='ltr'>ὡδήγησαν,</span> <span class='ocrx_word' id='word_1_76' title='bbox 1445 413 1499 439; x_wconf 73' lang='grc' dir='ltr'><strong>οὐδ’</strong></span> <span class='ocrx_word' id='word_1_77' title='bbox 1513 411 1678 438; x_wconf 80' lang='grc' dir='ltr'>ὡδεΰκασιν·</span> 
     </span>
    </p>
   </div>
   <div class='ocr_carea' id='block_1_8' title="bbox 229 457 1633 501">
    <p class='ocr_par' dir='ltr' id='par_1_8' title="bbox 229 457 1633 501">
     <span class='ocr_line' id='line_1_8' title="bbox 229 457 1633 501; baseline -0.007 -8"><span class='ocrx_word' id='word_1_78' title='bbox 229 467 377 501; x_wconf 79' lang='grc' dir='ltr'>Κέκμηκεν</span> <span class='ocrx_word' id='word_1_79' title='bbox 386 473 393 480; x_wconf 89' lang='grc'>·</span> <span class='ocrx_word' id='word_1_80' title='bbox 409 463 511 498; x_wconf 74' lang='grc' dir='ltr'><strong>οὐδὲνῆ</strong></span> <span class='ocrx_word' id='word_1_81' title='bbox 530 462 621 488; x_wconf 82' lang='grc' dir='ltr'>στενὸν</span> <span class='ocrx_word' id='word_1_82' title='bbox 635 462 664 487; x_wconf 80' lang='grc' dir='ltr'><strong>τὺ</strong></span> <span class='ocrx_word' id='word_1_83' title='bbox 678 461 815 495; x_wconf 74' lang='grc' dir='ltr'>λείψανον,</span> <span class='ocrx_word' id='word_1_84' title='bbox 1068 458 1115 491; x_wconf 72' lang='grc' dir='ltr'><strong>Οἷς</strong></span> <span class='ocrx_word' id='word_1_85' title='bbox 1127 459 1188 495; x_wconf 80' lang='grc' dir='ltr'>μηδ’</span> <span class='ocrx_word' id='word_1_86' title='bbox 1204 459 1317 486; x_wconf 72' lang='grc' dir='ltr'>ἕπεσθαι</span> <span class='ocrx_word' id='word_1_87' title='bbox 1330 459 1398 493; x_wconf 83' lang='grc' dir='ltr'>δόμα</span> <span class='ocrx_word' id='word_1_88' title='bbox 1419 457 1633 493; x_wconf 84' lang='grc' dir='ltr'><strong>συντομώτατον,</strong></span> 
     </span>
    </p>
   </div>
   <div class='ocr_carea' id='block_1_9' title="bbox 235 503 1627 546">
    <p class='ocr_par' dir='ltr' id='par_1_9' title="bbox 235 503 1627 546">
     <span class='ocr_line' id='line_1_9' title="bbox 235 503 1627 546; baseline -0.006 -8"><span class='ocrx_word' id='word_1_89' title='bbox 235 513 279 544; x_wconf 81' lang='grc' dir='ltr'><strong>Ὠς</strong></span> <span class='ocrx_word' id='word_1_90' title='bbox 293 511 345 546; x_wconf 75' lang='grc' dir='ltr'><strong>γῆς</strong></span> <span class='ocrx_word' id='word_1_91' title='bbox 359 509 487 545; x_wconf 81' lang='grc' dir='ltr'>συρείσης</span> <span class='ocrx_word' id='word_1_92' title='bbox 503 508 587 534; x_wconf 81' lang='grc' dir='ltr'>ὑετῶν</span> <span class='ocrx_word' id='word_1_93' title='bbox 603 507 710 542; x_wconf 69' lang='grc' dir='ltr'>λαῆρῶν</span> <span class='ocrx_word' id='word_1_94' title='bbox 727 507 806 541; x_wconf 74' lang='grc' dir='ltr'>φορᾷ,</span> <span class='ocrx_word' id='word_1_95' title='bbox 1068 505 1208 540; x_wconf 76' lang='grc' dir='ltr'><strong>Σωτηρίας</strong></span> <span class='ocrx_word' id='word_1_96' title='bbox 1224 505 1343 539; x_wconf 69' lang='grc' dir='ltr'>δίδαγμα</span> <span class='ocrx_word' id='word_1_97' title='bbox 1363 505 1386 530; x_wconf 80' lang='grc' dir='ltr'>τ’</span> <span class='ocrx_word' id='word_1_98' title='bbox 1406 503 1609 538; x_wconf 75' lang='grc' dir='ltr'><strong>εὐστοχώτατον</strong></span> <span class='ocrx_word' id='word_1_99' title='bbox 1621 511 1627 518; x_wconf 90' lang='grc'><strong>·</strong></span> 
     </span>
    </p>
   </div>
   <div class='ocr_carea' id='block_1_10' title="bbox 229 548 1645 592">
    <p class='ocr_par' dir='ltr' id='par_1_10' title="bbox 229 548 1645 592">
     <span class='ocr_line' id='line_1_10' title="bbox 229 548 1645 592; baseline -0.006 -8"><span class='ocrx_word' id='word_1_100' title='bbox 229 557 375 592; x_wconf 60' lang='grc' dir='ltr'>Κάχληπές</span> <span class='ocrx_word' id='word_1_101' title='bbox 393 557 460 581; x_wconf 79' lang='grc' dir='ltr'>εἰσιν</span> <span class='ocrx_word' id='word_1_102' title='bbox 477 555 501 580; x_wconf 78' lang='grc' dir='ltr'>οἱ</span> <span class='ocrx_word' id='word_1_103' title='bbox 517 553 688 588; x_wconf 75' lang='grc' dir='ltr'>λελειμμένοι</span> <span class='ocrx_word' id='word_1_104' title='bbox 700 553 788 586; x_wconf 84' lang='grc' dir='ltr'>μόνον.</span> <span class='ocrx_word' id='word_1_105' title='bbox 1069 553 1159 578; x_wconf 83' lang='grc' dir='ltr'>Ὅσων</span> <span class='ocrx_word' id='word_1_106' title='bbox 1171 548 1201 577; x_wconf 76' lang='grc' dir='ltr'>τδ</span> <span class='ocrx_word' id='word_1_107' title='bbox 1215 551 1290 586; x_wconf 84' lang='grc' dir='ltr'>βῆμα</span> <span class='ocrx_word' id='word_1_108' title='bbox 1305 550 1351 577; x_wconf 78' lang='grc' dir='ltr'>τοῦ</span> <span class='ocrx_word' id='word_1_109' title='bbox 1369 550 1470 586; x_wconf 82' lang='grc' dir='ltr'>τρόπου</span> <span class='ocrx_word' id='word_1_110' title='bbox 1482 550 1645 584; x_wconf 79' lang='grc' dir='ltr'>κατήγορον,</span> 
     </span>
    </p>
   </div>
   <div class='ocr_carea' id='block_1_11' title="bbox 231 595 1695 638">
    <p class='ocr_par' dir='ltr' id='par_1_11' title="bbox 231 595 1695 638">
     <span class='ocr_line' id='line_1_11' title="bbox 231 595 1695 638; baseline -0.006 -8"><span class='ocrx_word' id='word_1_111' title='bbox 231 605 313 631; x_wconf 67' lang='grc' dir='ltr'><strong>Οὔπω</strong></span> <span class='ocrx_word' id='word_1_112' title='bbox 331 603 389 638; x_wconf 77' lang='grc' dir='ltr'>μέγ’</span> <span class='ocrx_word' id='word_1_113' title='bbox 409 601 495 631; x_wconf 74' lang='grc' dir='ltr'>οὐδὲν,</span> <span class='ocrx_word' id='word_1_114' title='bbox 512 601 535 626; x_wconf 74' lang='grc' dir='ltr'>εἰ</span> <span class='ocrx_word' id='word_1_115' title='bbox 546 600 580 626; x_wconf 75' lang='grc' dir='ltr'><strong>τὰ</strong></span> <span class='ocrx_word' id='word_1_116' title='bbox 594 599 648 625; x_wconf 81' lang='grc' dir='ltr'>τῶν</span> <span class='ocrx_word' id='word_1_117' title='bbox 664 598 769 625; x_wconf 81' lang='grc' dir='ltr'>πολλῶν</span> <span class='ocrx_word' id='word_1_118' title='bbox 783 597 864 631; x_wconf 80' lang='grc' dir='ltr'>λέγω,</span> <span class='ocrx_word' id='word_1_119' title='bbox 1067 597 1183 630; x_wconf 66' lang='grc' dir='ltr'>Κιγκλὶς</span> <span class='ocrx_word' id='word_1_120' title='bbox 1197 597 1342 631; x_wconf 72' lang='grc' dir='ltr'>διείργουσ⁴</span> <span class='ocrx_word' id='word_1_121' title='bbox 1359 596 1390 622; x_wconf 84' lang='grc' dir='ltr'>οὺ</span> <span class='ocrx_word' id='word_1_122' title='bbox 1409 595 1492 630; x_wconf 77' lang='grc' dir='ltr'><strong>βίους,</strong></span> <span class='ocrx_word' id='word_1_123' title='bbox 1508 595 1565 621; x_wconf 81' lang='grc' dir='ltr'>ἀλλ’</span> <span class='ocrx_word' id='word_1_124' title='bbox 1580 595 1695 630; x_wconf 80' lang='grc' dir='ltr'>ὀφρύας.</span> 
     </span>
    </p>
   </div>
   <div class='ocr_carea' id='block_1_12' title="bbox 231 639 1774 683">
    <p class='ocr_par' dir='ltr' id='par_1_12' title="bbox 231 639 1774 683">
     <span class='ocr_line' id='line_1_12' title="bbox 231 639 1774 683; baseline -0.005 -8"><span class='ocrx_word' id='word_1_125' title='bbox 231 649 267 677; x_wconf 74' lang='lat'><strong>‘25</strong></span> <span class='ocrx_word' id='word_1_126' title='bbox 281 649 312 675; x_wconf 76' lang='lat' dir='ltr'><strong>Oi</strong></span> <span class='ocrx_word' id='word_1_127' title='bbox 334 648 399 683; x_wconf 67' lang='grc' dir='ltr'>μηδὲ</span> <span class='ocrx_word' id='word_1_128' title='bbox 415 647 444 673; x_wconf 75' lang='grc' dir='ltr'>τὸ</span> <span class='ocrx_word' id='word_1_129' title='bbox 462 647 525 681; x_wconf 73' lang='grc' dir='ltr'>πρὶν</span> <span class='ocrx_word' id='word_1_130' title='bbox 538 643 606 680; x_wconf 80' lang='grc' dir='ltr'>ἦσαν</span> <span class='ocrx_word' id='word_1_131' title='bbox 623 646 651 670; x_wconf 82' lang='grc' dir='ltr'>ὲν</span> <span class='ocrx_word' id='word_1_132' title='bbox 664 643 738 675; x_wconf 76' lang='grc' dir='ltr'>τάξει</span> <span class='ocrx_word' id='word_1_133' title='bbox 758 643 858 672; x_wconf 84' lang='grc' dir='ltr'>καλῶν,</span> <span class='ocrx_word' id='word_1_134' title='bbox 1103 643 1137 669; x_wconf 72' lang='grc'><strong>40</strong></span> <span class='ocrx_word' id='word_1_135' title='bbox 1159 642 1201 674; x_wconf 81' lang='grc' dir='ltr'><strong>Ἐξ</strong></span> <span class='ocrx_word' id='word_1_136' title='bbox 1215 639 1252 668; x_wconf 83' lang='grc' dir='ltr'>ὧν</span> <span class='ocrx_word' id='word_1_137' title='bbox 1269 642 1290 668; x_wconf 78' lang='grc' dir='ltr'><strong>δ’</strong></span> <span class='ocrx_word' id='word_1_138' title='bbox 1308 641 1432 676; x_wconf 82' lang='grc' dir='ltr'><strong>ὑπήχθην</strong></span> <span class='ocrx_word' id='word_1_139' title='bbox 1446 640 1531 667; x_wconf 83' lang='grc' dir='ltr'>ταῦτα</span> <span class='ocrx_word' id='word_1_140' title='bbox 1546 640 1635 667; x_wconf 78' lang='grc' dir='ltr'>δοῦναι</span> <span class='ocrx_word' id='word_1_141' title='bbox 1651 640 1690 676; x_wconf 82' lang='grc' dir='ltr'>τῷ</span> <span class='ocrx_word' id='word_1_142' title='bbox 1702 640 1774 677; x_wconf 83' lang='grc' dir='ltr'>λόγῳ</span> 
     </span>
    </p>
   </div>
   <div class='ocr_carea' id='block_1_13' title="bbox 232 687 1714 729">
    <p class='ocr_par' dir='ltr' id='par_1_13' title="bbox 232 687 1714 729">
     <span class='ocr_line' id='line_1_13' title="bbox 232 687 1714 729; baseline -0.005 -8"><span class='ocrx_word' id='word_1_143' title='bbox 232 692 455 729; x_wconf 78' lang='grc' dir='ltr'>Βοσκηματώδεις</span> <span class='ocrx_word' id='word_1_144' title='bbox 468 691 514 718; x_wconf 77' lang='grc' dir='ltr'>καὶ</span> <span class='ocrx_word' id='word_1_145' title='bbox 529 691 604 717; x_wconf 78' lang='grc' dir='ltr'>κάτω</span> <span class='ocrx_word' id='word_1_146' title='bbox 621 690 787 720; x_wconf 70' lang='grc' dir='ltr'>νενευκότες.</span> <span class='ocrx_word' id='word_1_147' title='bbox 1069 688 1116 722; x_wconf 83' lang='grc' dir='ltr'><strong>(οὐ</strong></span> <span class='ocrx_word' id='word_1_148' title='bbox 1132 688 1186 723; x_wconf 86' lang='grc' dir='ltr'><strong>γὰρ</strong></span> <span class='ocrx_word' id='word_1_149' title='bbox 1201 688 1277 722; x_wconf 81' lang='grc' dir='ltr'>φίλον</span> <span class='ocrx_word' id='word_1_150' title='bbox 1293 697 1336 724; x_wconf 89' lang='grc' dir='ltr'><strong>μοι</strong></span> <span class='ocrx_word' id='word_1_151' title='bbox 1350 687 1434 714; x_wconf 84' lang='grc' dir='ltr'>πολλὰ</span> <span class='ocrx_word' id='word_1_152' title='bbox 1456 688 1588 723; x_wconf 74' lang='grc' dir='ltr'>ῥαψῳδεῖν</span> <span class='ocrx_word' id='word_1_153' title='bbox 1603 687 1714 722; x_wconf 79' lang='grc' dir='ltr'>μάτην),</span> 
     </span>
    </p>
   </div>
   <div class='ocr_carea' id='block_1_14' title="bbox 237 733 1676 774">
    <p class='ocr_par' dir='ltr' id='par_1_14' title="bbox 237 733 1676 774">
     <span class='ocr_line' id='line_1_14' title="bbox 237 733 1676 774; baseline -0.004 -8"><span class='ocrx_word' id='word_1_154' title='bbox 237 741 332 774; x_wconf 82' lang='grc' dir='ltr'>Ἡμεῖς</span> <span class='ocrx_word' id='word_1_155' title='bbox 343 739 364 765; x_wconf 77' lang='grc' dir='ltr'><strong>δ’</strong></span> <span class='ocrx_word' id='word_1_156' title='bbox 383 739 397 764; x_wconf 78' lang='grc' dir='ltr'>ὁ</span> <span class='ocrx_word' id='word_1_157' title='bbox 417 737 502 768; x_wconf 77' lang='grc' dir='ltr'>δεινὸς</span> <span class='ocrx_word' id='word_1_158' title='bbox 524 736 570 762; x_wconf 66' lang='grc' dir='ltr'>καὶ</span> <span class='ocrx_word' id='word_1_159' title='bbox 586 736 689 771; x_wconf 63' lang='grc' dir='ltr'>τραχὺς</span> <span class='ocrx_word' id='word_1_160' title='bbox 705 733 861 770; x_wconf 77' lang='grc' dir='ltr'>χαραδρεών</span> <span class='ocrx_word' id='word_1_161' title='bbox 875 742 882 748; x_wconf 83' lang='lat'><strong>&#39;</strong></span> <span class='ocrx_word' id='word_1_162' title='bbox 1075 734 1231 760; x_wconf 71' lang='grc' dir='ltr'>Ἀκουσάτω</span> <span class='ocrx_word' id='word_1_163' title='bbox 1245 734 1311 765; x_wconf 80' lang='grc' dir='ltr'>πᾶς,</span> <span class='ocrx_word' id='word_1_164' title='bbox 1328 734 1392 760; x_wconf 78' lang='grc' dir='ltr'>οἵτε</span> <span class='ocrx_word' id='word_1_165' title='bbox 1405 733 1462 765; x_wconf 83' lang='grc' dir='ltr'>νῦν,</span> <span class='ocrx_word' id='word_1_166' title='bbox 1477 733 1504 759; x_wconf 76' lang='grc' dir='ltr'>οἵ</span> <span class='ocrx_word' id='word_1_167' title='bbox 1517 733 1538 760; x_wconf 80' lang='grc' dir='ltr'><strong>θ’</strong></span> <span class='ocrx_word' id='word_1_168' title='bbox 1553 733 1676 768; x_wconf 77' lang='grc' dir='ltr'>ὕστερον.</span> 
     </span>
    </p>
   </div>
   <div class='ocr_carea' id='block_1_15' title="bbox 237 778 1663 820">
    <p class='ocr_par' dir='ltr' id='par_1_15' title="bbox 237 778 1663 820">
     <span class='ocr_line' id='line_1_15' title="bbox 237 778 1663 820; baseline -0.004 -9"><span class='ocrx_word' id='word_1_169' title='bbox 237 785 329 820; x_wconf 84' lang='grc' dir='ltr'><strong>Ἡμῶν</strong></span> <span class='ocrx_word' id='word_1_170' title='bbox 342 785 372 811; x_wconf 81' lang='grc' dir='ltr'>τὸ</span> <span class='ocrx_word' id='word_1_171' title='bbox 386 784 501 819; x_wconf 80' lang='grc' dir='ltr'>σύστημ¹</span> <span class='ocrx_word' id='word_1_172' title='bbox 519 781 639 812; x_wconf 75' lang='grc' dir='ltr'>ἔκλυτον,</span> <span class='ocrx_word' id='word_1_173' title='bbox 657 780 763 817; x_wconf 75' lang='grc' dir='ltr'>θρηνῶν</span> <span class='ocrx_word' id='word_1_174' title='bbox 774 781 856 814; x_wconf 77' lang='grc' dir='ltr'>λέγω,</span> <span class='ocrx_word' id='word_1_175' title='bbox 1069 779 1174 814; x_wconf 80' lang='grc' dir='ltr'>Μικρὸν</span> <span class='ocrx_word' id='word_1_176' title='bbox 1187 779 1210 804; x_wconf 70' lang='grc' dir='ltr'><strong>δ’</strong></span> <span class='ocrx_word' id='word_1_177' title='bbox 1225 778 1327 805; x_wconf 83' lang='grc' dir='ltr'>ἄνωθεν</span> <span class='ocrx_word' id='word_1_178' title='bbox 1345 779 1394 810; x_wconf 76' lang='grc' dir='ltr'><strong>τὰς</strong></span> <span class='ocrx_word' id='word_1_179' title='bbox 1407 779 1475 815; x_wconf 77' lang='grc' dir='ltr'>ἐμὰς</span> <span class='ocrx_word' id='word_1_180' title='bbox 1489 780 1663 815; x_wconf 75' lang='grc' dir='ltr'>περιστάσεις</span> 
     </span>
    </p>
   </div>
   <div class='ocr_carea' id='block_1_16' title="bbox 232 824 1626 865">
    <p class='ocr_par' dir='ltr' id='par_1_16' title="bbox 232 824 1626 865">
     <span class='ocr_line' id='line_1_16' title="bbox 232 824 1626 865; baseline -0.005 -7"><span class='ocrx_word' id='word_1_181' title='bbox 232 831 310 858; x_wconf 81' lang='grc' dir='ltr'>Ὅσοι</span> <span class='ocrx_word' id='word_1_182' title='bbox 326 830 458 865; x_wconf 75' lang='grc' dir='ltr'>καθήμεθ’</span> <span class='ocrx_word' id='word_1_183' title='bbox 474 829 503 855; x_wconf 78' lang='grc' dir='ltr'>οὺ</span> <span class='ocrx_word' id='word_1_184' title='bbox 519 828 608 860; x_wconf 80' lang='grc' dir='ltr'>καλῶς</span> <span class='ocrx_word' id='word_1_185' title='bbox 625 827 773 862; x_wconf 67' lang='grc' dir='ltr'>ὑψίθρονοι,</span> <span class='ocrx_word' id='word_1_186' title='bbox 1069 824 1165 850; x_wconf 78' lang='grc' dir='ltr'>Εὶπεῐν</span> <span class='ocrx_word' id='word_1_187' title='bbox 1174 825 1291 860; x_wconf 76' lang='grc' dir='ltr'>ἀνάγκη,</span> <span class='ocrx_word' id='word_1_188' title='bbox 1308 824 1358 852; x_wconf 74' lang='grc' dir='ltr'><strong>κάν</strong></span> <span class='ocrx_word' id='word_1_189' title='bbox 1369 825 1416 862; x_wconf 80' lang='grc' dir='ltr'><strong>δέῃ</strong></span> <span class='ocrx_word' id='word_1_190' title='bbox 1431 827 1626 861; x_wconf 75' lang='grc' dir='ltr'>μακρηγορεῖν,</span> 
     </span>
    </p>
   </div>
   <div class='ocr_carea' id='block_1_17' title="bbox 483 945 1115 978">
    <p class='ocr_par' dir='ltr' id='par_1_17' title="bbox 483 945 1115 978">
     <span class='ocr_line' id='line_1_17' title="bbox 483 945 1115 978; baseline -0.002 -3"><span class='ocrx_word' id='word_1_191' title='bbox 483 947 517 975; x_wconf 74' lang='grc'>15</span> <span class='ocrx_word' id='word_1_192' title='bbox 531 947 617 974; x_wconf 79' lang='lat' dir='ltr'><strong>Roma</strong></span> <span class='ocrx_word' id='word_1_193' title='bbox 633 954 701 973; x_wconf 81' lang='lat' dir='ltr'><strong>nova</strong></span> <span class='ocrx_word' id='word_1_194' title='bbox 718 967 724 977; x_wconf 84' lang='grc'><strong>,</strong></span> <span class='ocrx_word' id='word_1_195' title='bbox 741 946 872 973; x_wconf 83' lang='lat' dir='ltr'><strong>nobilium</strong></span> <span class='ocrx_word' id='word_1_196' title='bbox 894 946 1009 973; x_wconf 90' lang='lat' dir='ltr'><strong>aliorum</strong></span> <span class='ocrx_word' id='word_1_197' title='bbox 1024 945 1115 978; x_wconf 86' lang='lat' dir='ltr'><strong>sedes,</strong></span> 
     </span>
    </p>
   </div>
   <div class='ocr_carea' id='block_1_18' title="bbox 484 981 1078 1015">
    <p class='ocr_par' dir='ltr' id='par_1_18' title="bbox 484 981 1078 1015">
     <span class='ocr_line' id='line_1_18' title="bbox 484 981 1078 1015; baseline -0.003 -5"><span class='ocrx_word' id='word_1_198' title='bbox 484 983 554 1010; x_wconf 85' lang='lat' dir='ltr'><strong>Urbs</strong></span> <span class='ocrx_word' id='word_1_199' title='bbox 569 982 753 1012; x_wconf 79' lang='lat' dir='ltr'><strong>Constantini.</strong></span> <span class='ocrx_word' id='word_1_200' title='bbox 768 986 795 1009; x_wconf 87' lang='lat' dir='ltr'><strong>et</strong></span> <span class='ocrx_word' id='word_1_201' title='bbox 808 981 914 1015; x_wconf 88' lang='lat' dir='ltr'><strong>imperii</strong></span> <span class='ocrx_word' id='word_1_202' title='bbox 930 982 1078 1008; x_wconf 89' lang='lat' dir='ltr'><strong>coluuma-:</strong></span> 
     </span>
    </p>
   </div>
   <div class='ocr_carea' id='block_1_19' title="bbox 480 1016 1397 1054">
    <p class='ocr_par' dir='ltr' id='par_1_19' title="bbox 480 1016 1397 1054">
     <span class='ocr_line' id='line_1_19' title="bbox 480 1016 1397 1054; baseline 0.001 -11"><span class='ocrx_word' id='word_1_203' title='bbox 480 1017 658 1054; x_wconf 67' lang='grc'>676677</span> <span class='ocrx_word' id='word_1_204' title='bbox 673 1017 782 1048; x_wconf 81' lang='lat' dir='ltr'><strong>Audite,</strong></span> <span class='ocrx_word' id='word_1_205' title='bbox 801 1016 971 1054; x_wconf 18' lang='lat' dir='ltr'><strong>viri,»virum</strong></span> <span class='ocrx_word' id='word_1_206' title='bbox 990 1024 1004 1054; x_wconf 58' lang='grc' dir='ltr'>ει</span> <span class='ocrx_word' id='word_1_207' title='bbox 1023 1016 1164 1054; x_wconf 76' lang='lat' dir='ltr'><strong>mendacio</strong></span> <span class='ocrx_word' id='word_1_208' title='bbox 1183 1016 1397 1049; x_wconf 88' lang='lat' dir='ltr'><strong>alienissimum,</strong></span> 
     </span>
    </p>
   </div>
   <div class='ocr_carea' id='block_1_20' title="bbox 482 1052 1162 1087">
    <p class='ocr_par' dir='ltr' id='par_1_20' title="bbox 482 1052 1162 1087">
     <span class='ocr_line' id='line_1_20' title="bbox 482 1052 1162 1087; baseline -0.003 -6"><span class='ocrx_word' id='word_1_209' title='bbox 482 1052 522 1081; x_wconf 62' lang='lat' dir='ltr'><strong>ac</strong></span> <span class='ocrx_word' id='word_1_210' title='bbox 532 1052 615 1080; x_wconf 80' lang='lat' dir='ltr'><strong>multa</strong></span> <span class='ocrx_word' id='word_1_211' title='bbox 632 1060 741 1087; x_wconf 76' lang='lat' dir='ltr'><strong>passum</strong></span> <span class='ocrx_word' id='word_1_212' title='bbox 759 1052 852 1079; x_wconf 86' lang='lat' dir='ltr'><strong>multis</strong></span> <span class='ocrx_word' id='word_1_213' title='bbox 869 1052 896 1078; x_wconf 92' lang='lat' dir='ltr'><strong>in</strong></span> <span class='ocrx_word' id='word_1_214' title='bbox 913 1052 1162 1084; x_wconf 73' lang='lat' dir='ltr'><strong>vicissitudinibus,</strong></span> 
     </span>
    </p>
   </div>
   <div class='ocr_carea' id='block_1_21' title="bbox 483 1086 1083 1123">
    <p class='ocr_par' dir='ltr' id='par_1_21' title="bbox 483 1086 1083 1123">
     <span class='ocr_line' id='line_1_21' title="bbox 483 1086 1083 1123; baseline -0.007 -7"><span class='ocrx_word' id='word_1_215' title='bbox 483 1088 520 1116; x_wconf 77' lang='lat' dir='ltr'><strong>Ex</strong></span> <span class='ocrx_word' id='word_1_216' title='bbox 535 1086 637 1123; x_wconf 83' lang='lat' dir='ltr'><strong>quibus</strong></span> <span class='ocrx_word' id='word_1_217' title='bbox 654 1088 739 1123; x_wconf 86' lang='lat' dir='ltr'><strong>multa</strong></span> <span class='ocrx_word' id='word_1_218' title='bbox 753 1094 922 1122; x_wconf 79' lang='lat' dir='ltr'><strong>cognoscere</strong></span> <span class='ocrx_word' id='word_1_219' title='bbox 939 1086 1083 1122; x_wconf 78' lang='lat' dir='ltr'><strong>contingit.</strong></span> 
     </span>
    </p>
   </div>
   <div class='ocr_carea' id='block_1_22' title="bbox 520 1122 1218 1156">
    <p class='ocr_par' dir='ltr' id='par_1_22' title="bbox 520 1122 1218 1156">
     <span class='ocr_line' id='line_1_22' title="bbox 520 1122 1218 1156; baseline -0.004 -5"><span class='ocrx_word' id='word_1_220' title='bbox 520 1122 555 1150; x_wconf 77' lang='lat'><strong>20</strong></span> <span class='ocrx_word' id='word_1_221' title='bbox 568 1122 722 1150; x_wconf 75' lang='lat' dir='ltr'><strong>Concidere</strong></span> <span class='ocrx_word' id='word_1_222' title='bbox 739 1122 848 1154; x_wconf 87' lang='lat' dir='ltr'><strong>omnia;</strong></span> <span class='ocrx_word' id='word_1_223' title='bbox 865 1124 945 1148; x_wconf 87' lang='lat' dir='ltr'><strong>etiam</strong></span> <span class='ocrx_word' id='word_1_224' title='bbox 965 1123 1077 1149; x_wconf 81' lang='lat' dir='ltr'><strong>honesta</strong></span> <span class='ocrx_word' id='word_1_225' title='bbox 1095 1126 1218 1156; x_wconf 87' lang='lat' dir='ltr'><strong>tempore</strong></span> 
     </span>
    </p>
   </div>
   <div class='ocr_carea' id='block_1_23' title="bbox 483 1157 1172 1193">
    <p class='ocr_par' dir='ltr' id='par_1_23' title="bbox 483 1157 1172 1193">
     <span class='ocr_line' id='line_1_23' title="bbox 483 1157 1172 1193; baseline -0.003 -8"><span class='ocrx_word' id='word_1_226' title='bbox 483 1159 610 1193; x_wconf 81' lang='lat' dir='ltr'><strong>Collapsa</strong></span> <span class='ocrx_word' id='word_1_227' title='bbox 631 1162 705 1188; x_wconf 73' lang='lat' dir='ltr'><strong>sunt,</strong></span> <span class='ocrx_word' id='word_1_228' title='bbox 724 1157 846 1191; x_wconf 88' lang='lat' dir='ltr'><strong>nihilque</strong></span> <span class='ocrx_word' id='word_1_229' title='bbox 860 1161 907 1193; x_wconf 82' lang='lat' dir='ltr'><strong>aut</strong></span> <span class='ocrx_word' id='word_1_230' title='bbox 920 1165 1016 1191; x_wconf 87' lang='lat' dir='ltr'><strong>parum</strong></span> <span class='ocrx_word' id='word_1_231' title='bbox 1031 1161 1172 1191; x_wconf 82' lang='lat' dir='ltr'><strong>superest,</strong></span> 
     </span>
    </p>
   </div>
   <div class='ocr_carea' id='block_1_24' title="bbox 483 1191 1378 1227">
    <p class='ocr_par' dir='ltr' id='par_1_24' title="bbox 483 1191 1378 1227">
     <span class='ocr_line' id='line_1_24' title="bbox 483 1191 1378 1227; baseline 0 -7"><span class='ocrx_word' id='word_1_232' title='bbox 483 1191 571 1220; x_wconf 55' lang='lat' dir='ltr'><strong>Velut&#39;</strong></span> <span class='ocrx_word' id='word_1_233' title='bbox 582 1201 645 1220; x_wconf 89' lang='lat' dir='ltr'><strong>cum</strong></span> <span class='ocrx_word' id='word_1_234' title='bbox 663 1193 744 1219; x_wconf 87' lang='lat' dir='ltr'><strong>tellus</strong></span> <span class='ocrx_word' id='word_1_235' title='bbox 763 1197 885 1226; x_wconf 81' lang='lat' dir='ltr'><strong>raptatur</strong></span> <span class='ocrx_word' id='word_1_236' title='bbox 901 1192 1029 1219; x_wconf 83' lang='lat' dir='ltr'><strong>imbrium</strong></span> <span class='ocrx_word' id='word_1_237' title='bbox 1044 1192 1246 1220; x_wconf 84' lang='lat' dir='ltr'><strong>vehementium</strong></span> <span class='ocrx_word' id='word_1_238' title='bbox 1263 1191 1378 1227; x_wconf 88' lang='lat' dir='ltr'><strong>impetu,</strong></span> 
     </span>
    </p>
   </div>
   <div class='ocr_carea' id='block_1_25' title="bbox 482 1227 994 1263">
    <p class='ocr_par' dir='ltr' id='par_1_25' title="bbox 482 1227 994 1263">
     <span class='ocr_line' id='line_1_25' title="bbox 482 1227 994 1263; baseline -0.004 -8"><span class='ocrx_word' id='word_1_239' title='bbox 482 1229 558 1255; x_wconf 88' lang='lat' dir='ltr'><strong>Nihil</strong></span> <span class='ocrx_word' id='word_1_240' title='bbox 575 1232 673 1263; x_wconf 63' lang='lat' dir='ltr'><strong>praeter</strong></span> <span class='ocrx_word' id='word_1_241' title='bbox 690 1228 796 1263; x_wconf 81' lang='lat' dir='ltr'><strong>lapillos</strong></span> <span class='ocrx_word' id='word_1_242' title='bbox 817 1227 994 1261; x_wconf 85' lang='lat' dir='ltr'><strong>relinquitur.</strong></span> 
     </span>
    </p>
   </div>
   <div class='ocr_carea' id='block_1_26' title="bbox 482 1262 1210 1297">
    <p class='ocr_par' dir='ltr' id='par_1_26' title="bbox 482 1262 1210 1297">
     <span class='ocr_line' id='line_1_26' title="bbox 482 1262 1210 1297; baseline -0.003 -7"><span class='ocrx_word' id='word_1_243' title='bbox 482 1262 610 1290; x_wconf 82' lang='lat' dir='ltr'><strong>Nondum</strong></span> <span class='ocrx_word' id='word_1_244' title='bbox 627 1263 717 1296; x_wconf 78' lang='lat' dir='ltr'><strong>magni</strong></span> <span class='ocrx_word' id='word_1_245' title='bbox 731 1262 892 1297; x_wconf 82' lang='lat' dir='ltr'><strong>quidquam,</strong></span> <span class='ocrx_word' id='word_1_246' title='bbox 909 1263 930 1289; x_wconf 85' lang='lat' dir='ltr'><strong>si</strong></span> <span class='ocrx_word' id='word_1_247' title='bbox 947 1264 980 1289; x_wconf 90' lang='lat' dir='ltr'><strong>de</strong></span> <span class='ocrx_word' id='word_1_248' title='bbox 994 1262 1088 1289; x_wconf 89' lang='lat' dir='ltr'><strong>multis</strong></span> <span class='ocrx_word' id='word_1_249' title='bbox 1103 1262 1210 1296; x_wconf 75' lang='lat' dir='ltr'><strong>loquor,</strong></span> 
     </span>
    </p>
   </div>
   <div class='ocr_carea' id='block_1_27' title="bbox 484 1297 1325 1333">
    <p class='ocr_par' dir='ltr' id='par_1_27' title="bbox 484 1297 1325 1333">
     <span class='ocr_line' id='line_1_27' title="bbox 484 1297 1325 1333; baseline 0 -9"><span class='ocrx_word' id='word_1_250' title='bbox 484 1298 520 1326; x_wconf 74' lang='grc'><strong>25</strong></span> <span class='ocrx_word' id='word_1_251' title='bbox 532 1299 585 1331; x_wconf 86' lang='lat' dir='ltr'><strong>Qui</strong></span> <span class='ocrx_word' id='word_1_252' title='bbox 596 1306 630 1325; x_wconf 91' lang='lat' dir='ltr'><strong>ne</strong></span> <span class='ocrx_word' id='word_1_253' title='bbox 640 1298 717 1332; x_wconf 87' lang='lat' dir='ltr'><strong>prius</strong></span> <span class='ocrx_word' id='word_1_254' title='bbox 729 1297 839 1331; x_wconf 81' lang='lat' dir='ltr'><strong>quidem</strong></span> <span class='ocrx_word' id='word_1_255' title='bbox 855 1298 990 1324; x_wconf 84' lang='lat' dir='ltr'><strong>bonorum</strong></span> <span class='ocrx_word' id='word_1_256' title='bbox 1001 1297 1089 1324; x_wconf 85' lang='lat' dir='ltr'><strong>ordini</strong></span> <span class='ocrx_word' id='word_1_257' title='bbox 1106 1298 1220 1333; x_wconf 81' lang='lat' dir='ltr'><strong>ascripti</strong></span> <span class='ocrx_word' id='word_1_258' title='bbox 1235 1301 1325 1330; x_wconf 87' lang='lat' dir='ltr'><strong>erant,</strong></span> 
     </span>
    </p>
   </div>
   <div class='ocr_carea' id='block_1_28' title="bbox 483 1333 1127 1367">
    <p class='ocr_par' dir='ltr' id='par_1_28' title="bbox 483 1333 1127 1367">
     <span class='ocr_line' id='line_1_28' title="bbox 483 1333 1127 1367; baseline -0.002 -7"><span class='ocrx_word' id='word_1_259' title='bbox 483 1333 640 1361; x_wconf 83' lang='lat' dir='ltr'><strong>Pecudibus</strong></span> <span class='ocrx_word' id='word_1_260' title='bbox 659 1333 763 1360; x_wconf 87' lang='lat' dir='ltr'><strong>similes</strong></span> <span class='ocrx_word' id='word_1_261' title='bbox 780 1340 812 1359; x_wconf 91' lang='lat' dir='ltr'><strong>ac</strong></span> <span class='ocrx_word' id='word_1_262' title='bbox 829 1333 957 1360; x_wconf 83' lang='lat' dir='ltr'><strong>deorsqu</strong></span> <span class='ocrx_word' id='word_1_263' title='bbox 974 1337 1127 1367; x_wconf 75' lang='lat' dir='ltr'><strong>vergentes.</strong></span> 
     </span>
    </p>
   </div>
   <div class='ocr_carea' id='block_1_29' title="bbox 484 1367 1159 1401">
    <p class='ocr_par' dir='ltr' id='par_1_29' title="bbox 484 1367 1159 1401">
     <span class='ocr_line' id='line_1_29' title="bbox 484 1367 1159 1401; baseline -0.004 -5"><span class='ocrx_word' id='word_1_264' title='bbox 484 1367 540 1396; x_wconf 81' lang='lat' dir='ltr'><strong>Nos</strong></span> <span class='ocrx_word' id='word_1_265' title='bbox 553 1369 700 1395; x_wconf 79' lang='lat' dir='ltr'><strong>vehemens</strong></span> <span class='ocrx_word' id='word_1_266' title='bbox 717 1368 762 1394; x_wconf 92' lang='lat' dir='ltr'><strong>ille</strong></span> <span class='ocrx_word' id='word_1_267' title='bbox 778 1375 874 1394; x_wconf 90' lang='lat' dir='ltr'><strong>sumus</strong></span> <span class='ocrx_word' id='word_1_268' title='bbox 887 1373 914 1395; x_wconf 91' lang='lat' dir='ltr'><strong>et</strong></span> <span class='ocrx_word' id='word_1_269' title='bbox 933 1375 1013 1401; x_wconf 90' lang='lat' dir='ltr'><strong>asper</strong></span> <span class='ocrx_word' id='word_1_270' title='bbox 1024 1372 1134 1395; x_wconf 87' lang='lat' dir='ltr'><strong>torrens</strong></span> <span class='ocrx_word' id='word_1_271' title='bbox 1153 1375 1159 1393; x_wconf 90' lang='lat'>:</span> 
     </span>
    </p>
   </div>
   <div class='ocr_carea' id='block_1_30' title="bbox 484 1402 1085 1436">
    <p class='ocr_par' dir='ltr' id='par_1_30' title="bbox 484 1402 1085 1436">
     <span class='ocr_line' id='line_1_30' title="bbox 484 1402 1085 1436; baseline -0.002 -6"><span class='ocrx_word' id='word_1_272' title='bbox 484 1403 584 1431; x_wconf 82' lang='lat' dir='ltr'><strong>Noster</strong></span> <span class='ocrx_word' id='word_1_273' title='bbox 597 1403 666 1429; x_wconf 87' lang='lat' dir='ltr'><strong>ordo</strong></span> <span class='ocrx_word' id='word_1_274' title='bbox 688 1403 840 1430; x_wconf 78' lang='lat' dir='ltr'><strong>diSsolutus</strong></span> <span class='ocrx_word' id='word_1_275' title='bbox 858 1407 910 1433; x_wconf 82' lang='lat' dir='ltr'><strong>est.</strong></span> <span class='ocrx_word' id='word_1_276' title='bbox 927 1403 995 1429; x_wconf 86' lang='lat' dir='ltr'><strong>lleus</strong></span> <span class='ocrx_word' id='word_1_277' title='bbox 1006 1402 1085 1436; x_wconf 85' lang='lat' dir='ltr'><strong>dico;</strong></span> 
     </span>
    </p>
   </div>
   <div class='ocr_carea' id='block_1_31' title="bbox 486 1437 1259 1472">
    <p class='ocr_par' dir='ltr' id='par_1_31' title="bbox 486 1437 1259 1472">
     <span class='ocr_line' id='line_1_31' title="bbox 486 1437 1259 1472; baseline 0 -7"><span class='ocrx_word' id='word_1_278' title='bbox 486 1439 651 1472; x_wconf 80' lang='lat' dir='ltr'><strong>Quicunque</strong></span> <span class='ocrx_word' id='word_1_279' title='bbox 665 1437 793 1465; x_wconf 84' lang='lat' dir='ltr'><strong>sedemus</strong></span> <span class='ocrx_word' id='word_1_280' title='bbox 812 1445 865 1464; x_wconf 91' lang='lat' dir='ltr'><strong>non</strong></span> <span class='ocrx_word' id='word_1_281' title='bbox 888 1438 956 1464; x_wconf 90' lang='lat' dir='ltr'><strong>belle</strong></span> <span class='ocrx_word' id='word_1_282' title='bbox 975 1438 1000 1463; x_wconf 95' lang='lat' dir='ltr'><strong>in</strong></span> <span class='ocrx_word' id='word_1_283' title='bbox 1018 1437 1127 1465; x_wconf 82' lang='lat' dir='ltr'><strong>excelso</strong></span> <span class='ocrx_word' id='word_1_284' title='bbox 1142 1437 1259 1470; x_wconf 88' lang='lat' dir='ltr'><strong>throno,</strong></span> 
     </span>
    </p>
   </div>
   <div class='ocr_carea' id='block_1_32' title="bbox 485 1473 1065 1507">
    <p class='ocr_par' dir='ltr' id='par_1_32' title="bbox 485 1473 1065 1507">
     <span class='ocr_line' id='line_1_32' title="bbox 485 1473 1065 1507; baseline -0.005 -6"><span class='ocrx_word' id='word_1_285' title='bbox 485 1475 520 1501; x_wconf 77' lang='lat'><strong>30</strong></span> <span class='ocrx_word' id='word_1_286' title='bbox 535 1473 629 1507; x_wconf 78' lang='lat' dir='ltr'><strong>Popilli</strong></span> <span class='ocrx_word' id='word_1_287' title='bbox 644 1473 785 1507; x_wconf 62' lang='lat' dir='ltr'><strong>praesides,</strong></span> <span class='ocrx_word' id='word_1_288' title='bbox 798 1473 909 1500; x_wconf 83' lang='lat' dir='ltr'><strong>virtutis</strong></span> <span class='ocrx_word' id='word_1_289' title='bbox 928 1473 1065 1507; x_wconf 78' lang='lat' dir='ltr'><strong>magistri,</strong></span> 
     </span>
    </p>
   </div>
   <div class='ocr_carea' id='block_1_33' title="bbox 486 1507 1270 1542">
    <p class='ocr_par' dir='ltr' id='par_1_33' title="bbox 486 1507 1270 1542">
     <span class='ocr_line' id='line_1_33' title="bbox 486 1507 1270 1542; baseline 0 -7"><span class='ocrx_word' id='word_1_290' title='bbox 486 1509 591 1542; x_wconf 78' lang='lat' dir='ltr'><strong>Quibus</strong></span> <span class='ocrx_word' id='word_1_291' title='bbox 607 1508 765 1541; x_wconf 83' lang='lat' dir='ltr'><strong>impositum</strong></span> <span class='ocrx_word' id='word_1_292' title='bbox 777 1511 819 1535; x_wconf 87' lang='lat' dir='ltr'><strong>est</strong></span> <span class='ocrx_word' id='word_1_293' title='bbox 835 1508 942 1535; x_wconf 81' lang='lat' dir='ltr'><strong>animas</strong></span> <span class='ocrx_word' id='word_1_294' title='bbox 961 1508 1055 1534; x_wconf 86' lang='lat' dir='ltr'><strong>divino</strong></span> <span class='ocrx_word' id='word_1_295' title='bbox 1071 1507 1172 1542; x_wconf 86' lang='lat' dir='ltr'><strong>pabulo</strong></span> <span class='ocrx_word' id='word_1_296' title='bbox 1187 1508 1270 1540; x_wconf 82' lang='lat' dir='ltr'><strong>alere,</strong></span> 
     </span>
    </p>
   </div>
   <div class='ocr_carea' id='block_1_34' title="bbox 486 1542 1244 1578">
    <p class='ocr_par' dir='ltr' id='par_1_34' title="bbox 486 1542 1244 1578">
     <span class='ocr_line' id='line_1_34' title="bbox 486 1542 1244 1578; baseline 0 -8"><span class='ocrx_word' id='word_1_297' title='bbox 486 1544 540 1578; x_wconf 82' lang='lat' dir='ltr'><strong>Ipsi</strong></span> <span class='ocrx_word' id='word_1_298' title='bbox 558 1551 621 1570; x_wconf 88' lang='lat' dir='ltr'><strong>vero</strong></span> <span class='ocrx_word' id='word_1_299' title='bbox 634 1542 704 1570; x_wconf 82' lang='lat' dir='ltr'><strong>fame</strong></span> <span class='ocrx_word' id='word_1_300' title='bbox 716 1543 889 1574; x_wconf 76' lang='lat' dir='ltr'><strong>laborantes;</strong></span> <span class='ocrx_word' id='word_1_301' title='bbox 906 1543 1005 1569; x_wconf 84' lang='lat' dir='ltr'><strong>medici</strong></span> <span class='ocrx_word' id='word_1_302' title='bbox 1023 1543 1193 1576; x_wconf 82' lang='lat' dir='ltr'><strong>morborum,</strong></span> <span class='ocrx_word' id='word_1_303' title='bbox 1241 1542 1244 1547; x_wconf 82' lang='grc'><em>”</em></span> 
     </span>
    </p>
   </div>
   <div class='ocr_carea' id='block_1_35' title="bbox 489 1578 1103 1613">
    <p class='ocr_par' dir='ltr' id='par_1_35' title="bbox 489 1578 1103 1613">
     <span class='ocr_line' id='line_1_35' title="bbox 489 1578 1103 1613; baseline -0.002 -8"><span class='ocrx_word' id='word_1_304' title='bbox 489 1578 590 1605; x_wconf 85' lang='lat' dir='ltr'><strong>Mortui</strong></span> <span class='ocrx_word' id='word_1_305' title='bbox 606 1582 743 1605; x_wconf 77' lang='lat' dir='ltr'><strong>scatentes</strong></span> <span class='ocrx_word' id='word_1_306' title='bbox 760 1578 969 1613; x_wconf 87' lang='lat' dir='ltr'><strong>quamplurimis</strong></span> <span class='ocrx_word' id='word_1_307' title='bbox 984 1578 1103 1611; x_wconf 86' lang='lat' dir='ltr'><strong>morbis;</strong></span> 
     </span>
    </p>
   </div>
   <div class='ocr_carea' id='block_1_36' title="bbox 487 1613 1019 1647">
    <p class='ocr_par' dir='ltr' id='par_1_36' title="bbox 487 1613 1019 1647">
     <span class='ocr_line' id='line_1_36' title="bbox 487 1613 1019 1647; baseline -0.004 -7"><span class='ocrx_word' id='word_1_308' title='bbox 487 1613 598 1640; x_wconf 83' lang='lat' dir='ltr'><strong>Viarum</strong></span> <span class='ocrx_word' id='word_1_309' title='bbox 614 1613 699 1640; x_wconf 88' lang='lat' dir='ltr'><strong>duces</strong></span> <span class='ocrx_word' id='word_1_310' title='bbox 719 1620 785 1640; x_wconf 74' lang='lat' dir='ltr'><strong>sane</strong></span> <span class='ocrx_word' id='word_1_311' title='bbox 803 1617 1019 1647; x_wconf 64' lang='lat' dir='ltr'><strong>pret-ruptarum,</strong></span> 
     </span>
    </p>
   </div>
   <div class='ocr_carea' id='block_1_37' title="bbox 485 1647 1188 1682">
    <p class='ocr_par' dir='ltr' id='par_1_37' title="bbox 485 1647 1188 1682">
     <span class='ocr_line' id='line_1_37' title="bbox 485 1647 1188 1682; baseline -0.001 -7"><span class='ocrx_word' id='word_1_312' title='bbox 485 1649 521 1675; x_wconf 73' lang='lat'><strong>35</strong></span> <span class='ocrx_word' id='word_1_313' title='bbox 534 1648 609 1681; x_wconf 89' lang='lat' dir='ltr'><strong>Quas</strong></span> <span class='ocrx_word' id='word_1_314' title='bbox 622 1656 672 1675; x_wconf 86' lang='lat' dir='ltr'><strong>nec</strong></span> <span class='ocrx_word' id='word_1_315' title='bbox 684 1649 841 1682; x_wconf 71' lang='lat' dir='ltr'><strong>przeeundo,</strong></span> <span class='ocrx_word' id='word_1_316' title='bbox 855 1656 906 1674; x_wconf 79' lang='lat' dir='ltr'><strong>nec</strong></span> <span class='ocrx_word' id='word_1_317' title='bbox 924 1648 1015 1674; x_wconf 88' lang='lat' dir='ltr'><strong>eundo</strong></span> <span class='ocrx_word' id='word_1_318' title='bbox 1031 1647 1168 1675; x_wconf 85' lang='lat' dir='ltr'><strong>triverunt</strong></span> <span class='ocrx_word' id='word_1_319' title='bbox 1181 1657 1188 1674; x_wconf 73' lang='grc' dir='ltr'><strong>ε</strong></span> 
     </span>
    </p>
   </div>
   <div class='ocr_carea' id='block_1_38' title="bbox 487 1683 1261 1718">
    <p class='ocr_par' dir='ltr' id='par_1_38' title="bbox 487 1683 1261 1718">
     <span class='ocr_line' id='line_1_38' title="bbox 487 1683 1261 1718; baseline 0.001 -8"><span class='ocrx_word' id='word_1_320' title='bbox 487 1683 562 1716; x_wconf 88' lang='lat' dir='ltr'><strong>Quos</strong></span> <span class='ocrx_word' id='word_1_321' title='bbox 579 1683 692 1709; x_wconf 87' lang='lat' dir='ltr'><strong>minime</strong></span> <span class='ocrx_word' id='word_1_322' title='bbox 709 1683 819 1714; x_wconf 83' lang='lat' dir='ltr'><strong>sectari,</strong></span> <span class='ocrx_word' id='word_1_323' title='bbox 835 1687 1000 1717; x_wconf 56' lang='lat' dir='ltr'><strong>praeceptum</strong></span> <span class='ocrx_word' id='word_1_324' title='bbox 1015 1687 1041 1710; x_wconf 90' lang='lat' dir='ltr'><strong>et</strong></span> <span class='ocrx_word' id='word_1_325' title='bbox 1057 1683 1261 1718; x_wconf 84' lang='lat' dir='ltr'><strong>brevissimum,</strong></span> 
     </span>
    </p>
   </div>
   <div class='ocr_carea' id='block_1_39' title="bbox 487 1718 1042 1746">
    <p class='ocr_par' dir='ltr' id='par_1_39' title="bbox 487 1718 1042 1746">
     <span class='ocr_line' id='line_1_39' title="bbox 487 1718 1042 1746; baseline -0.005 0"><span class='ocrx_word' id='word_1_326' title='bbox 487 1722 526 1746; x_wconf 83' lang='lat' dir='ltr'><strong>Ac</strong></span> <span class='ocrx_word' id='word_1_327' title='bbox 540 1718 637 1745; x_wconf 84' lang='lat' dir='ltr'><strong>salutis</strong></span> <span class='ocrx_word' id='word_1_328' title='bbox 654 1718 817 1745; x_wconf 84' lang='lat' dir='ltr'><strong>latissimum</strong></span> <span class='ocrx_word' id='word_1_329' title='bbox 834 1720 1042 1744; x_wconf 87' lang='lat' dir='ltr'><strong>documentum:</strong></span> 
     </span>
    </p>
   </div>
   <div class='ocr_carea' id='block_1_40' title="bbox 487 1753 1089 1787">
    <p class='ocr_par' dir='ltr' id='par_1_40' title="bbox 487 1753 1089 1787">
     <span class='ocr_line' id='line_1_40' title="bbox 487 1753 1089 1787; baseline -0.003 -7"><span class='ocrx_word' id='word_1_330' title='bbox 487 1753 608 1787; x_wconf 77' lang='lat' dir='ltr'><strong>QIIOI‘lllll</strong></span> <span class='ocrx_word' id='word_1_331' title='bbox 621 1753 739 1780; x_wconf 79' lang='lat' dir='ltr'><strong>thronus</strong></span> <span class='ocrx_word' id='word_1_332' title='bbox 755 1759 899 1780; x_wconf 87' lang='lat' dir='ltr'><strong>accusator</strong></span> <span class='ocrx_word' id='word_1_333' title='bbox 916 1758 957 1780; x_wconf 84' lang='lat' dir='ltr'><strong>est</strong></span> <span class='ocrx_word' id='word_1_334' title='bbox 971 1760 1089 1784; x_wconf 88' lang='lat' dir='ltr'><strong>morum,</strong></span> 
     </span>
    </p>
   </div>
   <div class='ocr_carea' id='block_1_41' title="bbox 487 1787 1200 1822">
    <p class='ocr_par' dir='ltr' id='par_1_41' title="bbox 487 1787 1200 1822">
     <span class='ocr_line' id='line_1_41' title="bbox 487 1787 1200 1822; baseline 0.001 -7"><span class='ocrx_word' id='word_1_335' title='bbox 487 1791 525 1816; x_wconf 88' lang='lat' dir='ltr'><strong>Ac</strong></span> <span class='ocrx_word' id='word_1_336' title='bbox 536 1788 651 1815; x_wconf 85' lang='lat' dir='ltr'><strong>cancelli</strong></span> <span class='ocrx_word' id='word_1_337' title='bbox 671 1795 724 1815; x_wconf 87' lang='lat' dir='ltr'><strong>non</strong></span> <span class='ocrx_word' id='word_1_338' title='bbox 740 1789 811 1814; x_wconf 85' lang='lat' dir='ltr'><strong>vitas</strong></span> <span class='ocrx_word' id='word_1_339' title='bbox 823 1787 959 1820; x_wconf 86' lang='lat' dir='ltr'><strong>dividunt,</strong></span> <span class='ocrx_word' id='word_1_340' title='bbox 976 1788 1024 1815; x_wconf 91' lang='lat' dir='ltr'><strong>sed</strong></span> <span class='ocrx_word' id='word_1_341' title='bbox 1042 1788 1200 1822; x_wconf 85' lang='lat' dir='ltr'><strong>supercilia.</strong></span> 
     </span>
    </p>
   </div>
   <div class='ocr_carea' id='block_1_42' title="bbox 522 1823 1385 1855">
    <p class='ocr_par' dir='ltr' id='par_1_42' title="bbox 522 1823 1385 1855">
     <span class='ocr_line' id='line_1_42' title="bbox 522 1823 1385 1855; baseline 0.002 -5"><span class='ocrx_word' id='word_1_342' title='bbox 522 1824 557 1850; x_wconf 74' lang='grc'><strong>40</strong></span> <span class='ocrx_word' id='word_1_343' title='bbox 570 1823 647 1850; x_wconf 86' lang='lat' dir='ltr'><strong>Unde</strong></span> <span class='ocrx_word' id='word_1_344' title='bbox 661 1827 751 1850; x_wconf 88' lang='lat' dir='ltr'><strong>autem</strong></span> <span class='ocrx_word' id='word_1_345' title='bbox 770 1823 904 1850; x_wconf 88' lang='lat' dir='ltr'><strong>adductus</strong></span> <span class='ocrx_word' id='word_1_346' title='bbox 918 1823 981 1855; x_wconf 85' lang='lat' dir='ltr'><strong>sim,</strong></span> <span class='ocrx_word' id='word_1_347' title='bbox 994 1828 1023 1850; x_wconf 88' lang='lat' dir='ltr'><strong>ut</strong></span> <span class='ocrx_word' id='word_1_348' title='bbox 1039 1823 1097 1850; x_wconf 63' lang='lat' dir='ltr'><strong>hate</strong></span> <span class='ocrx_word' id='word_1_349' title='bbox 1111 1824 1208 1851; x_wconf 85' lang='lat' dir='ltr'><strong>litteris</strong></span> <span class='ocrx_word' id='word_1_350' title='bbox 1222 1824 1385 1852; x_wconf 84' lang='lat' dir='ltr'><strong>mandarem</strong></span> 
     </span>
    </p>
   </div>
   <div class='ocr_carea' id='block_1_43' title="bbox 488 1858 1211 1894">
    <p class='ocr_par' dir='ltr' id='par_1_43' title="bbox 488 1858 1211 1894">
     <span class='ocr_line' id='line_1_43' title="bbox 488 1858 1211 1894; baseline 0.003 -9"><span class='ocrx_word' id='word_1_351' title='bbox 488 1858 557 1894; x_wconf 86' lang='lat' dir='ltr'><strong>(Non</strong></span> <span class='ocrx_word' id='word_1_352' title='bbox 573 1858 645 1885; x_wconf 89' lang='lat' dir='ltr'><strong>enim</strong></span> <span class='ocrx_word' id='word_1_353' title='bbox 662 1859 728 1886; x_wconf 89' lang='lat' dir='ltr'><strong>libet</strong></span> <span class='ocrx_word' id='word_1_354' title='bbox 745 1859 830 1885; x_wconf 87' lang='lat' dir='ltr'><strong>multa</strong></span> <span class='ocrx_word' id='word_1_355' title='bbox 843 1859 1027 1893; x_wconf 84' lang='lat' dir='ltr'><strong>nequidquam</strong></span> <span class='ocrx_word' id='word_1_356' title='bbox 1040 1862 1211 1893; x_wconf 84' lang='lat' dir='ltr'><strong>congerere),</strong></span> 
     </span>
    </p>
   </div>
   <div class='ocr_carea' id='block_1_44' title="bbox 493 1894 1256 1930">
    <p class='ocr_par' dir='ltr' id='par_1_44' title="bbox 493 1894 1256 1930">
     <span class='ocr_line' id='line_1_44' title="bbox 493 1894 1256 1930; baseline 0.001 -9"><span class='ocrx_word' id='word_1_357' title='bbox 493 1894 612 1930; x_wconf 89' lang='lat' dir='ltr'><strong>_Audiant</strong></span> <span class='ocrx_word' id='word_1_358' title='bbox 628 1902 735 1930; x_wconf 85' lang='lat' dir='ltr'><strong>omnes.</strong></span> <span class='ocrx_word' id='word_1_359' title='bbox 753 1898 780 1920; x_wconf 92' lang='lat' dir='ltr'><strong>ct</strong></span> <span class='ocrx_word' id='word_1_360' title='bbox 796 1894 842 1928; x_wconf 86' lang='lat' dir='ltr'><strong>qui</strong></span> <span class='ocrx_word' id='word_1_361' title='bbox 857 1901 941 1925; x_wconf 85' lang='lat' dir='ltr'><strong>nunc,</strong></span> <span class='ocrx_word' id='word_1_362' title='bbox 957 1899 984 1920; x_wconf 90' lang='lat' dir='ltr'><strong>et</strong></span> <span class='ocrx_word' id='word_1_363' title='bbox 998 1894 1045 1928; x_wconf 86' lang='lat' dir='ltr'><strong>qui</strong></span> <span class='ocrx_word' id='word_1_364' title='bbox 1060 1894 1088 1921; x_wconf 93' lang='lat' dir='ltr'><strong>in</strong></span> <span class='ocrx_word' id='word_1_365' title='bbox 1104 1900 1256 1930; x_wconf 88' lang='lat' dir='ltr'><strong>posterum.</strong></span> 
     </span>
    </p>
   </div>
   <div class='ocr_carea' id='block_1_45' title="bbox 492 1928 1007 1956">
    <p class='ocr_par' dir='ltr' id='par_1_45' title="bbox 492 1928 1007 1956">
     <span class='ocr_line' id='line_1_45' title="bbox 492 1928 1007 1956; baseline 0.002 -1"><span class='ocrx_word' id='word_1_366' title='bbox 492 1928 579 1955; x_wconf 80' lang='lat' dir='ltr'><strong>Paulo</strong></span> <span class='ocrx_word' id='word_1_367' title='bbox 591 1933 682 1956; x_wconf 88' lang='lat' dir='ltr'><strong>autem</strong></span> <span class='ocrx_word' id='word_1_368' title='bbox 698 1929 781 1955; x_wconf 87' lang='lat' dir='ltr'><strong>altius</strong></span> <span class='ocrx_word' id='word_1_369' title='bbox 801 1936 876 1956; x_wconf 87' lang='lat' dir='ltr'><strong>meos</strong></span> <span class='ocrx_word' id='word_1_370' title='bbox 894 1933 1007 1956; x_wconf 87' lang='lat' dir='ltr'><strong>eventus</strong></span> 
     </span>
    </p>
   </div>
   <div class='ocr_carea' id='block_1_46' title="bbox 493 1963 1283 2000">
    <p class='ocr_par' dir='ltr' id='par_1_46' title="bbox 493 1963 1283 2000">
     <span class='ocr_line' id='line_1_46' title="bbox 493 1963 1283 2000; baseline 0 -9"><span class='ocrx_word' id='word_1_371' title='bbox 493 1963 611 1992; x_wconf 86' lang='lat' dir='ltr'><strong>Necesse</strong></span> <span class='ocrx_word' id='word_1_372' title='bbox 628 1968 669 1992; x_wconf 86' lang='lat' dir='ltr'><strong>est</strong></span> <span class='ocrx_word' id='word_1_373' title='bbox 686 1968 820 1999; x_wconf 87' lang='lat' dir='ltr'><strong>repetere,</strong></span> <span class='ocrx_word' id='word_1_374' title='bbox 833 1964 916 1991; x_wconf 88' lang='lat' dir='ltr'><strong>etiam</strong></span> <span class='ocrx_word' id='word_1_375' title='bbox 932 1964 1068 1999; x_wconf 80' lang='lat' dir='ltr'><strong>prolixum</strong></span> <span class='ocrx_word' id='word_1_376' title='bbox 1081 1971 1143 1993; x_wconf 90' lang='lat' dir='ltr'><strong>esse</strong></span> <span class='ocrx_word' id='word_1_377' title='bbox 1156 1969 1283 2000; x_wconf 85' lang='lat' dir='ltr'><strong>oporteat</strong></span> 
     </span>
    </p>
   </div>
   <div class='ocr_carea' id='block_1_47' title="bbox 279 2064 1051 2101">
    <p class='ocr_par' dir='ltr' id='par_1_47' title="bbox 279 2064 1029 2101">
     <span class='ocr_line' id='line_1_47' title="bbox 279 2064 1029 2101; baseline 0 -9"><span class='ocrx_word' id='word_1_378' title='bbox 279 2065 313 2093; x_wconf 73' lang='grc'><strong>15</strong></span> <span class='ocrx_word' id='word_1_379' title='bbox 324 2064 462 2099; x_wconf 72' lang='grc' dir='ltr'>Εὐγενῶν</span> <span class='ocrx_word' id='word_1_380' title='bbox 475 2064 587 2101; x_wconf 72' lang='grc' dir='ltr'>ἅλλῳγ.</span> <span class='ocrx_word' id='word_1_381' title='bbox 599 2064 734 2092; x_wconf 83' lang='lat' dir='ltr'><strong>Patricios</strong></span> <span class='ocrx_word' id='word_1_382' title='bbox 749 2064 1029 2100; x_wconf 86' lang='lat' dir='ltr'><strong>Constantinopolita-</strong></span> 
     </span>
    </p>
   </div>
   <div class='ocr_carea' id='block_1_48' title="bbox 1097 2064 1869 2101">
    <p class='ocr_par' dir='ltr' id='par_1_48' title="bbox 1117 2064 1869 2101">
     <span class='ocr_line' id='line_1_48' title="bbox 1117 2064 1869 2101; baseline 0.003 -9"><span class='ocrx_word' id='word_1_383' title='bbox 1117 2065 1153 2092; x_wconf 76' lang='lat'><strong>27</strong></span> <span class='ocrx_word' id='word_1_384' title='bbox 1173 2065 1270 2099; x_wconf 82' lang='grc' dir='ltr'><strong>-ιιμεῖς</strong></span> <span class='ocrx_word' id='word_1_385' title='bbox 1284 2065 1310 2092; x_wconf 85' lang='grc' dir='ltr'><strong>δ·</strong></span> <span class='ocrx_word' id='word_1_386' title='bbox 1323 2067 1349 2092; x_wconf 73' lang='grc' dir='ltr'><strong>δ.</strong></span> <span class='ocrx_word' id='word_1_387' title='bbox 1370 2065 1406 2093; x_wconf 89' lang='lat' dir='ltr'><strong>Ita</strong></span> <span class='ocrx_word' id='word_1_388' title='bbox 1418 2064 1479 2092; x_wconf 83' lang='lat' dir='ltr'><strong>Vat.</strong></span> <span class='ocrx_word' id='word_1_389' title='bbox 1500 2069 1527 2092; x_wconf 81' lang='lat' dir='ltr'><strong>et</strong></span> <span class='ocrx_word' id='word_1_390' title='bbox 1540 2065 1624 2094; x_wconf 81' lang='lat' dir='ltr'><strong>Coisl.</strong></span> <span class='ocrx_word' id='word_1_391' title='bbox 1642 2065 1714 2092; x_wconf 87' lang='lat' dir='ltr'><strong>Edit.</strong></span> <span class='ocrx_word' id='word_1_392' title='bbox 1731 2065 1828 2101; x_wconf 81' lang='grc' dir='ltr'>Ἡμεῖς</span> <span class='ocrx_word' id='word_1_393' title='bbox 1843 2067 1869 2094; x_wconf 84' lang='grc' dir='ltr'><strong>ὁ.</strong></span> 
     </span>
    </p>
   </div>
   <div class='ocr_carea' id='block_1_49' title="bbox 244 2099 1016 2134">
    <p class='ocr_par' dir='ltr' id='par_1_49' title="bbox 244 2099 939 2134">
     <span class='ocr_line' id='line_1_49' title="bbox 244 2099 939 2134; baseline -0.003 -6"><span class='ocrx_word' id='word_1_394' title='bbox 244 2108 295 2128; x_wconf 87' lang='lat' dir='ltr'><strong>nos</strong></span> <span class='ocrx_word' id='word_1_395' title='bbox 310 2101 446 2134; x_wconf 75' lang='lat' dir='ltr'><strong>intelligit.</strong></span> <span class='ocrx_word' id='word_1_396' title='bbox 462 2108 531 2134; x_wconf 87' lang='lat' dir='ltr'><strong>quos</strong></span> <span class='ocrx_word' id='word_1_397' title='bbox 549 2099 681 2126; x_wconf 78' lang='lat' dir='ltr'><strong>Romanis</strong></span> <span class='ocrx_word' id='word_1_398' title='bbox 692 2101 816 2134; x_wconf 86' lang='lat' dir='ltr'><strong>opponit.</strong></span> <span class='ocrx_word' id='word_1_399' title='bbox 934 2099 939 2100; x_wconf 53' lang='grc'><strong><em>⁷</em></strong></span> 
     </span>
    </p>
   </div>
   <div class='ocr_carea' id='block_1_50' title="bbox 1098 2099 1870 2134">
    <p class='ocr_par' dir='ltr' id='par_1_50' title="bbox 1118 2099 1870 2128">
     <span class='ocr_line' id='line_1_50' title="bbox 1118 2099 1870 2128; baseline 0 -1"><span class='ocrx_word' id='word_1_400' title='bbox 1118 2101 1153 2128; x_wconf 73' lang='grc'>28</span> <span class='ocrx_word' id='word_1_401' title='bbox 1171 2102 1330 2127; x_wconf 72' lang='grc' dir='ltr'><strong>Ἐκλυτον.</strong></span> <span class='ocrx_word' id='word_1_402' title='bbox 1357 2100 1394 2127; x_wconf 92' lang='lat' dir='ltr'><strong>Ita</strong></span> <span class='ocrx_word' id='word_1_403' title='bbox 1414 2101 1498 2128; x_wconf 85' lang='lat' dir='ltr'><strong>Coisl.</strong></span> <span class='ocrx_word' id='word_1_404' title='bbox 1516 2101 1588 2127; x_wconf 87' lang='lat' dir='ltr'><strong>Edit.</strong></span> <span class='ocrx_word' id='word_1_405' title='bbox 1616 2101 1707 2128; x_wconf 90' lang='lat' dir='ltr'><strong>minus</strong></span> <span class='ocrx_word' id='word_1_406' title='bbox 1735 2099 1804 2127; x_wconf 70' lang='lat' dir='ltr'><strong>bene</strong></span> <span class='ocrx_word' id='word_1_407' title='bbox 1823 2101 1870 2127; x_wconf 81' lang='grc' dir='ltr'><strong>ἕκ-</strong></span> 
     </span>
    </p>
   </div>
   <div class='ocr_carea' id='block_1_51' title="bbox 279 2135 1051 2171">
    <p class='ocr_par' dir='ltr' id='par_1_51' title="bbox 279 2135 1030 2169">
     <span class='ocr_line' id='line_1_51' title="bbox 279 2135 1030 2169; baseline 0 -7"><span class='ocrx_word' id='word_1_408' title='bbox 279 2137 312 2164; x_wconf 76' lang='grc'><strong>16</strong></span> <span class='ocrx_word' id='word_1_409' title='bbox 327 2136 434 2169; x_wconf 80' lang='grc' dir='ltr'><strong>Στήλη.</strong></span> <span class='ocrx_word' id='word_1_410' title='bbox 445 2137 490 2163; x_wconf 72' lang='lat' dir='ltr'><strong>Sic</strong></span> <span class='ocrx_word' id='word_1_411' title='bbox 498 2135 559 2162; x_wconf 83' lang='lat' dir='ltr'><strong>Vat.</strong></span> <span class='ocrx_word' id='word_1_412' title='bbox 571 2143 597 2163; x_wconf 83' lang='lat' dir='ltr'><strong>et</strong></span> <span class='ocrx_word' id='word_1_413' title='bbox 609 2135 674 2162; x_wconf 86' lang='lat' dir='ltr'><strong>ed.t.</strong></span> <span class='ocrx_word' id='word_1_414' title='bbox 693 2135 726 2162; x_wconf 82' lang='lat' dir='ltr'><strong>ad</strong></span> <span class='ocrx_word' id='word_1_415' title='bbox 740 2143 823 2169; x_wconf 79' lang='lat' dir='ltr'><strong>marg.</strong></span> <span class='ocrx_word' id='word_1_416' title='bbox 842 2135 944 2163; x_wconf 83' lang='lat' dir='ltr'><strong>Tcxtus</strong></span> <span class='ocrx_word' id='word_1_417' title='bbox 961 2135 1030 2163; x_wconf 86' lang='lat' dir='ltr'><strong>male</strong></span> 
     </span>
    </p>
   </div>
   <div class='ocr_carea' id='block_1_52' title="bbox 1097 2135 1869 2171">
    <p class='ocr_par' dir='ltr' id='par_1_52' title="bbox 1097 2135 1869 2171">
     <span class='ocr_line' id='line_1_52' title="bbox 1097 2135 1869 2171; baseline 0.001 -10"><span class='ocrx_word' id='word_1_418' title='bbox 1097 2135 1195 2167; x_wconf 76' lang='grc' dir='ltr'>τλυτον,</span> <span class='ocrx_word' id='word_1_419' title='bbox 1213 2137 1291 2167; x_wconf 78' lang='lat' dir='ltr'><strong>lotus,</strong></span> <span class='ocrx_word' id='word_1_420' title='bbox 1305 2140 1332 2162; x_wconf 90' lang='lat' dir='ltr'><strong>et</strong></span> <span class='ocrx_word' id='word_1_421' title='bbox 1342 2136 1374 2163; x_wconf 87' lang='lat' dir='ltr'><strong>ad</strong></span> <span class='ocrx_word' id='word_1_422' title='bbox 1392 2143 1477 2171; x_wconf 78' lang='lat' dir='ltr'><strong>marg.</strong></span> <span class='ocrx_word' id='word_1_423' title='bbox 1492 2136 1620 2170; x_wconf 79' lang='grc' dir='ltr'>καθαρόν,</span> <span class='ocrx_word' id='word_1_424' title='bbox 1638 2144 1730 2170; x_wconf 83' lang='lat' dir='ltr'><strong>purus.</strong></span> <span class='ocrx_word' id='word_1_425' title='bbox 1751 2135 1869 2164; x_wconf 83' lang='lat' dir='ltr'><strong>Verum-</strong></span> 
     </span>
    </p>
   </div>
   <div class='ocr_carea' id='block_1_53' title="bbox 242 2171 1014 2207">
    <p class='ocr_par' dir='ltr' id='par_1_53' title="bbox 242 2171 441 2207">
     <span class='ocr_line' id='line_1_53' title="bbox 242 2171 441 2207; baseline 0 -10"><span class='ocrx_word' id='word_1_426' title='bbox 242 2171 325 2199; x_wconf 84' lang='lat' dir='ltr'><strong>habet</strong></span> <span class='ocrx_word' id='word_1_427' title='bbox 343 2173 441 2207; x_wconf 84' lang='grc' dir='ltr'>στήκη.</span> 
     </span>
    </p>
   </div>
   <div class='ocr_carea' id='block_1_54' title="bbox 892 2171 1664 2207">
    <p class='ocr_par' dir='ltr' id='par_1_54' title="bbox 1084 2171 1664 2206">
     <span class='ocr_line' id='line_1_54' title="bbox 1084 2171 1664 2206; baseline 0.002 -9"><span class='ocrx_word' id='word_1_428' title='bbox 1084 2176 1172 2198; x_wconf 86' lang='lat' dir='ltr'><strong>tamen</strong></span> <span class='ocrx_word' id='word_1_429' title='bbox 1197 2171 1329 2197; x_wconf 78' lang='grc' dir='ltr'>ἔκπλυτον</span> <span class='ocrx_word' id='word_1_430' title='bbox 1342 2173 1410 2198; x_wconf 85' lang='lat' dir='ltr'><strong>verti</strong></span> <span class='ocrx_word' id='word_1_431' title='bbox 1430 2176 1533 2206; x_wconf 84' lang='lat' dir='ltr'><strong>posset,</strong></span> <span class='ocrx_word' id='word_1_432' title='bbox 1550 2171 1664 2198; x_wconf 83' lang='lat' dir='ltr'><strong>derolar.</strong></span> 
     </span>
    </p>
   </div>
   <div class='ocr_carea' id='block_1_55' title="bbox 893 2259 1228 2290">
    <p class='ocr_par' dir='ltr' id='par_1_55' title="bbox 893 2259 1228 2290">
     <span class='ocr_line' id='line_1_55' title="bbox 893 2259 1228 2290; baseline 0.003 -2"><span class='ocrx_word' id='word_1_433' title='bbox 893 2260 919 2289; x_wconf 89' lang='grc' dir='ltr'><strong><em>Μ</em></strong></span> <span class='ocrx_word' id='word_1_434' title='bbox 924 2259 1059 2290; x_wconf 77' lang='lat' dir='ltr'><strong>ETRICA</strong></span> <span class='ocrx_word' id='word_1_435' title='bbox 1079 2259 1228 2289; x_wconf 82' lang='lat' dir='ltr'><strong>VERSIO.</strong></span> 
     </span>
    </p>
   </div>
   <div class='ocr_carea' id='block_1_56' title="bbox 245 2351 1654 2397">
    <p class='ocr_par' dir='ltr' id='par_1_56' title="bbox 245 2351 1654 2397">
     <span class='ocr_line' id='line_1_56' title="bbox 245 2351 1654 2397; baseline 0.001 -17"><span class='ocrx_word' id='word_1_436' title='bbox 245 2353 320 2397; x_wconf 46' lang='grc' dir='ltr'><strong>ξομ</strong></span> <span class='ocrx_word' id='word_1_437' title='bbox 339 2351 435 2385; x_wconf 83' lang='lat' dir='ltr'><strong>Roma,</strong></span> <span class='ocrx_word' id='word_1_438' title='bbox 449 2352 528 2393; x_wconf 77' lang='lat' dir='ltr'><strong>sedes</strong></span> <span class='ocrx_word' id='word_1_439' title='bbox 546 2351 773 2397; x_wconf 72' lang='lat' dir='ltr'><strong>atque_nobilimn</strong></span> <span class='ocrx_word' id='word_1_440' title='bbox 794 2352 888 2397; x_wconf 76' lang='lat' dir='ltr'><strong>altera.</strong></span> <span class='ocrx_word' id='word_1_441' title='bbox 1048 2352 1150 2397; x_wconf 72' lang='grc' dir='ltr'><strong>Β1ξοῃί</strong></span> <span class='ocrx_word' id='word_1_442' title='bbox 1166 2351 1301 2397; x_wconf 70' lang='lat' dir='ltr'><strong>magistri,</strong></span> <span class='ocrx_word' id='word_1_443' title='bbox 1315 2352 1498 2397; x_wconf 56' lang='lat' dir='ltr'><strong>plebis&#39;atque</strong></span> <span class='ocrx_word' id='word_1_444' title='bbox 1513 2353 1654 2397; x_wconf 59' lang='lat' dir='ltr'><strong>antistites</strong></span> 
     </span>
    </p>
   </div>
   <div class='ocr_carea' id='block_1_57' title="bbox 246 2387 1618 2423">
    <p class='ocr_par' dir='ltr' id='par_1_57' title="bbox 246 2387 1618 2423">
     <span class='ocr_line' id='line_1_57' title="bbox 246 2387 1618 2423; baseline -0.001 -7"><span class='ocrx_word' id='word_1_445' title='bbox 246 2389 377 2416; x_wconf 75' lang='lat' dir='ltr'><strong>Columna</strong></span> <span class='ocrx_word' id='word_1_446' title='bbox 391 2389 477 2423; x_wconf 77' lang='lat' dir='ltr'><strong>regni,</strong></span> <span class='ocrx_word' id='word_1_447' title='bbox 496 2394 576 2422; x_wconf 90' lang='lat' dir='ltr'><strong>quam</strong></span> <span class='ocrx_word' id='word_1_448' title='bbox 596 2393 672 2422; x_wconf 72' lang='lat' dir='ltr'><strong>pater</strong></span> <span class='ocrx_word' id='word_1_449' title='bbox 686 2387 838 2414; x_wconf 78' lang='lat' dir='ltr'><strong>Constantii</strong></span> <span class='ocrx_word' id='word_1_450' title='bbox 1050 2387 1071 2397; x_wconf 75' lang='grc' dir='ltr'><strong><em>ν</em></strong></span> <span class='ocrx_word' id='word_1_451' title='bbox 1088 2387 1198 2414; x_wconf 75' lang='lat' dir='ltr'><strong>Animos</strong></span> <span class='ocrx_word' id='word_1_452' title='bbox 1213 2388 1316 2414; x_wconf 87' lang='lat' dir='ltr'><strong>alentes</strong></span> <span class='ocrx_word' id='word_1_453' title='bbox 1329 2389 1427 2422; x_wconf 88' lang='lat' dir='ltr'><strong>pabulo</strong></span> <span class='ocrx_word' id='word_1_454' title='bbox 1443 2387 1533 2421; x_wconf 74' lang='lat' dir='ltr'><strong>sacro,</strong></span> <span class='ocrx_word' id='word_1_455' title='bbox 1548 2389 1618 2416; x_wconf 81' lang='lat' dir='ltr'><strong>fame</strong></span> 
     </span>
    </p>
   </div>
   <div class='ocr_carea' id='block_1_58' title="bbox 248 2423 1756 2459">
    <p class='ocr_par' dir='ltr' id='par_1_58' title="bbox 248 2423 1756 2459">
     <span class='ocr_line' id='line_1_58' title="bbox 248 2423 1756 2459; baseline 0 -8"><span class='ocrx_word' id='word_1_456' title='bbox 248 2424 369 2456; x_wconf 80' lang='lat' dir='ltr'><strong>Struxit;</strong></span> <span class='ocrx_word' id='word_1_457' title='bbox 387 2424 550 2457; x_wconf 84' lang='lat' dir='ltr'><strong>loquentem,</strong></span> <span class='ocrx_word' id='word_1_458' title='bbox 565 2430 614 2459; x_wconf 83' lang='lat' dir='ltr'><strong>vos</strong></span> <span class='ocrx_word' id='word_1_459' title='bbox 629 2430 737 2459; x_wconf 77' lang='lat' dir='ltr'><strong>precor,</strong></span> <span class='ocrx_word' id='word_1_460' title='bbox 748 2423 890 2459; x_wconf 78' lang='lat' dir='ltr'><strong>verissima</strong></span> <span class='ocrx_word' id='word_1_461' title='bbox 1086 2423 1217 2459; x_wconf 48' lang='lat' dir='ltr'><strong>(morinos</strong></span> <span class='ocrx_word' id='word_1_462' title='bbox 1232 2430 1387 2456; x_wconf 87' lang='lat' dir='ltr'><strong>premamur</strong></span> <span class='ocrx_word' id='word_1_463' title='bbox 1403 2433 1408 2450; x_wconf 95' lang='lat'>:</span> <span class='ocrx_word' id='word_1_464' title='bbox 1426 2423 1600 2451; x_wconf 85' lang='lat' dir='ltr'><strong>admoventes</strong></span> <span class='ocrx_word' id='word_1_465' title='bbox 1613 2424 1756 2459; x_wconf 86' lang='lat' dir='ltr'><strong>pharmaca</strong></span> 
     </span>
    </p>
   </div>
   <div class='ocr_carea' id='block_1_59' title="bbox 247 2457 1745 2494">
    <p class='ocr_par' dir='ltr' id='par_1_59' title="bbox 247 2457 1745 2494">
     <span class='ocr_line' id='line_1_59' title="bbox 247 2457 1745 2494; baseline 0 -8"><span class='ocrx_word' id='word_1_466' title='bbox 247 2460 356 2489; x_wconf 81' lang='lat' dir='ltr'><strong>Audite,</strong></span> <span class='ocrx_word' id='word_1_467' title='bbox 370 2460 471 2494; x_wconf 88' lang='lat' dir='ltr'><strong>quique</strong></span> <span class='ocrx_word' id='word_1_468' title='bbox 484 2459 564 2485; x_wconf 86' lang='lat' dir='ltr'><strong>rebus</strong></span> <span class='ocrx_word' id='word_1_469' title='bbox 584 2457 617 2494; x_wconf 89' lang='lat' dir='ltr'><strong>in</strong></span> <span class='ocrx_word' id='word_1_470' title='bbox 624 2458 788 2494; x_wconf 17' lang='lat' dir='ltr'><strong>rvariistulit</strong></span> <span class='ocrx_word' id='word_1_471' title='bbox 1087 2457 1189 2494; x_wconf 56' lang='lat' dir='ltr'><strong>gEgris,</strong></span> <span class='ocrx_word' id='word_1_472' title='bbox 1205 2461 1340 2494; x_wconf 84' lang='lat' dir='ltr'><strong>scatentes</strong></span> <span class='ocrx_word' id='word_1_473' title='bbox 1352 2466 1402 2486; x_wconf 85' lang='lat' dir='ltr'><strong>nos</strong></span> <span class='ocrx_word' id='word_1_474' title='bbox 1414 2463 1503 2485; x_wconf 89' lang='lat' dir='ltr'><strong>tamen</strong></span> <span class='ocrx_word' id='word_1_475' title='bbox 1515 2460 1595 2486; x_wconf 90' lang='lat' dir='ltr'><strong>modo</strong></span> <span class='ocrx_word' id='word_1_476' title='bbox 1607 2457 1745 2487; x_wconf 83' lang='lat' dir='ltr'><strong>ulcerum:</strong></span> 
     </span>
    </p>
   </div>
   <div class='ocr_carea' id='block_1_60' title="bbox 247 2492 1627 2527">
    <p class='ocr_par' dir='ltr' id='par_1_60' title="bbox 247 2492 1627 2527">
     <span class='ocr_line' id='line_1_60' title="bbox 247 2492 1627 2527; baseline 0.001 -7"><span class='ocrx_word' id='word_1_477' title='bbox 247 2492 394 2524; x_wconf 76' lang='lat' dir='ltr'><strong>Permulta,</strong></span> <span class='ocrx_word' id='word_1_478' title='bbox 410 2492 509 2520; x_wconf 76' lang='lat' dir='ltr'><strong>crescit</strong></span> <span class='ocrx_word' id='word_1_479' title='bbox 524 2501 556 2519; x_wconf 75' lang='lat' dir='ltr'><strong>ex</strong></span> <span class='ocrx_word' id='word_1_480' title='bbox 573 2493 672 2527; x_wconf 91' lang='lat' dir='ltr'><strong>quibus</strong></span> <span class='ocrx_word' id='word_1_481' title='bbox 688 2493 812 2520; x_wconf 85' lang='lat' dir='ltr'><strong>scientia.</strong></span> <span class='ocrx_word' id='word_1_482' title='bbox 1088 2492 1176 2519; x_wconf 78' lang='lat' dir='ltr'><strong>Duces</strong></span> <span class='ocrx_word' id='word_1_483' title='bbox 1190 2493 1305 2524; x_wconf 76' lang='lat' dir='ltr'><strong>viarum,</strong></span> <span class='ocrx_word' id='word_1_484' title='bbox 1321 2493 1487 2526; x_wconf 82' lang='lat' dir='ltr'><strong>lubricarum</strong></span> <span class='ocrx_word' id='word_1_485' title='bbox 1502 2494 1627 2526; x_wconf 72' lang='lat' dir='ltr'><strong>lorsitan.</strong></span> 
     </span>
    </p>
   </div>
   <div class='ocr_carea' id='block_1_61' title="bbox 284 2528 1730 2563">
    <p class='ocr_par' dir='ltr' id='par_1_61' title="bbox 284 2528 1730 2563">
     <span class='ocr_line' id='line_1_61' title="bbox 284 2528 1730 2563; baseline 0.001 -7"><span class='ocrx_word' id='word_1_486' title='bbox 284 2529 391 2556; x_wconf 83' lang='lat' dir='ltr'><strong>Periere</strong></span> <span class='ocrx_word' id='word_1_487' title='bbox 405 2533 502 2556; x_wconf 86' lang='lat' dir='ltr'><strong>cuncta</strong></span> <span class='ocrx_word' id='word_1_488' title='bbox 518 2529 648 2562; x_wconf 81' lang='lat' dir='ltr'><strong>temporis</strong></span> <span class='ocrx_word' id='word_1_489' title='bbox 665 2532 753 2555; x_wconf 84' lang='lat' dir='ltr'><strong>tractu</strong></span> <span class='ocrx_word' id='word_1_490' title='bbox 772 2529 854 2559; x_wconf 84' lang='lat' dir='ltr'><strong>bona,</strong></span> <span class='ocrx_word' id='word_1_491' title='bbox 1085 2528 1160 2559; x_wconf 83' lang='lat' dir='ltr'><strong>Quas</strong></span> <span class='ocrx_word' id='word_1_492' title='bbox 1172 2536 1312 2562; x_wconf 86' lang='lat' dir='ltr'><strong>nunquam</strong></span> <span class='ocrx_word' id='word_1_493' title='bbox 1327 2529 1402 2556; x_wconf 89' lang='lat' dir='ltr'><strong>obire</strong></span> <span class='ocrx_word' id='word_1_494' title='bbox 1419 2530 1552 2563; x_wconf 77' lang='lat' dir='ltr'><strong>contingit</strong></span> <span class='ocrx_word' id='word_1_495' title='bbox 1570 2530 1730 2557; x_wconf 90' lang='lat' dir='ltr'><strong>ductoribus</strong></span> 
     </span>
    </p>
   </div>
   <div class='ocr_carea' id='block_1_62' title="bbox 249 2563 1788 2599">
    <p class='ocr_par' dir='ltr' id='par_1_62' title="bbox 249 2563 1788 2599">
     <span class='ocr_line' id='line_1_62' title="bbox 249 2563 1788 2599; baseline 0.001 -8"><span class='ocrx_word' id='word_1_496' title='bbox 249 2564 366 2592; x_wconf 85' lang='lat' dir='ltr'><strong>Periere.</strong></span> <span class='ocrx_word' id='word_1_497' title='bbox 381 2563 422 2591; x_wconf 88' lang='lat' dir='ltr'><strong>Nil</strong></span> <span class='ocrx_word' id='word_1_498' title='bbox 437 2564 492 2599; x_wconf 90' lang='lat' dir='ltr'><strong>jam</strong></span> <span class='ocrx_word' id='word_1_499' title='bbox 506 2567 604 2599; x_wconf 84' lang='lat' dir='ltr'><strong>restat,</strong></span> <span class='ocrx_word' id='word_1_500' title='bbox 619 2567 665 2589; x_wconf 90' lang='lat' dir='ltr'><strong>aut</strong></span> <span class='ocrx_word' id='word_1_501' title='bbox 679 2569 752 2590; x_wconf 83' lang='lat' dir='ltr'><strong>certe</strong></span> <span class='ocrx_word' id='word_1_502' title='bbox 766 2571 861 2598; x_wconf 83' lang='lat' dir='ltr'><strong>parum</strong></span> <span class='ocrx_word' id='word_1_503' title='bbox 878 2572 884 2589; x_wconf 85' lang='lat'>:</span> <span class='ocrx_word' id='word_1_504' title='bbox 899 2598 903 2599; x_wconf 18' lang='grc' dir='ltr'><strong>γ</strong></span> <span class='ocrx_word' id='word_1_505' title='bbox 1085 2564 1160 2599; x_wconf 72' lang='lat' dir='ltr'><strong>Quos</strong></span> <span class='ocrx_word' id='word_1_506' title='bbox 1176 2563 1346 2591; x_wconf 83' lang='lat' dir='ltr'><strong>ambulantes</strong></span> <span class='ocrx_word' id='word_1_507' title='bbox 1360 2572 1414 2591; x_wconf 89' lang='lat' dir='ltr'><strong>non</strong></span> <span class='ocrx_word' id='word_1_508' title='bbox 1429 2565 1517 2598; x_wconf 87' lang='lat' dir='ltr'><strong>sequi,</strong></span> <span class='ocrx_word' id='word_1_509' title='bbox 1533 2564 1631 2599; x_wconf 81' lang='lat' dir='ltr'><strong>dogma</strong></span> <span class='ocrx_word' id='word_1_510' title='bbox 1641 2570 1682 2592; x_wconf 88' lang='lat' dir='ltr'><strong>est</strong></span> <span class='ocrx_word' id='word_1_511' title='bbox 1696 2565 1788 2598; x_wconf 86' lang='lat' dir='ltr'><strong>breve,</strong></span> 
     </span>
    </p>
   </div>
   <div class='ocr_carea' id='block_1_63' title="bbox 251 2598 1720 2634">
    <p class='ocr_par' dir='ltr' id='par_1_63' title="bbox 251 2598 1720 2634">
     <span class='ocr_line' id='line_1_63' title="bbox 251 2598 1720 2634; baseline 0.001 -8"><span class='ocrx_word' id='word_1_512' title='bbox 251 2600 284 2627; x_wconf 89' lang='lat' dir='ltr'><strong>Ut</strong></span> <span class='ocrx_word' id='word_1_513' title='bbox 302 2607 398 2634; x_wconf 78' lang='lat' dir='ltr'><strong>magna</strong></span> <span class='ocrx_word' id='word_1_514' title='bbox 414 2598 475 2626; x_wconf 86' lang='lat' dir='ltr'><strong>cum</strong></span> <span class='ocrx_word' id='word_1_515' title='bbox 487 2598 528 2625; x_wconf 89' lang='lat' dir='ltr'><strong>vis</strong></span> <span class='ocrx_word' id='word_1_516' title='bbox 543 2598 670 2625; x_wconf 88' lang='lat' dir='ltr'><strong>imbrium</strong></span> <span class='ocrx_word' id='word_1_517' title='bbox 688 2604 788 2625; x_wconf 88' lang='lat' dir='ltr'><strong>terram</strong></span> <span class='ocrx_word' id='word_1_518' title='bbox 806 2598 928 2630; x_wconf 82' lang='lat' dir='ltr'><strong>abstulit,</strong></span> <span class='ocrx_word' id='word_1_519' title='bbox 1087 2598 1147 2630; x_wconf 89' lang='lat' dir='ltr'><strong>Quo</strong></span> <span class='ocrx_word' id='word_1_520' title='bbox 1163 2599 1224 2632; x_wconf 91' lang='lat' dir='ltr'><strong>quis</strong></span> <span class='ocrx_word' id='word_1_521' title='bbox 1242 2599 1357 2626; x_wconf 84' lang='lat' dir='ltr'><strong>salutem</strong></span> <span class='ocrx_word' id='word_1_522' title='bbox 1370 2600 1513 2626; x_wconf 88' lang='lat' dir='ltr'><strong>commode</strong></span> <span class='ocrx_word' id='word_1_523' title='bbox 1533 2598 1611 2626; x_wconf 79' lang='lat' dir='ltr'><strong>curet</strong></span> <span class='ocrx_word' id='word_1_524' title='bbox 1623 2608 1720 2627; x_wconf 85' lang='lat' dir='ltr'><strong>suam:</strong></span> 
     </span>
    </p>
   </div>
   <div class='ocr_carea' id='block_1_64' title="bbox 250 2633 1655 2669">
    <p class='ocr_par' dir='ltr' id='par_1_64' title="bbox 250 2633 1655 2669">
     <span class='ocr_line' id='line_1_64' title="bbox 250 2633 1655 2669; baseline 0 -8"><span class='ocrx_word' id='word_1_525' title='bbox 250 2633 470 2669; x_wconf 32' lang='lat' dir='ltr'><strong>Prreter’lapillos</strong></span> <span class='ocrx_word' id='word_1_526' title='bbox 486 2638 570 2661; x_wconf 86' lang='lat' dir='ltr'><strong>restat</strong></span> <span class='ocrx_word' id='word_1_527' title='bbox 583 2634 656 2660; x_wconf 88' lang='lat' dir='ltr'><strong>haud</strong></span> <span class='ocrx_word' id='word_1_528' title='bbox 672 2634 820 2668; x_wconf 82' lang='lat' dir='ltr'><strong>quidquam</strong></span> <span class='ocrx_word' id='word_1_529' title='bbox 834 2634 963 2669; x_wconf 82' lang='lat' dir='ltr'><strong>amplius.</strong></span> <span class='ocrx_word' id='word_1_530' title='bbox 1087 2633 1264 2669; x_wconf 81' lang='lat' dir='ltr'><strong>Quorumque</strong></span> <span class='ocrx_word' id='word_1_531' title='bbox 1283 2641 1373 2661; x_wconf 84' lang='lat' dir='ltr'><strong>mores</strong></span> <span class='ocrx_word' id='word_1_532' title='bbox 1388 2634 1478 2669; x_wconf 80' lang='lat' dir='ltr'><strong>arguit</strong></span> <span class='ocrx_word' id='word_1_533' title='bbox 1492 2636 1655 2668; x_wconf 86' lang='lat' dir='ltr'><strong>sacrarium,</strong></span> 
     </span>
    </p>
   </div>
   <div class='ocr_carea' id='block_1_65' title="bbox 250 2668 1738 2703">
    <p class='ocr_par' dir='ltr' id='par_1_65' title="bbox 250 2668 1738 2703">
     <span class='ocr_line' id='line_1_65' title="bbox 250 2668 1738 2703; baseline 0.001 -6"><span class='ocrx_word' id='word_1_534' title='bbox 250 2671 304 2697; x_wconf 84' lang='lat' dir='ltr'><strong>Nec</strong></span> <span class='ocrx_word' id='word_1_535' title='bbox 317 2668 448 2696; x_wconf 41' lang='lat' dir='ltr'><strong>mira&#39;rcs</strong></span> <span class='ocrx_word' id='word_1_536' title='bbox 461 2673 513 2699; x_wconf 83' lang='lat' dir='ltr'><strong>est,</strong></span> <span class='ocrx_word' id='word_1_537' title='bbox 529 2669 552 2695; x_wconf 88' lang='lat' dir='ltr'><strong>si</strong></span> <span class='ocrx_word' id='word_1_538' title='bbox 564 2669 658 2703; x_wconf 88' lang='lat' dir='ltr'><strong>loquar</strong></span> <span class='ocrx_word' id='word_1_539' title='bbox 671 2671 711 2696; x_wconf 84' lang='lat' dir='ltr'><strong>sic</strong></span> <span class='ocrx_word' id='word_1_540' title='bbox 727 2669 760 2696; x_wconf 89' lang='lat' dir='ltr'><strong>de</strong></span> <span class='ocrx_word' id='word_1_541' title='bbox 775 2669 826 2695; x_wconf 85' lang='lat' dir='ltr'><strong>levi</strong></span> <span class='ocrx_word' id='word_1_542' title='bbox 880 2668 887 2669; x_wconf 25' lang='lat'><em>7</em></span> <span class='ocrx_word' id='word_1_543' title='bbox 1089 2668 1268 2703; x_wconf 85' lang='lat' dir='ltr'><strong>Septumque,</strong></span> <span class='ocrx_word' id='word_1_544' title='bbox 1285 2669 1384 2701; x_wconf 77' lang='lat' dir='ltr'><strong>fastus,</strong></span> <span class='ocrx_word' id='word_1_545' title='bbox 1400 2668 1455 2697; x_wconf 81' lang='lat' dir='ltr'><strong>non</strong></span> <span class='ocrx_word' id='word_1_546' title='bbox 1469 2671 1533 2697; x_wconf 91' lang='lat' dir='ltr'><strong>item</strong></span> <span class='ocrx_word' id='word_1_547' title='bbox 1548 2671 1618 2697; x_wconf 90' lang='lat' dir='ltr'><strong>vitas</strong></span> <span class='ocrx_word' id='word_1_548' title='bbox 1631 2678 1738 2698; x_wconf 85' lang='lat' dir='ltr'><strong>secans.</strong></span> 
     </span>
    </p>
   </div>
   <div class='ocr_carea' id='block_1_66' title="bbox 251 2704 1722 2741">
    <p class='ocr_par' dir='ltr' id='par_1_66' title="bbox 251 2704 1722 2741">
     <span class='ocr_line' id='line_1_66' title="bbox 251 2704 1722 2741; baseline 0.001 -10"><span class='ocrx_word' id='word_1_549' title='bbox 251 2706 345 2741; x_wconf 69' lang='lat' dir='ltr'><strong>yidgo,</strong></span> <span class='ocrx_word' id='word_1_550' title='bbox 361 2705 495 2741; x_wconf 82' lang='lat' dir='ltr'><strong>bonorum</strong></span> <span class='ocrx_word' id='word_1_551' title='bbox 506 2704 681 2741; x_wconf 69' lang='lat' dir='ltr'><strong>quoduecin</strong></span> <span class='ocrx_word' id='word_1_552' title='bbox 695 2710 767 2732; x_wconf 76' lang='lat' dir='ltr'><strong>cmtu</strong></span> <span class='ocrx_word' id='word_1_553' title='bbox 785 2705 859 2738; x_wconf 87' lang='lat' dir='ltr'><strong>prius</strong></span> <span class='ocrx_word' id='word_1_554' title='bbox 1094 2704 1165 2741; x_wconf 74' lang='lat' dir='ltr'><strong>__Ad</strong></span> <span class='ocrx_word' id='word_1_555' title='bbox 1178 2706 1230 2731; x_wconf 84' lang='lat' dir='ltr'><strong>ista</strong></span> <span class='ocrx_word' id='word_1_556' title='bbox 1243 2711 1326 2738; x_wconf 89' lang='lat' dir='ltr'><strong>porro</strong></span> <span class='ocrx_word' id='word_1_557' title='bbox 1339 2706 1420 2732; x_wconf 79' lang='lat' dir='ltr'><strong>verba</strong></span> <span class='ocrx_word' id='word_1_558' title='bbox 1435 2705 1500 2740; x_wconf 91' lang='lat' dir='ltr'><strong>quid</strong></span> <span class='ocrx_word' id='word_1_559' title='bbox 1520 2713 1564 2733; x_wconf 91' lang='lat' dir='ltr'><strong>me</strong></span> <span class='ocrx_word' id='word_1_560' title='bbox 1584 2706 1722 2733; x_wconf 79' lang='lat' dir='ltr'><strong>induxerit</strong></span> 
     </span>
    </p>
   </div>
   <div class='ocr_carea' id='block_1_67' title="bbox 250 2737 1771 2776">
    <p class='ocr_par' dir='ltr' id='par_1_67' title="bbox 250 2737 1771 2776">
     <span class='ocr_line' id='line_1_67' title="bbox 250 2737 1771 2776; baseline 0.001 -9"><span class='ocrx_word' id='word_1_561' title='bbox 250 2737 324 2776; x_wconf 70' lang='lat' dir='ltr'><strong>Erat.</strong></span> <span class='ocrx_word' id='word_1_562' title='bbox 335 2740 385 2776; x_wconf 19' lang='lat' dir='ltr'><strong>rsed</strong></span> <span class='ocrx_word' id='word_1_563' title='bbox 403 2740 489 2766; x_wconf 79' lang='lat' dir='ltr'><strong>instar</strong></span> <span class='ocrx_word' id='word_1_564' title='bbox 502 2737 614 2776; x_wconf 75' lang='lat' dir='ltr'><strong>pecudis</strong></span> <span class='ocrx_word' id='word_1_565' title='bbox 628 2740 737 2766; x_wconf 74' lang='lat' dir='ltr'><strong>allixum</strong></span> <span class='ocrx_word' id='word_1_566' title='bbox 757 2737 825 2767; x_wconf 82' lang='lat' dir='ltr'><strong>solo.</strong></span> <span class='ocrx_word' id='word_1_567' title='bbox 1090 2737 1168 2776; x_wconf 47' lang='lat' dir='ltr'><strong>(fiam</strong></span> <span class='ocrx_word' id='word_1_568' title='bbox 1181 2740 1264 2766; x_wconf 89' lang='lat' dir='ltr'><strong>multa</strong></span> <span class='ocrx_word' id='word_1_569' title='bbox 1279 2747 1332 2776; x_wconf 84' lang='lat' dir='ltr'><strong>non</strong></span> <span class='ocrx_word' id='word_1_570' title='bbox 1350 2748 1393 2767; x_wconf 91' lang='lat' dir='ltr'><strong>me</strong></span> <span class='ocrx_word' id='word_1_571' title='bbox 1408 2737 1500 2776; x_wconf 75' lang='lat' dir='ltr'><strong>dicere</strong></span> <span class='ocrx_word' id='word_1_572' title='bbox 1515 2741 1653 2768; x_wconf 83' lang='lat' dir='ltr'><strong>incassum</strong></span> <span class='ocrx_word' id='word_1_573' title='bbox 1669 2741 1771 2776; x_wconf 80' lang='lat' dir='ltr'><strong>juvat),</strong></span> 
     </span>
    </p>
   </div>
   <div class='ocr_carea' id='block_1_68' title="bbox 250 2773 1701 2810">
    <p class='ocr_par' dir='ltr' id='par_1_68' title="bbox 250 2773 1701 2810">
     <span class='ocr_line' id='line_1_68' title="bbox 250 2773 1701 2810; baseline 0.001 -8"><span class='ocrx_word' id='word_1_574' title='bbox 250 2775 308 2802; x_wconf 84' lang='lat' dir='ltr'><strong>Non</strong></span> <span class='ocrx_word' id='word_1_575' title='bbox 325 2775 370 2802; x_wconf 91' lang='lat' dir='ltr'><strong>ille</strong></span> <span class='ocrx_word' id='word_1_576' title='bbox 383 2779 501 2805; x_wconf 76' lang='lat' dir='ltr'><strong>torrens.</strong></span> <span class='ocrx_word' id='word_1_577' title='bbox 519 2775 563 2801; x_wconf 88' lang='lat' dir='ltr'><strong>ille</strong></span> <span class='ocrx_word' id='word_1_578' title='bbox 578 2779 684 2802; x_wconf 81' lang='lat' dir='ltr'><strong>torrens</strong></span> <span class='ocrx_word' id='word_1_579' title='bbox 698 2783 747 2802; x_wconf 89' lang='lat' dir='ltr'><strong>nos</strong></span> <span class='ocrx_word' id='word_1_580' title='bbox 760 2782 864 2807; x_wconf 85' lang='lat' dir='ltr'><strong>smnus,</strong></span> <span class='ocrx_word' id='word_1_581' title='bbox 1090 2773 1142 2810; x_wconf 78' lang='lat' dir='ltr'><strong>Qui</strong></span> <span class='ocrx_word' id='word_1_582' title='bbox 1163 2782 1291 2809; x_wconf 89' lang='lat' dir='ltr'><strong>nuncque</strong></span> <span class='ocrx_word' id='word_1_583' title='bbox 1302 2775 1406 2808; x_wconf 85' lang='lat' dir='ltr'><strong>vivunt,</strong></span> <span class='ocrx_word' id='word_1_584' title='bbox 1420 2775 1544 2809; x_wconf 87' lang='lat' dir='ltr'><strong>audiant,</strong></span> <span class='ocrx_word' id='word_1_585' title='bbox 1557 2780 1584 2803; x_wconf 88' lang='lat' dir='ltr'><strong>et</strong></span> <span class='ocrx_word' id='word_1_586' title='bbox 1599 2773 1701 2810; x_wconf 75' lang='lat' dir='ltr'><strong>posteri</strong></span> 
     </span>
    </p>
   </div>
   <div class='ocr_carea' id='block_1_69' title="bbox 250 2807 1665 2845">
    <p class='ocr_par' dir='ltr' id='par_1_69' title="bbox 250 2807 1665 2845">
     <span class='ocr_line' id='line_1_69' title="bbox 250 2807 1665 2845; baseline 0.001 -8"><span class='ocrx_word' id='word_1_587' title='bbox 250 2811 377 2844; x_wconf 73' lang='lat' dir='ltr'><strong>(li-doque</strong></span> <span class='ocrx_word' id='word_1_588' title='bbox 390 2814 481 2837; x_wconf 78' lang='lat' dir='ltr'><strong>uoster</strong></span> <span class='ocrx_word' id='word_1_589' title='bbox 492 2809 653 2845; x_wconf 75' lang='lat' dir='ltr'><strong>dissolutus.</strong></span> <span class='ocrx_word' id='word_1_590' title='bbox 669 2809 735 2837; x_wconf 73' lang='lat' dir='ltr'><strong>ﬂetis</strong></span> <span class='ocrx_word' id='word_1_591' title='bbox 752 2811 847 2844; x_wconf 84' lang='lat' dir='ltr'><strong>loquor</strong></span> <span class='ocrx_word' id='word_1_592' title='bbox 860 2819 866 2836; x_wconf 89' lang='lat'><em>:</em></span> <span class='ocrx_word' id='word_1_593' title='bbox 1090 2807 1219 2845; x_wconf 66' lang='lat' dir='ltr'><strong>ljepetam</strong></span> <span class='ocrx_word' id='word_1_594' title='bbox 1233 2807 1260 2836; x_wconf 79' lang='lat' dir='ltr'><strong>at</strong></span> <span class='ocrx_word' id='word_1_595' title='bbox 1275 2814 1383 2844; x_wconf 75' lang='lat' dir='ltr'><strong>oportet</strong></span> <span class='ocrx_word' id='word_1_596' title='bbox 1399 2811 1481 2838; x_wconf 92' lang='lat' dir='ltr'><strong>altius</strong></span> <span class='ocrx_word' id='word_1_597' title='bbox 1493 2807 1574 2845; x_wconf 78' lang='lat' dir='ltr'><strong>paulo</strong></span> <span class='ocrx_word' id='word_1_598' title='bbox 1589 2807 1665 2840; x_wconf 76' lang='lat' dir='ltr'><strong>meos</strong></span> 
     </span>
    </p>
   </div>
   <div class='ocr_carea' id='block_1_70' title="bbox 251 2843 1640 2888">
    <p class='ocr_par' dir='ltr' id='par_1_70' title="bbox 251 2843 1640 2888">
     <span class='ocr_line' id='line_1_70' title="bbox 251 2843 1640 2888; baseline 0.001 -16"><span class='ocrx_word' id='word_1_599' title='bbox 251 2845 302 2878; x_wconf 80' lang='lat' dir='ltr'><strong>Qui</strong></span> <span class='ocrx_word' id='word_1_600' title='bbox 315 2843 490 2873; x_wconf 68' lang='lat' dir='ltr'><strong>consulemus</strong></span> <span class='ocrx_word' id='word_1_601' title='bbox 505 2844 577 2873; x_wconf 91' lang='lat' dir='ltr'><strong>haud</strong></span> <span class='ocrx_word' id='word_1_602' title='bbox 589 2846 658 2874; x_wconf 87' lang='lat' dir='ltr'><strong>bene</strong></span> <span class='ocrx_word' id='word_1_603' title='bbox 672 2845 734 2874; x_wconf 85' lang='lat' dir='ltr'><strong>altis</strong></span> <span class='ocrx_word' id='word_1_604' title='bbox 751 2845 778 2873; x_wconf 92' lang='lat' dir='ltr'><strong>in</strong></span> <span class='ocrx_word' id='word_1_605' title='bbox 793 2845 908 2879; x_wconf 88' lang='lat' dir='ltr'><strong>thronis,</strong></span> <span class='ocrx_word' id='word_1_606' title='bbox 987 2884 993 2888; x_wconf 82' lang='lat'><em>_</em></span> <span class='ocrx_word' id='word_1_607' title='bbox 1089 2843 1187 2878; x_wconf 81' lang='lat' dir='ltr'><strong>Casus,</strong></span> <span class='ocrx_word' id='word_1_608' title='bbox 1208 2843 1317 2874; x_wconf 77' lang='lat' dir='ltr'><strong>futurus</strong></span> <span class='ocrx_word' id='word_1_609' title='bbox 1328 2845 1393 2874; x_wconf 84' lang='lat' dir='ltr'><strong>hinc</strong></span> <span class='ocrx_word' id='word_1_610' title='bbox 1408 2846 1472 2874; x_wconf 88' lang='lat' dir='ltr'><strong>licet</strong></span> <span class='ocrx_word' id='word_1_611' title='bbox 1488 2843 1523 2874; x_wconf 78' lang='lat' dir='ltr'><strong>sit</strong></span> <span class='ocrx_word' id='word_1_612' title='bbox 1534 2847 1640 2883; x_wconf 75' lang='lat' dir='ltr'><strong>longior</strong></span> 
     </span>
    </p>
   </div>
  </div>
