1955 3042
88 104 159 132 1055

86 163 120 190 45
138 162 191 189 Τοῦ
210 162 246 198 μὴ
265 162 324 190 καθ’
337 162 415 198 ἡμῶν
431 160 538 197 ἰσχύσαι
557 160 666 196 ψευδεῖς
679 160 784 193 λόγους.

86 209 118 235 Οἱ
131 209 184 244 γὰρ
198 208 277 235 κακοὶ
293 208 425 242 φιλοῦσιν,
444 204 481 234 ὧν
495 207 595 241 δρῶσιν
607 206 710 238 κακῶς,

85 255 133 286 Et;
147 254 211 285 τοὺς
226 252 362 284 παθόντας
377 250 520 286 ἐκτρέπειν
531 250 580 281 τὰς
595 249 694 281 αἰτίας,

90 300 135 331 Ὠς
151 299 183 326 ἂν
203 298 308 325 κακῶσι
320 298 368 324 καὶ
385 297 465 323 πλέον
477 297 533 327 τοῖς
545 295 711 330 ψεύσμασιν,

85 345 188 377 Αὐτοὺς
200 345 221 371 δ’
237 344 409 371 ὑπεκλύσωσι
427 343 481 369 τῶν
501 342 692 377 ἐγκλημάτων.

85 391 120 418 50
137 392 227 418 Ἔστω
240 391 268 417 δὲ
283 390 360 417 τοῦτο
376 389 422 416 τοῦ
437 389 516 423 λόγου
530 388 682 424 προοίμιον.

120 435 174 464 Ἦν
191 445 236 472 μοι
253 437 345 471 πατὴρ
358 435 438 467 καλός
453 444 483 461 τε
498 434 618 468 κάγαθὸς
628 433 740 468 σφόδρα,

84 483 210 518 Γηραιὸς,
228 481 329 513 ἁπλοῦς
345 481 390 508 τὸν
404 481 513 516 τρόπον,
531 480 638 515 στάθμη
657 479 726 515 βίου,

85 529 244 563 Πὰτραρχος
260 527 343 559 ὅντως
363 526 488 563 Ἀϐραάμ
504 535 546 558 τις
558 526 692 562 δεύτερος,

86 574 141 603 Ὠν,
159 573 188 599 οὺ
203 572 299 604 δοκῶν,
318 573 437 607 ἄριστος,
453 572 483 597 οὐ
499 571 544 598 τὸν
556 571 602 598 νῦν
620 573 735 607 τρόπον’

83 619 118 647 55
133 619 240 655 Πλάνης
253 619 410 654 τοπρόσθεν,
431 618 542 654 ὕστερον
558 618 677 654 Χριστοῦ
693 618 778 652 φίλος,

86 667 203 692 Ἔπειτα
218 665 328 701 ποιμὴν,
348 665 484 701 ποιμένων
499 665 513 692 ὃ
523 674 548 691 τι
564 665 675 700 κράτος.

83 711 184 747 Μήτηρ
198 711 232 742 θ’.
244 711 277 737 ἶν’
297 710 366 737 εἴπω
380 710 528 745 συντόμως,
543 710 677 745 ὀμόζυγος

90 756 198 792 Ἀνδρος
212 756 352 786 τοσούτου.
369 756 416 782 καὶ⁹
428 756 557 782 τάλαντον
570 755 700 790 ἀρρεπὲς,

89 801 134 834 Ἐξ
144 801 262 828 εὐσεὸὦν
272 800 431 837 τοπρόσϐεν,
445 800 637 836 εὺσεὸεστέρα,

339 878 374 905 45
390 877 429 905 Ne
443 882 537 905 contra
550 885 594 905 me
608 878 713 905 valeant
725 878 876 905 mendacia.

636 100 757 129 SECTlO
776 100 796 128 I.
812 99 976 128 POEMATA
995 100 1038 128 DE
1053 100 1184 130 SEIPSO.

889 159 912 188 Α
927 157 961 184 60
970 158 1058 194 Θῆλυς
1067 158 1097 185 τὺ
1117 158 1206 194 σῶμα,
1223 158 1268 185 τὸν
1287 159 1388 194 τρόπον
1406 159 1428 185 δ’
1446 158 1541 195 ἀνδρὸς
1556 157 1637 194 πέρα.

1639 101 1708 130 1031

926 206 1025 240 Ἀμφω
1043 205 1152 241 λάλημα
1169 206 1256 232 κοινὸν
1275 205 1304 239 ὲξ
1321 206 1378 233 [σου
1392 206 1452 241 βίῳ.

924 250 968 286 Τῷ
976 251 1055 277 τοῦτο
1066 251 1161 287 δῆλον;
1176 251 1236 282 πῶς
1248 252 1390 287 τεκμηριῶ
1404 251 1483 286 λόγον
1491 273 1499 284 ,

924 296 1014 332 Αὐτὴν
1034 296 1135 328 ἐπάξω,
1151 293 1189 323 ὧν
1205 305 1257 332 περ
1271 295 1357 329 εἷπον,
1373 297 1500 333 μάρτυρα

929 342 1014 377 Ἐμὴν
1030 343 1172 375 τεκοῦσαν,
1188 343 1238 379 τῆς
1252 342 1380 379 ἀληθείας
1398 344 1495 379 στόμα,

923 387 957 414 65
972 387 1082 422 Κρῦῲαί
1098 396 1123 414 τι
1138 388 1237 423 μᾶλλον
1246 389 1300 415 τῶν
1310 388 1402 423 φανῶν
1415 389 1580 425 εἰθισμένην,

923 434 959 460 ’Ἡ
969 433 1021 459 τῶν
1035 434 1139 468 ἀδήλων
1153 435 1294 469 κομπάσαι
1314 434 1393 471 δόξης
1405 436 1493 471 χάριν.

921 479 1005 511 Φόϐος
1020 479 1074 515 γὰρ
1083 478 1160 515 ἦγεν,
1174 480 1203 512 ὃς
1214 481 1300 515 μέγας
1310 481 1478 513 διδάσκαλος.

957 525 1031 561 Αὕτη
1049 526 1170 553 ποθοῦσα
1185 526 1279 559 παιδὸς
1294 527 1408 563 ἄρρενος
1423 527 1502 562 γόνον

929 572 1002 598 Ἰδεῖν
1022 573 1050 598 ὲν
1064 573 1140 607 οἴκῳ,
1155 573 1271 608 πρᾶγμά
1283 573 1309 607 γ’
1320 573 1349 600 ὃν
1366 573 1473 605 πολλοῖς
1487 573 1573 607 φίλον·

923 617 956 644 70
978 617 1036 652 Θεῷ
1053 618 1256 653 προσωμίλησε,
1275 619 1321 645 καὶ
1333 619 1417 646 δεῖται
1430 620 1513 646 πόθου

922 664 1021 698 Τυχεῖν
1031 670 1038 677 ⁶
1048 664 1108 690 ἐπεὶ
1122 664 1144 690 δ’
1160 662 1194 699 ἦν
1214 664 1396 697 δυσκάθεκτος
1406 666 1454 700 τὴν
1469 666 1566 702 φρένα,

922 709 1012 744 Δῶρον
1023 709 1130 736 δίδωσιν
1145 709 1174 736 ὃν
1186 718 1239 746 περ
1253 710 1329 745 ὴξίου
1342 711 1442 744 λαϐεῖν,

922 755 977 780 Καὶ
992 754 1042 790 τὴν
1055 755 1127 781 δόσιν
1140 755 1278 789 φθάνουσα
1294 758 1326 792 τῇ
1347 757 1500 793 προθυμίᾳ·

922 802 977 827 Καὶ
988 801 1078 828 τοίνυν
1096 802 1177 837 εὐχῆς
1191 802 1239 838 οὐχ
1260 804 1411 840 ἁμαρτάνει
1423 804 1514 840 φίλης,

340 913 438 949 Amant
449 914 520 940 enim
535 913 651 947 improbi
663 914 818 949 imalornm,
833 920 894 948 quae
907 913 941 940 ab
958 913 1026 949 ipsis
1039 913 1117 946 ﬁunt,

340 948 368 974 In
377 956 424 976 eos
435 948 480 983 qui
496 948 638 982 patiuntur
655 948 818 983 detorquere
836 955 945 981 causas,

341 983 376 1010 lit
392 987 418 1011 et
434 983 581 1010 mendaciis
597 983 658 1018 plus
671 988 797 1015 noceant,

342 1018 373 1044 Et
386 1026 414 1045 se
431 1019 505 1053 ipsos
519 1018 662 1046 exsolvant
681 1019 807 1045 crimine.

340 1054 374 1079 50
390 1053 446 1080 Hoc
461 1058 550 1080 autem
561 1057 621 1080 esto
632 1055 769 1081 sermonis
784 1053 936 1080 exordium.

374 1087 439 1115 Erat
453 1088 519 1115 mihi
534 1092 610 1122 pater
627 1089 773 1123 praeclarus
793 1096 825 1114 ac
840 1089 941 1123 probus
957 1089 1045 1121 valde,

341 1123 439 1154 Senex,
455 1123 577 1150 moribus
592 1123 717 1158 simplex.
734 1124 796 1150 vitae
810 1130 916 1155 norma,

339 1157 409 1186 Vere
423 1159 559 1185 Abraham
574 1157 827 1193 alter’patriarcha,

339 1193 390 1226 Qui
402 1198 471 1224 erat,
492 1201 545 1220 non
559 1193 605 1228 qui
617 1193 766 1226 videretur,
785 1194 883 1224 bonus,
898 1198 927 1220 nt
943 1201 1016 1220 nunc
1032 1195 1080 1222 lit:

338 1229 374 1256 55
392 1228 512 1255 Primum
525 1229 709 1259 errabundus,
725 1233 818 1263 postea
834 1228 935 1256 Christi
950 1230 1065 1262 amicus,

339 1263 440 1291 Deinde
454 1268 555 1297 pastor.
570 1271 601 1290 ac
616 1268 755 1298 pastorum
768 1264 905 1290 columen.

337 1298 518 1360 $78-$79
532 1299 616 1326 Mater
627 1303 728 1329 autem,
749 1302 778 1325 ut
796 1299 914 1326 breviter
927 1298 1026 1331 dicam,
1040 1299 1140 1334 conjux

363 1335 418 1360 anti
432 1335 494 1360 viri.
508 1341 540 1360 ac
554 1334 667 1360 manalis
680 1334 809 1360 ponderis
819 1353 826 1360 .

363 1335 497 1374 antinviri,
508 1341 540 1374 ac
554 1334 667 1374 aequalis
680 1334 809 1374 ponderis
819 1353 826 1364 ,

339 1368 376 1396 Ex
395 1369 447 1403 piis
457 1368 572 1404 pridem.
589 1377 621 1396 ac
637 1368 698 1404 ipsa
714 1369 802 1403 magis
817 1368 871 1403 pia,

338 1405 373 1431 (50
386 1404 506 1438 Corpore
519 1403 630 1436 femina,
649 1404 772 1431 moribus
786 1411 869 1438 supra
880 1403 962 1432 viros.

339 1438 403 1474 Erat
417 1443 532 1473 uterque
547 1439 574 1466 in
590 1446 637 1466 ore
653 1439 775 1466 omnium
792 1438 932 1473 aequaliter
947 1439 1008 1466 vitae
1027 1438 1192 1474 integritate.

339 1473 538 1510 Quodnanrest
552 1474 635 1508 hujus
648 1474 686 1501 rei
703 1474 912 1510 argumentum?
931 1475 1069 1508 quomodo
1085 1473 1238 1502 sermonem
1261 1474 1398 1510 probabo?

339 1509 427 1542 Ipsam
442 1509 574 1536 adducam
586 1516 692 1540 eorum,
707 1517 767 1543 quae
785 1508 853 1542 dixi,
870 1513 966 1537 testem

340 1543 424 1579 Meam
439 1548 587 1579 parentem,
602 1544 723 1572 veritatis
743 1551 784 1577 os,

339 1578 374 1605 65
390 1578 440 1606 Cui
453 1587 512 1614 mos
523 1584 581 1606 erat
595 1584 718 1614 apertum
736 1580 827 1614 potius
837 1579 938 1614 aliquid
953 1579 1120 1607 abscondere
1130 1599 1137 1612 ,

339 1614 426 1649 Quam
438 1613 626 1641 absconditum
640 1613 744 1649 jactare
759 1614 851 1649 gloriae
866 1613 960 1642 causa.

339 1648 411 1685 Metu
427 1649 499 1675 enim
513 1649 605 1676 divino
618 1648 778 1681 ducebatur,
793 1650 839 1684 qui
855 1657 970 1685 magnus
991 1649 1120 1684 magister
1133 1652 1185 1678 est.

373 1684 442 1710 Cum
459 1687 570 1719 cuperet.
586 1685 735 1711 masculam
757 1686 858 1719 prolem

341 1713 416 1754 Domi
430 1713 532 1754 videre,
547 1726 607 1754 qua:
623 1727 667 1746 res
681 1713 774 1753 optata
789 1719 927 1754 plurimis,

340 1753 374 1790 7})
390 1753 473 1790 Deum
490 1753 606 1781 allocuta
619 1759 671 1785 est,
684 1758 766 1788 atque
778 1753 807 1782 ut
821 1754 949 1782 desiderii
961 1762 1073 1790 compos
1091 1757 1173 1786 esset,

339 1787 449 1824 ()ravit;
462 1797 578 1822 cumque
592 1790 635 1816 vix
656 1787 754 1816 mentis
769 1789 898 1824 impetum
911 1787 1075 1822 contineret,

339 1823 425 1855 Quem
436 1823 487 1850 sibi
499 1824 557 1850 dari
570 1824 686 1858 petebat,
704 1824 776 1850 hunc
792 1823 864 1851 dono
875 1824 960 1856 dedit,

339 1858 428 1885 Animi
440 1858 538 1886 ardore
552 1859 642 1894 ipsum
655 1863 828 1886 antevertens
844 1859 945 1886 donum
957 1870 963 1887 :

336 1894 425 1928 Atque
436 1893 481 1920 illa
494 1893 603 1929 quidem
622 1898 697 1928 grata
713 1901 794 1928 prece
809 1901 864 1921 non
882 1894 1012 1922 frustrata
1028 1900 1080 1928 est,

117 1971 153 1998 49
173 1970 387 1998 Tata-mirﬁcum.
403 1970 486 1999 Coisl.
500 1971 664 1999 ὑπεκλὺωσι.

119 2007 154 2033 50
172 2006 279 2032 Ἔστω.
294 2005 354 2033 Vat.
369 2006 437 2033 ἐστι.

118 2041 153 2078 55
170 2040 292 2074 Iuda-11c
313 2041 346 2067 τὸ
363 2041 509 2078 πρόσθεν.
533 2041 656 2078 Gregorii
673 2046 750 2077 pater
770 2042 796 2068 in
812 2041 866 2078 Hy-

83 2077 231 2112 psistarnm
239 2083 340 2112 errore
354 2076 400 2103 diu
415 2080 539 2112 versatus
557 2077 654 2103 fuerat.

119 2111 153 2147 65
168 2110 288 2147 diagtiw.
300 2111 383 2147 Coisl.
398 2115 424 2147 et
438 2111 532 2147 Cornb.
553 2112 688 2147 φανερῶν.

167 2145 290 2182 ῌρᾶγμά
305 2147 330 2180 γ’
346 2146 390 2173 ὄν.
406 2146 478 2182 Edit.
493 2147 598 2182 πρᾶγμ’
616 2145 670 2182 ξύν.

115 2180 151 2207 72
165 2181 217 2207 Ὃν
228 2189 292 2214 περ.
307 2179 402 2209 Cotnb.
415 2179 445 2208 οὗ
460 2179 522 2209 me.
539 2179 577 2208 Ita
593 2182 600 2208 l
615 2181 682 2217 Reg.
695 2191 713 2214 I,
731 2182 764 2209 10
777 2186 802 2209 et
820 2181 865 2212 ii,

913 1972 990 1998 Anna
1005 1972 1112 2000 Elcame
1131 1980 1210 2004 uxor,
1222 1980 1284 1999 cum
1299 1977 1372 2000 esset
1387 1981 1479 2000 amaro
1495 1974 1595 2005 animo,
1612 1975 1700 2001 orarit

914 2007 948 2033 ad
968 2007 1109 2034 Dominum
1130 2009 1194 2041 ﬂens
1210 2008 1330 2042 largiter,
1351 2013 1374 2034 et
1391 2014 1478 2035 votum
1493 2009 1571 2041 vovit,
1587 2008 1698 2037 dicem:

916 2042 1025 2079 Domine
1036 2044 1209 2074 exercituum,
1229 2044 1252 2079 si
1274 2043 1412 2079 respiciens
1429 2044 1523 2070 uideris
1536 2044 1700 2079 aﬂlictionem

915 2078 1023 2112 famqu
1038 2083 1099 2109 tum,
1113 2084 1136 2104 et
1149 2077 1301 2105 recordatus
1315 2078 1367 2105 mei
1382 2078 1475 2110 fueris,
1488 2087 1533 2105 nec
1546 2077 1643 2105 oblitus
1656 2088 1702 2105 rm-

914 2112 983 2139 cillw
998 2118 1060 2143 mw,
1077 2113 1230 2147 dederisque
1247 2121 1327 2140 serva:
1339 2119 1390 2140 tua:
1402 2115 1613 2144 seruntvirilem.
1632 2114 1700 2141 dabo

914 2155 973 2173 eum
990 2147 1101 2175 Domino
1115 2148 1235 2175 omnibus
1247 2148 1337 2175 diebus
1353 2149 1412 2175 1-in
1427 2149 1494 2183 ejus,
1508 2153 1560 2176 etc.
1580 2148 1638 2176 Voti
1652 2157 1700 2176 au-

916 2187 971 2209 tem
985 2190 1099 2218 compos
1115 2183 1269 2210 Samuclem
1287 2183 1400 2218 peperit.

735 2260 901 2290 METRICA
917 2260 1054 2290 VERSIO
1060 2283 1066 2289 .

82 2321 190 2352 Sermo.
209 2322 382 2348 innocentem
399 2321 468 2348 lalsa
484 2328 517 2348 ne
527 2327 609 2348 verna
626 2324 757 2347 onruant.

83 2355 129 2383 Est
140 2357 241 2391 quippe
259 2364 319 2384 mos
331 2356 374 2382 hic
386 2356 529 2390 improbis,
545 2360 573 2382 ut
590 2355 732 2383 conferant

80 2390 198 2418 Causam
213 2399 326 2418 suorum
339 2391 484 2418 criminum
500 2392 527 2418 in
540 2391 629 2422 laesos,
649 2390 690 2418 eis

80 2425 132 2453 Per
152 2425 212 2453 ﬁcta
227 2431 345 2454 noceant
355 2431 385 2452 ut
401 2426 488 2460 magis
502 2425 653 2456 mendacia,

80 2461 110 2496 in
123 2462 288 2496 sequejacta
300 2461 405 2488 diluant
421 2461 461 2487 sic
478 2461 605 2496 crimina.

81 2495 222 2524 Sermonis
233 2501 321 2524 autem
337 2496 373 2523 sit
387 2496 439 2522 mei
453 2496 505 2522 hoc
516 2495 706 2531 primordium.

116 2531 178 2558 Erat
191 2535 269 2566 pater
285 2531 322 2557 mi
340 2531 381 2557 vir
393 2531 495 2566 probus
512 2531 601 2561 valde,
616 2538 710 2564 senex,

81 2565 267 2601 Simpleique,
287 2567 350 2593 vita:
362 2565 455 2601 regula
471 2569 497 2592 et
513 2566 679 2596 certissima,

80 2600 254 2628 Palriarclius
268 2602 337 2628 alter
357 2600 492 2628 Abraham
510 2610 515 2627 :
534 2609 586 2628 non
607 2605 661 2627 tam
682 2600 795 2627 studens

78 2636 161 2663 Fama
176 2644 247 2667 esse.
264 2645 345 2671 quam
363 2645 393 2663 re
408 2637 449 2663 vir
460 2636 562 2668 bonus,
575 2640 670 2663 contra
687 2640 768 2668 atque.
782 2643 864 2662 nunc.

78 2671 201 2698 Primum
219 2670 291 2704 erro,
306 2672 408 2699 Christi
420 2672 508 2698 cultor
523 2675 550 2698 at
563 2675 624 2706 post
640 2670 776 2704 fervidus,

78 2706 182 2734 Exinde
200 2711 301 2742 pastor,
318 2707 424 2734 ordinis
439 2707 522 2734 derus
532 2710 559 2733 et
573 2707 626 2733 sui.

77 2741 206 2776 Itemque
214 2747 310 2773 mater,
329 2747 356 2769 ut
370 2743 445 2769 brevi
459 2742 559 2772 dicam,
575 2741 626 2768 tori

77 2778 209 2812 genset-le
221 2779 267 2804 tali
280 2778 371 2812 digna,
387 2785 437 2804 nec
449 2778 537 2804 minor
549 2777 607 2803 viro
615 2785 628 2810 ε,

77 2811 212 2848 Prognata
223 2811 338 2845 sanctis,
352 2813 474 2840 sanctior
489 2812 658 2847 parentibus,

213 2860 350 2892 ΡΔτιιοι.
369 2862 427 2892 Gn.
444 2860 607 2891 XXXVII.

502 2918 509 2934 Ι

880 2327 902 2356 Β
918 2320 990 2357 Sex“
1006 2321 1114 2353 mulier,
1131 2325 1158 2348 at
1173 2322 1296 2350 moribus
1312 2329 1394 2357 supra
1406 2323 1490 2350 viros.

918 2356 1040 2392 Qterque
1050 2357 1152 2391 pariter
1164 2359 1286 2383 omnium
1301 2357 1328 2383 in
1344 2356 1443 2392 linguis
1455 2358 1534 2384 situs.

919 2390 976 2427 lloe
986 2390 1058 2427 unde
1074 2396 1225 2427 monstrem
1238 2393 1262 2419 si
1275 2393 1337 2426 quis
1346 2390 1440 2419 ex‘me
1453 2393 1582 2427 postulet,

920 2426 1007 2461 [psam
1021 2426 1110 2453 citabo
1127 2427 1251 2461 protinus
1267 2427 1332 2454 dicti
1347 2427 1398 2454 mei

918 2460 1027 2496 Testem
1043 2460 1193 2496 parentem,
1210 2469 1290 2488 nemo
1305 2469 1358 2496 qua
1375 2463 1497 2490 veracior
1512 2473 1518 2490 :

920 2495 955 2521 Ut
971 2503 1031 2530 quae
1044 2495 1137 2524 sileret
1151 2497 1224 2523 clara
1239 2495 1329 2531 potius
1344 2497 1480 2530 omnibus,

919 2531 1006 2566 Quam
1019 2532 1084 2566 quid
1105 2532 1218 2559 referret
1234 2531 1330 2562 abditi,
1345 2532 1452 2558 laudem
1467 2539 1618 2566 aucupans.

917 2565 1035 2599 Magnus,
1043 2566 1171 2601 magister
1183 2574 1301 2600 namque
1314 2571 1373 2593 erat
1387 2567 1442 2593 dux
1457 2567 1520 2594 huic
1536 2565 1628 2594 timor.

952 2601 1083 2636 Cupiebat
1095 2602 1140 2628 illa
1153 2603 1306 2629 masculum
1321 2602 1405 2628 fctum
1417 2602 1489 2628 domi

918 2635 1058 2672 Spectare,
1074 2644 1171 2670 magna
1186 2642 1216 2663 ιιι
1233 2645 1297 2672 pars
1313 2638 1387 2671 cupit
1405 2637 1571 2664 mortalium.

917 2671 1001 2698 Deut!)
1019 2679 1084 2706 ergo
1096 2673 1209 2706 supplex
1225 2676 1284 2698 orat
1298 2676 1326 2697 nt
1346 2676 1408 2698 vola
1423 2672 1539 2706 expleat.

917 2709 1005 2742 atque
1021 2711 1050 2733 ut
1069 2707 1186 2741 negabat
1199 2707 1316 2741 impetus
1332 2706 1408 2734 freno
1422 2707 1489 2742 regi.

917 2741 1002 2774 Quem
1023 2742 1275 2776 postnlabat,.lmnc
1293 2743 1384 2769 statim
1396 2741 1480 2768 donat
1494 2741 1560 2773 Deo,

917 2777 1065 2804 Alacritate
1076 2777 1175 2804 mentis
1190 2777 1216 2804 id
1229 2777 1330 2804 donum
1346 2784 1496 2811 occupans.

918 2811 973 2840 Nec
984 2819 1049 2840 vero
1064 2812 1090 2839 id
1101 2812 1162 2847 ejus
1177 2812 1284 2839 irritum
1298 2816 1389 2840 votum
1402 2812 1463 2846 fuit,

1540 2859 1580 2889 33
