1955 3042
85 133 149 163 1037

85 192 185 228 Κρύψω
205 199 240 218 τα
260 187 429 226 δαύμαθόΐς
445 198 480 225 με
499 188 669 224 προῦτρεψεν
685 189 764 221 Θεὸς,

91 240 185 275 ’Λρχὴν
198 238 312 274 ἀρίστην
326 237 376 272 τὴν
389 235 544 272 προθυμίαν
559 234 650 262 λαϐὼν

87 285 135 312 103
154 284 244 319 (Οὕτω
259 283 313 318 γὰρ
327 282 417 309 ἕλκειν
431 279 501 308 οἶδεν
515 282 555 313 είς
571 280 728 316 σωτηρίαν),

88 332 120 357 Ἢ
136 330 174 357 θῶ
191 329 340 366 προθύμως
355 328 508 363 ἐκλαλήσας
523 328 564 359 είς
577 327 675 362 μέσον;

86 377 120 403 Τὸ
134 377 182 412 μὲν
196 377 250 410 γὰρ
261 375 418 410 ἀχάριστον,
430 373 461 399 τὸ
471 373 494 399 δ’
511 373 562 400 οὐκ
576 373 628 406 ἔξω
641 373 738 408 τύφου.

86 423 165 458 Σιγᾷν
181 422 303 457 ἄμεινον.
323 420 447 456 Ἀρκέσει
463 419 494 445 τό
507 420 535 455 μ’
550 418 659 451 εἰδέναι,

86 469 126 504 Μὴ
141 468 188 495 καὶ
204 466 388 502 μάχεσθαιτῷ
403 465 476 501 λόγῳ
489 465 524 492 τὰ
543 464 591 492 νῦν
610 465 686 500 δοκῇ,

87 516 134 542 110
148 514 278 541 Πλεῖστον
294 513 387 539 δέοντα
409 512 459 547 τῆς
480 512 540 538 τότε
561 510 726 547 προθυμίας.

89 563 120 588 "0
132 562 153 588 δ’
164 560 210 588 οὖν
220 560 337 595 ἀνάγκη,
352 558 483 594 γνωρίσω
497 559 553 589 τοῖς
566 557 697 584 πλείοσιν.

123 609 237 642 Ἀχνους
252 606 363 642 παρειά,
378 605 433 632 τῶν
447 605 534 639 λόγων
549 604 571 631 δ’
586 604 656 640 ἔρως
668 604 719 640 ἐμὲ

85 655 189 691 θερμός
204 663 246 686 τις
259 651 326 689 εἶχε.
338 653 394 680 Καὶ
406 651 462 688 γὰρ
477 651 590 687 ἐζήτουν
601 651 698 685 λόγους

86 702 180 728 Δοῦναι
197 700 310 736 βοηθοὺς
327 700 391 731 τοὺς
408 699 503 730 νόθους
519 699 576 730 τοῖς
600 697 732 733 γνησίοις,

87 748 137 775 115
154 749 198 780 Ὠς
213 748 276 783 μήτ’
293 745 443 782 ἐπαίροινθ⁹
455 745 480 771 oi
495 744 626 781 μαθόντες
640 744 699 771 οὐδὲ
711 744 750 777 ἓν,

86 795 158 830 Πλὴν
175 795 225 829 τῆς
242 793 360 829 ματαίας
371 792 418 820 καλ¹
439 792 521 827 κενῆς
540 791 715 825 εὐγλωττίας,

87 842 140 878 Τῆς
156 843 185 868 ὲν
200 841 297 876 ψόφοις
313 849 343 866 τε
354 839 400 866 καὶ
417 837 682 874 λάρυγξικειμένης,

629 130 752 159 SECTIO
771 131 790 158 I.
821 130 986 159 POEMATA
1005 131 1049 158 DE
1069 129 1197 158 SEIPSO.

1648 125 1717 155 1053

887 192 910 219 Α
924 189 993 225 Μήτ’
1009 188 1150 223 ὲνδεοίμην
1172 187 1336 219 πλεκτάναις
1348 188 1534 224 σοφισμάτων.

932 236 1036 262 Ἐκεῖνο
1049 235 1072 261 δ’
1089 234 1181 261 οὔποτ’
1194 235 1234 266 είς
1251 234 1320 269 ἐμὴν
1334 232 1399 270 ἦλθε
1415 235 1510 270 φρένα,

926 281 978 308 120
999 281 1099 316 Ιιρόσω
1110 289 1136 307 τι
1150 280 1236 306 θεῖναι
1257 280 1311 306 τῶν
1330 280 1405 315 ἐμῶν
1423 279 1627 316 παιδευμάτων.

927 328 1016 363 Ὅπερ
1030 327 1058 354 δὲ
1073 327 1173 362 πάσχει
1185 326 1322 362 θερμότης
1335 326 1379 353 ἀεὶ
1394 326 1473 359 νέων,

931 375 1048 410 Ὀρμαῖς
1061 374 1189 405 ἀτάκτοις
1202 373 1321 405 εὐκόλως
1339 372 1485 409 ῥιπίζεται,

933 422 977 453 Ὠς
990 420 1078 453 πῶλος
1095 420 1183 456 ᾄττων
1198 421 1237 451 εἰς
1250 419 1376 456 δρόμους,
1395 419 1481 454 θυμοῦ
1495 419 1593 452 πλέως,

920 468 1053 494 ⁵Πὲπονθα
1069 466 1158 494 τοῦτο.
1174 467 1229 503 Τῆς
1245 466 1300 502 γὰρ
1312 465 1388 502 ὦρας
1403 465 1543 497 παντελῶς

928 515 981 542 125
995 514 1078 548 Ἐξω,
1096 514 1234 549 θαλάσσης
1247 512 1336 540 οὐκέθ’
1355 511 1557 548 ήμερουμένης,

928 560 1038 597 Ταύρου
1058 559 1109 586 τίν’
1127 559 1211 595 οὐρὰν
1226 559 1276 585 οὐκ
1291 558 1431 585 ἀκίνδυνον
1444 557 1525 592 φασὶν

929 607 960 633 Oi
970 606 1058 634 ταῦτα
1075 606 1165 638 δεινοὶ,
1187 605 1271 632 πλοῦν
1290 605 1419 641 θράσους,
1438 603 1494 631 ἀλλ’
1513 603 1544 630 οὐ
1565 603 1682 639 φρενόςθ

928 652 989 679 Τότ⁹
1003 650 1049 679 οὖν
1069 651 1274 687 Ἀλεξάνδρειαν
1289 651 1408 678 ἐκλιπὼν
1423 650 1478 685 ἐγὼ

929 699 1079 735 (Κάνθένδε
1094 699 1149 734 γάρ
1159 707 1186 724 τι
1200 698 1253 724 τῶν
1265 698 1351 732 λόγων
1364 696 1542 733 ὲδρεψάμην),

930 745 982 772 150
999 745 1085 781 Ἀρας
1101 745 1213 779 ἔτεμνον
1223 744 1324 771 Πόντον
1339 743 1420 774 εὐθὺς
1441 742 1576 774 Ἑλλάδος,

930 790 1087 826 Κύπρουτὰ
1101 790 1206 826 πλευρά
1215 798 1221 805 '
1238 790 1284 817 καὶ
1296 790 1390 822 στάσις
1398 790 1453 817 τῶν
1466 790 1630 824 πνευμάτων

933 836 1053 872 Ἐϐραζε
1064 837 1113 873 τὴν
1127 837 1203 870 ναῦν,
1216 836 1308 864 καὶτὰ
1320 836 1397 864 πάντ’
1408 836 1441 872 ἦν
1455 835 1504 869 νὺξ
1518 836 1577 871 μία,

346 938 482 974 Tegamne
497 938 578 969 mira.
594 945 642 973 per
655 944 716 972 quae
728 937 826 974 ductor
840 938 904 965 mihi
921 937 993 966 Deus
1005 939 1120 972 exstitit,

346 973 483 1008 Optimum
497 973 604 1000 initium
618 981 730 1000 sumens
743 973 868 1000 ardorem
886 981 976 1001 meum

347 1009 398 1037 105
411 1009 469 1044 (Sic
479 1009 551 1045 enim
564 1009 638 1045 novit
651 1008 760 1035 trahere
774 1008 807 1035 ad
815 1009 962 1045 salutem);

346 1046 387 1072 An
406 1045 493 1072 libens
509 1044 535 1070 in
550 1044 669 1071 medium
687 1044 840 1071 enarrando
855 1044 1010 1079 proferam?

347 1079 413 1106 Illud
429 1080 502 1107 enim
516 1079 665 1113 ingratum,
680 1079 734 1106 hoc
747 1083 837 1106 autem
856 1080 928 1107 haud
943 1085 1020 1107 extra
1038 1080 1156 1109 fastum:

347 1115 435 1142 Silere
446 1115 543 1143 satius.
558 1113 630 1141 Satis
643 1114 715 1141 enim
731 1114 784 1141 erit
796 1119 825 1141 ut
838 1115 905 1142 mihi
920 1119 984 1142 nuta
1000 1117 1065 1148 sint,

346 1150 384 1177 Ne
396 1151 478 1178 etiam
496 1157 617 1185 pugnare
628 1157 689 1176 cum
703 1150 826 1177 oratione
840 1151 984 1184 prmsentia
1002 1151 1157 1182 videantur,

347 1186 398 1212 110
410 1186 452 1212 Ab
465 1193 507 1217 eo,
525 1185 572 1220 qui
590 1189 646 1211 tum
662 1189 731 1217 erat,
743 1186 979 1221 ardorerdis‘tantia
994 1187 1162 1221 longissime.

346 1221 424 1254 Quod
440 1228 505 1256 ergo
522 1227 635 1247 necesse
647 1224 701 1253 est,
713 1223 808 1256 notum
822 1220 850 1247 id
866 1221 963 1248 faciam
980 1222 1116 1256 plurimis.

383 1256 464 1283 Gerrae
480 1255 584 1290 absque
599 1255 737 1289 lanugine,
750 1255 862 1290 jamque
878 1265 921 1284 me
934 1255 1085 1285 litterarum
1100 1264 1177 1284 amor

349 1290 500 1318 Vehemens
515 1291 634 1318 tenebat.

656 1291 817 1324 Quaerebam
833 1292 904 1318 enim
920 1293 993 1319 veris

347 1326 457 1354 Litteris
473 1326 623 1360 adjutrices
638 1326 703 1354 dare
716 1333 773 1356 eas.
792 1334 852 1361 quae
869 1326 943 1354 falsae
958 1332 1033 1359 sunt,

347 1362 400 1389 115
412 1361 450 1388 Ne
462 1369 523 1389 sese
538 1361 676 1392 etferrent,
689 1361 735 1396 qui
748 1361 817 1388 nihil
833 1363 907 1389 aliud
923 1363 1076 1391 didicerant

346 1396 449 1424 Prmter
459 1404 559 1423 vanum
575 1400 602 1423 et
616 1396 697 1424 inane
712 1397 861 1431 eloquium,

349 1433 377 1458 In
395 1432 556 1466 strepitibus
570 1437 597 1459 et
612 1432 770 1466 gutturibus
787 1433 882 1465 silum,

346 1467 470 1503 Necrego
487 1467 643 1502 impiicarer
660 1467 775 1495 nexibus
794 1468 1004 1503 sophismatum.

348 1502 414 1529 Illud
431 1506 522 1529 autent
536 1510 674 1537 nunquam
693 1502 760 1529 mihi
778 1503 806 1530 in
824 1502 941 1531 mentem
959 1505 1032 1532 venit

348 1537 400 1564 120
414 1537 546 1565 Praal‘erre
560 1537 707 1573 quidquam
725 1538 858 1573 institutis
869 1540 947 1566 meis.

349 1573 403 1608 Sed
418 1573 490 1607 quod
505 1580 613 1608 semper
627 1572 767 1608 experitur
778 1572 911 1606 juvenuni
928 1575 1030 1607 fervor,

350 1607 384 1634 Ut
402 1608 520 1635 motibus
537 1607 702 1635 inordinatis
721 1608 800 1636 facile
816 1609 974 1642 ventiletur,

348 1642 583 1680 Velutaniniosus
594 1644 626 1680 in
643 1651 754 1670 cursum
771 1645 873 1671 saliens
887 1647 988 1680 pullus,

349 1677 377 1705 Id
392 1679 458 1705 mihi
473 1679 573 1706 evenit.
594 1678 661 1706 Nam
675 1679 788 1706 omnino
802 1684 880 1707 extra

349 1713 401 1740 125
414 1713 544 1748 Tempus,
560 1719 657 1749 pacato
671 1713 791 1741 nondum
808 1715 889 1744 mari.

348 1749 416 1784 Qum
429 1749 511 1776 Tauri
527 1748 673 1783 quamdam
691 1749 812 1784 periculo
825 1749 944 1776 nondum
958 1756 1052 1776 carere
1066 1748 1182 1776 caudam

349 1783 449 1820 Qicunt
466 1785 545 1819 periti
564 1785 659 1812 harum
676 1783 779 1816 rerum,
795 1793 826 1812 ac
844 1785 974 1820 navigare
989 1785 1128 1812 temerarii
1144 1792 1216 1817 esse,
1236 1792 1289 1812 non
1308 1785 1461 1820 prudentis,

348 1819 425 1846 Tunc
438 1827 499 1854 ego,
514 1821 679 1847 Alexandria
697 1819 792 1847 relicta

348 1855 415 1891 (illic
430 1856 503 1891 enim
514 1856 618 1890 aliquid
632 1855 765 1882 doctrina:
779 1855 991 1891 decerpseram),

350 1890 401 1916 150
419 1890 534 1918 Soli-ens
553 1891 714 1925 navigabant
729 1898 825 1917 versus
840 1890 982 1924 Graeciam,

349 1926 430 1962 Qypri
447 1926 517 1952 latus
530 1926 661 1962 legebam,
675 1930 788 1962 tumque
804 1931 946 1954 ventorum
963 1928 1080 1962 impetus

348 1959 449 1987 Navem
461 1959 602 1988 aestuando
620 1959 782 1996 impulit,’ac
796 1962 886 1989 omnia
904 1970 956 1989 una
972 1959 1025 1990 nox
1038 1966 1127 1994 erant,

199 2050 398 2088 ηοορῖρεψε-κ.
409 2051 499 2088 βίῃξι.
519 2052 708 2088 προύπεμψεν,
722 2053 861 2087 prwmisit.

129 2085 180 2111 109
193 2085 282 2119 Aemi.
295 2086 330 2112 Ita
343 2087 427 2113 Coisl.
442 2086 513 2113 Edit.
528 2085 597 2114 male
606 2085 704 2114 δοκεῖν.

127 2120 180 2147 HO
196 2120 265 2154 Τῆς.
290 2121 326 2148 Ita
342 2122 425 2149 Coi5l.
442 2121 513 2148 Eilit.
527 2123 595 2150 male
607 2125 673 2154 τοῖς.

128 2156 180 2182 1ῑῦ
197 2156 273 2182 Οὐδὲ
354 2156 391 2183 Ita
408 2157 491 2184 (Joisl.
506 2157 574 2185 Male
590 2158 656 2185 edit.
673 2159 750 2185 ᾓύὁὲν
764 2158 804 2184 ἓν.

129 2191 182 2218 125
200 2192 323 2226 ’ᾼττωικ
338 2192 374 2219 Ita
390 2192 451 2219 Vat.
471 2197 497 2220 et
510 2193 593 2221 Coisl.
611 2193 681 2220 Edit.
697 2194 767 2221 male
778 2194 881 2220 ἄπτων.

977 2052 1024 2079 126
1041 2053 1154 2087 Ταύρου
1174 2053 1230 2079 τίν’
1247 2053 1350 2087 οὐράν.
1369 2052 1518 2080 Hibernum
1537 2053 1620 2081 Tauri
1634 2058 1724 2081 ortum

938 2088 1064 2123 intelligit
1083 2089 1128 2122 qui
1148 2093 1190 2115 est
1212 2089 1285 2115 circa
1313 2089 1433 2115 medium
1457 2088 1647 2122 Novembrcm,
1670 2098 1725 2123 quo

939 2129 1062 2159 tempore
1085 2124 1327 2157 periculosissima:
1347 2127 1521 2159 tempestates
1541 2125 1607 2151 oriri
1626 2125 1724 2152 solent.

938 2159 1063 2186 Combel‘.
1080 2159 1144 2193 legit
1160 2159 1208 2194 τὴν
1228 2159 1320 2194 οὐράν.

977 2194 1029 2221 128
1047 2194 1121 2222 Τότ¹.
1138 2194 1176 2220 Ita
1195 2194 1253 2221 Vat.
1270 2199 1296 2222 et
1310 2194 1394 2222 Coisl.
1412 2194 1482 2222 Edit.
1498 2195 1569 2223 male
1584 2196 1654 2223 ποτ’.

746 2283 914 2313 METRICA
926 2282 1074 2313 VERSIO.

89 2375 230 2409 Tegamne
248 2376 327 2407 mira,
339 2376 417 2410 queis
429 2375 510 2408 Deus,
526 2383 642 2404 cernens
660 2383 749 2403 meam

87 2411 287 2445 Cupiditatem,
306 2411 428 2438 subdidit
445 2412 537 2438 calcar
552 2411 618 2438 mihi

89 2445 226 2481 (Namque
239 2447 270 2472 ad
293 2447 408 2472 salutem
421 2446 460 2473 sic
472 2447 531 2481 pias
544 2451 650 2474 mentes
662 2447 768 2481 trahit),

88 2482 133 2508 An
150 2482 194 2507 illa
208 2482 299 2516 potius
312 2482 446 2516 eloquar?
459 2486 544 2516 gratae
563 2490 660 2516 parum

89 2517 140 2543 list
155 2518 254 2544 mentis
271 2517 336 2543 illud
350 2524 357 2542 :
373 2525 471 2544 rursus
483 2517 534 2544 hoc
547 2517 647 2544 fastum
659 2517 741 2552 sapit.

90 2551 196 2579 Tacere
214 2555 342 2586 pI‘LE‘Slﬂl;
358 2552 458 2579 suiiicit
471 2552 543 2587 quod
561 2553 618 2580 hanc
634 2551 732 2585 sciam,

89 2587 217 2614 Praesens
228 2592 360 2622 repugnet
373 2588 427 2614 vita
441 2595 475 2614 ne
490 2588 570 2614 dictis
585 2588 664 2619 meis,

88 2621 212 2650 Fcrvore
228 2621 266 2650 ab
279 2623 324 2650 illo
339 2623 438 2650 dissita
448 2627 478 2649 ut
491 2623 574 2650 nimis
587 2623 693 2658 procul.

89 2658 136 2688 At,
155 2658 228 2693 quod
247 2665 358 2686 necesse
377 2662 430 2690 est,
451 2659 576 2685 versibus
588 2660 644 2693 jam
659 2665 819 2693 persequar.

129 2693 242 2728 Lanugo
262 2695 382 2720 nondum
399 2698 504 2720 texerat
518 2702 621 2728 genas:
637 2698 728 2721 tamen

90 2727 134 2755 Me
151 2727 305 2756 litterarum
320 2733 430 2763 ceperat
447 2727 554 2756 fervens
567 2737 654 2761 amor,

91 2762 174 2799 Veris
189 2765 344 2791 studentem
355 2762 406 2799 per
423 2765 521 2791 notlias
535 2772 714 2791 succurrere:

90 2798 133 2835 {ie
145 2807 174 2826 se
192 2800 309 2835 superbe
319 2798 489 2834 jactitarent,
505 2799 551 2834 qui
568 2800 637 2826 nihil

90 2834 201 2861 .Norunt
211 2834 318 2862 inanem
333 2839 431 2869 printer
446 2835 641 2870 eloquentiam],

91 2870 123 2896 In
141 2875 249 2905 gutture
267 2871 358 2902 sitam,
375 2875 402 2897 et
414 2871 541 2898 dulcibus
555 2879 651 2899 verum
667 2871 752 2904 sonis,

937 2374 1010 2403 Neve
1027 2374 1184 2410 implicarer
1199 2375 1317 2403 nexibus
1330 2375 1540 2410 sophismatum.

937 2410 1069 2438 Praxl‘erre
1084 2411 1184 2445 quippe
1199 2411 1300 2438 litteris
1315 2411 1418 2446 aliquid
1435 2412 1534 2443 sacris,

938 2447 966 2473 In
981 2451 1076 2481 pectus
1090 2446 1161 2473 absit
1174 2447 1279 2473 venerit
1294 2450 1323 2472 ut
1337 2454 1456 2481 unquam
1473 2454 1575 2475 meum.

937 2481 1018 2514 Quod
1033 2486 1123 2509 autem
1136 2481 1249 2516 ephebis
1265 2481 1378 2509 fervidis
1390 2482 1447 2509 fere
1464 2483 1563 2510 accidit

939 2518 1074 2553 (Przeceps
1089 2525 1182 2543 eorum
1196 2524 1304 2553 semper
1319 2523 1361 2553 est
1377 2525 1495 2552 namque
1511 2518 1640 2553 impetus,

936 2552 996 2579 Non
1013 2553 1092 2579 aliter
1104 2556 1185 2587 atque
1198 2552 1287 2586 pullus
1298 2552 1332 2579 ad
1347 2560 1446 2580 cursus
1462 2552 1525 2580 salit

937 2587 1046 2622 Ferox),
1062 2587 1132 2614 idem
1150 2587 1186 2613 mi
1200 2588 1323 2622 contigit.
1341 2587 1408 2614 Nam
1423 2588 1595 2616 incommode

936 2623 1078 2654 Prorsuni,
1093 2622 1206 2650 ell'erato
1216 2622 1272 2656 jam
1292 2623 1371 2653 mari,
1384 2631 1446 2650 cum
1461 2623 1569 2652 scilicet

935 2658 1056 2685 Taurina
1072 2657 1159 2684 cauda
1173 2658 1224 2691 (sic
1240 2658 1328 2685 solent
1342 2658 1417 2686 docti
1435 2659 1532 2694 loqui),

935 2694 1020 2720 Atfert
1035 2694 1179 2728 periclum,
1196 2693 1325 2720 [luctibus
1339 2703 1399 2726 nee,
1416 2695 1461 2728 qui
1475 2694 1558 2729 sapit,

936 2730 971 2756 Se
986 2729 1082 2760 credit,
1103 2729 1168 2755 urbe
1184 2733 1249 2755 tunc
1263 2730 1410 2756 Alexandri
1426 2729 1523 2763 pedem

937 2764 1049 2792 Movens
1065 2768 1102 2797 (et
1120 2764 1176 2790 illic
1193 2765 1333 2799 quidpiam
1351 2773 1411 2791 nam
1428 2773 1586 2800 carpseram

938 2800 1094 2835 Doctriiu‘e),
1111 2799 1231 2826 Athenas
1246 2808 1314 2827 nave
1327 2801 1479 2832 tendebam,
1499 2801 1571 2828 latus

936 2837 974 2861 Ai:
987 2835 1043 2869 jam
1061 2835 1181 2869 legebam
1194 2835 1335 2870 Cyprium,
1351 2844 1413 2862 cum
1431 2835 1549 2862 turbinis

935 2871 1049 2906 Puppim
1067 2875 1177 2906 repente
1194 2872 1234 2899 vis
1251 2872 1350 2906 quatit,
1366 2879 1475 2906 noxque
1489 2872 1582 2898 omnia
