  <div class='ocr_page' id='page_1' title='image "/cluster/home/n/w/nwhite01/storage/ocr_20150623/37/njp.32101077772562/553.png"; bbox 0 0 1955 3042; ppageno 0'>
   <div class='ocr_carea' id='block_1_1' title="bbox 204 130 273 158">
    <p class='ocr_par' dir='ltr' id='par_1_1' title="bbox 204 130 273 158">
     <span class='ocr_line' id='line_1_1' title="bbox 204 130 273 158; baseline -0.029 0"><span class='ocrx_word' id='word_1_1' title='bbox 204 130 273 158; x_wconf 64' lang='grc'><strong>5917</strong></span> 
     </span>
    </p>
   </div>
   <div class='ocr_carea' id='block_1_2' title="bbox 205 185 829 224">
    <p class='ocr_par' dir='ltr' id='par_1_2' title="bbox 205 185 829 224">
     <span class='ocr_line' id='line_1_2' title="bbox 205 185 829 224; baseline -0.005 -9"><span class='ocrx_word' id='word_1_2' title='bbox 205 189 328 224; x_wconf 82' lang='grc' dir='ltr'>Ὀρκοις,</span> <span class='ocrx_word' id='word_1_3' title='bbox 346 186 483 222; x_wconf 73' lang='grc' dir='ltr'><strong>ὀδυρμοῖς,</strong></span> <span class='ocrx_word' id='word_1_4' title='bbox 498 186 544 212; x_wconf 85' lang='grc' dir='ltr'><strong>καί</strong></span> <span class='ocrx_word' id='word_1_5' title='bbox 560 195 587 212; x_wconf 92' lang='grc' dir='ltr'><strong>τι</strong></span> <span class='ocrx_word' id='word_1_6' title='bbox 607 186 749 221; x_wconf 71' lang='grc' dir='ltr'>μιγνύντες</span> <span class='ocrx_word' id='word_1_7' title='bbox 769 185 829 220; x_wconf 83' lang='grc' dir='ltr'>βίας</span> 
     </span>
    </p>
   </div>
   <div class='ocr_carea' id='block_1_3' title="bbox 206 232 801 269">
    <p class='ocr_par' dir='ltr' id='par_1_3' title="bbox 206 232 801 269">
     <span class='ocr_line' id='line_1_3' title="bbox 206 232 801 269; baseline -0.003 -9"><span class='ocrx_word' id='word_1_8' title='bbox 206 235 254 269; x_wconf 67' lang='grc' dir='ltr'><strong>(Τὸ</strong></span> <span class='ocrx_word' id='word_1_9' title='bbox 267 234 322 268; x_wconf 80' lang='grc' dir='ltr'>γὰρ</span> <span class='ocrx_word' id='word_1_10' title='bbox 337 233 422 268; x_wconf 81' lang='grc' dir='ltr'>φιλεῖν</span> <span class='ocrx_word' id='word_1_11' title='bbox 439 232 530 259; x_wconf 73' lang='grc' dir='ltr'>ἔπειθε</span> <span class='ocrx_word' id='word_1_12' title='bbox 546 232 647 267; x_wconf 82' lang='grc' dir='ltr'><strong>τολμᾷν</strong></span> <span class='ocrx_word' id='word_1_13' title='bbox 659 232 705 258; x_wconf 79' lang='grc' dir='ltr'>καὶ</span> <span class='ocrx_word' id='word_1_14' title='bbox 719 232 801 267; x_wconf 85' lang='grc' dir='ltr'><strong>τόδε),</strong></span> 
     </span>
    </p>
   </div>
   <div class='ocr_carea' id='block_1_4' title="bbox 213 277 819 314">
    <p class='ocr_par' dir='ltr' id='par_1_4' title="bbox 213 277 819 314">
     <span class='ocr_line' id='line_1_4' title="bbox 213 277 819 314; baseline -0.002 -10"><span class='ocrx_word' id='word_1_15' title='bbox 213 278 309 314; x_wconf 73' lang='grc' dir='ltr'>Ἀπρὶξ</span> <span class='ocrx_word' id='word_1_16' title='bbox 325 279 465 313; x_wconf 80' lang='grc' dir='ltr'>κατεῖχον·</span> <span class='ocrx_word' id='word_1_17' title='bbox 483 277 555 313; x_wconf 76' lang='grc' dir='ltr'><strong>μηδ’,</strong></span> <span class='ocrx_word' id='word_1_18' title='bbox 573 277 605 304; x_wconf 84' lang='grc' dir='ltr'>ἂν</span> <span class='ocrx_word' id='word_1_19' title='bbox 619 278 643 304; x_wconf 76' lang='grc' dir='ltr'><strong>εἰ</strong></span> <span class='ocrx_word' id='word_1_20' title='bbox 663 277 767 311; x_wconf 83' lang='grc' dir='ltr'>γένοιτό</span> <span class='ocrx_word' id='word_1_21' title='bbox 783 286 819 308; x_wconf 84' lang='grc' dir='ltr'>τι,</span> 
     </span>
    </p>
   </div>
   <div class='ocr_carea' id='block_1_5' title="bbox 207 324 845 360">
    <p class='ocr_par' dir='ltr' id='par_1_5' title="bbox 207 324 845 360">
     <span class='ocr_line' id='line_1_5' title="bbox 207 324 845 360; baseline 0 -9"><span class='ocrx_word' id='word_1_22' title='bbox 207 325 329 360; x_wconf 72' lang='grc' dir='ltr'>Πέμψειν</span> <span class='ocrx_word' id='word_1_23' title='bbox 345 324 469 358; x_wconf 82' lang='grc' dir='ltr'>λέγοντες</span> <span class='ocrx_word' id='word_1_24' title='bbox 485 324 561 350; x_wconf 77' lang='grc' dir='ltr'>ἔνθεν</span> <span class='ocrx_word' id='word_1_25' title='bbox 571 333 578 340; x_wconf 79' lang='grc'><em>”</em></span> <span class='ocrx_word' id='word_1_26' title='bbox 595 324 657 350; x_wconf 70' lang='grc' dir='ltr'>οὐδὲ</span> <span class='ocrx_word' id='word_1_27' title='bbox 671 324 725 360; x_wconf 83' lang='grc' dir='ltr'><strong>γὰρ</strong></span> <span class='ocrx_word' id='word_1_28' title='bbox 740 324 845 360; x_wconf 81' lang='grc' dir='ltr'><strong>πρέπον</strong></span> 
     </span>
    </p>
   </div>
   <div class='ocr_carea' id='block_1_6' title="bbox 207 370 837 406">
    <p class='ocr_par' dir='ltr' id='par_1_6' title="bbox 207 370 837 406">
     <span class='ocr_line' id='line_1_6' title="bbox 207 370 837 406; baseline -0.003 -8"><span class='ocrx_word' id='word_1_29' title='bbox 207 371 261 398; x_wconf 64' lang='lat'><strong>“235</strong></span> <span class='ocrx_word' id='word_1_30' title='bbox 277 370 369 406; x_wconf 81' lang='grc' dir='ltr'><strong>Ἤμῶν</strong></span> <span class='ocrx_word' id='word_1_31' title='bbox 393 370 505 405; x_wconf 84' lang='grc' dir='ltr'>Ἀθήνας</span> <span class='ocrx_word' id='word_1_32' title='bbox 522 371 648 396; x_wconf 79' lang='grc' dir='ltr'><strong>ἐκπεσεῖν</strong></span> <span class='ocrx_word' id='word_1_33' title='bbox 667 370 715 402; x_wconf 77' lang='grc' dir='ltr'><strong>τὰς</strong></span> <span class='ocrx_word' id='word_1_34' title='bbox 735 371 837 405; x_wconf 81' lang='grc' dir='ltr'><strong>τιμίας,</strong></span> 
     </span>
    </p>
   </div>
   <div class='ocr_carea' id='block_1_7' title="bbox 214 416 834 453">
    <p class='ocr_par' dir='ltr' id='par_1_7' title="bbox 214 416 834 453">
     <span class='ocr_line' id='line_1_7' title="bbox 214 416 834 453; baseline -0.003 -9"><span class='ocrx_word' id='word_1_35' title='bbox 214 418 257 450; x_wconf 84' lang='grc' dir='ltr'><strong>Ὠς</strong></span> <span class='ocrx_word' id='word_1_36' title='bbox 272 417 304 453; x_wconf 81' lang='grc' dir='ltr'><strong>δὴ</strong></span> <span class='ocrx_word' id='word_1_37' title='bbox 320 417 407 451; x_wconf 80' lang='grc' dir='ltr'>λόγων</span> <span class='ocrx_word' id='word_1_38' title='bbox 421 416 552 447; x_wconf 80' lang='grc' dir='ltr'>δώσοντες</span> <span class='ocrx_word' id='word_1_39' title='bbox 569 417 601 442; x_wconf 84' lang='grc' dir='ltr'>ὲκ</span> <span class='ocrx_word' id='word_1_40' title='bbox 613 416 704 451; x_wconf 74' lang='grc' dir='ltr'>ψήφου</span> <span class='ocrx_word' id='word_1_41' title='bbox 719 417 818 452; x_wconf 78' lang='grc' dir='ltr'>κράτος</span> <span class='ocrx_word' id='word_1_42' title='bbox 827 425 834 432; x_wconf 87' lang='grc'><strong>·</strong></span> 
     </span>
    </p>
   </div>
   <div class='ocr_carea' id='block_1_8' title="bbox 210 459 806 496">
    <p class='ocr_par' dir='ltr' id='par_1_8' title="bbox 210 459 806 496">
     <span class='ocr_line' id='line_1_8' title="bbox 210 459 806 496; baseline -0.003 -7"><span class='ocrx_word' id='word_1_43' title='bbox 210 463 281 494; x_wconf 85' lang='grc' dir='ltr'>Ἕως</span> <span class='ocrx_word' id='word_1_44' title='bbox 297 462 423 496; x_wconf 66' lang='grc' dir='ltr'>ἔκαμψαν</span> <span class='ocrx_word' id='word_1_45' title='bbox 438 461 563 496; x_wconf 78' lang='grc' dir='ltr'>(καὶγὰρ</span> <span class='ocrx_word' id='word_1_46' title='bbox 579 459 612 496; x_wconf 78' lang='grc' dir='ltr'>ἦν</span> <span class='ocrx_word' id='word_1_47' title='bbox 626 461 705 496; x_wconf 79' lang='grc' dir='ltr'>δρυὸς</span> <span class='ocrx_word' id='word_1_48' title='bbox 721 461 806 496; x_wconf 83' lang='grc' dir='ltr'>μόνης</span> 
     </span>
    </p>
   </div>
   <div class='ocr_carea' id='block_1_9' title="bbox 208 507 806 545">
    <p class='ocr_par' dir='ltr' id='par_1_9' title="bbox 208 507 806 545">
     <span class='ocr_line' id='line_1_9' title="bbox 208 507 806 545; baseline -0.003 -10"><span class='ocrx_word' id='word_1_49' title='bbox 208 509 323 545; x_wconf 69' lang='grc' dir='ltr'>Θρήνοις</span> <span class='ocrx_word' id='word_1_50' title='bbox 335 508 470 540; x_wconf 76' lang='grc' dir='ltr'><strong>τοσούτοις</strong></span> <span class='ocrx_word' id='word_1_51' title='bbox 485 507 625 543; x_wconf 76' lang='grc' dir='ltr'>ἀντιϐῆναι</span> <span class='ocrx_word' id='word_1_52' title='bbox 639 507 685 534; x_wconf 72' lang='grc' dir='ltr'>καὶ</span> <span class='ocrx_word' id='word_1_53' title='bbox 695 507 806 542; x_wconf 81' lang='grc' dir='ltr'><strong>λόγοις),</strong></span> 
     </span>
    </p>
   </div>
   <div class='ocr_carea' id='block_1_10' title="bbox 209 553 860 590">
    <p class='ocr_par' dir='ltr' id='par_1_10' title="bbox 209 553 860 590">
     <span class='ocr_line' id='line_1_10' title="bbox 209 553 860 590; baseline -0.002 -9"><span class='ocrx_word' id='word_1_54' title='bbox 209 556 247 581; x_wconf 74' lang='grc' dir='ltr'><strong>Οὐ</strong></span> <span class='ocrx_word' id='word_1_55' title='bbox 263 555 316 590; x_wconf 81' lang='grc' dir='ltr'>μὴν</span> <span class='ocrx_word' id='word_1_56' title='bbox 331 554 453 586; x_wconf 84' lang='grc' dir='ltr'><strong>τελείως·</strong></span> <span class='ocrx_word' id='word_1_57' title='bbox 470 554 582 590; x_wconf 73' lang='grc' dir='ltr'>καὶγὰρ</span> <span class='ocrx_word' id='word_1_58' title='bbox 597 553 735 580; x_wconf 80' lang='grc' dir='ltr'>ἀνθεῖλκεν</span> <span class='ocrx_word' id='word_1_59' title='bbox 751 553 860 589; x_wconf 69' lang='grc' dir='ltr'>πατρὶς,</span> 
     </span>
    </p>
   </div>
   <div class='ocr_carea' id='block_1_11' title="bbox 209 599 850 634">
    <p class='ocr_par' dir='ltr' id='par_1_11' title="bbox 209 599 850 634">
     <span class='ocr_line' id='line_1_11' title="bbox 209 599 850 634; baseline -0.002 -7"><span class='ocrx_word' id='word_1_60' title='bbox 209 600 262 627; x_wconf 72' lang='grc'><strong>260</strong></span> <span class='ocrx_word' id='word_1_61' title='bbox 281 599 374 626; x_wconf 79' lang='grc' dir='ltr'><strong>Πίστει</strong></span> <span class='ocrx_word' id='word_1_62' title='bbox 388 599 525 634; x_wconf 77' lang='grc' dir='ltr'><strong>κρατοῦσα</strong></span> <span class='ocrx_word' id='word_1_63' title='bbox 537 599 590 626; x_wconf 86' lang='grc' dir='ltr'>τῶν</span> <span class='ocrx_word' id='word_1_64' title='bbox 605 599 649 634; x_wconf 82' lang='grc' dir='ltr'><strong>ὑφ’</strong></span> <span class='ocrx_word' id='word_1_65' title='bbox 660 599 734 634; x_wconf 76' lang='grc' dir='ltr'>ἥλιον</span> <span class='ocrx_word' id='word_1_66' title='bbox 747 599 850 634; x_wconf 76' lang='grc' dir='ltr'><strong>σχεδὸν,</strong></span> 
     </span>
    </p>
   </div>
   <div class='ocr_carea' id='block_1_12' title="bbox 225 642 785 681">
    <p class='ocr_par' dir='ltr' id='par_1_12' title="bbox 225 642 785 681">
     <span class='ocr_line' id='line_1_12' title="bbox 225 642 785 681; baseline -0.002 -10"><span class='ocrx_word' id='word_1_67' title='bbox 225 642 288 681; x_wconf 81' lang='grc' dir='ltr'><strong>Ενῇ</strong></span> <span class='ocrx_word' id='word_1_68' title='bbox 303 644 456 679; x_wconf 79' lang='grc' dir='ltr'><strong>φιλοσοφεῖν</strong></span> <span class='ocrx_word' id='word_1_69' title='bbox 475 645 529 671; x_wconf 85' lang='grc' dir='ltr'>τῶν</span> <span class='ocrx_word' id='word_1_70' title='bbox 547 644 637 671; x_wconf 74' lang='grc' dir='ltr'>καλῶν</span> <span class='ocrx_word' id='word_1_71' title='bbox 651 644 785 679; x_wconf 80' lang='grc' dir='ltr'>ἐφαίνετο,</span> 
     </span>
    </p>
   </div>
   <div class='ocr_carea' id='block_1_13' title="bbox 210 690 797 727">
    <p class='ocr_par' dir='ltr' id='par_1_13' title="bbox 210 690 797 727">
     <span class='ocr_line' id='line_1_13' title="bbox 210 690 797 727; baseline 0 -10"><span class='ocrx_word' id='word_1_72' title='bbox 210 690 302 722; x_wconf 80' lang='grc' dir='ltr'>Γονεῖς</span> <span class='ocrx_word' id='word_1_73' title='bbox 318 700 347 717; x_wconf 88' lang='grc' dir='ltr'><strong>τε</strong></span> <span class='ocrx_word' id='word_1_74' title='bbox 361 692 433 727; x_wconf 81' lang='grc' dir='ltr'>γήρᾳ</span> <span class='ocrx_word' id='word_1_75' title='bbox 450 691 497 717; x_wconf 82' lang='grc' dir='ltr'>καὶ</span> <span class='ocrx_word' id='word_1_76' title='bbox 513 691 602 726; x_wconf 82' lang='grc' dir='ltr'>χρόνῳ</span> <span class='ocrx_word' id='word_1_77' title='bbox 616 691 797 726; x_wconf 80' lang='grc' dir='ltr'>κεκμηκότες.</span> 
     </span>
    </p>
   </div>
   <div class='ocr_carea' id='block_1_14' title="bbox 248 735 881 773">
    <p class='ocr_par' dir='ltr' id='par_1_14' title="bbox 248 735 881 773">
     <span class='ocr_line' id='line_1_14' title="bbox 248 735 881 773; baseline -0.002 -9"><span class='ocrx_word' id='word_1_78' title='bbox 248 737 306 763; x_wconf 83' lang='grc' dir='ltr'><strong>Ἔτ’</strong></span> <span class='ocrx_word' id='word_1_79' title='bbox 320 735 367 764; x_wconf 84' lang='grc' dir='ltr'>οὖν</span> <span class='ocrx_word' id='word_1_80' title='bbox 387 737 513 773; x_wconf 81' lang='grc' dir='ltr'><strong>Ἀθήναις</strong></span> <span class='ocrx_word' id='word_1_81' title='bbox 529 737 626 772; x_wconf 80' lang='grc' dir='ltr'>μικρὸν</span> <span class='ocrx_word' id='word_1_82' title='bbox 639 737 770 773; x_wconf 80' lang='grc' dir='ltr'>ἐμμείνας</span> <span class='ocrx_word' id='word_1_83' title='bbox 785 737 881 772; x_wconf 86' lang='grc' dir='ltr'>χρόνον</span> 
     </span>
    </p>
   </div>
   <div class='ocr_carea' id='block_1_15' title="bbox 214 782 786 818">
    <p class='ocr_par' dir='ltr' id='par_1_15' title="bbox 214 782 786 818">
     <span class='ocr_line' id='line_1_15' title="bbox 214 782 786 818; baseline 0 -8"><span class='ocrx_word' id='word_1_84' title='bbox 214 783 335 817; x_wconf 69' lang='grc' dir='ltr'>Ἐκλεψα</span> <span class='ocrx_word' id='word_1_85' title='bbox 351 782 450 818; x_wconf 77' lang='grc' dir='ltr'>μικροῦ</span> <span class='ocrx_word' id='word_1_86' title='bbox 470 783 560 818; x_wconf 78' lang='grc' dir='ltr'>λάθρα</span> <span class='ocrx_word' id='word_1_87' title='bbox 572 784 622 818; x_wconf 75' lang='grc' dir='ltr'>τὴν</span> <span class='ocrx_word' id='word_1_88' title='bbox 638 783 770 818; x_wconf 80' lang='grc' dir='ltr'>ἐκδημίαν</span> <span class='ocrx_word' id='word_1_89' title='bbox 780 791 786 798; x_wconf 93' lang='grc'><strong>·</strong></span> 
     </span>
    </p>
   </div>
   <div class='ocr_carea' id='block_1_16' title="bbox 912 453 941 461">
    <p class='ocr_par' dir='ltr' id='par_1_16' title="bbox 912 453 941 461">
     <span class='ocr_line' id='line_1_16' title="bbox 912 453 941 461; baseline 0 0"><span class='ocrx_word' id='word_1_90' title='bbox 912 453 941 461; x_wconf 64' lang='grc' dir='ltr'><strong>ιι</strong></span> 
     </span>
    </p>
   </div>
   <div class='ocr_carea' id='block_1_17' title="bbox 463 840 1015 876">
    <p class='ocr_par' dir='ltr' id='par_1_17' title="bbox 463 840 1015 876">
     <span class='ocr_line' id='line_1_17' title="bbox 463 840 1015 876; baseline -0.002 -8"><span class='ocrx_word' id='word_1_91' title='bbox 463 840 547 875; x_wconf 78' lang='grc'><strong>688</strong></span> <span class='ocrx_word' id='word_1_92' title='bbox 563 840 647 876; x_wconf 80' lang='grc'>689</span> <span class='ocrx_word' id='word_1_93' title='bbox 661 841 806 875; x_wconf 80' lang='lat' dir='ltr'><strong>Adjurant,</strong></span> <span class='ocrx_word' id='word_1_94' title='bbox 819 841 1015 872; x_wconf 86' lang='lat' dir='ltr'><strong>lamentantur,</strong></span> 
     </span>
    </p>
   </div>
   <div class='ocr_carea' id='block_1_18' title="bbox 464 876 1007 907">
    <p class='ocr_par' dir='ltr' id='par_1_18' title="bbox 464 876 1007 907">
     <span class='ocr_line' id='line_1_18' title="bbox 464 876 1007 907; baseline 0.002 -6"><span class='ocrx_word' id='word_1_95' title='bbox 464 878 569 905; x_wconf 82' lang='lat' dir='ltr'><strong>(Antor</strong></span> <span class='ocrx_word' id='word_1_96' title='bbox 583 877 656 903; x_wconf 91' lang='lat' dir='ltr'><strong>enim</strong></span> <span class='ocrx_word' id='word_1_97' title='bbox 673 877 817 907; x_wconf 85' lang='lat' dir='ltr'><strong>suadebat,</strong></span> <span class='ocrx_word' id='word_1_98' title='bbox 836 881 865 902; x_wconf 90' lang='lat' dir='ltr'><strong>ut</strong></span> <span class='ocrx_word' id='word_1_99' title='bbox 882 876 908 902; x_wconf 93' lang='lat' dir='ltr'><strong>id</strong></span> <span class='ocrx_word' id='word_1_100' title='bbox 924 876 1007 902; x_wconf 87' lang='lat' dir='ltr'><strong>etiam</strong></span> 
     </span>
    </p>
   </div>
   <div class='ocr_carea' id='block_1_19' title="bbox 555 129 1492 158">
    <p class='ocr_par' dir='ltr' id='par_1_19' title="bbox 555 129 1492 158">
     <span class='ocr_line' id='line_1_19' title="bbox 555 129 1492 158; baseline 0.002 -2"><span class='ocrx_word' id='word_1_101' title='bbox 555 129 583 156; x_wconf 89' lang='lat' dir='ltr'><strong>S.</strong></span> <span class='ocrx_word' id='word_1_102' title='bbox 602 129 765 158; x_wconf 78' lang='lat' dir='ltr'><strong>GREGORII</strong></span> <span class='ocrx_word' id='word_1_103' title='bbox 781 129 904 157; x_wconf 85' lang='lat' dir='ltr'><strong>THEOL.</strong></span> <span class='ocrx_word' id='word_1_104' title='bbox 925 129 1109 158; x_wconf 77' lang='lat' dir='ltr'><strong>CARMINUM</strong></span> <span class='ocrx_word' id='word_1_105' title='bbox 1124 129 1224 156; x_wconf 81' lang='lat' dir='ltr'><strong>LIBER</strong></span> <span class='ocrx_word' id='word_1_106' title='bbox 1243 129 1276 157; x_wconf 89' lang='lat' dir='ltr'><strong>ll.</strong></span> <span class='ocrx_word' id='word_1_107' title='bbox 1296 129 1492 158; x_wconf 80' lang='lat' dir='ltr'><strong>HISTORICA.</strong></span> 
     </span>
    </p>
   </div>
   <div class='ocr_carea' id='block_1_20' title="bbox 1770 127 1854 160">
    <p class='ocr_par' dir='ltr' id='par_1_20' title="bbox 1770 127 1854 160">
     <span class='ocr_line' id='line_1_20' title="bbox 1770 127 1854 160; baseline 0.024 -2"><span class='ocrx_word' id='word_1_108' title='bbox 1770 127 1854 160; x_wconf 72' lang='grc' dir='ltr'>ιοιϐ</span> 
     </span>
    </p>
   </div>
   <div class='ocr_carea' id='block_1_21' title="bbox 1013 182 1702 221">
    <p class='ocr_par' dir='ltr' id='par_1_21' title="bbox 1013 182 1702 221">
     <span class='ocr_line' id='line_1_21' title="bbox 1013 182 1702 221; baseline 0 -9"><span class='ocrx_word' id='word_1_109' title='bbox 1013 188 1032 218; x_wconf 78' lang='grc' dir='ltr'><strong>Α</strong></span> <span class='ocrx_word' id='word_1_110' title='bbox 1047 185 1099 212; x_wconf 73' lang='grc'><strong>265</strong></span> <span class='ocrx_word' id='word_1_111' title='bbox 1113 182 1228 211; x_wconf 81' lang='grc' dir='ltr'>Ἦλθον·</span> <span class='ocrx_word' id='word_1_112' title='bbox 1245 184 1341 219; x_wconf 84' lang='grc' dir='ltr'>λόγους</span> <span class='ocrx_word' id='word_1_113' title='bbox 1353 184 1451 218; x_wconf 74' lang='grc' dir='ltr'>ἔδειξα,</span> <span class='ocrx_word' id='word_1_114' title='bbox 1465 186 1516 221; x_wconf 77' lang='grc' dir='ltr'>τήν</span> <span class='ocrx_word' id='word_1_115' title='bbox 1529 194 1611 212; x_wconf 88' lang='grc' dir='ltr'>τινων</span> <span class='ocrx_word' id='word_1_116' title='bbox 1626 185 1702 213; x_wconf 82' lang='grc' dir='ltr'>νόσον</span> 
     </span>
    </p>
   </div>
   <div class='ocr_carea' id='block_1_22' title="bbox 1051 229 1706 267">
    <p class='ocr_par' dir='ltr' id='par_1_22' title="bbox 1051 229 1706 267">
     <span class='ocr_line' id='line_1_22' title="bbox 1051 229 1706 267; baseline 0.005 -12"><span class='ocrx_word' id='word_1_117' title='bbox 1051 229 1166 264; x_wconf 81' lang='grc' dir='ltr'><strong>Ἔπλησ¹</strong></span> <span class='ocrx_word' id='word_1_118' title='bbox 1183 229 1369 256; x_wconf 83' lang='grc' dir='ltr'><strong>ἀπαιτούντων</strong></span> <span class='ocrx_word' id='word_1_119' title='bbox 1382 238 1415 265; x_wconf 89' lang='grc' dir='ltr'><strong>με</strong></span> <span class='ocrx_word' id='word_1_120' title='bbox 1430 230 1513 262; x_wconf 78' lang='grc' dir='ltr'>τοῦθ’,</span> <span class='ocrx_word' id='word_1_121' title='bbox 1528 229 1566 262; x_wconf 85' lang='grc' dir='ltr'>ὥς</span> <span class='ocrx_word' id='word_1_122' title='bbox 1577 239 1604 257; x_wconf 86' lang='grc' dir='ltr'><strong>τι</strong></span> <span class='ocrx_word' id='word_1_123' title='bbox 1617 232 1706 267; x_wconf 84' lang='grc' dir='ltr'><strong>χρέος.</strong></span> 
     </span>
    </p>
   </div>
   <div class='ocr_carea' id='block_1_23' title="bbox 1050 274 1646 311">
    <p class='ocr_par' dir='ltr' id='par_1_23' title="bbox 1050 274 1646 311">
     <span class='ocr_line' id='line_1_23' title="bbox 1050 274 1646 311; baseline 0.005 -10"><span class='ocrx_word' id='word_1_124' title='bbox 1050 276 1087 301; x_wconf 83' lang='grc' dir='ltr'><strong>Οὺ</strong></span> <span class='ocrx_word' id='word_1_125' title='bbox 1101 274 1154 310; x_wconf 79' lang='grc' dir='ltr'><strong>γὰρ</strong></span> <span class='ocrx_word' id='word_1_126' title='bbox 1165 274 1268 310; x_wconf 78' lang='grc' dir='ltr'>κρότων</span> <span class='ocrx_word' id='word_1_127' title='bbox 1281 274 1375 310; x_wconf 76' lang='grc' dir='ltr'>ἔμοιγε</span> <span class='ocrx_word' id='word_1_128' title='bbox 1390 275 1436 302; x_wconf 73' lang='grc' dir='ltr'><strong>καὶ</strong></span> <span class='ocrx_word' id='word_1_129' title='bbox 1449 276 1544 311; x_wconf 79' lang='grc' dir='ltr'>ψόφων</span> <span class='ocrx_word' id='word_1_130' title='bbox 1557 276 1646 311; x_wconf 77' lang='grc' dir='ltr'>λόγος,</span> 
     </span>
    </p>
   </div>
   <div class='ocr_carea' id='block_1_24' title="bbox 1051 321 1635 358">
    <p class='ocr_par' dir='ltr' id='par_1_24' title="bbox 1051 321 1635 358">
     <span class='ocr_line' id='line_1_24' title="bbox 1051 321 1635 358; baseline 0.005 -11"><span class='ocrx_word' id='word_1_131' title='bbox 1051 321 1119 348; x_wconf 75' lang='grc' dir='ltr'><strong>Οὐδὲ</strong></span> <span class='ocrx_word' id='word_1_132' title='bbox 1137 321 1334 356; x_wconf 81' lang='grc' dir='ltr'>βλακευμάτων</span> <span class='ocrx_word' id='word_1_133' title='bbox 1345 330 1374 348; x_wconf 88' lang='grc' dir='ltr'>τε</span> <span class='ocrx_word' id='word_1_134' title='bbox 1387 322 1434 348; x_wconf 80' lang='grc' dir='ltr'><strong>καὶ</strong></span> <span class='ocrx_word' id='word_1_135' title='bbox 1448 321 1635 358; x_wconf 82' lang='grc' dir='ltr'>λυγισμάτων,</span> 
     </span>
    </p>
   </div>
   <div class='ocr_carea' id='block_1_25' title="bbox 1050 365 1627 404">
    <p class='ocr_par' dir='ltr' id='par_1_25' title="bbox 1050 365 1627 404">
     <span class='ocr_line' id='line_1_25' title="bbox 1050 365 1627 404; baseline 0.007 -11"><span class='ocrx_word' id='word_1_136' title='bbox 1050 365 1098 398; x_wconf 84' lang='grc' dir='ltr'><strong>Οἷς</strong></span> <span class='ocrx_word' id='word_1_137' title='bbox 1112 368 1136 394; x_wconf 79' lang='grc' dir='ltr'>οἱ</span> <span class='ocrx_word' id='word_1_138' title='bbox 1151 368 1227 402; x_wconf 75' lang='grc' dir='ltr'>σοφοὶ</span> <span class='ocrx_word' id='word_1_139' title='bbox 1242 367 1383 403; x_wconf 78' lang='grc' dir='ltr'>χαίρουσιν</span> <span class='ocrx_word' id='word_1_140' title='bbox 1397 369 1425 394; x_wconf 84' lang='grc' dir='ltr'>ὲν</span> <span class='ocrx_word' id='word_1_141' title='bbox 1438 368 1536 404; x_wconf 79' lang='grc' dir='ltr'>πλήθει</span> <span class='ocrx_word' id='word_1_142' title='bbox 1550 369 1627 397; x_wconf 84' lang='grc' dir='ltr'>νέων.</span> 
     </span>
    </p>
   </div>
   <div class='ocr_carea' id='block_1_26' title="bbox 1051 412 1747 453">
    <p class='ocr_par' dir='ltr' id='par_1_26' title="bbox 1051 412 1747 453">
     <span class='ocr_line' id='line_1_26' title="bbox 1051 412 1747 453; baseline 0.007 -14"><span class='ocrx_word' id='word_1_143' title='bbox 1051 412 1104 440; x_wconf 76' lang='grc' dir='ltr'>2Ἱο</span> <span class='ocrx_word' id='word_1_144' title='bbox 1121 413 1232 449; x_wconf 84' lang='grc' dir='ltr'>Πρῶτον</span> <span class='ocrx_word' id='word_1_145' title='bbox 1250 414 1278 440; x_wconf 87' lang='grc' dir='ltr'><strong>δὲ</strong></span> <span class='ocrx_word' id='word_1_146' title='bbox 1293 413 1372 440; x_wconf 82' lang='grc' dir='ltr'>τοῦτο</span> <span class='ocrx_word' id='word_1_147' title='bbox 1387 414 1565 450; x_wconf 77' lang='grc' dir='ltr'>φιλοσοφῆσαι</span> <span class='ocrx_word' id='word_1_148' title='bbox 1578 416 1747 453; x_wconf 81' lang='grc' dir='ltr'>προυθέμην,</span> 
     </span>
    </p>
   </div>
   <div class='ocr_carea' id='block_1_27' title="bbox 1059 457 1665 495">
    <p class='ocr_par' dir='ltr' id='par_1_27' title="bbox 1059 457 1665 495">
     <span class='ocr_line' id='line_1_27' title="bbox 1059 457 1665 495; baseline 0.007 -11"><span class='ocrx_word' id='word_1_149' title='bbox 1059 458 1148 494; x_wconf 74' lang='grc' dir='ltr'>Ῥῐψαι</span> <span class='ocrx_word' id='word_1_150' title='bbox 1162 458 1221 493; x_wconf 86' lang='grc' dir='ltr'><strong>Θεῷ</strong></span> <span class='ocrx_word' id='word_1_151' title='bbox 1233 458 1280 485; x_wconf 77' lang='grc' dir='ltr'>καὶ</span> <span class='ocrx_word' id='word_1_152' title='bbox 1292 457 1386 492; x_wconf 77' lang='grc' dir='ltr'>τᾶλλα,</span> <span class='ocrx_word' id='word_1_153' title='bbox 1400 459 1447 485; x_wconf 73' lang='grc' dir='ltr'><strong>καὶ</strong></span> <span class='ocrx_word' id='word_1_154' title='bbox 1462 459 1559 492; x_wconf 83' lang='grc' dir='ltr'>πόνους</span> <span class='ocrx_word' id='word_1_155' title='bbox 1571 461 1665 495; x_wconf 80' lang='grc' dir='ltr'>λόγων,</span> 
     </span>
    </p>
   </div>
   <div class='ocr_carea' id='block_1_28' title="bbox 1059 505 1658 541">
    <p class='ocr_par' dir='ltr' id='par_1_28' title="bbox 1059 505 1658 541">
     <span class='ocr_line' id='line_1_28' title="bbox 1059 505 1658 541; baseline 0.003 -10"><span class='ocrx_word' id='word_1_156' title='bbox 1059 505 1103 537; x_wconf 82' lang='grc' dir='ltr'>Ὦς</span> <span class='ocrx_word' id='word_1_157' title='bbox 1118 506 1144 531; x_wconf 76' lang='grc' dir='ltr'>οἱ</span> <span class='ocrx_word' id='word_1_158' title='bbox 1157 505 1290 540; x_wconf 82' lang='grc' dir='ltr'><strong>παρέντες</strong></span> <span class='ocrx_word' id='word_1_159' title='bbox 1308 505 1473 541; x_wconf 75' lang='grc' dir='ltr'>μηλοϐότους</span> <span class='ocrx_word' id='word_1_160' title='bbox 1492 507 1542 538; x_wconf 82' lang='grc' dir='ltr'>τὰς</span> <span class='ocrx_word' id='word_1_161' title='bbox 1554 507 1658 540; x_wconf 82' lang='grc' dir='ltr'>οὐσίας,</span> 
     </span>
    </p>
   </div>
   <div class='ocr_carea' id='block_1_29' title="bbox 1057 551 1677 588">
    <p class='ocr_par' dir='ltr' id='par_1_29' title="bbox 1057 551 1677 588">
     <span class='ocr_line' id='line_1_29' title="bbox 1057 551 1677 588; baseline 0.005 -11"><span class='ocrx_word' id='word_1_162' title='bbox 1057 552 1090 578; x_wconf 88' lang='lat' dir='ltr'><strong>&quot;H</strong></span> <span class='ocrx_word' id='word_1_163' title='bbox 1103 551 1203 587; x_wconf 79' lang='grc' dir='ltr'>χρυσὸν</span> <span class='ocrx_word' id='word_1_164' title='bbox 1221 551 1397 586; x_wconf 78' lang='grc' dir='ltr'>ἀθροίσαντες</span> <span class='ocrx_word' id='word_1_165' title='bbox 1415 553 1455 584; x_wconf 72' lang='grc' dir='ltr'>εἰς</span> <span class='ocrx_word' id='word_1_166' title='bbox 1468 552 1557 588; x_wconf 77' lang='grc' dir='ltr'>ἅλμης</span> <span class='ocrx_word' id='word_1_167' title='bbox 1569 552 1677 588; x_wconf 75' lang='grc' dir='ltr'>βυθούς.</span> 
     </span>
    </p>
   </div>
   <div class='ocr_carea' id='block_1_30' title="bbox 1060 596 1701 637">
    <p class='ocr_par' dir='ltr' id='par_1_30' title="bbox 1060 596 1701 637">
     <span class='ocr_line' id='line_1_30' title="bbox 1060 596 1701 637; baseline 0.003 -12"><span class='ocrx_word' id='word_1_168' title='bbox 1060 598 1130 625; x_wconf 81' lang='grc' dir='ltr'>Ἀλλ’</span> <span class='ocrx_word' id='word_1_169' title='bbox 1145 597 1240 633; x_wconf 84' lang='grc' dir='ltr'>ὥσπερ</span> <span class='ocrx_word' id='word_1_170' title='bbox 1252 596 1338 631; x_wconf 84' lang='grc' dir='ltr'>εἷπον,</span> <span class='ocrx_word' id='word_1_171' title='bbox 1351 600 1407 630; x_wconf 84' lang='grc' dir='ltr'>τοῖς</span> <span class='ocrx_word' id='word_1_172' title='bbox 1421 598 1508 633; x_wconf 81' lang='grc' dir='ltr'>φῑλοις</span> <span class='ocrx_word' id='word_1_173' title='bbox 1522 599 1701 637; x_wconf 80' lang='grc' dir='ltr'><strong>ὠρχησάμην.</strong></span> 
     </span>
    </p>
   </div>
   <div class='ocr_carea' id='block_1_31' title="bbox 1053 641 1731 680">
    <p class='ocr_par' dir='ltr' id='par_1_31' title="bbox 1053 641 1731 680">
     <span class='ocr_line' id='line_1_31' title="bbox 1053 641 1731 680; baseline 0.004 -11"><span class='ocrx_word' id='word_1_174' title='bbox 1053 642 1106 670; x_wconf 78' lang='grc'><strong>275</strong></span> <span class='ocrx_word' id='word_1_175' title='bbox 1121 643 1201 670; x_wconf 76' lang='grc' dir='ltr'>Ταῦτ’</span> <span class='ocrx_word' id='word_1_176' title='bbox 1216 641 1250 679; x_wconf 82' lang='grc' dir='ltr'>ἦν</span> <span class='ocrx_word' id='word_1_177' title='bbox 1263 643 1375 678; x_wconf 83' lang='grc' dir='ltr'><strong>ἀγώνων</strong></span> <span class='ocrx_word' id='word_1_178' title='bbox 1394 643 1487 680; x_wconf 80' lang='grc' dir='ltr'>ὥσπερ</span> <span class='ocrx_word' id='word_1_179' title='bbox 1503 645 1731 680; x_wconf 79' lang='grc' dir='ltr'>ὲγγυμνάσματα,</span> 
     </span>
    </p>
   </div>
   <div class='ocr_carea' id='block_1_32' title="bbox 1054 689 1650 727">
    <p class='ocr_par' dir='ltr' id='par_1_32' title="bbox 1054 689 1650 727">
     <span class='ocr_line' id='line_1_32' title="bbox 1054 689 1650 727; baseline 0.005 -11"><span class='ocrx_word' id='word_1_180' title='bbox 1054 690 1090 716; x_wconf 83' lang='grc' dir='ltr'>Ἦ</span> <span class='ocrx_word' id='word_1_181' title='bbox 1107 690 1154 716; x_wconf 86' lang='grc' dir='ltr'>καὶ</span> <span class='ocrx_word' id='word_1_182' title='bbox 1168 690 1312 726; x_wconf 85' lang='grc' dir='ltr'>προτέλεια</span> <span class='ocrx_word' id='word_1_183' title='bbox 1334 689 1465 725; x_wconf 74' lang='grc' dir='ltr'>μειζόνων</span> <span class='ocrx_word' id='word_1_184' title='bbox 1483 691 1650 727; x_wconf 73' lang='grc' dir='ltr'>μυστηρίων.</span> 
     </span>
    </p>
   </div>
   <div class='ocr_carea' id='block_1_33' title="bbox 1057 730 1638 773">
    <p class='ocr_par' dir='ltr' id='par_1_33' title="bbox 1057 730 1638 773">
     <span class='ocr_line' id='line_1_33' title="bbox 1057 730 1638 773; baseline 0.003 -10"><span class='ocrx_word' id='word_1_185' title='bbox 1057 737 1130 763; x_wconf 84' lang='grc' dir='ltr'>Ἔδει</span> <span class='ocrx_word' id='word_1_186' title='bbox 1144 737 1172 764; x_wconf 74' lang='grc' dir='ltr'><strong>δὲ</strong></span> <span class='ocrx_word' id='word_1_187' title='bbox 1183 736 1276 764; x_wconf 80' lang='grc' dir='ltr'>λοιπὸν</span> <span class='ocrx_word' id='word_1_188' title='bbox 1291 737 1425 772; x_wconf 79' lang='grc' dir='ltr'><strong>ἀνδρικῶν</strong></span> <span class='ocrx_word' id='word_1_189' title='bbox 1439 730 1638 773; x_wconf 75' lang='grc' dir='ltr'>βουλευμάτων.</span> 
     </span>
    </p>
   </div>
   <div class='ocr_carea' id='block_1_34' title="bbox 1057 775 1598 821">
    <p class='ocr_par' dir='ltr' id='par_1_34' title="bbox 1057 775 1598 821">
     <span class='ocr_line' id='line_1_34' title="bbox 1057 775 1598 821; baseline 0.004 -12"><span class='ocrx_word' id='word_1_190' title='bbox 1057 783 1149 809; x_wconf 86' lang='grc' dir='ltr'>Ἔνδον</span> <span class='ocrx_word' id='word_1_191' title='bbox 1165 775 1267 815; x_wconf 74' lang='grc' dir='ltr'>καθίζῶ</span> <span class='ocrx_word' id='word_1_192' title='bbox 1281 783 1335 810; x_wconf 87' lang='grc' dir='ltr'>τῶν</span> <span class='ocrx_word' id='word_1_193' title='bbox 1349 784 1434 819; x_wconf 78' lang='grc' dir='ltr'>φίλων</span> <span class='ocrx_word' id='word_1_194' title='bbox 1448 785 1598 821; x_wconf 85' lang='grc' dir='ltr'>κριτήριον,</span> 
     </span>
    </p>
   </div>
   <div class='ocr_carea' id='block_1_35' title="bbox 1034 841 1463 876">
    <p class='ocr_par' dir='ltr' id='par_1_35' title="bbox 1034 841 1463 876">
     <span class='ocr_line' id='line_1_35' title="bbox 1034 841 1463 876; baseline 0.007 -9"><span class='ocrx_word' id='word_1_195' title='bbox 1034 841 1074 868; x_wconf 83' lang='lat' dir='ltr'><strong>vis</strong></span> <span class='ocrx_word' id='word_1_196' title='bbox 1090 841 1172 868; x_wconf 83' lang='lat' dir='ltr'><strong>etiam</strong></span> <span class='ocrx_word' id='word_1_197' title='bbox 1188 841 1291 876; x_wconf 84' lang='lat' dir='ltr'><strong>aliquid</strong></span> <span class='ocrx_word' id='word_1_198' title='bbox 1309 842 1463 870; x_wconf 87' lang='lat' dir='ltr'><strong>admiscent</strong></span> 
     </span>
    </p>
   </div>
   <div class='ocr_carea' id='block_1_36' title="bbox 1023 876 1188 910">
    <p class='ocr_par' dir='ltr' id='par_1_36' title="bbox 1023 876 1188 910">
     <span class='ocr_line' id='line_1_36' title="bbox 1023 876 1188 910; baseline 0.006 -8"><span class='ocrx_word' id='word_1_199' title='bbox 1023 876 1157 903; x_wconf 85' lang='lat' dir='ltr'><strong>auderent</strong></span> <span class='ocrx_word' id='word_1_200' title='bbox 1169 880 1188 910; x_wconf 82' lang='lat'><strong>),</strong></span> 
     </span>
    </p>
   </div>
   <div class='ocr_carea' id='block_1_37' title="bbox 464 910 1151 946">
    <p class='ocr_par' dir='ltr' id='par_1_37' title="bbox 464 910 1151 946">
     <span class='ocr_line' id='line_1_37' title="bbox 464 910 1151 946; baseline 0.003 -10"><span class='ocrx_word' id='word_1_201' title='bbox 464 910 607 946; x_wconf 90' lang='lat' dir='ltr'><strong>Violenter</strong></span> <span class='ocrx_word' id='word_1_202' title='bbox 623 911 748 938; x_wconf 77' lang='lat' dir='ltr'><strong>detinent</strong></span> <span class='ocrx_word' id='word_1_203' title='bbox 762 921 769 944; x_wconf 89' lang='lat'><strong>;</strong></span> <span class='ocrx_word' id='word_1_204' title='bbox 789 919 840 938; x_wconf 84' lang='lat' dir='ltr'><strong>nec</strong></span> <span class='ocrx_word' id='word_1_205' title='bbox 857 911 991 946; x_wconf 85' lang='lat' dir='ltr'><strong>quidquid</strong></span> <span class='ocrx_word' id='word_1_206' title='bbox 1007 911 1151 943; x_wconf 89' lang='lat' dir='ltr'><strong>acciderit,</strong></span> 
     </span>
    </p>
   </div>
   <div class='ocr_carea' id='block_1_38' title="bbox 464 945 1158 981">
    <p class='ocr_par' dir='ltr' id='par_1_38' title="bbox 464 945 1158 981">
     <span class='ocr_line' id='line_1_38' title="bbox 464 945 1158 981; baseline 0.003 -9"><span class='ocrx_word' id='word_1_207' title='bbox 464 945 529 972; x_wconf 89' lang='lat' dir='ltr'><strong>Inde</strong></span> <span class='ocrx_word' id='word_1_208' title='bbox 551 946 716 975; x_wconf 84' lang='lat' dir='ltr'><strong>dimissuros</strong></span> <span class='ocrx_word' id='word_1_209' title='bbox 732 948 828 973; x_wconf 88' lang='lat' dir='ltr'><strong>dicunt</strong></span> <span class='ocrx_word' id='word_1_210' title='bbox 843 955 850 979; x_wconf 91' lang='lat'>;</span> <span class='ocrx_word' id='word_1_211' title='bbox 867 945 958 981; x_wconf 83' lang='lat' dir='ltr'><strong>neque</strong></span> <span class='ocrx_word' id='word_1_212' title='bbox 973 947 1044 973; x_wconf 92' lang='lat' dir='ltr'><strong>enim</strong></span> <span class='ocrx_word' id='word_1_213' title='bbox 1060 947 1158 974; x_wconf 81' lang='lat' dir='ltr'><strong>decere</strong></span> 
     </span>
    </p>
   </div>
   <div class='ocr_carea' id='block_1_39' title="bbox 463 981 1233 1012">
    <p class='ocr_par' dir='ltr' id='par_1_39' title="bbox 463 981 1233 1012">
     <span class='ocr_line' id='line_1_39' title="bbox 463 981 1233 1012; baseline 0.005 -5"><span class='ocrx_word' id='word_1_214' title='bbox 463 981 518 1008; x_wconf 68' lang='grc'><strong>255</strong></span> <span class='ocrx_word' id='word_1_215' title='bbox 533 981 568 1009; x_wconf 88' lang='lat' dir='ltr'><strong>Ut</strong></span> <span class='ocrx_word' id='word_1_216' title='bbox 586 984 637 1009; x_wconf 86' lang='lat' dir='ltr'><strong>mei</strong></span> <span class='ocrx_word' id='word_1_217' title='bbox 656 982 785 1009; x_wconf 85' lang='lat' dir='ltr'><strong>damnum</strong></span> <span class='ocrx_word' id='word_1_218' title='bbox 804 982 906 1008; x_wconf 79' lang='lat' dir='ltr'><strong>faciant</strong></span> <span class='ocrx_word' id='word_1_219' title='bbox 922 982 1093 1009; x_wconf 84' lang='lat' dir='ltr'><strong>venerabiles</strong></span> <span class='ocrx_word' id='word_1_220' title='bbox 1109 983 1233 1012; x_wconf 85' lang='lat' dir='ltr'><strong>Athenae.</strong></span> 
     </span>
    </p>
   </div>
   <div class='ocr_carea' id='block_1_40' title="bbox 465 1017 1339 1052">
    <p class='ocr_par' dir='ltr' id='par_1_40' title="bbox 465 1017 1339 1052">
     <span class='ocr_line' id='line_1_40' title="bbox 465 1017 1339 1052; baseline 0.002 -9"><span class='ocrx_word' id='word_1_221' title='bbox 465 1017 516 1052; x_wconf 66' lang='lat' dir='ltr'><strong>Qui</strong></span> <span class='ocrx_word' id='word_1_222' title='bbox 533 1017 687 1044; x_wconf 89' lang='lat' dir='ltr'><strong>litterarmn</strong></span> <span class='ocrx_word' id='word_1_223' title='bbox 706 1017 890 1052; x_wconf 85' lang='lat' dir='ltr'><strong>principatum</strong></span> <span class='ocrx_word' id='word_1_224' title='bbox 906 1017 1036 1052; x_wconf 79' lang='lat' dir='ltr'><strong>suffragio</strong></span> <span class='ocrx_word' id='word_1_225' title='bbox 1056 1024 1106 1045; x_wconf 88' lang='lat' dir='ltr'><strong>suo</strong></span> <span class='ocrx_word' id='word_1_226' title='bbox 1119 1018 1236 1046; x_wconf 90' lang='lat' dir='ltr'><strong>delaturi</strong></span> <span class='ocrx_word' id='word_1_227' title='bbox 1255 1023 1339 1051; x_wconf 86' lang='lat' dir='ltr'><strong>sunt;</strong></span> 
     </span>
    </p>
   </div>
   <div class='ocr_carea' id='block_1_41' title="bbox 466 1051 805 1080">
    <p class='ocr_par' dir='ltr' id='par_1_41' title="bbox 466 1051 805 1080">
     <span class='ocr_line' id='line_1_41' title="bbox 466 1051 805 1080; baseline 0.003 -2"><span class='ocrx_word' id='word_1_228' title='bbox 466 1051 587 1079; x_wconf 81' lang='lat' dir='ltr'><strong>Tandem</strong></span> <span class='ocrx_word' id='word_1_229' title='bbox 603 1051 745 1080; x_wconf 79' lang='lat' dir='ltr'><strong>inﬂectunt</strong></span> <span class='ocrx_word' id='word_1_230' title='bbox 762 1051 805 1079; x_wconf 76' lang='lat' dir='ltr'><strong>me</strong></span> 
     </span>
    </p>
   </div>
   <div class='ocr_carea' id='block_1_42' title="bbox 824 1053 1123 1087">
    <p class='ocr_par' dir='ltr' id='par_1_42' title="bbox 824 1053 1123 1087">
     <span class='ocr_line' id='line_1_42' title="bbox 824 1053 1123 1087; baseline 0.003 -7"><span class='ocrx_word' id='word_1_231' title='bbox 824 1054 833 1087; x_wconf 90' lang='lat'><strong>(</strong></span> <span class='ocrx_word' id='word_1_232' title='bbox 845 1053 902 1080; x_wconf 90' lang='lat' dir='ltr'><strong>sola</strong></span> <span class='ocrx_word' id='word_1_233' title='bbox 915 1053 988 1080; x_wconf 91' lang='lat' dir='ltr'><strong>enitn</strong></span> <span class='ocrx_word' id='word_1_234' title='bbox 1004 1060 1123 1087; x_wconf 86' lang='lat' dir='ltr'><strong>quercus</strong></span> 
     </span>
    </p>
   </div>
   <div class='ocr_carea' id='block_1_43' title="bbox 466 1086 1068 1123">
    <p class='ocr_par' dir='ltr' id='par_1_43' title="bbox 466 1086 1068 1123">
     <span class='ocr_line' id='line_1_43' title="bbox 466 1086 1068 1123; baseline 0.005 -10"><span class='ocrx_word' id='word_1_235' title='bbox 466 1086 580 1123; x_wconf 62' lang='lat' dir='ltr'><strong>Ialibus</strong></span> <span class='ocrx_word' id='word_1_236' title='bbox 594 1088 722 1116; x_wconf 80' lang='lat' dir='ltr'><strong>lamentis</strong></span> <span class='ocrx_word' id='word_1_237' title='bbox 738 1086 886 1116; x_wconf 76' lang='lat' dir='ltr'><strong>restitisset</strong></span> <span class='ocrx_word' id='word_1_238' title='bbox 899 1093 925 1115; x_wconf 88' lang='lat' dir='ltr'><strong>et</strong></span> <span class='ocrx_word' id='word_1_239' title='bbox 938 1086 1068 1123; x_wconf 83' lang='lat' dir='ltr'><strong>verbis);</strong></span> 
     </span>
    </p>
   </div>
   <div class='ocr_carea' id='block_1_44' title="bbox 465 1121 1013 1158">
    <p class='ocr_par' dir='ltr' id='par_1_44' title="bbox 465 1121 1013 1158">
     <span class='ocr_line' id='line_1_44' title="bbox 465 1121 1013 1158; baseline 0.002 -10"><span class='ocrx_word' id='word_1_240' title='bbox 465 1121 525 1149; x_wconf 87' lang='lat' dir='ltr'><strong>Non</strong></span> <span class='ocrx_word' id='word_1_241' title='bbox 539 1127 630 1158; x_wconf 68' lang='lat' dir='ltr'><strong>tamen</strong></span> <span class='ocrx_word' id='word_1_242' title='bbox 647 1123 726 1158; x_wconf 89' lang='lat' dir='ltr'><strong>plene</strong></span> <span class='ocrx_word' id='word_1_243' title='bbox 740 1132 746 1149; x_wconf 92' lang='lat'><strong>:</strong></span> <span class='ocrx_word' id='word_1_244' title='bbox 765 1123 922 1150; x_wconf 86' lang='lat' dir='ltr'><strong>retrahebat</strong></span> <span class='ocrx_word' id='word_1_245' title='bbox 942 1123 1013 1150; x_wconf 90' lang='lat' dir='ltr'><strong>enim</strong></span> 
     </span>
    </p>
   </div>
   <div class='ocr_carea' id='block_1_45' title="bbox 1029 1123 1130 1158">
    <p class='ocr_par' dir='ltr' id='par_1_45' title="bbox 1029 1123 1130 1158">
     <span class='ocr_line' id='line_1_45' title="bbox 1029 1123 1130 1158; baseline 0 -8"><span class='ocrx_word' id='word_1_246' title='bbox 1029 1123 1130 1158; x_wconf 82' lang='lat' dir='ltr'><strong>patria,</strong></span> 
     </span>
    </p>
   </div>
   <div class='ocr_carea' id='block_1_46' title="bbox 465 1157 1312 1195">
    <p class='ocr_par' dir='ltr' id='par_1_46' title="bbox 465 1157 1312 1195">
     <span class='ocr_line' id='line_1_46' title="bbox 465 1157 1312 1195; baseline 0.002 -11"><span class='ocrx_word' id='word_1_247' title='bbox 465 1157 519 1195; x_wconf 55' lang='grc' dir='ltr'><strong>ᾷίίυ</strong></span> <span class='ocrx_word' id='word_1_248' title='bbox 537 1157 604 1195; x_wconf 77' lang='lat' dir='ltr'><strong>Fide</strong></span> <span class='ocrx_word' id='word_1_249' title='bbox 618 1157 754 1195; x_wconf 80' lang='lat' dir='ltr'><strong>omnium,</strong></span> <span class='ocrx_word' id='word_1_250' title='bbox 771 1167 832 1193; x_wconf 67' lang='lat' dir='ltr'><strong>qua:</strong></span> <span class='ocrx_word' id='word_1_251' title='bbox 849 1159 901 1186; x_wconf 93' lang='lat' dir='ltr'><strong>sub</strong></span> <span class='ocrx_word' id='word_1_252' title='bbox 917 1157 1065 1195; x_wconf 17' lang='lat' dir='ltr'><strong>solersuitl.</strong></span> <span class='ocrx_word' id='word_1_253' title='bbox 1084 1167 1153 1194; x_wconf 87' lang='lat' dir='ltr'><strong>pene</strong></span> <span class='ocrx_word' id='word_1_254' title='bbox 1173 1159 1312 1195; x_wconf 83' lang='lat' dir='ltr'><strong>princeps,</strong></span> 
     </span>
    </p>
   </div>
   <div class='ocr_carea' id='block_1_47' title="bbox 467 1192 1120 1229">
    <p class='ocr_par' dir='ltr' id='par_1_47' title="bbox 467 1192 1120 1229">
     <span class='ocr_line' id='line_1_47' title="bbox 467 1192 1120 1229; baseline 0.003 -10"><span class='ocrx_word' id='word_1_255' title='bbox 467 1192 496 1229; x_wconf 79' lang='lat' dir='ltr'><strong>ln</strong></span> <span class='ocrx_word' id='word_1_256' title='bbox 510 1201 565 1228; x_wconf 87' lang='lat' dir='ltr'><strong>qua</strong></span> <span class='ocrx_word' id='word_1_257' title='bbox 581 1194 769 1229; x_wconf 88' lang='lat' dir='ltr'><strong>philosophari</strong></span> <span class='ocrx_word' id='word_1_258' title='bbox 780 1192 948 1229; x_wconf 57' lang='lat' dir='ltr'><strong>praeclarum</strong></span> <span class='ocrx_word' id='word_1_259' title='bbox 964 1192 1120 1226; x_wconf 79' lang='lat' dir='ltr'><strong>videbatur,</strong></span> 
     </span>
    </p>
   </div>
   <div class='ocr_carea' id='block_1_48' title="bbox 467 1228 1329 1265">
    <p class='ocr_par' dir='ltr' id='par_1_48' title="bbox 467 1228 1329 1265">
     <span class='ocr_line' id='line_1_48' title="bbox 467 1228 1329 1265; baseline 0.002 -10"><span class='ocrx_word' id='word_1_260' title='bbox 467 1228 545 1265; x_wconf 74' lang='lat' dir='ltr'><strong>Tunc</strong></span> <span class='ocrx_word' id='word_1_261' title='bbox 559 1229 640 1255; x_wconf 83' lang='lat' dir='ltr'><strong>etiam</strong></span> <span class='ocrx_word' id='word_1_262' title='bbox 657 1228 941 1265; x_wconf 26' lang='lat' dir='ltr'><strong>pai&#39;entes’senectutc</strong></span> <span class='ocrx_word' id='word_1_263' title='bbox 957 1234 984 1256; x_wconf 90' lang='lat' dir='ltr'><strong>et</strong></span> <span class='ocrx_word' id='word_1_264' title='bbox 1001 1231 1081 1257; x_wconf 87' lang='lat' dir='ltr'><strong>annis</strong></span> <span class='ocrx_word' id='word_1_265' title='bbox 1096 1230 1329 1265; x_wconf 78' lang='lat' dir='ltr'><strong>ingravescentes.</strong></span> 
     </span>
    </p>
   </div>
   <div class='ocr_carea' id='block_1_49' title="bbox 502 1263 1339 1300">
    <p class='ocr_par' dir='ltr' id='par_1_49' title="bbox 502 1263 1339 1300">
     <span class='ocr_line' id='line_1_49' title="bbox 502 1263 1339 1300; baseline 0.002 -10"><span class='ocrx_word' id='word_1_266' title='bbox 502 1263 670 1300; x_wconf 17' lang='lat' dir='ltr'><strong>Cumrigitur</strong></span> <span class='ocrx_word' id='word_1_267' title='bbox 683 1264 798 1292; x_wconf 77' lang='lat' dir='ltr'><strong>Athenis</strong></span> <span class='ocrx_word' id='word_1_268' title='bbox 818 1264 892 1292; x_wconf 88' lang='lat' dir='ltr'><strong>brevi</strong></span> <span class='ocrx_word' id='word_1_269' title='bbox 909 1265 1000 1292; x_wconf 87' lang='lat' dir='ltr'><strong>adhuc</strong></span> <span class='ocrx_word' id='word_1_270' title='bbox 1017 1263 1140 1300; x_wconf 75' lang='lat' dir='ltr'><strong>tempore</strong></span> <span class='ocrx_word' id='word_1_271' title='bbox 1163 1266 1339 1297; x_wconf 73' lang='lat' dir='ltr'><strong>mansissent,</strong></span> 
     </span>
    </p>
   </div>
   <div class='ocr_carea' id='block_1_50' title="bbox 468 1298 1105 1335">
    <p class='ocr_par' dir='ltr' id='par_1_50' title="bbox 468 1298 1105 1335">
     <span class='ocr_line' id='line_1_50' title="bbox 468 1298 1105 1335; baseline 0.002 -9"><span class='ocrx_word' id='word_1_272' title='bbox 468 1298 669 1335; x_wconf 63' lang='lat' dir='ltr'><strong>Prol&#39;ectionem</strong></span> <span class='ocrx_word' id='word_1_273' title='bbox 687 1300 838 1327; x_wconf 74' lang='lat' dir='ltr'><strong>sulluratus</strong></span> <span class='ocrx_word' id='word_1_274' title='bbox 852 1307 912 1327; x_wconf 91' lang='lat' dir='ltr'><strong>sum</strong></span> <span class='ocrx_word' id='word_1_275' title='bbox 930 1309 998 1335; x_wconf 89' lang='lat' dir='ltr'><strong>pene</strong></span> <span class='ocrx_word' id='word_1_276' title='bbox 1015 1298 1085 1327; x_wconf 80' lang='lat' dir='ltr'><strong>clam</strong></span> <span class='ocrx_word' id='word_1_277' title='bbox 1099 1310 1105 1327; x_wconf 92' lang='lat'><strong><em>:</em></strong></span> 
     </span>
    </p>
   </div>
   <div class='ocr_carea' id='block_1_51' title="bbox 467 1333 1313 1371">
    <p class='ocr_par' dir='ltr' id='par_1_51' title="bbox 467 1333 1313 1371">
     <span class='ocr_line' id='line_1_51' title="bbox 467 1333 1313 1371; baseline 0.002 -11"><span class='ocrx_word' id='word_1_278' title='bbox 467 1333 521 1371; x_wconf 50' lang='lat'><strong>265</strong></span> <span class='ocrx_word' id='word_1_279' title='bbox 537 1334 624 1361; x_wconf 87' lang='lat' dir='ltr'><strong>Veni:</strong></span> <span class='ocrx_word' id='word_1_280' title='bbox 643 1336 744 1371; x_wconf 85' lang='lat' dir='ltr'><strong>eloquii</strong></span> <span class='ocrx_word' id='word_1_281' title='bbox 758 1336 897 1370; x_wconf 86' lang='lat' dir='ltr'><strong>specimen</strong></span> <span class='ocrx_word' id='word_1_282' title='bbox 912 1333 986 1368; x_wconf 79' lang='lat' dir='ltr'><strong>dedi,</strong></span> <span class='ocrx_word' id='word_1_283' title='bbox 1003 1337 1198 1363; x_wconf 91' lang='lat' dir='ltr'><strong>nonnullorum</strong></span> <span class='ocrx_word' id='word_1_284' title='bbox 1217 1337 1313 1362; x_wconf 87' lang='lat' dir='ltr'><strong>morbo</strong></span> 
     </span>
    </p>
   </div>
   <div class='ocr_carea' id='block_1_52' title="bbox 468 1368 1013 1405">
    <p class='ocr_par' dir='ltr' id='par_1_52' title="bbox 468 1368 1013 1405">
     <span class='ocr_line' id='line_1_52' title="bbox 468 1368 1013 1405; baseline 0 -9"><span class='ocrx_word' id='word_1_285' title='bbox 468 1368 622 1405; x_wconf 74' lang='lat' dir='ltr'><strong>Qbsecutus</strong></span> <span class='ocrx_word' id='word_1_286' title='bbox 635 1368 706 1402; x_wconf 59' lang='lat' dir='ltr'><strong>sum,</strong></span> <span class='ocrx_word' id='word_1_287' title='bbox 723 1368 812 1405; x_wconf 47' lang='lat' dir='ltr'><strong>qui—id</strong></span> <span class='ocrx_word' id='word_1_288' title='bbox 827 1378 843 1397; x_wconf 89' lang='lat' dir='ltr'><strong>a</strong></span> <span class='ocrx_word' id='word_1_289' title='bbox 857 1379 910 1402; x_wconf 85' lang='lat' dir='ltr'><strong>me.</strong></span> <span class='ocrx_word' id='word_1_290' title='bbox 929 1371 1013 1398; x_wconf 91' lang='lat' dir='ltr'><strong>veluti</strong></span> 
     </span>
    </p>
   </div>
   <div class='ocr_carea' id='block_1_53' title="bbox 1027 1371 1503 1407">
    <p class='ocr_par' dir='ltr' id='par_1_53' title="bbox 1027 1371 1503 1407">
     <span class='ocr_line' id='line_1_53' title="bbox 1027 1371 1503 1407; baseline 0 -9"><span class='ocrx_word' id='word_1_291' title='bbox 1027 1371 1150 1398; x_wconf 83' lang='lat' dir='ltr'><strong>debitum</strong></span> <span class='ocrx_word' id='word_1_292' title='bbox 1166 1371 1315 1406; x_wconf 81' lang='lat' dir='ltr'><strong>quoddam,</strong></span> <span class='ocrx_word' id='word_1_293' title='bbox 1333 1373 1503 1407; x_wconf 79' lang='lat' dir='ltr'><strong>repetebant.</strong></span> 
     </span>
    </p>
   </div>
   <div class='ocr_carea' id='block_1_54' title="bbox 469 1403 1112 1441">
    <p class='ocr_par' dir='ltr' id='par_1_54' title="bbox 469 1403 1112 1441">
     <span class='ocr_line' id='line_1_54' title="bbox 469 1403 1112 1441; baseline 0.003 -10"><span class='ocrx_word' id='word_1_294' title='bbox 469 1403 528 1441; x_wconf 51' lang='lat' dir='ltr'><strong>Eon</strong></span> <span class='ocrx_word' id='word_1_295' title='bbox 545 1405 618 1441; x_wconf 85' lang='lat' dir='ltr'><strong>enim</strong></span> <span class='ocrx_word' id='word_1_296' title='bbox 639 1403 755 1440; x_wconf 82' lang='lat' dir='ltr'><strong>plausus</strong></span> <span class='ocrx_word' id='word_1_297' title='bbox 772 1410 799 1433; x_wconf 93' lang='lat' dir='ltr'><strong>et</strong></span> <span class='ocrx_word' id='word_1_298' title='bbox 819 1407 951 1441; x_wconf 86' lang='lat' dir='ltr'><strong>strepitus</strong></span> <span class='ocrx_word' id='word_1_299' title='bbox 970 1407 1112 1439; x_wconf 88' lang='lat' dir='ltr'><strong>curabam,</strong></span> 
     </span>
    </p>
   </div>
   <div class='ocr_carea' id='block_1_55' title="bbox 468 1439 1070 1469">
    <p class='ocr_par' dir='ltr' id='par_1_55' title="bbox 468 1439 1070 1469">
     <span class='ocr_line' id='line_1_55' title="bbox 468 1439 1070 1469; baseline 0.003 -3"><span class='ocrx_word' id='word_1_300' title='bbox 468 1439 524 1467; x_wconf 89' lang='lat' dir='ltr'><strong>Nec</strong></span> <span class='ocrx_word' id='word_1_301' title='bbox 539 1439 678 1468; x_wconf 32' lang='lat' dir='ltr'><strong>molles’et</strong></span> <span class='ocrx_word' id='word_1_302' title='bbox 698 1446 839 1469; x_wconf 86' lang='lat' dir='ltr'><strong>contortas</strong></span> <span class='ocrx_word' id='word_1_303' title='bbox 855 1439 1070 1469; x_wconf 80' lang='lat' dir='ltr'><strong>declamationes</strong></span> 
     </span>
    </p>
   </div>
   <div class='ocr_carea' id='block_1_56' title="bbox 472 1474 1194 1512">
    <p class='ocr_par' dir='ltr' id='par_1_56' title="bbox 472 1474 1194 1512">
     <span class='ocr_line' id='line_1_56' title="bbox 472 1474 1194 1512; baseline 0.004 -11"><span class='ocrx_word' id='word_1_304' title='bbox 472 1474 580 1512; x_wconf 70' lang='lat' dir='ltr'><strong>Quibus</strong></span> <span class='ocrx_word' id='word_1_305' title='bbox 593 1476 713 1512; x_wconf 77' lang='lat' dir='ltr'><strong>gaudent</strong></span> <span class='ocrx_word' id='word_1_306' title='bbox 729 1477 859 1512; x_wconf 68' lang='lat' dir='ltr'><strong>sophistae</strong></span> <span class='ocrx_word' id='word_1_307' title='bbox 872 1477 898 1503; x_wconf 90' lang='lat' dir='ltr'><strong>in</strong></span> <span class='ocrx_word' id='word_1_308' title='bbox 916 1477 1048 1511; x_wconf 88' lang='lat' dir='ltr'><strong>juvenutn</strong></span> <span class='ocrx_word' id='word_1_309' title='bbox 1064 1478 1194 1505; x_wconf 70' lang='lat' dir='ltr'><strong>coetibus.</strong></span> 
     </span>
    </p>
   </div>
   <div class='ocr_carea' id='block_1_57' title="bbox 472 1510 1231 1548">
    <p class='ocr_par' dir='ltr' id='par_1_57' title="bbox 472 1510 1231 1548">
     <span class='ocr_line' id='line_1_57' title="bbox 472 1510 1231 1548; baseline 0.003 -12"><span class='ocrx_word' id='word_1_310' title='bbox 472 1510 610 1548; x_wconf 58' lang='lat' dir='ltr'><strong>g]0_lllud</strong></span> <span class='ocrx_word' id='word_1_311' title='bbox 626 1512 698 1548; x_wconf 84' lang='lat' dir='ltr'><strong>enim</strong></span> <span class='ocrx_word' id='word_1_312' title='bbox 717 1510 904 1548; x_wconf 81' lang='lat' dir='ltr'><strong>philosophari</strong></span> <span class='ocrx_word' id='word_1_313' title='bbox 917 1510 955 1539; x_wconf 73' lang='lat' dir='ltr'><strong>ab</strong></span> <span class='ocrx_word' id='word_1_314' title='bbox 976 1513 1056 1540; x_wconf 91' lang='lat' dir='ltr'><strong>initio</strong></span> <span class='ocrx_word' id='word_1_315' title='bbox 1069 1517 1231 1545; x_wconf 78' lang='lat' dir='ltr'><strong>statueram,</strong></span> 
     </span>
    </p>
   </div>
   <div class='ocr_carea' id='block_1_58' title="bbox 474 1545 1326 1581">
    <p class='ocr_par' dir='ltr' id='par_1_58' title="bbox 474 1545 1326 1581">
     <span class='ocr_line' id='line_1_58' title="bbox 474 1545 1326 1581; baseline 0.006 -10"><span class='ocrx_word' id='word_1_316' title='bbox 474 1545 510 1581; x_wconf 65' lang='lat' dir='ltr'><strong>lit</strong></span> <span class='ocrx_word' id='word_1_317' title='bbox 527 1545 581 1573; x_wconf 88' lang='lat' dir='ltr'><strong>Deo</strong></span> <span class='ocrx_word' id='word_1_318' title='bbox 596 1545 769 1581; x_wconf 79' lang='lat' dir='ltr'><strong>projicerem,</strong></span> <span class='ocrx_word' id='word_1_319' title='bbox 785 1552 812 1574; x_wconf 88' lang='lat' dir='ltr'><strong>et</strong></span> <span class='ocrx_word' id='word_1_320' title='bbox 825 1545 878 1574; x_wconf 78' lang='lat' dir='ltr'><strong>alia</strong></span> <span class='ocrx_word' id='word_1_321' title='bbox 894 1548 997 1579; x_wconf 86' lang='lat' dir='ltr'><strong>omnia,</strong></span> <span class='ocrx_word' id='word_1_322' title='bbox 1012 1553 1039 1575; x_wconf 90' lang='lat' dir='ltr'><strong>et</strong></span> <span class='ocrx_word' id='word_1_323' title='bbox 1054 1549 1190 1575; x_wconf 72' lang='lat' dir='ltr'><strong>facundia:</strong></span> <span class='ocrx_word' id='word_1_324' title='bbox 1206 1549 1326 1580; x_wconf 74' lang='lat' dir='ltr'><strong>lahores.</strong></span> 
     </span>
    </p>
   </div>
   <div class='ocr_carea' id='block_1_59' title="bbox 473 1580 1264 1619">
    <p class='ocr_par' dir='ltr' id='par_1_59' title="bbox 473 1580 1264 1619">
     <span class='ocr_line' id='line_1_59' title="bbox 473 1580 1264 1619; baseline 0.001 -11"><span class='ocrx_word' id='word_1_325' title='bbox 473 1580 554 1619; x_wconf 53' lang='lat' dir='ltr'><strong>Velut</strong></span> <span class='ocrx_word' id='word_1_326' title='bbox 570 1581 617 1616; x_wconf 94' lang='lat' dir='ltr'><strong>qui</strong></span> <span class='ocrx_word' id='word_1_327' title='bbox 637 1580 719 1616; x_wconf 78' lang='lat' dir='ltr'><strong>agros</strong></span> <span class='ocrx_word' id='word_1_328' title='bbox 737 1582 890 1619; x_wconf 85' lang='lat' dir='ltr'><strong>pecudibus</strong></span> <span class='ocrx_word' id='word_1_329' title='bbox 911 1584 1065 1617; x_wconf 86' lang='lat' dir='ltr'><strong>pascendos</strong></span> <span class='ocrx_word' id='word_1_330' title='bbox 1082 1585 1264 1619; x_wconf 77' lang='lat' dir='ltr'><strong>reliquerunt,</strong></span> 
     </span>
    </p>
   </div>
   <div class='ocr_carea' id='block_1_60' title="bbox 474 1615 1198 1654">
    <p class='ocr_par' dir='ltr' id='par_1_60' title="bbox 474 1615 1198 1654">
     <span class='ocr_line' id='line_1_60' title="bbox 474 1615 1198 1654; baseline 0.006 -12"><span class='ocrx_word' id='word_1_331' title='bbox 474 1615 528 1654; x_wconf 33' lang='grc' dir='ltr'>νει,</span> <span class='ocrx_word' id='word_1_332' title='bbox 539 1615 635 1654; x_wconf 73' lang='lat' dir='ltr'><strong>aurum</strong></span> <span class='ocrx_word' id='word_1_333' title='bbox 651 1615 849 1654; x_wconf 75' lang='lat' dir='ltr'><strong>congesserunt</strong></span> <span class='ocrx_word' id='word_1_334' title='bbox 868 1618 896 1654; x_wconf 84' lang='lat' dir='ltr'><strong>in</strong></span> <span class='ocrx_word' id='word_1_335' title='bbox 912 1615 998 1646; x_wconf 77' lang='lat' dir='ltr'><strong>inaris</strong></span> <span class='ocrx_word' id='word_1_336' title='bbox 1019 1615 1198 1654; x_wconf 77' lang='lat' dir='ltr'><strong>profundum.</strong></span> 
     </span>
    </p>
   </div>
   <div class='ocr_carea' id='block_1_61' title="bbox 476 1650 906 1685">
    <p class='ocr_par' dir='ltr' id='par_1_61' title="bbox 476 1650 906 1685">
     <span class='ocr_line' id='line_1_61' title="bbox 476 1650 906 1685; baseline 0.005 -8"><span class='ocrx_word' id='word_1_337' title='bbox 476 1650 539 1683; x_wconf 85' lang='lat' dir='ltr'><strong>Sed,</strong></span> <span class='ocrx_word' id='word_1_338' title='bbox 557 1655 586 1678; x_wconf 85' lang='lat' dir='ltr'><strong>ut</strong></span> <span class='ocrx_word' id='word_1_339' title='bbox 601 1651 670 1683; x_wconf 76' lang='lat' dir='ltr'><strong>dixi,</strong></span> <span class='ocrx_word' id='word_1_340' title='bbox 688 1650 784 1680; x_wconf 78' lang='lat' dir='ltr'><strong>amicis</strong></span> <span class='ocrx_word' id='word_1_341' title='bbox 800 1653 906 1685; x_wconf 80' lang='lat' dir='ltr'><strong>saltavi.</strong></span> 
     </span>
    </p>
   </div>
   <div class='ocr_carea' id='block_1_62' title="bbox 473 1686 1180 1722">
    <p class='ocr_par' dir='ltr' id='par_1_62' title="bbox 473 1686 1180 1722">
     <span class='ocr_line' id='line_1_62' title="bbox 473 1686 1180 1722; baseline 0.007 -10"><span class='ocrx_word' id='word_1_342' title='bbox 473 1686 527 1713; x_wconf 69' lang='grc'><strong>275</strong></span> <span class='ocrx_word' id='word_1_343' title='bbox 546 1686 610 1714; x_wconf 63' lang='grc' dir='ltr'>Ηιιιο</span> <span class='ocrx_word' id='word_1_344' title='bbox 623 1689 801 1714; x_wconf 85' lang='lat' dir='ltr'><strong>certaminum</strong></span> <span class='ocrx_word' id='word_1_345' title='bbox 818 1689 897 1714; x_wconf 85' lang='lat' dir='ltr'><strong>veluti</strong></span> <span class='ocrx_word' id='word_1_346' title='bbox 912 1688 1041 1722; x_wconf 71' lang='lat' dir='ltr'><strong>praeludia</strong></span> <span class='ocrx_word' id='word_1_347' title='bbox 1061 1689 1180 1722; x_wconf 79' lang='lat' dir='ltr'><strong>fuerunt,</strong></span> 
     </span>
    </p>
   </div>
   <div class='ocr_carea' id='block_1_63' title="bbox 478 1721 1115 1759">
    <p class='ocr_par' dir='ltr' id='par_1_63' title="bbox 478 1721 1115 1759">
     <span class='ocr_line' id='line_1_63' title="bbox 478 1721 1115 1759; baseline 0.008 -12"><span class='ocrx_word' id='word_1_348' title='bbox 478 1721 533 1759; x_wconf 68' lang='grc' dir='ltr'>ᾼιιι</span> <span class='ocrx_word' id='word_1_349' title='bbox 551 1722 657 1759; x_wconf 68' lang='lat' dir='ltr'><strong>praavia</strong></span> <span class='ocrx_word' id='word_1_350' title='bbox 669 1722 787 1759; x_wconf 84' lang='lat' dir='ltr'><strong>initiatio</strong></span> <span class='ocrx_word' id='word_1_351' title='bbox 800 1721 951 1757; x_wconf 77' lang='lat' dir='ltr'><strong>majoribus</strong></span> <span class='ocrx_word' id='word_1_352' title='bbox 968 1726 1115 1759; x_wconf 80' lang='lat' dir='ltr'><strong>mysteriis.</strong></span> 
     </span>
    </p>
   </div>
   <div class='ocr_carea' id='block_1_64' title="bbox 479 1757 1057 1792">
    <p class='ocr_par' dir='ltr' id='par_1_64' title="bbox 479 1757 1057 1792">
     <span class='ocr_line' id='line_1_64' title="bbox 479 1757 1057 1792; baseline 0.005 -9"><span class='ocrx_word' id='word_1_353' title='bbox 479 1757 555 1791; x_wconf 88' lang='lat' dir='ltr'><strong>Opus</strong></span> <span class='ocrx_word' id='word_1_354' title='bbox 569 1762 628 1784; x_wconf 89' lang='lat' dir='ltr'><strong>erat</strong></span> <span class='ocrx_word' id='word_1_355' title='bbox 641 1757 771 1792; x_wconf 84' lang='lat' dir='ltr'><strong>deinceps</strong></span> <span class='ocrx_word' id='word_1_356' title='bbox 785 1758 909 1786; x_wconf 88' lang='lat' dir='ltr'><strong>virilibus</strong></span> <span class='ocrx_word' id='word_1_357' title='bbox 924 1757 1057 1788; x_wconf 78' lang='lat' dir='ltr'><strong>consiliis.</strong></span> 
     </span>
    </p>
   </div>
   <div class='ocr_carea' id='block_1_65' title="bbox 479 1792 978 1828">
    <p class='ocr_par' dir='ltr' id='par_1_65' title="bbox 479 1792 978 1828">
     <span class='ocr_line' id='line_1_65' title="bbox 479 1792 978 1828; baseline 0.008 -10"><span class='ocrx_word' id='word_1_358' title='bbox 479 1792 555 1820; x_wconf 92' lang='lat' dir='ltr'><strong>Intus</strong></span> <span class='ocrx_word' id='word_1_359' title='bbox 571 1793 674 1820; x_wconf 88' lang='lat' dir='ltr'><strong>amicos</strong></span> <span class='ocrx_word' id='word_1_360' title='bbox 692 1793 720 1820; x_wconf 89' lang='lat' dir='ltr'><strong>in</strong></span> <span class='ocrx_word' id='word_1_361' title='bbox 736 1794 883 1820; x_wconf 85' lang='lat' dir='ltr'><strong>consilium</strong></span> <span class='ocrx_word' id='word_1_362' title='bbox 899 1802 978 1828; x_wconf 85' lang='lat' dir='ltr'><strong>voco,</strong></span> 
     </span>
    </p>
   </div>
   <div class='ocr_carea' id='block_1_66' title="bbox 257 1850 700 1886">
    <p class='ocr_par' dir='ltr' id='par_1_66' title="bbox 257 1850 700 1886">
     <span class='ocr_line' id='line_1_66' title="bbox 257 1850 700 1886; baseline -0.007 -7"><span class='ocrx_word' id='word_1_363' title='bbox 257 1851 311 1879; x_wconf 70' lang='grc'><strong>254</strong></span> <span class='ocrx_word' id='word_1_364' title='bbox 329 1851 472 1886; x_wconf 70' lang='grc' dir='ltr'>Πέμψειν.</span> <span class='ocrx_word' id='word_1_365' title='bbox 491 1850 553 1877; x_wconf 81' lang='lat' dir='ltr'><strong>Vat.</strong></span> <span class='ocrx_word' id='word_1_366' title='bbox 570 1850 700 1885; x_wconf 79' lang='grc' dir='ltr'><strong>πέμπειν.</strong></span> 
     </span>
    </p>
   </div>
   <div class='ocr_carea' id='block_1_67' title="bbox 260 1884 1014 1919">
    <p class='ocr_par' dir='ltr' id='par_1_67' title="bbox 260 1884 1014 1919">
     <span class='ocr_line' id='line_1_67' title="bbox 260 1884 1014 1919; baseline -0.001 -5"><span class='ocrx_word' id='word_1_367' title='bbox 260 1887 314 1914; x_wconf 72' lang='grc'><strong>255</strong></span> <span class='ocrx_word' id='word_1_368' title='bbox 334 1884 432 1919; x_wconf 61' lang='grc' dir='ltr'><strong>Ἢξιῶν</strong></span> <span class='ocrx_word' id='word_1_369' title='bbox 452 1885 579 1918; x_wconf 74' lang='grc' dir='ltr'>Ἀθήνας</span> <span class='ocrx_word' id='word_1_370' title='bbox 592 1884 743 1918; x_wconf 69' lang='grc' dir='ltr'><strong>ἐκπεσεῖν,</strong></span> <span class='ocrx_word' id='word_1_371' title='bbox 758 1890 786 1912; x_wconf 80' lang='grc' dir='ltr'><strong>ιιι</strong></span> <span class='ocrx_word' id='word_1_372' title='bbox 802 1894 849 1912; x_wconf 78' lang='lat' dir='ltr'><strong>nos</strong></span> <span class='ocrx_word' id='word_1_373' title='bbox 866 1887 1014 1914; x_wconf 76' lang='lat' dir='ltr'><strong>amitterent</strong></span> 
     </span>
    </p>
   </div>
   <div class='ocr_carea' id='block_1_68' title="bbox 225 1921 663 1953">
    <p class='ocr_par' dir='ltr' id='par_1_68' title="bbox 225 1921 663 1953">
     <span class='ocr_line' id='line_1_68' title="bbox 225 1921 663 1953; baseline -0.007 -3"><span class='ocrx_word' id='word_1_374' title='bbox 225 1922 344 1953; x_wconf 72' lang='lat' dir='ltr'><strong>Athenae,</strong></span> <span class='ocrx_word' id='word_1_375' title='bbox 361 1923 435 1949; x_wconf 79' lang='lat' dir='ltr'><strong>nobis</strong></span> <span class='ocrx_word' id='word_1_376' title='bbox 450 1921 663 1948; x_wconf 76' lang='lat' dir='ltr'><strong>destituerentur.</strong></span> 
     </span>
    </p>
   </div>
   <div class='ocr_carea' id='block_1_69' title="bbox 261 1957 1018 1993">
    <p class='ocr_par' dir='ltr' id='par_1_69' title="bbox 261 1957 1018 1993">
     <span class='ocr_line' id='line_1_69' title="bbox 261 1957 1018 1993; baseline -0.001 -8"><span class='ocrx_word' id='word_1_377' title='bbox 261 1957 314 1985; x_wconf 74' lang='lat'><strong>256</strong></span> <span class='ocrx_word' id='word_1_378' title='bbox 328 1957 452 1992; x_wconf 82' lang='grc' dir='ltr'>Κράτος.</span> <span class='ocrx_word' id='word_1_379' title='bbox 468 1957 629 1984; x_wconf 79' lang='lat' dir='ltr'><strong>Litterarum</strong></span> <span class='ocrx_word' id='word_1_380' title='bbox 641 1958 818 1992; x_wconf 78' lang='lat' dir='ltr'><strong>principatum</strong></span> <span class='ocrx_word' id='word_1_381' title='bbox 836 1957 959 1993; x_wconf 83' lang='lat' dir='ltr'><strong>Gregorio</strong></span> <span class='ocrx_word' id='word_1_382' title='bbox 975 1957 1018 1992; x_wconf 85' lang='grc' dir='ltr'><strong>οῙ-</strong></span> 
     </span>
    </p>
   </div>
   <div class='ocr_carea' id='block_1_70' title="bbox 226 1992 1016 2029">
    <p class='ocr_par' dir='ltr' id='par_1_70' title="bbox 226 1992 1016 2029">
     <span class='ocr_line' id='line_1_70' title="bbox 226 1992 1016 2029; baseline -0.003 -9"><span class='ocrx_word' id='word_1_383' title='bbox 226 1994 325 2029; x_wconf 79' lang='lat' dir='ltr'><strong>ferunt,</strong></span> <span class='ocrx_word' id='word_1_384' title='bbox 343 2002 393 2020; x_wconf 83' lang='lat' dir='ltr'><strong>non</strong></span> <span class='ocrx_word' id='word_1_385' title='bbox 419 1997 520 2019; x_wconf 82' lang='lat' dir='ltr'><strong>tantum</strong></span> <span class='ocrx_word' id='word_1_386' title='bbox 541 1997 569 2019; x_wconf 90' lang='lat' dir='ltr'><strong>ut</strong></span> <span class='ocrx_word' id='word_1_387' title='bbox 586 1993 765 2029; x_wconf 75' lang='lat' dir='ltr'><strong>eloquentiam</strong></span> <span class='ocrx_word' id='word_1_388' title='bbox 788 1992 892 2026; x_wconf 84' lang='lat' dir='ltr'><strong>doceat,</strong></span> <span class='ocrx_word' id='word_1_389' title='bbox 918 1993 963 2021; x_wconf 75' lang='lat' dir='ltr'><strong>sed</strong></span> <span class='ocrx_word' id='word_1_390' title='bbox 986 1997 1016 2019; x_wconf 85' lang='lat' dir='ltr'><strong>ut</strong></span> 
     </span>
    </p>
   </div>
   <div class='ocr_carea' id='block_1_71' title="bbox 225 2028 778 2063">
    <p class='ocr_par' dir='ltr' id='par_1_71' title="bbox 225 2028 778 2063">
     <span class='ocr_line' id='line_1_71' title="bbox 225 2028 778 2063; baseline -0.004 -7"><span class='ocrx_word' id='word_1_391' title='bbox 225 2030 306 2056; x_wconf 83' lang='lat' dir='ltr'><strong>etiam</strong></span> <span class='ocrx_word' id='word_1_392' title='bbox 317 2029 384 2055; x_wconf 75' lang='lat' dir='ltr'><strong>inter</strong></span> <span class='ocrx_word' id='word_1_393' title='bbox 401 2036 444 2056; x_wconf 77' lang='lat' dir='ltr'><strong>eos</strong></span> <span class='ocrx_word' id='word_1_394' title='bbox 459 2029 536 2063; x_wconf 77' lang='lat' dir='ltr'><strong>quasi</strong></span> <span class='ocrx_word' id='word_1_395' title='bbox 549 2028 668 2061; x_wconf 77' lang='lat' dir='ltr'><strong>princeps</strong></span> <span class='ocrx_word' id='word_1_396' title='bbox 680 2029 778 2055; x_wconf 75' lang='lat' dir='ltr'><strong>sedeat.</strong></span> 
     </span>
    </p>
   </div>
   <div class='ocr_carea' id='block_1_72' title="bbox 261 2063 1015 2099">
    <p class='ocr_par' dir='ltr' id='par_1_72' title="bbox 261 2063 1015 2099">
     <span class='ocr_line' id='line_1_72' title="bbox 261 2063 1015 2099; baseline -0.001 -8"><span class='ocrx_word' id='word_1_397' title='bbox 261 2064 314 2091; x_wconf 74' lang='lat'><strong>265</strong></span> <span class='ocrx_word' id='word_1_398' title='bbox 331 2064 390 2097; x_wconf 79' lang='grc' dir='ltr'><strong>Τήν</strong></span> <span class='ocrx_word' id='word_1_399' title='bbox 405 2072 494 2091; x_wconf 79' lang='grc' dir='ltr'>τινων</span> <span class='ocrx_word' id='word_1_400' title='bbox 504 2065 608 2091; x_wconf 81' lang='grc' dir='ltr'>νόσον.</span> <span class='ocrx_word' id='word_1_401' title='bbox 626 2063 671 2090; x_wconf 89' lang='lat' dir='ltr'><strong>Sic</strong></span> <span class='ocrx_word' id='word_1_402' title='bbox 687 2064 805 2099; x_wconf 86' lang='lat' dir='ltr'><strong>appellat</strong></span> <span class='ocrx_word' id='word_1_403' title='bbox 821 2065 1015 2091; x_wconf 90' lang='lat' dir='ltr'><strong>nonnullorutn</strong></span> 
     </span>
    </p>
   </div>
   <div class='ocr_carea' id='block_1_73' title="bbox 225 2099 1014 2134">
    <p class='ocr_par' dir='ltr' id='par_1_73' title="bbox 225 2099 1014 2134">
     <span class='ocr_line' id='line_1_73' title="bbox 225 2099 1014 2134; baseline -0.001 -7"><span class='ocrx_word' id='word_1_404' title='bbox 225 2100 413 2134; x_wconf 85' lang='lat' dir='ltr'><strong>cupiditatem,</strong></span> <span class='ocrx_word' id='word_1_405' title='bbox 430 2100 475 2134; x_wconf 85' lang='lat' dir='ltr'><strong>qui</strong></span> <span class='ocrx_word' id='word_1_406' title='bbox 491 2099 550 2132; x_wconf 86' lang='lat' dir='ltr'><strong>ejus</strong></span> <span class='ocrx_word' id='word_1_407' title='bbox 567 2099 660 2134; x_wconf 63' lang='lat' dir='ltr'><strong>gloria</strong></span> <span class='ocrx_word' id='word_1_408' title='bbox 673 2100 788 2126; x_wconf 87' lang='lat' dir='ltr'><strong>studiosi</strong></span> <span class='ocrx_word' id='word_1_409' title='bbox 807 2100 859 2126; x_wconf 90' lang='lat' dir='ltr'><strong>hoc</strong></span> <span class='ocrx_word' id='word_1_410' title='bbox 872 2101 906 2126; x_wconf 89' lang='lat' dir='ltr'><strong>ab</strong></span> <span class='ocrx_word' id='word_1_411' title='bbox 922 2108 954 2127; x_wconf 88' lang='lat' dir='ltr'><strong>eo</strong></span> <span class='ocrx_word' id='word_1_412' title='bbox 967 2107 1014 2134; x_wconf 91' lang='lat' dir='ltr'><strong>po-</strong></span> 
     </span>
    </p>
   </div>
   <div class='ocr_carea' id='block_1_74' title="bbox 227 2135 1014 2170">
    <p class='ocr_par' dir='ltr' id='par_1_74' title="bbox 227 2135 1014 2170">
     <span class='ocr_line' id='line_1_74' title="bbox 227 2135 1014 2170; baseline 0 -8"><span class='ocrx_word' id='word_1_413' title='bbox 227 2136 377 2167; x_wconf 82' lang='lat' dir='ltr'><strong>stulabant,</strong></span> <span class='ocrx_word' id='word_1_414' title='bbox 391 2138 420 2161; x_wconf 93' lang='lat' dir='ltr'><strong>ut</strong></span> <span class='ocrx_word' id='word_1_415' title='bbox 435 2135 462 2161; x_wconf 92' lang='lat' dir='ltr'><strong>in</strong></span> <span class='ocrx_word' id='word_1_416' title='bbox 479 2135 595 2169; x_wconf 84' lang='lat' dir='ltr'><strong>patriam</strong></span> <span class='ocrx_word' id='word_1_417' title='bbox 611 2142 737 2162; x_wconf 83' lang='lat' dir='ltr'><strong>reversus</strong></span> <span class='ocrx_word' id='word_1_418' title='bbox 748 2135 887 2169; x_wconf 78' lang='lat' dir='ltr'><strong>publicum</strong></span> <span class='ocrx_word' id='word_1_419' title='bbox 903 2135 1014 2170; x_wconf 87' lang='lat' dir='ltr'><strong>aliquod</strong></span> 
     </span>
    </p>
   </div>
   <div class='ocr_carea' id='block_1_75' title="bbox 226 2169 906 2204">
    <p class='ocr_par' dir='ltr' id='par_1_75' title="bbox 226 2169 906 2204">
     <span class='ocr_line' id='line_1_75' title="bbox 226 2169 906 2204; baseline 0 -7"><span class='ocrx_word' id='word_1_420' title='bbox 226 2170 358 2197; x_wconf 71' lang='lat' dir='ltr'><strong>doctrina:</strong></span> <span class='ocrx_word' id='word_1_421' title='bbox 377 2177 433 2197; x_wconf 72' lang='lat' dir='ltr'><strong>sua:</strong></span> <span class='ocrx_word' id='word_1_422' title='bbox 453 2177 484 2196; x_wconf 87' lang='lat' dir='ltr'><strong>ac</strong></span> <span class='ocrx_word' id='word_1_423' title='bbox 502 2169 636 2197; x_wconf 80' lang='lat' dir='ltr'><strong>facundiae</strong></span> <span class='ocrx_word' id='word_1_424' title='bbox 651 2170 789 2204; x_wconf 82' lang='lat' dir='ltr'><strong>specimen</strong></span> <span class='ocrx_word' id='word_1_425' title='bbox 803 2171 906 2197; x_wconf 86' lang='lat' dir='ltr'><strong>ederet.</strong></span> 
     </span>
    </p>
   </div>
   <div class='ocr_carea' id='block_1_76' title="bbox 262 2205 1012 2238">
    <p class='ocr_par' dir='ltr' id='par_1_76' title="bbox 262 2205 1012 2238">
     <span class='ocr_line' id='line_1_76' title="bbox 262 2205 1012 2238; baseline 0 -6"><span class='ocrx_word' id='word_1_426' title='bbox 262 2205 316 2232; x_wconf 69' lang='lat'><strong>272</strong></span> <span class='ocrx_word' id='word_1_427' title='bbox 332 2206 525 2238; x_wconf 75' lang='grc' dir='ltr'>Μηλοϐότους</span> <span class='ocrx_word' id='word_1_428' title='bbox 548 2205 601 2237; x_wconf 83' lang='grc' dir='ltr'>τὰς</span> <span class='ocrx_word' id='word_1_429' title='bbox 626 2206 743 2238; x_wconf 83' lang='grc' dir='ltr'>οὐσίας.</span> <span class='ocrx_word' id='word_1_430' title='bbox 772 2207 810 2232; x_wconf 86' lang='lat' dir='ltr'><strong>lta</strong></span> <span class='ocrx_word' id='word_1_431' title='bbox 836 2206 902 2232; x_wconf 89' lang='lat' dir='ltr'><strong>edit.</strong></span> <span class='ocrx_word' id='word_1_432' title='bbox 928 2205 1012 2233; x_wconf 86' lang='lat' dir='ltr'><strong>Coisl.</strong></span> 
     </span>
    </p>
   </div>
   <div class='ocr_carea' id='block_1_77' title="bbox 228 2240 1015 2275">
    <p class='ocr_par' dir='ltr' id='par_1_77' title="bbox 228 2240 1015 2275">
     <span class='ocr_line' id='line_1_77' title="bbox 228 2240 1015 2275; baseline -0.001 -7"><span class='ocrx_word' id='word_1_433' title='bbox 228 2241 299 2268; x_wconf 86' lang='lat' dir='ltr'><strong>male</strong></span> <span class='ocrx_word' id='word_1_434' title='bbox 309 2241 431 2271; x_wconf 80' lang='lat' dir='ltr'><strong>sustulit,</strong></span> <span class='ocrx_word' id='word_1_435' title='bbox 449 2240 508 2271; x_wconf 82' lang='grc' dir='ltr'>τάς,</span> <span class='ocrx_word' id='word_1_436' title='bbox 518 2248 580 2275; x_wconf 88' lang='lat' dir='ltr'><strong>-qua</strong></span> <span class='ocrx_word' id='word_1_437' title='bbox 599 2241 707 2267; x_wconf 84' lang='lat' dir='ltr'><strong>sublata</strong></span> <span class='ocrx_word' id='word_1_438' title='bbox 722 2248 788 2268; x_wconf 84' lang='lat' dir='ltr'><strong>voce</strong></span> <span class='ocrx_word' id='word_1_439' title='bbox 804 2245 919 2267; x_wconf 77' lang='lat' dir='ltr'><strong>metrum</strong></span> <span class='ocrx_word' id='word_1_440' title='bbox 937 2249 1015 2275; x_wconf 88' lang='lat' dir='ltr'><strong>pror-</strong></span> 
     </span>
    </p>
   </div>
   <div class='ocr_carea' id='block_1_78' title="bbox 228 2275 1012 2311">
    <p class='ocr_par' dir='ltr' id='par_1_78' title="bbox 228 2275 1012 2311">
     <span class='ocr_line' id='line_1_78' title="bbox 228 2275 1012 2311; baseline -0.001 -7"><span class='ocrx_word' id='word_1_441' title='bbox 228 2283 276 2304; x_wconf 85' lang='lat' dir='ltr'><strong>sus</strong></span> <span class='ocrx_word' id='word_1_442' title='bbox 286 2275 388 2308; x_wconf 82' lang='lat' dir='ltr'><strong>delicit,</strong></span> <span class='ocrx_word' id='word_1_443' title='bbox 403 2284 559 2311; x_wconf 85' lang='lat' dir='ltr'><strong>quanquam</strong></span> <span class='ocrx_word' id='word_1_444' title='bbox 576 2276 604 2303; x_wconf 87' lang='lat' dir='ltr'><strong>in</strong></span> <span class='ocrx_word' id='word_1_445' title='bbox 624 2276 793 2303; x_wconf 86' lang='lat' dir='ltr'><strong>contrarium</strong></span> <span class='ocrx_word' id='word_1_446' title='bbox 809 2276 945 2303; x_wconf 87' lang='lat' dir='ltr'><strong>senserint</strong></span> <span class='ocrx_word' id='word_1_447' title='bbox 960 2275 1012 2303; x_wconf 83' lang='lat' dir='ltr'><strong>Be-</strong></span> 
     </span>
    </p>
   </div>
   <div class='ocr_carea' id='block_1_79' title="bbox 1069 1852 1852 1888">
    <p class='ocr_par' dir='ltr' id='par_1_79' title="bbox 1069 1852 1852 1888">
     <span class='ocr_line' id='line_1_79' title="bbox 1069 1852 1852 1888; baseline 0.001 -8"><span class='ocrx_word' id='word_1_448' title='bbox 1069 1853 1209 1885; x_wconf 87' lang='lat' dir='ltr'><strong>nedictini,</strong></span> <span class='ocrx_word' id='word_1_449' title='bbox 1236 1861 1298 1880; x_wconf 88' lang='lat' dir='ltr'><strong>cum</strong></span> <span class='ocrx_word' id='word_1_450' title='bbox 1321 1855 1434 1881; x_wconf 82' lang='lat' dir='ltr'><strong>verbum</strong></span> <span class='ocrx_word' id='word_1_451' title='bbox 1456 1852 1621 1888; x_wconf 76' lang='grc' dir='ltr'>μηλοϐότους</span> <span class='ocrx_word' id='word_1_452' title='bbox 1650 1852 1799 1880; x_wconf 76' lang='lat' dir='ltr'><strong>secundam</strong></span> <span class='ocrx_word' id='word_1_453' title='bbox 1828 1857 1852 1881; x_wconf 85' lang='lat' dir='ltr'><strong>et</strong></span> 
     </span>
    </p>
   </div>
   <div class='ocr_carea' id='block_1_80' title="bbox 1069 1888 1852 1924">
    <p class='ocr_par' dir='ltr' id='par_1_80' title="bbox 1069 1888 1852 1924">
     <span class='ocr_line' id='line_1_80' title="bbox 1069 1888 1852 1924; baseline 0.001 -10"><span class='ocrx_word' id='word_1_454' title='bbox 1069 1889 1176 1915; x_wconf 85' lang='lat' dir='ltr'><strong>tertiam</strong></span> <span class='ocrx_word' id='word_1_455' title='bbox 1191 1889 1323 1924; x_wconf 85' lang='lat' dir='ltr'><strong>syllabam</strong></span> <span class='ocrx_word' id='word_1_456' title='bbox 1344 1889 1440 1916; x_wconf 83' lang='lat' dir='ltr'><strong>breves</strong></span> <span class='ocrx_word' id='word_1_457' title='bbox 1461 1889 1569 1916; x_wconf 79' lang='lat' dir='ltr'><strong>habeat.</strong></span> <span class='ocrx_word' id='word_1_458' title='bbox 1604 1888 1671 1916; x_wconf 84' lang='lat' dir='ltr'><strong>Vide</strong></span> <span class='ocrx_word' id='word_1_459' title='bbox 1695 1889 1760 1923; x_wconf 91' lang='lat' dir='ltr'><strong>quid</strong></span> <span class='ocrx_word' id='word_1_460' title='bbox 1784 1888 1852 1916; x_wconf 73' lang='lat' dir='ltr'><strong>intra</strong></span> 
     </span>
    </p>
   </div>
   <div class='ocr_carea' id='block_1_81' title="bbox 1070 1924 1852 1959">
    <p class='ocr_par' dir='ltr' id='par_1_81' title="bbox 1070 1924 1852 1959">
     <span class='ocr_line' id='line_1_81' title="bbox 1070 1924 1852 1959; baseline 0.001 -10"><span class='ocrx_word' id='word_1_461' title='bbox 1070 1931 1131 1958; x_wconf 80' lang='lat' dir='ltr'><strong>pag.</strong></span> <span class='ocrx_word' id='word_1_462' title='bbox 1149 1924 1202 1951; x_wconf 71' lang='lat'>692</span> <span class='ocrx_word' id='word_1_463' title='bbox 1234 1924 1352 1951; x_wconf 79' lang='lat' dir='ltr'><strong>dicimus</strong></span> <span class='ocrx_word' id='word_1_464' title='bbox 1369 1925 1402 1951; x_wconf 88' lang='lat' dir='ltr'><strong>de</strong></span> <span class='ocrx_word' id='word_1_465' title='bbox 1428 1929 1567 1958; x_wconf 64' lang='lat' dir='ltr'><strong>anapwsto</strong></span> <span class='ocrx_word' id='word_1_466' title='bbox 1590 1924 1617 1950; x_wconf 94' lang='lat' dir='ltr'><strong>in</strong></span> <span class='ocrx_word' id='word_1_467' title='bbox 1648 1928 1747 1958; x_wconf 89' lang='lat' dir='ltr'><strong>quarto</strong></span> <span class='ocrx_word' id='word_1_468' title='bbox 1777 1924 1852 1959; x_wconf 78' lang='lat' dir='ltr'><strong>pede.</strong></span> 
     </span>
    </p>
   </div>
   <div class='ocr_carea' id='block_1_82' title="bbox 1071 1958 1852 1994">
    <p class='ocr_par' dir='ltr' id='par_1_82' title="bbox 1071 1958 1852 1994">
     <span class='ocr_line' id='line_1_82' title="bbox 1071 1958 1852 1994; baseline 0.003 -9"><span class='ocrx_word' id='word_1_469' title='bbox 1071 1958 1224 1994; x_wconf 58' lang='lat' dir='ltr'><strong>(Citium).</strong></span> <span class='ocrx_word' id='word_1_470' title='bbox 1236 1975 1270 1979; x_wconf 92' lang='lat'><strong>—</strong></span> <span class='ocrx_word' id='word_1_471' title='bbox 1281 1959 1384 1987; x_wconf 84' lang='lat' dir='ltr'><strong>Alludit</strong></span> <span class='ocrx_word' id='word_1_472' title='bbox 1393 1959 1425 1986; x_wconf 92' lang='lat' dir='ltr'><strong>ad</strong></span> <span class='ocrx_word' id='word_1_473' title='bbox 1435 1958 1583 1989; x_wconf 83' lang='lat' dir='ltr'><strong>Cratetem.</strong></span> <span class='ocrx_word' id='word_1_474' title='bbox 1595 1960 1641 1993; x_wconf 88' lang='lat' dir='ltr'><strong>qui</strong></span> <span class='ocrx_word' id='word_1_475' title='bbox 1651 1966 1718 1993; x_wconf 86' lang='lat' dir='ltr'><strong>opes</strong></span> <span class='ocrx_word' id='word_1_476' title='bbox 1732 1958 1796 1987; x_wconf 80' lang='lat' dir='ltr'><strong>suas</strong></span> <span class='ocrx_word' id='word_1_477' title='bbox 1809 1968 1852 1994; x_wconf 90' lang='lat' dir='ltr'><strong>pe-</strong></span> 
     </span>
    </p>
   </div>
   <div class='ocr_carea' id='block_1_83' title="bbox 1069 1995 1848 2030">
    <p class='ocr_par' dir='ltr' id='par_1_83' title="bbox 1069 1995 1848 2030">
     <span class='ocr_line' id='line_1_83' title="bbox 1069 1995 1848 2030; baseline 0.001 -10"><span class='ocrx_word' id='word_1_478' title='bbox 1069 1995 1182 2022; x_wconf 87' lang='lat' dir='ltr'><strong>coribus</strong></span> <span class='ocrx_word' id='word_1_479' title='bbox 1198 1995 1351 2029; x_wconf 88' lang='lat' dir='ltr'><strong>pascendas</strong></span> <span class='ocrx_word' id='word_1_480' title='bbox 1384 1995 1504 2030; x_wconf 68' lang='lat' dir='ltr'><strong>reliquit.</strong></span> <span class='ocrx_word' id='word_1_481' title='bbox 1523 1995 1700 2030; x_wconf 83' lang='lat' dir='ltr'><strong>libenterque</strong></span> <span class='ocrx_word' id='word_1_482' title='bbox 1715 2002 1792 2021; x_wconf 83' lang='lat' dir='ltr'><strong>suam</strong></span> <span class='ocrx_word' id='word_1_483' title='bbox 1812 2003 1848 2030; x_wconf 74' lang='lat' dir='ltr'><strong>pe</strong></span> 
     </span>
    </p>
   </div>
   <div class='ocr_carea' id='block_1_84' title="bbox 1069 2029 1852 2065">
    <p class='ocr_par' dir='ltr' id='par_1_84' title="bbox 1069 2029 1852 2065">
     <span class='ocr_line' id='line_1_84' title="bbox 1069 2029 1852 2065; baseline 0.001 -9"><span class='ocrx_word' id='word_1_484' title='bbox 1069 2031 1178 2056; x_wconf 89' lang='lat' dir='ltr'><strong>cuniam</strong></span> <span class='ocrx_word' id='word_1_485' title='bbox 1192 2030 1219 2057; x_wconf 91' lang='lat' dir='ltr'><strong>in</strong></span> <span class='ocrx_word' id='word_1_486' title='bbox 1242 2037 1316 2058; x_wconf 85' lang='lat' dir='ltr'><strong>mare</strong></span> <span class='ocrx_word' id='word_1_487' title='bbox 1332 2031 1458 2065; x_wconf 69' lang='lat' dir='ltr'><strong>projecit.</strong></span> <span class='ocrx_word' id='word_1_488' title='bbox 1479 2029 1546 2057; x_wconf 80' lang='lat' dir='ltr'><strong>Vide</strong></span> <span class='ocrx_word' id='word_1_489' title='bbox 1569 2037 1663 2065; x_wconf 83' lang='lat' dir='ltr'><strong>supra,</strong></span> <span class='ocrx_word' id='word_1_490' title='bbox 1681 2029 1730 2058; x_wconf 89' lang='lat' dir='ltr'><strong>lib.</strong></span> <span class='ocrx_word' id='word_1_491' title='bbox 1749 2038 1769 2063; x_wconf 86' lang='grc' dir='ltr'>ι,</span> <span class='ocrx_word' id='word_1_492' title='bbox 1785 2029 1852 2057; x_wconf 52' lang='lat' dir='ltr'><strong>scit.</strong></span> 
     </span>
    </p>
   </div>
   <div class='ocr_carea' id='block_1_85' title="bbox 1069 2064 1512 2096">
    <p class='ocr_par' dir='ltr' id='par_1_85' title="bbox 1069 2064 1512 2096">
     <span class='ocr_line' id='line_1_85' title="bbox 1069 2064 1512 2096; baseline 0.002 -5"><span class='ocrx_word' id='word_1_493' title='bbox 1069 2065 1096 2096; x_wconf 77' lang='lat'><strong>‘2,</strong></span> <span class='ocrx_word' id='word_1_494' title='bbox 1111 2073 1197 2092; x_wconf 87' lang='lat' dir='ltr'><strong>carm.</strong></span> <span class='ocrx_word' id='word_1_495' title='bbox 1212 2074 1239 2095; x_wconf 72' lang='grc' dir='ltr'><strong>ι,</strong></span> <span class='ocrx_word' id='word_1_496' title='bbox 1255 2064 1395 2093; x_wconf 55' lang='grc' dir='ltr'><strong>νθτδξῖἒθ</strong></span> <span class='ocrx_word' id='word_1_497' title='bbox 1406 2071 1433 2092; x_wconf 84' lang='lat' dir='ltr'><strong>et</strong></span> <span class='ocrx_word' id='word_1_498' title='bbox 1448 2064 1512 2092; x_wconf 65' lang='grc'>240.</span> 
     </span>
    </p>
   </div>
   <div class='ocr_carea' id='block_1_86' title="bbox 1103 2100 1852 2136">
    <p class='ocr_par' dir='ltr' id='par_1_86' title="bbox 1103 2100 1852 2136">
     <span class='ocr_line' id='line_1_86' title="bbox 1103 2100 1852 2136; baseline 0.003 -10"><span class='ocrx_word' id='word_1_499' title='bbox 1103 2100 1156 2126; x_wconf 69' lang='lat'><strong>274</strong></span> <span class='ocrx_word' id='word_1_500' title='bbox 1180 2100 1382 2135; x_wconf 76' lang='grc' dir='ltr'>Ὤρχησάμην.</span> <span class='ocrx_word' id='word_1_501' title='bbox 1407 2101 1478 2129; x_wconf 88' lang='lat' dir='ltr'><strong>Edit.</strong></span> <span class='ocrx_word' id='word_1_502' title='bbox 1507 2101 1540 2128; x_wconf 87' lang='lat' dir='ltr'><strong>ad</strong></span> <span class='ocrx_word' id='word_1_503' title='bbox 1570 2107 1656 2135; x_wconf 79' lang='lat' dir='ltr'><strong>marg.</strong></span> <span class='ocrx_word' id='word_1_504' title='bbox 1683 2100 1804 2136; x_wconf 78' lang='grc' dir='ltr'>πέπαιχα</span> <span class='ocrx_word' id='word_1_505' title='bbox 1826 2101 1852 2128; x_wconf 77' lang='grc' dir='ltr'>ὲν</span> 
     </span>
    </p>
   </div>
   <div class='ocr_carea' id='block_1_87' title="bbox 1068 2135 1414 2171">
    <p class='ocr_par' dir='ltr' id='par_1_87' title="bbox 1068 2135 1414 2171">
     <span class='ocr_line' id='line_1_87' title="bbox 1068 2135 1414 2171; baseline 0.003 -9"><span class='ocrx_word' id='word_1_506' title='bbox 1068 2135 1182 2171; x_wconf 77' lang='grc' dir='ltr'>σπουδῇ,</span> <span class='ocrx_word' id='word_1_507' title='bbox 1199 2137 1251 2163; x_wconf 79' lang='lat' dir='ltr'><strong>lusi</strong></span> <span class='ocrx_word' id='word_1_508' title='bbox 1263 2145 1414 2171; x_wconf 81' lang='lat' dir='ltr'><strong>parumper.</strong></span> 
     </span>
    </p>
   </div>
   <div class='ocr_carea' id='block_1_88' title="bbox 1102 2171 1442 2200">
    <p class='ocr_par' dir='ltr' id='par_1_88' title="bbox 1102 2171 1442 2200">
     <span class='ocr_line' id='line_1_88' title="bbox 1102 2171 1442 2200; baseline 0.009 -3"><span class='ocrx_word' id='word_1_509' title='bbox 1102 2171 1154 2198; x_wconf 74' lang='grc'><strong>275</strong></span> <span class='ocrx_word' id='word_1_510' title='bbox 1169 2171 1264 2199; x_wconf 79' lang='grc' dir='ltr'>Ταῦτ’.</span> <span class='ocrx_word' id='word_1_511' title='bbox 1280 2171 1341 2198; x_wconf 85' lang='lat' dir='ltr'><strong>Vat.</strong></span> <span class='ocrx_word' id='word_1_512' title='bbox 1359 2172 1423 2199; x_wconf 78' lang='grc' dir='ltr'>τοῦτ</span> <span class='ocrx_word' id='word_1_513' title='bbox 1435 2193 1442 2200; x_wconf 94' lang='grc'><strong>.</strong></span> 
     </span>
    </p>
   </div>
   <div class='ocr_carea' id='block_1_89' title="bbox 1099 2206 1853 2244">
    <p class='ocr_par' dir='ltr' id='par_1_89' title="bbox 1099 2206 1853 2244">
     <span class='ocr_line' id='line_1_89' title="bbox 1099 2206 1853 2244; baseline 0.005 -12"><span class='ocrx_word' id='word_1_514' title='bbox 1099 2206 1152 2233; x_wconf 76' lang='grc'><strong>276</strong></span> <span class='ocrx_word' id='word_1_515' title='bbox 1168 2207 1339 2244; x_wconf 62' lang='grc' dir='ltr'>[Ιροτέλεια.</span> <span class='ocrx_word' id='word_1_516' title='bbox 1364 2208 1403 2234; x_wconf 90' lang='lat' dir='ltr'><strong>Ita</strong></span> <span class='ocrx_word' id='word_1_517' title='bbox 1418 2208 1479 2236; x_wconf 88' lang='lat' dir='ltr'><strong>Vat.</strong></span> <span class='ocrx_word' id='word_1_518' title='bbox 1501 2213 1528 2236; x_wconf 90' lang='lat' dir='ltr'><strong>et</strong></span> <span class='ocrx_word' id='word_1_519' title='bbox 1549 2210 1634 2239; x_wconf 88' lang='lat' dir='ltr'><strong>Coisl.</strong></span> <span class='ocrx_word' id='word_1_520' title='bbox 1659 2210 1731 2239; x_wconf 86' lang='lat' dir='ltr'><strong>Edit.</strong></span> <span class='ocrx_word' id='word_1_521' title='bbox 1749 2206 1853 2244; x_wconf 85' lang='grc' dir='ltr'>προπύ-</span> 
     </span>
    </p>
   </div>
   <div class='ocr_carea' id='block_1_90' title="bbox 1065 2241 1299 2277">
    <p class='ocr_par' dir='ltr' id='par_1_90' title="bbox 1065 2241 1299 2277">
     <span class='ocr_line' id='line_1_90' title="bbox 1065 2241 1299 2277; baseline 0.004 -9"><span class='ocrx_word' id='word_1_522' title='bbox 1065 2241 1138 2273; x_wconf 84' lang='grc' dir='ltr'>λαια,</span> <span class='ocrx_word' id='word_1_523' title='bbox 1154 2243 1299 2277; x_wconf 70' lang='lat' dir='ltr'><strong>propylwa.</strong></span> 
     </span>
    </p>
   </div>
   <div class='ocr_carea' id='block_1_91' title="bbox 882 2334 1224 2364">
    <p class='ocr_par' dir='ltr' id='par_1_91' title="bbox 882 2334 1224 2364">
     <span class='ocr_line' id='line_1_91' title="bbox 882 2334 1224 2364; baseline 0 0"><span class='ocrx_word' id='word_1_524' title='bbox 882 2335 1051 2364; x_wconf 80' lang='lat' dir='ltr'><strong>METRICA</strong></span> <span class='ocrx_word' id='word_1_525' title='bbox 1072 2334 1224 2364; x_wconf 81' lang='lat' dir='ltr'><strong>VERSIO.</strong></span> 
     </span>
    </p>
   </div>
   <div class='ocr_carea' id='block_1_92' title="bbox 226 2393 925 2430">
    <p class='ocr_par' dir='ltr' id='par_1_92' title="bbox 226 2393 925 2430">
     <span class='ocr_line' id='line_1_92' title="bbox 226 2393 925 2430; baseline 0.001 -9"><span class='ocrx_word' id='word_1_526' title='bbox 226 2393 370 2430; x_wconf 63' lang='lat' dir='ltr'><strong>Precibus.</strong></span> <span class='ocrx_word' id='word_1_527' title='bbox 388 2395 518 2430; x_wconf 84' lang='lat' dir='ltr'><strong>querelis,</strong></span> <span class='ocrx_word' id='word_1_528' title='bbox 538 2395 564 2422; x_wconf 91' lang='lat' dir='ltr'><strong>vi</strong></span> <span class='ocrx_word' id='word_1_529' title='bbox 583 2403 693 2430; x_wconf 85' lang='lat' dir='ltr'><strong>quoque</strong></span> <span class='ocrx_word' id='word_1_530' title='bbox 706 2395 823 2422; x_wconf 86' lang='lat' dir='ltr'><strong>admisla</strong></span> <span class='ocrx_word' id='word_1_531' title='bbox 842 2396 925 2422; x_wconf 80' lang='lat' dir='ltr'><strong>simul</strong></span> 
     </span>
    </p>
   </div>
   <div class='ocr_carea' id='block_1_93' title="bbox 242 2429 908 2463">
    <p class='ocr_par' dir='ltr' id='par_1_93' title="bbox 242 2429 908 2463">
     <span class='ocr_line' id='line_1_93' title="bbox 242 2429 908 2463; baseline 0.003 -7"><span class='ocrx_word' id='word_1_532' title='bbox 242 2429 379 2457; x_wconf 88' lang='lat' dir='ltr'><strong>Suadebat</strong></span> <span class='ocrx_word' id='word_1_533' title='bbox 398 2429 427 2457; x_wconf 85' lang='lat' dir='ltr'><strong>id</strong></span> <span class='ocrx_word' id='word_1_534' title='bbox 449 2430 547 2463; x_wconf 79' lang='lat' dir='ltr'><strong>ambr),</strong></span> <span class='ocrx_word' id='word_1_535' title='bbox 564 2429 704 2458; x_wconf 83' lang='lat' dir='ltr'><strong>mordicus</strong></span> <span class='ocrx_word' id='word_1_536' title='bbox 720 2439 762 2458; x_wconf 89' lang='lat' dir='ltr'><strong>me</strong></span> <span class='ocrx_word' id='word_1_537' title='bbox 776 2432 908 2463; x_wconf 89' lang='lat' dir='ltr'><strong>detinent,</strong></span> 
     </span>
    </p>
   </div>
   <div class='ocr_carea' id='block_1_94' title="bbox 253 2465 855 2501">
    <p class='ocr_par' dir='ltr' id='par_1_94' title="bbox 253 2465 855 2501">
     <span class='ocr_line' id='line_1_94' title="bbox 253 2465 855 2501; baseline 0.002 -9"><span class='ocrx_word' id='word_1_538' title='bbox 253 2470 316 2500; x_wconf 85' lang='lat' dir='ltr'><strong>tque</strong></span> <span class='ocrx_word' id='word_1_539' title='bbox 335 2465 453 2493; x_wconf 82' lang='lat' dir='ltr'><strong>exeundi</strong></span> <span class='ocrx_word' id='word_1_540' title='bbox 469 2467 534 2493; x_wconf 91' lang='lat' dir='ltr'><strong>mihi</strong></span> <span class='ocrx_word' id='word_1_541' title='bbox 556 2470 718 2501; x_wconf 87' lang='lat' dir='ltr'><strong>potestatem</strong></span> <span class='ocrx_word' id='word_1_542' title='bbox 743 2471 855 2501; x_wconf 77' lang='lat' dir='ltr'><strong>negant,</strong></span> 
     </span>
    </p>
   </div>
   <div class='ocr_carea' id='block_1_95' title="bbox 227 2500 869 2538">
    <p class='ocr_par' dir='ltr' id='par_1_95' title="bbox 227 2500 869 2538">
     <span class='ocr_line' id='line_1_95' title="bbox 227 2500 869 2538; baseline 0.002 -10"><span class='ocrx_word' id='word_1_543' title='bbox 227 2500 322 2538; x_wconf 49' lang='lat' dir='ltr'><strong>lﬁeque</strong></span> <span class='ocrx_word' id='word_1_544' title='bbox 334 2501 407 2538; x_wconf 83' lang='lat' dir='ltr'><strong>enim</strong></span> <span class='ocrx_word' id='word_1_545' title='bbox 420 2502 517 2529; x_wconf 86' lang='lat' dir='ltr'><strong>decere</strong></span> <span class='ocrx_word' id='word_1_546' title='bbox 534 2500 662 2529; x_wconf 89' lang='lat' dir='ltr'><strong>dictitant</strong></span> <span class='ocrx_word' id='word_1_547' title='bbox 683 2510 734 2529; x_wconf 86' lang='lat' dir='ltr'><strong>nos</strong></span> <span class='ocrx_word' id='word_1_548' title='bbox 753 2500 869 2538; x_wconf 75' lang='lat' dir='ltr'><strong>perdere</strong></span> 
     </span>
    </p>
   </div>
   <div class='ocr_carea' id='block_1_96' title="bbox 230 2536 786 2569">
    <p class='ocr_par' dir='ltr' id='par_1_96' title="bbox 230 2536 786 2569">
     <span class='ocr_line' id='line_1_96' title="bbox 230 2536 786 2569; baseline 0.004 -7"><span class='ocrx_word' id='word_1_549' title='bbox 230 2536 330 2563; x_wconf 88' lang='lat' dir='ltr'><strong>Doctas</strong></span> <span class='ocrx_word' id='word_1_550' title='bbox 348 2536 485 2569; x_wconf 84' lang='lat' dir='ltr'><strong>Athenas,</strong></span> <span class='ocrx_word' id='word_1_551' title='bbox 511 2545 543 2564; x_wconf 90' lang='lat' dir='ltr'><strong>ac</strong></span> <span class='ocrx_word' id='word_1_552' title='bbox 555 2538 636 2564; x_wconf 87' lang='lat' dir='ltr'><strong>simul</strong></span> <span class='ocrx_word' id='word_1_553' title='bbox 650 2536 786 2564; x_wconf 68' lang='lat' dir='ltr'><strong>facundiae</strong></span> 
     </span>
    </p>
   </div>
   <div class='ocr_carea' id='block_1_97' title="bbox 229 2570 875 2607">
    <p class='ocr_par' dir='ltr' id='par_1_97' title="bbox 229 2570 875 2607">
     <span class='ocr_line' id='line_1_97' title="bbox 229 2570 875 2607; baseline 0.005 -10"><span class='ocrx_word' id='word_1_554' title='bbox 229 2570 296 2607; x_wconf 70' lang='lat' dir='ltr'><strong>Mihi</strong></span> <span class='ocrx_word' id='word_1_555' title='bbox 312 2573 497 2606; x_wconf 82' lang='lat' dir='ltr'><strong>principatum</strong></span> <span class='ocrx_word' id='word_1_556' title='bbox 525 2573 639 2600; x_wconf 85' lang='lat' dir='ltr'><strong>calculis</strong></span> <span class='ocrx_word' id='word_1_557' title='bbox 654 2573 790 2607; x_wconf 88' lang='lat' dir='ltr'><strong>spondent</strong></span> <span class='ocrx_word' id='word_1_558' title='bbox 807 2573 875 2601; x_wconf 82' lang='lat' dir='ltr'><strong>suis.</strong></span> 
     </span>
    </p>
   </div>
   <div class='ocr_carea' id='block_1_98' title="bbox 229 2606 928 2644">
    <p class='ocr_par' dir='ltr' id='par_1_98' title="bbox 229 2606 928 2644">
     <span class='ocr_line' id='line_1_98' title="bbox 229 2606 928 2644; baseline 0.006 -12"><span class='ocrx_word' id='word_1_559' title='bbox 229 2606 427 2644; x_wconf 68' lang='lat' dir='ltr'><strong>Quidmulta?</strong></span> <span class='ocrx_word' id='word_1_560' title='bbox 444 2607 552 2634; x_wconf 86' lang='lat' dir='ltr'><strong>Flector</strong></span> <span class='ocrx_word' id='word_1_561' title='bbox 575 2608 644 2642; x_wconf 89' lang='lat' dir='ltr'><strong>(sola</strong></span> <span class='ocrx_word' id='word_1_562' title='bbox 659 2606 721 2634; x_wconf 85' lang='lat' dir='ltr'><strong>nam</strong></span> <span class='ocrx_word' id='word_1_563' title='bbox 742 2613 782 2635; x_wconf 90' lang='lat' dir='ltr'><strong>tot</strong></span> <span class='ocrx_word' id='word_1_564' title='bbox 800 2609 928 2644; x_wconf 82' lang='lat' dir='ltr'><strong>lacrymis</strong></span> 
     </span>
    </p>
   </div>
   <div class='ocr_carea' id='block_1_99' title="bbox 229 2641 879 2678">
    <p class='ocr_par' dir='ltr' id='par_1_99' title="bbox 229 2641 879 2678">
     <span class='ocr_line' id='line_1_99' title="bbox 229 2641 879 2678; baseline 0.002 -9"><span class='ocrx_word' id='word_1_565' title='bbox 229 2641 388 2678; x_wconf 15' lang='lat' dir='ltr'><strong>Verbisqueﬁ</strong></span> <span class='ocrx_word' id='word_1_566' title='bbox 396 2650 517 2678; x_wconf 85' lang='lat' dir='ltr'><strong>quercus</strong></span> <span class='ocrx_word' id='word_1_567' title='bbox 533 2644 708 2678; x_wconf 86' lang='lat' dir='ltr'><strong>restitisset);</strong></span> <span class='ocrx_word' id='word_1_568' title='bbox 725 2652 775 2671; x_wconf 88' lang='lat' dir='ltr'><strong>nec</strong></span> <span class='ocrx_word' id='word_1_569' title='bbox 790 2641 879 2671; x_wconf 71' lang='lat' dir='ltr'><strong>tamen</strong></span> 
     </span>
    </p>
   </div>
   <div class='ocr_carea' id='block_1_100' title="bbox 229 2676 870 2713">
    <p class='ocr_par' dir='ltr' id='par_1_100' title="bbox 229 2676 870 2713">
     <span class='ocr_line' id='line_1_100' title="bbox 229 2676 870 2713; baseline 0.005 -10"><span class='ocrx_word' id='word_1_570' title='bbox 229 2676 357 2713; x_wconf 75' lang='lat' dir='ltr'><strong>anino.</strong></span> <span class='ocrx_word' id='word_1_571' title='bbox 379 2676 448 2704; x_wconf 80' lang='lat' dir='ltr'><strong>Nam</strong></span> <span class='ocrx_word' id='word_1_572' title='bbox 469 2686 511 2706; x_wconf 88' lang='lat' dir='ltr'><strong>me</strong></span> <span class='ocrx_word' id='word_1_573' title='bbox 531 2679 648 2713; x_wconf 86' lang='lat' dir='ltr'><strong>patrium</strong></span> <span class='ocrx_word' id='word_1_574' title='bbox 663 2676 759 2706; x_wconf 81' lang='lat' dir='ltr'><strong>contra</strong></span> <span class='ocrx_word' id='word_1_575' title='bbox 782 2680 870 2707; x_wconf 90' lang='lat' dir='ltr'><strong>solum</strong></span> 
     </span>
    </p>
   </div>
   <div class='ocr_carea' id='block_1_101' title="bbox 231 2712 824 2749">
    <p class='ocr_par' dir='ltr' id='par_1_101' title="bbox 231 2712 824 2749">
     <span class='ocr_line' id='line_1_101' title="bbox 231 2712 824 2749; baseline 0.007 -11"><span class='ocrx_word' id='word_1_576' title='bbox 231 2712 377 2749; x_wconf 59' lang='lat' dir='ltr'><strong>:l‘rahehat,</strong></span> <span class='ocrx_word' id='word_1_577' title='bbox 393 2721 488 2741; x_wconf 88' lang='lat' dir='ltr'><strong>omnes</strong></span> <span class='ocrx_word' id='word_1_578' title='bbox 508 2712 632 2742; x_wconf 84' lang='lat' dir='ltr'><strong>eminens</strong></span> <span class='ocrx_word' id='word_1_579' title='bbox 649 2719 744 2749; x_wconf 79' lang='lat' dir='ltr'><strong>gentes</strong></span> <span class='ocrx_word' id='word_1_580' title='bbox 761 2714 824 2748; x_wconf 83' lang='lat' dir='ltr'><strong>ﬁde,</strong></span> 
     </span>
    </p>
   </div>
   <div class='ocr_carea' id='block_1_102' title="bbox 229 2747 930 2784">
    <p class='ocr_par' dir='ltr' id='par_1_102' title="bbox 229 2747 930 2784">
     <span class='ocr_line' id='line_1_102' title="bbox 229 2747 930 2784; baseline 0.001 -8"><span class='ocrx_word' id='word_1_581' title='bbox 229 2747 378 2784; x_wconf 76' lang='lat' dir='ltr'><strong>Pulchrum</strong></span> <span class='ocrx_word' id='word_1_582' title='bbox 393 2749 439 2776; x_wconf 86' lang='lat' dir='ltr'><strong>ubi</strong></span> <span class='ocrx_word' id='word_1_583' title='bbox 460 2750 589 2784; x_wconf 85' lang='lat' dir='ltr'><strong>putabam</strong></span> <span class='ocrx_word' id='word_1_584' title='bbox 612 2747 720 2784; x_wconf 58' lang='lat' dir='ltr'><strong>me&#39;piis</strong></span> <span class='ocrx_word' id='word_1_585' title='bbox 738 2750 838 2777; x_wconf 89' lang='lat' dir='ltr'><strong>studiis</strong></span> <span class='ocrx_word' id='word_1_586' title='bbox 853 2750 930 2783; x_wconf 87' lang='lat' dir='ltr'><strong>dare,</strong></span> 
     </span>
    </p>
   </div>
   <div class='ocr_carea' id='block_1_103' title="bbox 231 2783 880 2819">
    <p class='ocr_par' dir='ltr' id='par_1_103' title="bbox 231 2783 880 2819">
     <span class='ocr_line' id='line_1_103' title="bbox 231 2783 880 2819; baseline 0.006 -10"><span class='ocrx_word' id='word_1_587' title='bbox 231 2783 371 2819; x_wconf 74' lang='lat' dir='ltr'><strong>Anpisqlte</strong></span> <span class='ocrx_word' id='word_1_588' title='bbox 387 2783 502 2819; x_wconf 77' lang='lat' dir='ltr'><strong>uterque</strong></span> <span class='ocrx_word' id='word_1_589' title='bbox 519 2785 623 2812; x_wconf 83' lang='lat' dir='ltr'><strong>fractus</strong></span> <span class='ocrx_word' id='word_1_590' title='bbox 636 2783 754 2813; x_wconf 28' lang='lat' dir='ltr'><strong>et’senio</strong></span> <span class='ocrx_word' id='word_1_591' title='bbox 773 2793 880 2819; x_wconf 86' lang='lat' dir='ltr'><strong>parens.</strong></span> 
     </span>
    </p>
   </div>
   <div class='ocr_carea' id='block_1_104' title="bbox 267 2816 876 2855">
    <p class='ocr_par' dir='ltr' id='par_1_104' title="bbox 267 2816 876 2855">
     <span class='ocr_line' id='line_1_104' title="bbox 267 2816 876 2855; baseline 0.007 -11"><span class='ocrx_word' id='word_1_592' title='bbox 267 2816 402 2855; x_wconf 81' lang='lat' dir='ltr'><strong>Quocirca</strong></span> <span class='ocrx_word' id='word_1_593' title='bbox 417 2816 532 2847; x_wconf 79' lang='lat' dir='ltr'><strong>Athenis</strong></span> <span class='ocrx_word' id='word_1_594' title='bbox 548 2821 710 2848; x_wconf 87' lang='lat' dir='ltr'><strong>immoratus</strong></span> <span class='ocrx_word' id='word_1_595' title='bbox 723 2816 876 2855; x_wconf 80' lang='lat' dir='ltr'><strong>paululum,</strong></span> 
     </span>
    </p>
   </div>
   <div class='ocr_carea' id='block_1_105' title="bbox 233 2852 927 2891">
    <p class='ocr_par' dir='ltr' id='par_1_105' title="bbox 233 2852 927 2891">
     <span class='ocr_line' id='line_1_105' title="bbox 233 2852 927 2891; baseline 0.001 -9"><span class='ocrx_word' id='word_1_596' title='bbox 233 2852 365 2883; x_wconf 83' lang='lat' dir='ltr'><strong>Subduco</strong></span> <span class='ocrx_word' id='word_1_597' title='bbox 379 2854 475 2883; x_wconf 82' lang='lat' dir='ltr'><strong>furtim</strong></span> <span class='ocrx_word' id='word_1_598' title='bbox 490 2863 558 2890; x_wconf 82' lang='lat' dir='ltr'><strong>pene</strong></span> <span class='ocrx_word' id='word_1_599' title='bbox 577 2863 632 2889; x_wconf 86' lang='lat' dir='ltr'><strong>me,</strong></span> <span class='ocrx_word' id='word_1_600' title='bbox 647 2863 679 2884; x_wconf 80' lang='lat' dir='ltr'><strong>ac</strong></span> <span class='ocrx_word' id='word_1_601' title='bbox 695 2852 788 2891; x_wconf 81' lang='lat' dir='ltr'><strong>repeto</strong></span> <span class='ocrx_word' id='word_1_602' title='bbox 804 2857 927 2889; x_wconf 87' lang='lat' dir='ltr'><strong>domum,</strong></span> 
     </span>
    </p>
   </div>
   <div class='ocr_carea' id='block_1_106' title="bbox 1032 2394 1729 2432">
    <p class='ocr_par' dir='ltr' id='par_1_106' title="bbox 1032 2394 1729 2432">
     <span class='ocr_line' id='line_1_106' title="bbox 1032 2394 1729 2432; baseline 0.006 -11"><span class='ocrx_word' id='word_1_603' title='bbox 1032 2402 1053 2429; x_wconf 75' lang='grc' dir='ltr'><strong>Β</strong></span> <span class='ocrx_word' id='word_1_604' title='bbox 1067 2394 1269 2432; x_wconf 62' lang='lat' dir='ltr'><strong>Eacundiaeque</strong></span> <span class='ocrx_word' id='word_1_605' title='bbox 1282 2395 1318 2432; x_wconf 78' lang='lat' dir='ltr'><strong>do</strong></span> <span class='ocrx_word' id='word_1_606' title='bbox 1335 2396 1487 2430; x_wconf 90' lang='lat' dir='ltr'><strong>specimen,</strong></span> <span class='ocrx_word' id='word_1_607' title='bbox 1504 2397 1547 2424; x_wconf 90' lang='lat' dir='ltr'><strong>his</strong></span> <span class='ocrx_word' id='word_1_608' title='bbox 1563 2397 1729 2432; x_wconf 86' lang='lat' dir='ltr'><strong>obsequens.</strong></span> 
     </span>
    </p>
   </div>
   <div class='ocr_carea' id='block_1_107' title="bbox 1072 2430 1754 2467">
    <p class='ocr_par' dir='ltr' id='par_1_107' title="bbox 1072 2430 1754 2467">
     <span class='ocr_line' id='line_1_107' title="bbox 1072 2430 1754 2467; baseline 0.003 -10"><span class='ocrx_word' id='word_1_609' title='bbox 1072 2431 1128 2467; x_wconf 66' lang='lat' dir='ltr'><strong>Hoc</strong></span> <span class='ocrx_word' id='word_1_610' title='bbox 1143 2431 1189 2465; x_wconf 86' lang='lat' dir='ltr'><strong>qui</strong></span> <span class='ocrx_word' id='word_1_611' title='bbox 1200 2430 1361 2467; x_wconf 76' lang='lat' dir='ltr'><strong>exigebant,</strong></span> <span class='ocrx_word' id='word_1_612' title='bbox 1380 2432 1501 2459; x_wconf 88' lang='lat' dir='ltr'><strong>debitum</strong></span> <span class='ocrx_word' id='word_1_613' title='bbox 1517 2430 1655 2467; x_wconf 85' lang='lat' dir='ltr'><strong>quoddam</strong></span> <span class='ocrx_word' id='word_1_614' title='bbox 1670 2433 1754 2460; x_wconf 82' lang='lat' dir='ltr'><strong>velut.</strong></span> 
     </span>
    </p>
   </div>
   <div class='ocr_carea' id='block_1_108' title="bbox 1070 2466 1669 2502">
    <p class='ocr_par' dir='ltr' id='par_1_108' title="bbox 1070 2466 1669 2502">
     <span class='ocr_line' id='line_1_108' title="bbox 1070 2466 1669 2502; baseline 0.007 -11"><span class='ocrx_word' id='word_1_615' title='bbox 1070 2466 1139 2502; x_wconf 68' lang='lat' dir='ltr'><strong>Nam</strong></span> <span class='ocrx_word' id='word_1_616' title='bbox 1160 2466 1316 2502; x_wconf 67' lang='lat' dir='ltr'><strong>nullacura</strong></span> <span class='ocrx_word' id='word_1_617' title='bbox 1331 2474 1374 2494; x_wconf 93' lang='lat' dir='ltr'><strong>me</strong></span> <span class='ocrx_word' id='word_1_618' title='bbox 1389 2467 1497 2494; x_wconf 87' lang='lat' dir='ltr'><strong>tenebat</strong></span> <span class='ocrx_word' id='word_1_619' title='bbox 1511 2466 1669 2502; x_wconf 83' lang='lat' dir='ltr'><strong>plausuum,</strong></span> 
     </span>
    </p>
   </div>
   <div class='ocr_carea' id='block_1_109' title="bbox 1071 2501 1582 2536">
    <p class='ocr_par' dir='ltr' id='par_1_109' title="bbox 1071 2501 1582 2536">
     <span class='ocr_line' id='line_1_109' title="bbox 1071 2501 1582 2536; baseline 0.006 -9"><span class='ocrx_word' id='word_1_620' title='bbox 1071 2501 1127 2528; x_wconf 80' lang='lat' dir='ltr'><strong>Nec</strong></span> <span class='ocrx_word' id='word_1_621' title='bbox 1140 2501 1282 2535; x_wconf 82' lang='lat' dir='ltr'><strong>garriendi</strong></span> <span class='ocrx_word' id='word_1_622' title='bbox 1300 2503 1421 2529; x_wconf 88' lang='lat' dir='ltr'><strong>molliter</strong></span> <span class='ocrx_word' id='word_1_623' title='bbox 1434 2501 1582 2536; x_wconf 88' lang='lat' dir='ltr'><strong>cupiditas,</strong></span> 
     </span>
    </p>
   </div>
   <div class='ocr_carea' id='block_1_110' title="bbox 1071 2537 1716 2573">
    <p class='ocr_par' dir='ltr' id='par_1_110' title="bbox 1071 2537 1716 2573">
     <span class='ocr_line' id='line_1_110' title="bbox 1071 2537 1716 2573; baseline 0.003 -11"><span class='ocrx_word' id='word_1_624' title='bbox 1071 2537 1206 2573; x_wconf 83' lang='lat' dir='ltr'><strong>Juvenum</strong></span> <span class='ocrx_word' id='word_1_625' title='bbox 1221 2537 1248 2563; x_wconf 92' lang='lat' dir='ltr'><strong>in</strong></span> <span class='ocrx_word' id='word_1_626' title='bbox 1262 2538 1380 2564; x_wconf 81' lang='lat' dir='ltr'><strong>catervis</strong></span> <span class='ocrx_word' id='word_1_627' title='bbox 1397 2546 1458 2572; x_wconf 66' lang='lat' dir='ltr'><strong>qua:</strong></span> <span class='ocrx_word' id='word_1_628' title='bbox 1471 2539 1611 2573; x_wconf 86' lang='lat' dir='ltr'><strong>sophistas</strong></span> <span class='ocrx_word' id='word_1_629' title='bbox 1626 2538 1716 2565; x_wconf 77' lang='lat' dir='ltr'><strong>allicit.</strong></span> 
     </span>
    </p>
   </div>
   <div class='ocr_carea' id='block_1_111' title="bbox 1073 2571 1772 2609">
    <p class='ocr_par' dir='ltr' id='par_1_111' title="bbox 1073 2571 1772 2609">
     <span class='ocr_line' id='line_1_111' title="bbox 1073 2571 1772 2609; baseline 0.003 -11"><span class='ocrx_word' id='word_1_630' title='bbox 1073 2573 1161 2609; x_wconf 38' lang='lat' dir='ltr'><strong>atque</strong></span> <span class='ocrx_word' id='word_1_631' title='bbox 1178 2571 1336 2609; x_wconf 79' lang='lat' dir='ltr'><strong>institutum</strong></span> <span class='ocrx_word' id='word_1_632' title='bbox 1350 2571 1462 2609; x_wconf 76' lang='lat' dir='ltr'><strong>esthoc</strong></span> <span class='ocrx_word' id='word_1_633' title='bbox 1478 2571 1543 2601; x_wconf 79' lang='lat' dir='ltr'><strong>mihi</strong></span> <span class='ocrx_word' id='word_1_634' title='bbox 1562 2576 1691 2609; x_wconf 86' lang='lat' dir='ltr'><strong>primum,</strong></span> <span class='ocrx_word' id='word_1_635' title='bbox 1706 2573 1772 2607; x_wconf 89' lang='lat' dir='ltr'><strong>Deo,</strong></span> 
     </span>
    </p>
   </div>
   <div class='ocr_carea' id='block_1_112' title="bbox 1074 2607 1637 2641">
    <p class='ocr_par' dir='ltr' id='par_1_112' title="bbox 1074 2607 1637 2641">
     <span class='ocr_line' id='line_1_112' title="bbox 1074 2607 1637 2641; baseline 0.005 -8"><span class='ocrx_word' id='word_1_636' title='bbox 1074 2607 1109 2634; x_wconf 85' lang='lat' dir='ltr'><strong>Ut</strong></span> <span class='ocrx_word' id='word_1_637' title='bbox 1123 2608 1227 2641; x_wconf 81' lang='lat' dir='ltr'><strong>quaevis</strong></span> <span class='ocrx_word' id='word_1_638' title='bbox 1247 2607 1300 2634; x_wconf 87' lang='lat' dir='ltr'><strong>alia</strong></span> <span class='ocrx_word' id='word_1_639' title='bbox 1310 2629 1317 2639; x_wconf 85' lang='lat'><strong>,</strong></span> <span class='ocrx_word' id='word_1_640' title='bbox 1334 2608 1374 2635; x_wconf 89' lang='lat' dir='ltr'><strong>sic</strong></span> <span class='ocrx_word' id='word_1_641' title='bbox 1389 2608 1480 2635; x_wconf 86' lang='lat' dir='ltr'><strong>studia</strong></span> <span class='ocrx_word' id='word_1_642' title='bbox 1502 2607 1637 2637; x_wconf 62' lang='lat' dir='ltr'><strong>facundiae</strong></span> 
     </span>
    </p>
   </div>
   <div class='ocr_carea' id='block_1_113' title="bbox 1072 2643 1738 2679">
    <p class='ocr_par' dir='ltr' id='par_1_113' title="bbox 1072 2643 1738 2679">
     <span class='ocr_line' id='line_1_113' title="bbox 1072 2643 1738 2679; baseline 0.006 -11"><span class='ocrx_word' id='word_1_643' title='bbox 1072 2643 1221 2679; x_wconf 69' lang='lat' dir='ltr'><strong>Projicerc,</strong></span> <span class='ocrx_word' id='word_1_644' title='bbox 1233 2647 1269 2679; x_wconf 17' lang='lat' dir='ltr'><strong>rut</strong></span> <span class='ocrx_word' id='word_1_645' title='bbox 1281 2651 1362 2677; x_wconf 72' lang='lat' dir='ltr'><strong>agros</strong></span> <span class='ocrx_word' id='word_1_646' title='bbox 1378 2644 1530 2678; x_wconf 85' lang='lat' dir='ltr'><strong>pecudibus</strong></span> <span class='ocrx_word' id='word_1_647' title='bbox 1547 2645 1656 2679; x_wconf 89' lang='lat' dir='ltr'><strong>quidem</strong></span> <span class='ocrx_word' id='word_1_648' title='bbox 1671 2652 1738 2672; x_wconf 85' lang='lat' dir='ltr'><strong>suos</strong></span> 
     </span>
    </p>
   </div>
   <div class='ocr_carea' id='block_1_114' title="bbox 1073 2678 1720 2714">
    <p class='ocr_par' dir='ltr' id='par_1_114' title="bbox 1073 2678 1720 2714">
     <span class='ocr_line' id='line_1_114' title="bbox 1073 2678 1720 2714; baseline 0.005 -10"><span class='ocrx_word' id='word_1_649' title='bbox 1073 2678 1200 2712; x_wconf 84' lang='lat' dir='ltr'><strong>Liquere,</strong></span> <span class='ocrx_word' id='word_1_650' title='bbox 1214 2678 1248 2704; x_wconf 89' lang='lat' dir='ltr'><strong>ab</strong></span> <span class='ocrx_word' id='word_1_651' title='bbox 1259 2678 1320 2705; x_wconf 88' lang='lat' dir='ltr'><strong>aliis</strong></span> <span class='ocrx_word' id='word_1_652' title='bbox 1335 2685 1400 2706; x_wconf 89' lang='lat' dir='ltr'><strong>sunt</strong></span> <span class='ocrx_word' id='word_1_653' title='bbox 1414 2687 1481 2714; x_wconf 86' lang='lat' dir='ltr'><strong>opes</strong></span> <span class='ocrx_word' id='word_1_654' title='bbox 1495 2678 1578 2714; x_wconf 45' lang='lat' dir='ltr'><strong>jactm</strong></span> <span class='ocrx_word' id='word_1_655' title='bbox 1593 2681 1620 2707; x_wconf 93' lang='lat' dir='ltr'><strong>in</strong></span> <span class='ocrx_word' id='word_1_656' title='bbox 1635 2687 1720 2707; x_wconf 80' lang='lat' dir='ltr'><strong>mare.</strong></span> 
     </span>
    </p>
   </div>
   <div class='ocr_carea' id='block_1_115' title="bbox 1073 2713 1668 2748">
    <p class='ocr_par' dir='ltr' id='par_1_115' title="bbox 1073 2713 1668 2748">
     <span class='ocr_line' id='line_1_115' title="bbox 1073 2713 1668 2748; baseline 0.003 -8"><span class='ocrx_word' id='word_1_657' title='bbox 1073 2714 1123 2740; x_wconf 90' lang='lat' dir='ltr'><strong>Ast</strong></span> <span class='ocrx_word' id='word_1_658' title='bbox 1138 2714 1189 2740; x_wconf 89' lang='lat' dir='ltr'><strong>hoc</strong></span> <span class='ocrx_word' id='word_1_659' title='bbox 1206 2714 1312 2745; x_wconf 83' lang='lat' dir='ltr'><strong>amicis,</strong></span> <span class='ocrx_word' id='word_1_660' title='bbox 1328 2718 1357 2740; x_wconf 92' lang='lat' dir='ltr'><strong>ut</strong></span> <span class='ocrx_word' id='word_1_661' title='bbox 1374 2713 1450 2748; x_wconf 78' lang='lat' dir='ltr'><strong>prius</strong></span> <span class='ocrx_word' id='word_1_662' title='bbox 1469 2713 1541 2748; x_wconf 84' lang='lat' dir='ltr'><strong>dixi,’</strong></span> <span class='ocrx_word' id='word_1_663' title='bbox 1557 2716 1668 2742; x_wconf 88' lang='lat' dir='ltr'><strong>dabam.</strong></span> 
     </span>
    </p>
   </div>
   <div class='ocr_carea' id='block_1_116' title="bbox 1073 2749 1649 2784">
    <p class='ocr_par' dir='ltr' id='par_1_116' title="bbox 1073 2749 1649 2784">
     <span class='ocr_line' id='line_1_116' title="bbox 1073 2749 1649 2784; baseline 0.003 -8"><span class='ocrx_word' id='word_1_664' title='bbox 1073 2749 1256 2776; x_wconf 64' lang='lat' dir='ltr'><strong>Praclnsioncs</strong></span> <span class='ocrx_word' id='word_1_665' title='bbox 1276 2750 1356 2776; x_wconf 71' lang='lat' dir='ltr'><strong>seria:</strong></span> <span class='ocrx_word' id='word_1_666' title='bbox 1371 2757 1468 2784; x_wconf 70' lang='lat' dir='ltr'><strong>pugnae</strong></span> <span class='ocrx_word' id='word_1_667' title='bbox 1483 2751 1541 2777; x_wconf 65' lang='lat' dir='ltr'><strong>haac</strong></span> <span class='ocrx_word' id='word_1_668' title='bbox 1557 2756 1649 2782; x_wconf 82' lang='lat' dir='ltr'><strong>erant,</strong></span> 
     </span>
    </p>
   </div>
   <div class='ocr_carea' id='block_1_117' title="bbox 1071 2784 1582 2820">
    <p class='ocr_par' dir='ltr' id='par_1_117' title="bbox 1071 2784 1582 2820">
     <span class='ocr_line' id='line_1_117' title="bbox 1071 2784 1582 2820; baseline 0.004 -10"><span class='ocrx_word' id='word_1_669' title='bbox 1071 2785 1160 2819; x_wconf 83' lang='lat' dir='ltr'><strong>Atque</strong></span> <span class='ocrx_word' id='word_1_670' title='bbox 1177 2784 1274 2811; x_wconf 85' lang='lat' dir='ltr'><strong>altiora</strong></span> <span class='ocrx_word' id='word_1_671' title='bbox 1292 2785 1374 2812; x_wconf 89' lang='lat' dir='ltr'><strong>limen</strong></span> <span class='ocrx_word' id='word_1_672' title='bbox 1392 2785 1425 2812; x_wconf 82' lang='lat' dir='ltr'><strong>ad</strong></span> <span class='ocrx_word' id='word_1_673' title='bbox 1443 2787 1582 2820; x_wconf 87' lang='lat' dir='ltr'><strong>mysteria.</strong></span> 
     </span>
    </p>
   </div>
   <div class='ocr_carea' id='block_1_118' title="bbox 1071 2820 1666 2855">
    <p class='ocr_par' dir='ltr' id='par_1_118' title="bbox 1071 2820 1666 2855">
     <span class='ocr_line' id='line_1_118' title="bbox 1071 2820 1666 2855; baseline 0.003 -9"><span class='ocrx_word' id='word_1_674' title='bbox 1071 2820 1193 2847; x_wconf 83' lang='lat' dir='ltr'><strong>Consilia</strong></span> <span class='ocrx_word' id='word_1_675' title='bbox 1213 2820 1296 2855; x_wconf 82' lang='lat' dir='ltr'><strong>digna</strong></span> <span class='ocrx_word' id='word_1_676' title='bbox 1316 2825 1441 2854; x_wconf 88' lang='lat' dir='ltr'><strong>posceret</strong></span> <span class='ocrx_word' id='word_1_677' title='bbox 1458 2829 1520 2847; x_wconf 88' lang='lat' dir='ltr'><strong>cntn</strong></span> <span class='ocrx_word' id='word_1_678' title='bbox 1535 2822 1591 2855; x_wconf 86' lang='lat' dir='ltr'><strong>jam</strong></span> <span class='ocrx_word' id='word_1_679' title='bbox 1607 2821 1666 2848; x_wconf 85' lang='lat' dir='ltr'><strong>viro</strong></span> 
     </span>
    </p>
   </div>
   <div class='ocr_carea' id='block_1_119' title="bbox 1073 2855 1629 2890">
    <p class='ocr_par' dir='ltr' id='par_1_119' title="bbox 1073 2855 1629 2890">
     <span class='ocr_line' id='line_1_119' title="bbox 1073 2855 1629 2890; baseline 0 -6"><span class='ocrx_word' id='word_1_680' title='bbox 1073 2855 1162 2889; x_wconf 64' lang='lat' dir='ltr'><strong>Etas,</strong></span> <span class='ocrx_word' id='word_1_681' title='bbox 1180 2856 1284 2883; x_wconf 84' lang='lat' dir='ltr'><strong>amicos</strong></span> <span class='ocrx_word' id='word_1_682' title='bbox 1299 2856 1425 2890; x_wconf 87' lang='lat' dir='ltr'><strong>consulo,</strong></span> <span class='ocrx_word' id='word_1_683' title='bbox 1444 2857 1546 2884; x_wconf 87' lang='lat' dir='ltr'><strong>mentis</strong></span> <span class='ocrx_word' id='word_1_684' title='bbox 1562 2864 1629 2885; x_wconf 69' lang='lat' dir='ltr'><strong>mea:</strong></span> 
     </span>
    </p>
   </div>
  </div>
