1955 3042
64 186 135 215 1069

70 246 161 282 Ἐμῶν
173 246 310 282 λογισμῶν
324 247 442 283 γνησίων
460 249 640 284 παραινετῶν.

63 291 115 319 280
130 292 269 327 Στρόμ6ος
283 294 394 328 κατεῖχε
409 293 459 329 τὴν
475 294 545 330 ἐμὴν
562 294 648 326 δεινὸς
663 295 759 330 φρένα,

63 338 99 364 Τὸ
113 339 238 373 κρεῖσσον
254 338 431 374 ὲκζητοῦντος
447 340 476 366 ὲν
490 341 546 371 τοῖς
562 340 710 376 κρείσσοσι.

63 383 100 410 Τὸ
118 384 166 418 μὲν
184 383 218 410 τὰ
234 384 334 419 σαρκὸς
349 385 388 416 είς
404 383 501 419 βυθοὺς
513 385 600 420 ῥῖψαι,
616 385 700 412 πάλαι

63 429 227 465 Δεδογμένον
241 431 265 456 τ’
280 428 324 465 ἦν,
339 430 384 457 καὶ
396 431 451 458 τότ’
467 431 567 466 ἧρεσκε
583 431 674 459 πλέον.

64 475 157 501 Αὐτῶν
169 475 196 502 δέ
211 484 255 510 μοι
268 476 413 502 σκοποῦντι
429 477 483 503 τῶν
498 477 578 504 θείων
589 477 656 504 ὁδῶν

64 517 117 549 283
131 522 168 549 Οὐ
184 523 281 558 ῥᾷστον
296 522 385 558 εὑρεῖν
395 523 444 558 τὴν
456 524 561 558 ἀμείνω
580 524 627 550 καὶ
639 524 725 553 λείαν.

66 569 171 595 Ἀλλων
185 569 239 604 γὰρ
251 568 334 595 εἵνεκ’
349 569 412 596 ἄλλο
425 569 506 597 καλὸν
526 570 542 605 ἢ
558 571 642 597 κακὸν

71 614 215 648 Ἐφιιίνείν⁹
229 614 324 650 ὥσπερ
343 614 476 650 πολλαχοῦ
491 615 544 642 τῶν
557 617 712 652 πρακτέων.

64 659 175 686 Τοιοῦτο
186 659 296 695 τούμὸν,
310 659 348 691 ὥς
363 668 415 686 τινι
432 661 612 695 προσεικάσαι
623 670 630 676 υ

63 705 180 740 Μακράν
195 707 245 732 τιν’
259 703 314 732 οἷον
327 705 425 732 ἐννοῶν
438 706 570 742 ἐκδημίαν
580 715 587 722 ·

65 751 116 777 290
132 750 218 778 ΙΙλοῦν
235 752 283 786 μὲν
300 752 456 786 πεφεύγειν,
474 752 522 778 καὶ
537 753 633 784 πόνους
646 751 815 786 θαλασσίους,

69 795 144 822 Ὀδὸν
154 796 183 823 δὲ
194 797 333 832 ἀνίχνευον
342 798 359 833 ἥ
376 806 418 829 τις
434 798 621 833 εὐπορωτέρα.

106 840 198 868 Ἠλίαν
210 839 282 877 εἶχον
301 843 330 870 ἑν
348 843 418 878 λόγῳ
429 843 475 870 τὸν
493 843 636 878 Θεσϐίτην,

65 886 121 913 Καὶ
134 886 178 914 τὸν
197 887 284 922 μέγαν
296 887 457 924 Κάρμηλον,
470 887 487 923 ἢ
507 887 586 923 ξένην
601 887 714 924 τροφὴν,

558 186 680 215 SECTXO
699 187 718 214 Ι.
740 185 905 214 ΡΟΕΜΑΤΑ
921 185 964 213 DE
985 186 1029 214 SE
1042 186 1130 214 IPSO.

867 252 890 280 Α
905 246 957 275 Τοῦ
973 248 1130 284 Προδρομου
1146 247 1176 274 τὸ
1192 246 1284 282 κτῆμα
1298 245 1347 282 τὴν
1360 245 1488 281 ἐρημίαν,

1620 185 1692 216 10Κο

902 295 956 322 295
973 294 1078 321 Παίδων
1099 293 1226 320 Ἰωναδὰιὸ
1244 292 1291 318 τὸν
1304 292 1419 318 ἄσκευον
1432 291 1502 326 βίον·

903 341 988 368 Θείων
1004 349 1032 368 τε
1050 340 1152 366 Βίϐλων
1165 337 1242 371 αὖθις
1258 338 1367 373 ἐκράτει
1387 337 1480 369 πόθος,

902 388 957 414 Καὶ
974 386 1132 422 Πνεύματος
1145 386 1203 420 φῶς
1214 386 1243 412 ἐν
1259 385 1347 419 Λόγου
1363 384 1474 420 Θεωρίᾳ,

903 432 1014 468 Πρᾶγμ*
1026 433 1075 459 οὐκ
1094 432 1201 467 ἐρήμης
1216 430 1305 466 ἔργον,
1317 431 1370 456 οὐδ’
1388 430 1502 465 ἡσυχίας
1513 437 1519 444 ·

906 479 977 510 Ἕως
992 479 1035 504 ἐπ’
1050 478 1133 514 ἄμφω
1148 477 1277 508 πολλάκις
1293 475 1472 511 μετακλιθεὶς.

904 525 956 552 500
971 524 1051 556 Τέλος
1063 523 1157 550 διαιτῶ
1168 524 1224 555 τοῖς
1238 522 1330 554 πόθοις
1344 522 1440 548 τοῦτον
1457 521 1567 556 τρόπον,

902 571 958 597 Καὶ
971 570 1020 606 τὴν
1037 570 1140 605 πλάνην
1155 570 1256 604 ἔστησα
1271 569 1317 595 τοῦ
1332 569 1376 596 νοῦ
1393 570 1518 604 μετρίως.

908 616 995 651 Ὁρῶν
1008 616 1062 651 γὰρ
1075 616 1121 648 οὒς
1142 616 1190 651 μὲν
1203 616 1351 651 πρακτικὸς
1363 615 1458 650 τέρπει
1473 615 1540 650 βίος,

904 662 1012 694 Ἀλλοις
1027 662 1075 697 μὲν
1087 662 1166 694 ὄντας
1181 662 1332 697 χρησίμους
1346 661 1400 688 τῶν
1416 661 1445 687 ὲν
1461 661 1545 696 μέσῳ,

903 709 999 740 Δὺτοῖς
1009 708 1032 734 δ’
1049 708 1203 743 ἀχρήστους
1214 707 1261 734 καὶ
1276 708 1371 739 κακοῖς
1386 706 1608 742 στροὸουμένους,

902 753 955 780 305
978 753 1021 786 Ἐξ
1035 750 1072 780 ὧν
1089 753 1118 779 τὸ
1134 753 1203 779 λεῖον
1217 751 1282 788 ἦθος
1298 752 1506 787 ὲκκυμαὶνεται·

903 798 972 830 Τοὺς
984 798 1006 825 δ’
1024 798 1102 830 ἐκτὸς
1113 798 1191 830 ὄντας
1205 797 1345 829 εὐσταθεῖς
1360 797 1409 832 μέν
1423 806 1480 829 πως
1496 797 1586 830 πλέον,

903 845 959 871 Καὶ
971 845 1038 879 πρὸς
1051 844 1116 870 Θεὸν
1132 844 1278 879 βλέποντας
1293 843 1385 878 ἡσύχῳ
1401 842 1452 875 νοτ,

904 888 1000 920 Antei;
1015 890 1105 924 μόνοις
1121 889 1148 916 δὲ
1164 889 1315 925 χρησίμους
1331 889 1433 925 φίλτρῳ
1448 888 1543 924 στενῷ,

319 975 438 1003 Mearum
453 976 649 1004 conitationum
665 975 789 1004 sinceros
805 976 966 1004 munitores.

318 1011 372 1038 εει)
392 1011 536 1040 Detinebat
555 1016 645 1038 autem
662 1019 750 1038 meam
766 1015 883 1039 mentem
900 1012 1048 1039 vehemens
1065 1011 1156 1042 turbo.

319 1046 387 1074 Cum
404 1047 522 1082 interea
537 1054 597 1081 quae
612 1046 803 1081 prazstantiora
821 1051 895 1079 sunt,
909 1047 936 1082 id
951 1047 1025 1081 quod
1042 1048 1218 1081 praestantius
1236 1051 1286 1078 est.
1301 1054 1462 1082 quaererem.

318 1082 358 1117 ac
372 1089 406 1117 ea
420 1081 541 1116 quidem,
557 1089 617 1116 quae
632 1081 725 1108 carnis
738 1086 812 1114 sunt,
827 1082 855 1108 in
869 1081 1035 1116 profundum
1052 1082 1197 1117 projicere.

319 1115 434 1152 Dudum
444 1115 576 1152 statutum
594 1121 664 1147 erat.
682 1121 802 1151 tuncque
818 1115 943 1151 placebat
957 1115 1055 1152 magis.

318 1151 510 1179 COnsideranti
528 1155 618 1178 autem
635 1151 700 1178 mihi
718 1153 793 1186 ipsas
809 1153 879 1183 vias,
896 1159 957 1186 quae
970 1151 1004 1179 ad
1026 1151 1108 1179 Deum
1127 1151 1242 1185 ducunt,

317 1186 372 1214 285
391 1187 520 1219 Quzenam
535 1187 631 1213 melior
644 1187 680 1213 sit
695 1191 722 1213 et
737 1187 829 1221 plana,
843 1195 898 1214 non
915 1187 995 1214 facile
1008 1192 1068 1214 erat
1085 1187 1216 1214 invenite.

317 1222 400 1249 Aliud
416 1222 500 1253 enim,
515 1222 630 1248 aliorum
647 1221 738 1248 habita
753 1223 870 1254 ratione,
888 1222 988 1250 bonum
1005 1226 1053 1248 aut
1071 1223 1173 1249 malum

318 1255 479 1292 Yidebatur,
499 1261 529 1283 ut
543 1264 614 1291 saepe
632 1256 669 1288 ﬁt,
687 1257 733 1283 ubi
749 1257 814 1291 quid
830 1258 966 1292 agendum
984 1261 1037 1284 est.

318 1291 374 1319 Res
395 1299 470 1322 mere,
484 1296 576 1327 utreas
591 1292 672 1318 alicui
688 1293 836 1319 assimilem
852 1291 987 1327 exemplo,
1004 1293 1043 1318 sic
1059 1299 1088 1319 se
1103 1292 1238 1318 habebant
1252 1301 1259 1318 τ

405 1327 492 1362 691
513 1326 632 1361 Longam
647 1327 729 1354 veluti
746 1327 891 1361 quamdam
909 1326 1157 1362 peregrinationem
1175 1327 1343 1359 meditabar;

337 1361 370 1389 90
388 1361 595 1395 Νάνήειιιίοηεῐη
611 1362 720 1396 quidem
733 1362 879 1397 eﬂ‘ugeram
896 1361 923 1390 et
941 1361 1024 1389 maris
1039 1362 1158 1394 labores,

319 1397 374 1424 Sed
387 1398 552 1432 vestigabam
571 1405 694 1431 quamam
711 1398 864 1432 expeditior
877 1401 950 1426 esset
968 1398 1021 1424 via.

355 1433 443 1466 Magni
460 1432 594 1466 faciebam
612 1432 688 1458 Elian
705 1432 863 1464 Thesbiten,

318 1467 358 1502 ᾼο
376 1460 510 1502 inclytum.
522 1467 688 1499 Carmelum,
704 1472 732 1494 et
747 1467 838 1494 cibum
856 1460 1010 1500 insolitum,

318 1501 462 1542 Desertum
477 1501 661 1542 Praecursoris
675 1502 889 1542 possessionem,

318 1537 372 1564 295
392 1536 523 1564 Filiorum
539 1536 663 1564 Jonadab
677 1536 758 1564 vitam
774 1538 833 1565 sine
849 1542 998 1572 apparatu;

320 1572 374 1600 Sed
390 1579 433 1599 me
448 1579 545 1599 rursus
560 1572 669 1599 tenebat
685 1579 826 1599 sacrorum
848 1572 992 1600 Librorum
1008 1580 1095 1605 amor,

320 1607 359 1634 Ac
375 1607 494 1641 Spiritus
510 1607 599 1634 lumen
614 1607 642 1634 in
660 1607 859 1635 consideranda
877 1607 1031 1642 Scriptura,

322 1641 377 1678 Bes
390 1649 452 1669 cum
470 1642 579 1669 deserto
593 1646 620 1669 et
636 1642 728 1678 quiete
747 1650 802 1670 non
818 1641 986 1678 conveniens
999 1651 1006 1670 :

322 1675 414 1704 Donec
427 1678 456 1704 in
469 1681 614 1712 utramque
628 1675 733 1712 partem
747 1685 818 1712 saepe
832 1677 949 1710 delatus,

321 1711 374 1739 300
393 1712 514 1739 Tandem
532 1712 604 1738 inter
619 1711 753 1739 desideria
770 1711 830 1739 mea
846 1713 886 1739 sic
901 1713 977 1740 litem
994 1713 1105 1745 dirimo,

322 1746 451 1781 Satisque
469 1747 568 1774 mentis
583 1747 759 1781 agitationem
779 1747 900 1774 cohibui.

323 1781 424 1809 Videns
440 1783 512 1810 enim
528 1789 599 1816 quos
616 1785 730 1809 actuosa
755 1782 871 1809 delectat
887 1782 954 1814 vita,

322 1817 375 1852 Eos
390 1818 451 1844 aliis
469 1817 579 1851 quidem
596 1817 676 1844 utiles
689 1824 759 1849 esse,
774 1817 818 1844 bis
835 1825 931 1852 nempe
946 1818 993 1852 qui
1011 1817 1038 1845 in
1061 1819 1162 1845 saeculo
1179 1818 1284 1849 vivunt,

322 1851 379 1878 Sibi
397 1852 629 1887 autemjnutiles,
647 1859 679 1879 ac
700 1853 780 1880 malis
796 1851 903 1887 agitari,

321 1887 374 1914 305
393 1887 432 1914 Ex
445 1886 545 1922 quibus
565 1886 663 1921 placidi
685 1895 777 1915 mores
792 1886 1008 1915 cuncutiuntur:

322 1922 375 1949 Eos
391 1926 481 1958 autem
496 1922 543 1958 qui
556 1922 616 1958 vale
633 1923 734 1949 saculo
753 1922 892 1954 dixerunt,
908 1923 1067 1951 stabiliores
1084 1923 1193 1958 quidem
1208 1930 1279 1955 csse,

320 1957 360 1983 Ac
374 1957 401 1984 in
419 1957 502 1984 Deum
519 1957 624 1991 placida
645 1961 736 1984 mente
750 1958 898 1992 respicere.

321 1992 356 2019 At
373 1992 425 2020 sibi
444 1993 511 2020 solis
525 1992 655 2027 prodesse
675 1996 793 2028 angusta
809 1992 955 2025 charitate,

103 2093 156 2134 297
177 2093 223 2134 ’ςῖν
237 2094 463 2134 Λόγου.,θεωρίᾳἶ
476 2094 508 2121 1η
522 2095 649 2123 doctrinae
665 2097 777 2134 fideique
790 2105 856 2134 ‘cono

68 2129 249 2190 temptatione,
273 2131 379 2156 erudita
404 2129 602 2164 Scripturarum
627 2129 853 2166 contemplatione.

91 2171 190 2190 ωηεν.

105 2184 294 2235 ξᾷἕιῇρᾶγμκ
310 2198 471 2235 Gregorium
484 2205 511 2227 et
524 2200 654 2228 Basilium
669 2202 695 2228 in
708 2201 856 2228 solitudine

70 2233 276 2269 Scripturaruin
298 2233 390 2263 studio
412 2236 570 2264 incubuisse
587 2240 694 2264 constat
711 2246 717 2263 :
736 2237 769 2264 de
789 2244 856 2263 con-

909 2097 1026 2123 tcntioso
1046 2096 1127 2130 igitur
1144 2095 1235 2123 studio
1257 2093 1461 2128 Scripturarum
1478 2093 1630 2121 censendus
1650 2098 1694 2122 est

909 2132 982 2167 loqui
995 2129 1153 2166 Gregorius,
1163 2138 1225 2157 cum
1238 2130 1286 2162 ait,
1300 2137 1356 2156 rem
1367 2137 1428 2157 esse
1438 2137 1498 2164 qua:
1510 2137 1571 2156 cum
1585 2129 1694 2157 deserto

909 2175 963 2194 non
981 2167 1137 2193 conveniat.

945 2202 998 2228 508
1014 2202 1128 2235 Φίλτρῳ
1145 2201 1250 2234 στενῷ.
1269 2200 1387 2233 Angusta
1403 2200 1540 2229 clmrilale.
1553 2199 1628 2228 nulla
1641 2199 1695 2226 tci-

910 2237 968 2264 licct
984 2237 1108 2269 aliorum,
1123 2237 1168 2264 sed
1180 2238 1222 2264 sui
1238 2240 1340 2263 tantum
1351 2243 1415 2262 cura
1430 2236 1558 2270 occupuli.

704 2316 871 2347 METRICA
889 2315 1040 2346 VERSIO.

70 2407 256 2443 Agitationum
268 2408 347 2443 queis
365 2408 442 2436 fruor
457 2408 650 2437 monitoribus.

68 2444 198 2470 Animum
214 2444 353 2478 premebat
368 2453 429 2471 nam
447 2446 536 2479 gravis
549 2444 628 2470 turbo
649 2451 749 2476 meum,

69 2479 140 2514 Dum
154 2486 247 2513 quaero
262 2479 365 2513 primas
380 2481 409 2506 in
427 2480 508 2508 bonis
520 2479 651 2514 quidnam
669 2479 750 2506 ferat.

68 2515 110 2554 ῥα
123 2513 180 2554 jam
199 2514 307 2554 quidem
324 2515 429 2554 pridem
450 2513 573 2554 steterat,
588 2513 661 2554 haud
675 2521 717 2540 me
728 2513 793 2540 dare

68 2549 153 2576 Carni
167 2558 173 2575 ε
189 2549 311 2582 placebat
327 2548 408 2584 idque
422 2554 479 2576 tum
494 2549 580 2576 multo
592 2548 688 2584 magis.

68 2585 109 2611 Ac
127 2584 256 2618 cogitanti
271 2584 304 2611 de
317 2584 368 2612 viis
385 2586 471 2619 gratis
484 2584 548 2615 Deo,

69 2617 292 2655 Praestantiorem
308 2627 362 2646 non
377 2617 435 2647 erat
448 2623 603 2655 promptum
622 2617 689 2655 mihi

67 2654 211 2688 Reperire.
229 2653 364 2689 Namque,
379 2653 461 2682 rebus
474 2655 500 2681 in
516 2653 609 2681 multis
624 2654 710 2686 velut,

68 2689 182 2724 Aliquid
202 2688 338 2716 habebant
353 2690 491 2717 commodi
509 2695 591 2724 alque
607 2688 774 2716 incommodi

68 2725 183 2755 Ambae;
200 2729 284 2758 utque
305 2731 429 2752 nostrum
443 2732 598 2759 comparem
611 2725 720 2751 cuidam
734 2725 774 2751 rei

68 2759 189 2792 Statum,
202 2760 333 2787 volutans
347 2765 438 2787 mente
453 2760 504 2787 iter
518 2760 720 2794 longissimum,

69 2795 154 2830 Maris
171 2794 279 2822 labores
295 2794 424 2830 providus
440 2795 615 2830 deiugeram;

70 2829 225 2857 Scrutabar
240 2829 330 2857 autem
349 2831 461 2864 pronior
475 2829 600 2864 quaenam
615 2830 658 2856 via

70 2865 163 2894 Esset.
178 2864 294 2892 Subibat
310 2865 387 2892 Elias
401 2866 486 2892 menti
503 2874 578 2896 mena,

70 2900 217 2930 Carmelus
231 2901 302 2936 ejus,
314 2905 341 2929 et
356 2908 457 2929 novum
473 2900 561 2928 victus
578 2907 674 2935 genus,

872 2401 893 2428 Β
908 2408 941 2435 Et
953 2407 1089 2441 solitudo;
1107 2407 1248 2435 Prodromi
1265 2406 1358 2434 dulces
1375 2413 1453 2440 opes,

907 2444 946 2470 Ac
956 2444 1011 2469 vita
1024 2444 1138 2477 simplex
1157 2443 1272 2469 ﬁliorum
1290 2441 1422 2477 Ionadab,

906 2478 1008 2506 Contra
1024 2476 1165 2506 sacrorum
1180 2486 1223 2504 me
1238 2477 1300 2504 silis
1314 2476 1489 2502 Volumiuum

907 2513 1055 2544 Trahebat.
1070 2513 1188 2547 hincque
1204 2511 1334 2546 prodicns
1352 2512 1396 2537 lux
1415 2510 1550 2547 Spiritus:

906 2548 946 2575 Ad
961 2547 1034 2583 quod
1049 2545 1246 2583 profectnpsola
1261 2554 1314 2583 non
1331 2547 1469 2583 quadraut
1487 2545 1556 2572 leua.

908 2581 1059 2618 Utramque
1073 2591 1154 2617 porro
1171 2581 1257 2618 ﬂexus
1275 2582 1301 2608 iu
1320 2586 1422 2618 partem
1442 2581 1501 2618 diu,

907 2619 965 2645 lloc
981 2615 1039 2653 ipsi:
1057 2615 1131 2653 ii‘lcm
1149 2616 1269 2650 transigo
1282 2617 1391 2653 tandem
1407 2615 1497 2647 modo,

909 2650 1054 2687 Animique
1071 2652 1171 2679 ﬂuctus
1186 2651 1348 2685 comprime.
1361 2650 1483 2687 Namque
1504 2650 1553 2677 hos
1570 2650 1675 2682 vult-ns,

909 2688 1001 2715 Rebus
1011 2685 1140 2722 'gercudis
1155 2687 1315 2722 quosjuvat
1327 2693 1356 2713 sc
1368 2685 1504 2717 addicere,

910 2724 978 2750 Aliis
991 2719 1101 2756 quidem
1117 2719 1177 2748 esse
1193 2721 1361 2751 commodos,
1379 2727 1432 2746 non
1450 2719 1558 2756 atrrsibi,

914 2755 1064 2785 Vcrsentur
1080 2761 1108 2784 ut
1125 2757 1171 2791 qui
1188 2756 1317 2790 gravibus
1330 2756 1363 2791 Ain
1380 2755 1552 2786 tumultibus,

911 2793 1008 2820 Mentis
1023 2789 1141 2826 quietem
1159 2792 1216 2826 qui,
1237 2791 1309 2818 velut
1324 2789 1435 2822 ﬂuctus,
1457 2793 1587 2826 moveut:

910 2830 945 2854 At
961 2829 1007 2862 qui
1025 2825 1091 2854 foris
1108 2825 1181 2858 sunt,
1200 2826 1249 2853 hos
1265 2825 1380 2862 quidem
1395 2825 1572 2859 tranquillius

913 2860 1018 2895 Vivere,
1033 2863 1172 2896 Deumque
1188 2865 1278 2888 mente
1293 2860 1399 2896 placida
1410 2868 1533 2893 cernere,

910 2898 959 2926 Ast
973 2906 1033 2926 esse
1049 2898 1114 2926 solis
1130 2897 1210 2924 utilcs
1228 2897 1290 2929 sibi,
1308 2903 1431 2930 asperam
