1955 3042
216 122 226 131 .
247 106 316 134 1063

238 167 326 211 ὶἘπεὶ
341 165 364 192 δ’
380 163 537 200 ὲκάμφϐην,
554 163 585 190 οὐ
600 164 729 200 φρόνημ’,
748 163 807 190 ἀλλ’
823 163 935 198 αὐχένα,

243 209 277 240 Τί
290 212 333 246 φῶ
345 220 352 244 ;
365 210 451 238 Πόθεν
464 210 493 236 δὲ
507 209 556 245 τὴν
571 211 642 245 ἐμὴν
658 210 740 237 ὠδίνά
755 218 796 236 σοι

243 256 338 282 Πᾶσιν
354 254 586 290 παραστήσαιμις
601 254 710 289 Κέντρα
728 263 773 289 μοι
790 254 872 281 πάλιν
886 274 893 287 ,

243 301 296 329 ιειο
306 301 390 328 Πάλιν
410 301 500 335 φυγάς
516 309 558 332 τις
572 300 618 326 καὶ
631 300 761 336 δρομαῖος
775 302 815 332 εἰς
829 301 903 336 ὅρος,

244 347 376 374 κλέπτων
392 347 473 383 φίλην
484 347 604 377 δίαιταν,
617 346 770 381 ὲντρύφημ*
785 347 860 382 ἐμόν.

245 393 276 419 Τί
293 402 336 428 μοι
351 392 382 419 τὸ
396 393 509 427 κέρδο;;
524 393 560 418 Οὐ
581 392 634 427 γὰρ
649 391 756 424 εὔτονος
772 392 860 427 φυγὰς

243 437 308 470 Ἶῐν,
323 439 361 470 ὡς
372 439 454 465 ἔοικε.
476 438 566 465 Πάντα
579 438 601 464 δ’
616 438 693 469 εἰδὼς
710 439 866 474 καρτερεῖν,

247 486 295 512 Ἓν
311 485 383 511 τοῦτ’
396 485 511 519 ἀγεννὴς
522 506 530 517 ,
548 484 651 520 πατρὸς
667 485 697 510 οὺ
715 485 790 520 φέρω
804 484 890 520 χόλον.

244 531 296 558 495
309 530 419 566 Πρῶτον
437 530 486 565 μὲν
503 528 548 556 οὖν
565 530 660 564 ἀγῶνα
679 532 795 557 ποιεῖται
810 530 917 565 πατὴρ,

250 576 405 612 Ἐνιδρύσαι
421 585 455 612 με
472 576 618 612 Σασίμοις·
636 577 673 608 ὡς
685 577 707 603 δ’
721 576 839 611 ἠσθένει,

250 622 279 649 '0
291 622 416 657 δεύτερος
434 621 517 653 πλοῦς
530 642 537 653 ,
556 621 624 648 ἀλλὰ
637 621 674 657 μὴ
691 622 767 648 κάτω
783 621 885 656 μένειν,

245 668 323 703 Αὐτῴ
335 669 363 695 δὲ
381 668 570 704 συμπονοῦντα
588 668 646 703 (καὶ
661 668 715 703 γὰρ
729 665 762 703 ἦν
781 667 866 703 βαρὺς

244 716 311 747 Ταῖς
325 716 421 750 σαρξὶν
433 714 513 750 ἤδη),
527 713 733 748 συνελαφρίζειν
748 713 811 743 τοὺς
829 713 937 745 πόνους,

243 761 295 790 500
311 763 411 798 Χεῖρας
428 761 586 797 προτείνων,
601 759 680 795 τῆσδε
694 759 743 794 τῆς
759 759 897 793 γενειάδος

588 104 618 133 S.
635 103 799 133 GREGORII
819 103 943 131 TllEOL.
964 103 1144 132 CARMINUM
1162 103 1262 132 LlBER
1281 103 1313 131 ll.
1333 103 1530 132 HISTURICA.

1050 166 1072 194 Λ
1094 163 1273 198 ’Λπτόμενος,
1289 163 1356 195 οἵοις
1371 163 1439 198 πρὸς
1458 163 1491 198 μὲ
1504 162 1643 199 χρώμενος
1657 163 1761 198 λόγοιςς

1806 105 1874 133 ιοτιι

1123 218 1132 234 ‹
1146 209 1241 245 Πατήρ
1261 217 1290 235 σε
1307 209 1421 242 λίσσεθ’,
1438 209 1518 236 υἱέων
1532 206 1555 237 ὦ
1572 210 1695 244 φίλτατε,

1086 255 1180 290 Πατὴρ
1191 255 1205 281 ὁ
1220 255 1341 291 πρέσϐυς
1355 256 1401 282 τὸν
1416 256 1493 288 νέον,
1509 255 1555 282 τὸν
1573 256 1684 292 οἰκέτην

1089 300 1119 326 '0
1135 300 1268 336 δεσπότης
1285 301 1365 336 φύσει
1381 309 1412 327 τε
1429 301 1475 328 καὶ
1487 300 1573 336 διπλῷ
1586 301 1671 337 νόμῳ.

1083 346 1136 374 505
1149 346 1186 373 Οὐ
1199 347 1300 382 χρυσὸν
1314 347 1383 374 αἰτῶ
1400 347 1434 380 α’,
1452 348 1482 374 οὐ
1499 347 1589 380 λίθους
1599 367 1606 380 ,
1619 348 1675 375 οὐδ’
1689 348 1820 384 ἄργυρον,

1084 392 1121 418 Οὐ
1141 392 1194 427 γῆς
1207 392 1344 428 ἀρούρας,
1365 393 1471 425 τέκνον,
1489 393 1542 419 οὐδ’
1556 393 1607 420 ὃσα
1621 393 1736 430 τρυφῆς.

1083 438 1161 474 Ζητῶ
1179 439 1203 465 σ“
1221 439 1327 475 ’Λαρὼν
1341 439 1388 466 καὶ
1406 439 1533 475 Σαμουὴλ
1550 439 1664 476 πλησίον

1083 484 1186 517 Θεῖναι,
1205 485 1265 520 Θεῷ
1279 493 1308 511 τε
1323 485 1413 521 τίμιον
1426 485 1617 521 παραστάτην.

1090 531 1118 557 '0
1133 531 1195 562 δοὺς
1209 530 1266 566 ἔχει
1279 540 1325 557 σε·
1341 532 1446 563 τέκνον,
1470 532 1507 567 μή
1525 533 1552 566 μ’
1566 532 1718 568 ἀτιμάσῃς,

1083 577 1134 604 510
1152 577 1195 609 Ὡς
1212 577 1275 604 ἵλεώ
1291 586 1323 612 γε
1336 578 1384 605 τοῦ
1400 579 1482 613 μόνου
1496 578 1581 615 τύχῃς
1596 579 1716 615 Πατρός.

1083 623 1172 650 Καλὸν
1185 623 1215 650 τὸ
1227 624 1332 659 αῖτημ“,
1347 625 1372 651 ει
1387 625 1416 651 δὲ
1435 626 1472 660 μή
1490 634 1521 660 γε
1531 646 1539 657 ,
1556 625 1698 660 πατρικόν.

1083 668 1167 695 Οῡπω
1180 669 1306 696 τοσοῦτον
1321 671 1533 706 ὲκμεμέτρηκας
1547 671 1616 706 βίον,

1084 715 1165 746 "Octo;
1178 715 1269 750 διῆλθε
1283 716 1385 742 θυσιῶν
1400 717 1463 751 ἐμοὶ
1478 717 1584 752 χρόνος.

1083 760 1133 792 Δὸς
1147 761 1197 796 τὴν
1208 761 1288 796 χάριν
1299 782 1307 794 ,
1322 762 1382 794 δόςο
1397 762 1413 797 ἢ
1425 763 1504 798 τάφῳ
1517 763 1544 798 μ’
1560 762 1639 794 ἄλλος
1656 762 1740 789 δότω*

487 837 636 872 Postquam
654 841 744 863 autem
762 837 922 864 incurvatus
936 845 1008 868 sum,
1024 845 1077 864 non
1096 843 1197 871 mente,
1216 839 1264 868 sed
1278 839 1397 872 cervice,

488 873 559 905 Quid
573 873 673 904 dicam,
691 875 738 899 aut
753 873 825 899 unde
840 872 962 900 dolorem
980 880 1070 900 meum
1085 873 1133 900 tibi

488 908 602 935 Omnem
618 907 738 942 aperiam
749 907 760 934 2
773 907 884 934 Stimuli
903 915 1000 935 rursus
1016 908 1093 935 mihi.

487 943 541 982 Q90
561 942 666 982 Rursus
683 942 942 982 fugitivusquidam
958 947 986 970 et
1000 950 1098 982 cursor
1112 944 1138 971 in
1152 951 1282 977 montem,

486 977 650 1012 Surripiens
667 977 786 1004 amicum
803 977 866 1004 vitae
880 985 977 1012 genus,
996 979 1110 1006 delicias
1127 987 1212 1008 meas.

489 1013 542 1051 ξω
560 1013 625 1048 quid
637 1020 697 1040 sum
715 1013 858 1051 lucraﬂtus?
871 1013 929 1040 Non
943 1013 1016 1051 enim
1031 1019 1162 1051 constans
1181 1015 1311 1051 fugitivus

488 1047 580 1079 Eram,
597 1053 626 1074 ut
638 1053 759 1082 apparet.
783 1047 835 1074 Sed
852 1055 914 1074 cum
932 1049 1024 1075 omnia
1039 1049 1161 1083 perferre
1177 1047 1274 1083 sciam,

488 1083 516 1110 lu
532 1084 584 1110 hoc
603 1091 660 1110 uno
675 1084 789 1117 ignavus
801 1090 878 1110 sum:
893 1084 980 1117 patris
993 1084 1061 1111 iram
1080 1092 1134 1112 non
1149 1085 1216 1113 fero.

489 1119 540 1156 £95
561 1118 680 1156 Primam
690 1117 886 1156 quidembanc
898 1118 1103 1156 dimicationem
1121 1121 1278 1156 aggreditur
1293 1127 1380 1156 pater,

488 1153 524 1181 Ut
541 1153 714 1189 merb‘asimis
727 1152 865 1186 stabiliat;
879 1153 927 1189 sed
940 1161 1004 1181 cum
1018 1155 1110 1182 minus
1131 1152 1244 1189 vaderet,

488 1188 615 1215 Secunda
632 1187 780 1223 navigatio,
801 1193 831 1215 ut
848 1196 904 1216 non
922 1188 992 1215 infra
1010 1197 1147 1223 maneam,

489 1223 542 1261 §ed
559 1231 622 1250 cum
639 1223 814 1261 eolaborans
831 1223 899 1261 (erat
913 1224 986 1250 enim
1000 1225 1057 1260 jam
1073 1226 1166 1261 gravis

487 1258 630 1293 Corpore),
648 1258 757 1285 labores
769 1258 843 1286 illius
856 1259 980 1291 allevem,

487 1294 541 1329 ξω)
557 1294 657 1321 Manus
673 1293 798 1329 tendens,
816 1298 898 1329 atque
916 1294 987 1321 hanc
1005 1293 1116 1322 barbam

487 1328 627 1363 Tangeris,
643 1328 770 1363 qualibus
783 1336 828 1356 me
840 1328 987 1364 compellat
1000 1330 1090 1357 verbis
1102 1330 1114 1357 ?

526 1374 535 1390 ι
560 1365 640 1391 Pater
657 1369 683 1390 te
699 1368 837 1398 precatur,
853 1364 973 1391 liliorum
990 1364 1166 1398 charissima,

486 1398 617 1426 Juvenem
633 1403 711 1434 pater
727 1407 821 1430 senex,
840 1399 971 1426 famulum

489 1434 621 1461 Dominus
635 1438 733 1461 natura
745 1439 772 1461 et
784 1435 842 1469 lege
856 1434 969 1469 duplici.

491 1469 544 1509 ξυῦ
563 1469 622 1496 Non
637 1476 736 1509 aurum
750 1476 766 1496 a
780 1474 805 1497 te
821 1474 895 1509 peto,
907 1477 963 1509 non
983 1469 1100 1509 lapides.
1115 1477 1170 1509 non
1185 1474 1342 1505 argentum.

487 1504 547 1532 Non
559 1512 635 1536 arva,
652 1504 700 1535 ﬁli.
717 1511 768 1531 nec
782 1504 915 1539 quicquid
928 1504 963 1531 ad
979 1505 1093 1532 delicias
1107 1505 1216 1532 attinet.

489 1539 588 1572 Quaero
602 1540 704 1567 Aaroni
719 1544 745 1566 te
760 1545 787 1567 et
801 1540 922 1567 Samueli
941 1540 1096 1574 proximum

487 1575 604 1610 lfonere,
619 1575 728 1610 Deoque
744 1575 893 1610 pretiosum
909 1579 1044 1602 astantem
1059 1574 1202 1602 fanmlum.

490 1609 543 1642 Qui
556 1610 642 1642 dedit,
658 1610 739 1637 habet
756 1613 800 1642 te;
815 1609 863 1640 ﬁli,
883 1617 916 1636 ne
932 1617 975 1636 me
986 1610 1120 1637 dedecore
1136 1611 1250 1642 allicias,

491 1645 544 1680 §l0
555 1645 591 1672 Ut
603 1645 738 1680 propitius
753 1644 792 1680 sit
806 1644 949 1680 tibirsolus
963 1643 1065 1677 Pater;

490 1679 626 1707 Praeclara
639 1680 755 1714 petitio:
772 1679 814 1707 sin
832 1679 934 1709 minus,
954 1683 1028 1707 certe
1039 1684 1166 1714 paterna.

490 1714 615 1742 Nondum
629 1720 732 1741 tantam
747 1722 876 1742 emensus
891 1722 921 1742 es
940 1715 1034 1746 vitam,

489 1750 628 1782 Quantum
639 1750 706 1777 mihi
724 1749 828 1776 ellluxit
843 1750 1040 1776 sacriliciorum
1058 1753 1176 1784 tempus.

488 1784 615 1813 Concede
628 1785 696 1812 mihi
709 1785 779 1812 hanc
793 1785 920 1820 gratiam,
933 1784 1067 1818 concede;
1083 1782 1130 1811 aut
1145 1791 1188 1811 me
1206 1783 1276 1811 alius
1289 1783 1418 1818 sepulcro
1432 1782 1560 1812 mandet:

279 1863 332 1892 d9!
350 1861 503 1897 ’Δγ-θηλῆς.
517 1862 557 1890 lla
573 1862 657 1890 Coisl.
677 1862 746 1889 male
758 1861 824 1889 edit.
844 1862 965 1896 ἀγεννές.

279 1900 329 1927 501
348 1899 436 1931 οἵοις.
451 1897 548 1934 Proh!
568 1897 689 1934 qualibus
707 1898 792 1924 utitur
809 1897 913 1924 verbis!
938 1897 1031 1924 Schol.

245 1933 515 1976 δηέενρτιμεγάλξεςε

281 1970 333 1997 510
351 1967 457 2003 Τύχης.
470 1967 554 1996 Coisl.
569 1967 672 2003 τύχοις,
686 1972 715 1994 ut
728 1968 857 2002 propitius
869 1967 905 1994 sit
925 1967 973 1994 tibi
989 1976 1033 1994 εο-

245 2006 286 2033 lus
309 2004 400 2031 Pater.

281 2040 334 2068 512
349 2039 435 2066 Οὔπω
448 2038 605 2066 τοσοῦτον.
617 2038 720 2066 Versus
733 2038 796 2068 iste.
808 2042 835 2066 et
846 2038 893 2073 qui
908 2038 1032 2073 proxime

245 2076 380 2111 sequitur,
397 2074 520 2111 diﬁiciles
543 2073 653 2111 habent;
667 2074 831 2111 explicatus,
851 2078 1031 2111 quosAtamen

246 2108 293 2138 sic.
305 2110 394 2144 possis
414 2110 552 2144 expedire.
570 2109 725 2144 Theologus
741 2110 803 2136 vitae
828 2108 982 2143 tranquilla:
1005 2113 1032 2135 et

245 2145 402 2173 solitudinis
427 2152 521 2172 amore
544 2144 685 2179 abreptus,
709 2144 856 2171 sacerdotii
876 2144 983 2171 labores
1005 2148 1033 2170 et

246 2180 446 2208 sollicitudines
472 2179 632 2214 refugiebat.
648 2179 798 2213 Gregorius
822 2187 886 2206 vero
913 2182 990 2213 pater
1016 2185 1032 2204 a

246 2217 302 2243 ﬁlio
313 2216 394 2242 citius
417 2215 467 2242 hos
484 2215 593 2242 labores
613 2214 736 2242 recusari
761 2214 868 2250 objicit,
887 2221 951 2241 cum
975 2214 1034 2249 ipse

1084 1861 1208 1889 nondum
1222 1861 1284 1889 illos
1297 1861 1392 1890 subire
1411 1862 1553 1893 detrectet,
1570 1861 1617 1897 qui
1633 1866 1671 1889 tot
1688 1869 1775 1890 annos
1795 1862 1822 1890 in
1838 1862 1874 1890 iis

1083 1898 1167 1924 vitam
1183 1901 1293 1932 egerat:
1315 1897 1438 1932 adeoque
1455 1897 1512 1924 otia
1535 1897 1673 1924 immerito
1691 1897 1776 1924 ﬁlium
1797 1905 1874 1932 quaa-

1084 1940 1154 1965 rere,
1176 1940 1237 1968 quae
1253 1933 1324 1966 patri
1347 1932 1520 1968 potiorijure
1535 1936 1658 1967 repetere
1678 1932 1782 1960 liceret.
1803 1932 1874 1960 llinc

1083 1968 1174 2003 ipsum
1188 1968 1229 1996 sic
1242 1968 1393 2003 alloquitur
1407 1977 1413 1994 :
1431 1967 1557 1994 Nondum
1571 1972 1611 1995 tot
1622 1975 1709 1995 annos
1725 1968 1874 1995 sacerdotii

1084 2002 1228 2031 laboribus
1245 2002 1414 2038 impendisti,
1430 2008 1497 2036 quot
1511 2010 1562 2038 ego
1573 2003 1719 2030 otTerendis
1730 2003 1874 2038 sacriﬁciis

1086 2039 1217 2072 impendi,
1234 2043 1265 2065 ut
1284 2037 1341 2072 jam
1365 2039 1392 2064 in
1412 2038 1467 2065 otia
1495 2042 1553 2065 tuta
1575 2038 1643 2066 velis
1665 2038 1805 2066 recedere.
1828 2037 1874 2065 Sic

1085 2074 1247 2101 dissolvitur
1261 2073 1424 2108 gravissima
1438 2073 1583 2101 ditﬁcultas
1606 2073 1680 2100 circa
1698 2081 1800 2101 annum
1818 2081 1874 2108 quo

1086 2113 1166 2136 natus
1191 2113 1234 2137 est
1250 2108 1410 2143 Gregorius,
1428 2116 1479 2136 nec
1501 2109 1620 2136 absurda
1642 2108 1874 2136 Bollandistarum

1086 2145 1179 2179 opinio
1190 2142 1355 2171 admittitur.
1373 2142 1453 2176 Vide,
1470 2149 1536 2172 tom.
1553 2145 1574 2177 l,
1593 2144 1682 2172 Vitam
1700 2144 1788 2172 sancti
1808 2143 1874 2171 Gre-

1085 2180 1164 2214 gorii,
1184 2188 1212 2206 n.
1226 2179 1260 2207 19
1275 2185 1301 2206 et
1312 2179 1358 2206 '20.

898 2294 1065 2325 METRICA
1079 2293 1226 2323 VERSIO.

246 2378 346 2406 Cervix
360 2382 391 2404 ut
405 2381 496 2404 autem
508 2383 551 2406 est
565 2379 645 2408 ﬁexa.
661 2386 715 2406 non
728 2378 836 2406 animus
849 2379 926 2410 mihi,

245 2413 316 2447 Quid
331 2413 432 2443 dicam.
446 2417 473 2440 et
489 2420 598 2442 omnem
616 2422 671 2449 quo
686 2414 735 2441 tibi
751 2418 831 2448 pacto
846 2421 936 2442 meum

246 2449 366 2485 lfandam
382 2448 526 2476 dolorem?
544 2448 654 2484 Pungor
667 2450 711 2476 hic
731 2456 839 2481 rursus,
858 2450 948 2485 fugam

245 2483 394 2512 Conscisco
408 2492 516 2520 rursus,
532 2492 564 2512 ac
580 2486 652 2512 celer
667 2488 787 2512 montem
804 2489 876 2520 peto,

247 2519 394 2555 Dulcisque
404 2519 497 2546 furtim
511 2528 661 2555 persequor
676 2521 738 2547 vitae
753 2527 849 2554 genus.

245 2554 317 2587 Quid
331 2554 401 2589 juvit
418 2555 470 2581 hoc
489 2554 549 2583 me?
564 2555 623 2582 Non
637 2555 711 2582 enim
729 2559 860 2582 constans
874 2562 950 2583 eram

246 2590 400 2625 Prologus;
418 2590 445 2618 in
460 2591 521 2618 aliis
535 2591 617 2618 rebus
632 2595 659 2617 at
676 2591 771 2617 ﬁrmus
788 2591 862 2623 licet,

246 2626 362 2661 lguavus
377 2626 421 2652 hic
441 2633 521 2652 sum:
535 2627 620 2661 patris
640 2625 712 2653 haud
730 2626 800 2652 iram
817 2626 885 2653 l'ero.

246 2665 285 2688 Ac
298 2661 385 2696 primo
399 2665 487 2688 tcntat
502 2661 618 2688 Sasimis
632 2670 675 2689 me
687 2661 781 2696 ﬁgere.

245 2696 325 2732 Quod
339 2703 402 2723 cum
417 2703 543 2731 negarem
556 2699 692 2732 pertinax,
704 2704 815 2724 cursum
832 2697 947 2724 alterum

247 2730 343 2767 'l‘euct,
361 2730 503 2767 rogatque,
518 2730 582 2759 sede
597 2740 631 2759 ne
644 2739 768 2759 maneam
789 2733 892 2763 inﬁma.

248 2766 300 2802 Sed
318 2767 484 2795 collaborem
502 2766 631 2802 (namque
647 2771 707 2794 erat
721 2767 813 2801 gravis
829 2767 975 2795 admodum

247 2800 360 2838 @tate),
375 2802 482 2838 pondus
493 2800 521 2834 et
535 2800 619 2830 levem
631 2800 774 2837 promptus
789 2810 868 2829 suum
883 2813 889 2829 :

248 2836 398 2872 ﬂauusque
413 2837 507 2872 tendit,
522 2845 553 2865 ac
565 2836 652 2866 meum
668 2838 781 2865 barbam
795 2838 876 2865 simul

1049 2383 1071 2411 Β
1085 2378 1220 2415 Capessit,
1235 2378 1268 2406 ad
1281 2386 1325 2415 me
1337 2379 1506 2415 vocibusque
1522 2378 1565 2405 bis
1580 2377 1667 2404 utitur
1679 2386 1686 2403 :

1123 2423 1133 2439 ι
1147 2413 1169 2440 0
1183 2414 1266 2441 cliare
1281 2414 1329 2446 ﬁli,
1342 2417 1368 2450 te
1382 2413 1586 2450 pater—supplex
1605 2416 1694 2450 rogat,

1085 2448 1175 2484 Senex
1189 2449 1338 2484 vigentem,
1354 2448 1483 2478 dominus
1497 2448 1779 2484 et’lanlulumsuum.

1084 2483 1187 2521 ﬂatura
1204 2492 1266 2512 nam
1279 2489 1315 2515 te,
1329 2489 1357 2511 et
1372 2485 1413 2512 lex
1425 2485 1532 2521 duplex
1541 2483 1637 2521 subdit
1647 2483 1725 2521 mihi.

1085 2518 1144 2546 Non
1157 2527 1242 2554 posco
1256 2527 1394 2552 nummos,
1408 2518 1473 2548 non'
1482 2520 1586 2555 lapides
1600 2518 1730 2555 fulgidos,

1085 2555 1218 2591 Qgrosve,
1235 2555 1325 2582 mollis
1338 2556 1469 2591 quidquid
1483 2554 1514 2583 et
1527 2556 1607 2582 luxus
1625 2554 1713 2588 jubet.

1086 2588 1173 2626 gupio
1188 2594 1214 2617 te
1230 2590 1315 2617 Aroni
1325 2588 1451 2626 jungere.
1465 2596 1547 2626 atque
1562 2591 1640 2617 Anna
1652 2595 1721 2621 sato.

1089 2625 1123 2661 Ut
1136 2626 1295 2660 prmpotenti
1311 2633 1418 2661 semper
1435 2625 1550 2654 assistas
1568 2625 1631 2652 Deo.

1086 2660 1134 2696 Te,
1148 2661 1195 2695 qui
1211 2661 1296 2694 dedit,
1314 2660 1409 2693 liabet;
1427 2667 1500 2693 nate,
1522 2669 1555 2689 ue
1573 2668 1688 2696 spernas
1704 2665 1820 2696 patrem.

1086 2695 1133 2722 Sic
1147 2697 1224 2723 solus
1241 2696 1286 2724 ille
1299 2696 1335 2724 sit
1347 2698 1396 2724 tibi
1412 2697 1500 2725 lacilis
1515 2695 1614 2730 Pater;

1087 2731 1207 2758 Honesta
1222 2739 1307 2766 posm
1320 2741 1325 2758 :
1345 2732 1387 2759 sin
1401 2734 1502 2764 minus,
1518 2735 1594 2767 pater
1605 2731 1684 2767 petit.

1084 2766 1209 2802 l‘iondum
1222 2771 1262 2793 tot
1277 2767 1340 2794 anni
1351 2772 1416 2794 sunt
1431 2768 1481 2798 tui,
1494 2766 1559 2800 quot
1571 2766 1626 2802 jam
1640 2768 1667 2794 in
1680 2766 1768 2795 sacris

1085 2801 1150 2837 lllibi
1168 2808 1231 2828 sunt
1244 2803 1345 2837 peracti
1361 2803 1496 2836 victimis;
1511 2802 1544 2830 da
1558 2802 1631 2837 quod
1647 2807 1717 2837 peto.

1083 2836 1134 2870 Da,
1150 2836 1254 2872 quieso,
1268 2846 1368 2873 corpus
1380 2839 1449 2866 alter
1462 2842 1509 2866 aut
1528 2836 1653 2866 inliumet
1665 2844 1768 2866 meum.
