1955 3042
240 121 308 152 lOG'I

572 120 601 149 S.
620 119 783 149 GBEGORII
804 119 929 147 TllEOL.
951 117 1134 147 CARMINUM
1154 119 1255 148 “BER
1275 119 1307 146 ll.
1330 118 1524 147 HISTORICA.

1794 120 1864 148 £068

273 183 326 212 545
343 183 385 216 Ὠς
403 182 424 209 δ’
439 182 489 209 οὐκ
505 181 627 215 ἔπειθον,
644 182 706 214 τοὺς
719 181 769 217 μὲν
783 182 815 207 ὲκ
827 180 923 207 πολλοῦ
942 180 1022 207 πόθου
1039 185 1062 211 Α
1076 180 1128 208 560
1147 181 1268 217 Ἐχθροίς
1283 181 1400 212 ὄνειδος,
1419 179 1572 215 μαρτυρίαν
1589 179 1616 206 δὲ
1634 180 1689 211 τοῖς
1706 179 1792 214 φίλοις

239 230 357 266 Κρατεϊν
372 229 510 260 θέλοντας,
523 229 584 260 τοὺς
600 229 621 254 δ’
640 227 704 260 ἴσως
720 227 912 263 ὑπέρφρονας,

240 275 351 310 Πρῶτον
369 275 418 310 μὲν
431 271 511 309 ἦλθον
531 274 570 305 είς
584 273 745 299 Σελεύκειαν
761 273 849 307 φυγὰς
859 294 866 306 ,

239 321 291 348 Τὸν
307 320 466 357 παρθενῶνα
481 319 531 355 τῆς
544 320 667 354 ἀοιδίμου
684 319 768 354 κόρης

239 368 352 399 Θέκλας.
371 367 435 402 Τάχ“
452 366 485 393 ἂν
496 365 629 392 πεισθεῖεν
646 365 702 392 ἀλλ’
719 365 799 398 οὕτω,
814 364 912 399 λέγων,

239 414 291 442 550
302 414 396 449 Χρόνῳ
412 413 544 448 καμόντες
554 412 632 448 ἡνίας
644 411 735 439 δοῦναί
746 420 799 438 τινι
809 420 815 426 ·

239 460 292 486 Καί
308 468 353 495 μοι
364 459 470 494 διῆλθεν
484 459 515 485 οὐ
529 458 631 494 βραχὺς
647 457 710 493 τῇδε
723 458 828 493 χρόνος.

244 507 321 533 Ἐπεὶ
335 506 357 533 δ’
372 506 484 537 ἐπιστὰς
496 506 551 536 τοῖς
564 506 640 540 ζεμοῖς
657 502 734 536 αὖθις
748 506 858 536 κακοῖς,

238 549 288 578 Ὧν
300 551 350 586 μὲν
365 549 488 586 ἐνόμιζον
500 547 578 585 εὗρον
590 549 649 576 οὑδὲ
663 549 691 575 ἓν
704 549 804 582 καλῶν,

238 593 287 623 Ὧν
300 596 321 623 δ’
336 595 516 630 ὲκπεφεύγειν
533 592 712 628 πραγμάτων,
730 593 797 619 πολὺ
813 592 916 627 στίφος,

238 643 289 670 555
305 640 529 677 ’Υπερφανὲντων
546 639 639 675 ὥσπερ
657 639 689 665 ἐκ
703 639 879 674 προθεσμίας.

244 686 375 714 Ἐνταῦθα
389 686 420 722 δή
439 694 482 721 μοι
497 684 542 712 τοῦ
559 684 638 719 λόγου
650 684 681 710 τὸ
698 683 823 710 σύντονον

243 733 312 767 Ἐρῶ
322 733 355 764 δ’,
370 732 388 760 ἃ
404 732 472 764 λέξω
484 752 492 763 ,
505 731 606 767 καίπερ
619 728 647 757 εὖ
661 729 819 764 ἐγνωκόσιν,

243 779 286 806 'Iv‘
303 779 375 814 ἡμᾶς
388 779 438 805 οὐκ
452 777 558 813 ἔχοντες
570 798 577 810 ,
595 776 663 803 ἀλλὰ
673 776 718 802 τὸν
733 776 810 810 λόγον

239 826 339 861 Ἒχητε
352 825 445 852 τοῦτον
457 846 465 857 ,
482 825 530 860 τῆς
545 824 623 855 ἀνίας
635 823 789 858 φάρμακον,

1075 224 1125 253 Ὧν
1138 227 1281 263 ἠδικήμεθ’
1300 227 1376 254 οὐδὲν
1395 226 1565 262 ἠδικηκότες.

1110 273 1170 299 Δύω
1187 273 1237 308 μὲν
1250 266 1280 299 οἷ’)
1296 272 1412 299 δέδωκεν
1429 272 1518 307 ἡλίους
1534 271 1625 305 φύσις,

1074 319 1174 351 Δισσὰς
1187 319 1215 345 δὲ
1233 318 1341 354 Ῥὡμας
1353 339 1360 348 .
1373 319 1423 354 τῆς
1439 319 1502 354 ὅλης
1519 318 1678 353 οἰκουμένης

1074 365 1246 401 Λαμπτῆρας
1256 386 1264 397 ,
1276 365 1389 400 ἀρχαῖόν
1404 373 1434 391 τε
1449 365 1496 391 καὶ
1514 364 1572 390 νέον
1592 363 1705 398 κράτος,

1074 412 1127 439 565
1143 411 1225 438 Τόσον
1239 411 1416 447 διαφέροντας
1429 410 1552 446 ἀλλήλων
1562 429 1569 441 ,
1589 410 1650 436 ὅσον

1075 459 1131 494 Τὴν
1145 458 1194 492 μὲν
1211 457 1382 492 προλάμπειν
1396 456 1487 491 ἡλίου,
1499 457 1548 491 τὴν
1567 455 1589 482 δ’
1607 456 1726 491 ἑσπέρας

1075 503 1174 530 Κάλλει
1187 503 1215 529 δὲ
1229 502 1326 533 κάλλος
1340 501 1510 537 ἀντανίσχειν
1527 501 1661 536 συζύγως.

1075 549 1182 576 Τούτων
1197 549 1225 576 δὲ
1239 549 1329 580 πίστις
1338 570 1345 582 ,
1390 548 1439 583 μὲν
1454 545 1487 583 ἦν
1497 549 1529 575 ὲκ
1545 547 1665 580 πλείονος
1677 569 1684 579 ,

1075 596 1130 622 Καὶ
1146 595 1193 621 νῦν
1209 595 1247 621 ἔτ’
1266 595 1338 621 ἑστιν
1357 594 1488 630 εὔδρομος
1498 614 1506 623 .
1519 594 1568 630 τὴν
1579 594 1698 630 ἑσπέραν

1075 641 1127 668 570
1141 641 1235 668 Πᾶσαν
1250 640 1347 667 δέουσα
1360 641 1399 676 τῷ
1417 640 1543 676 σωτηρίῳ
1559 640 1640 676 λόγῳ,

1074 685 1174 717 Καθὼς
1187 686 1291 712 δίκαιον
1303 686 1351 721 τὴν
1367 686 1499 722 πρόεδρον
1515 686 1568 712 τῶν
1583 685 1661 716 ὅλων,

1076 731 1160 766 Ὅλην
1177 731 1307 757 σέϐουσαν
1324 732 1373 768 τὴν
1385 732 1452 758 Θεοῦ
1469 731 1629 767 συμφωνίαν
1640 740 1647 748 ·

1081 777 1112 802 Ἦ
1125 775 1146 802 δ’
1166 774 1199 811 ἦν
1212 776 1360 812 τοπρόσθεν
1371 777 1502 812 ὀρθόπους
1512 798 1518 808 ,
1531 778 1579 804 νῦν
1597 778 1620 804 δ’
1638 777 1730 804 οὐκέτι

1076 821 1195 857 (Ταύτην
1213 821 1285 856 λέγω
1297 821 1328 857 δὴ
1341 823 1390 857 τὴν
1405 823 1474 858 ἐμὴν
1484 843 1491 854 ,
1513 821 1562 850 εἶτ’
1576 823 1624 850 οὐκ
1643 823 1735 859 ἐμὴν),

519 913 571 941 545
591 913 645 942 Sed
656 922 718 942 cum
735 922 789 942 non
807 914 1012 950 persuaderetur.
1026 921 1059 941 eo
1072 914 1143 949 quod
1156 914 1239 949 aliqui
1255 921 1353 950 magno
1370 914 1461 941 studio
1476 914 1542 941 moti

481 947 587 978 Tenere
599 957 642 977 me
653 950 763 981 vellent,
779 947 824 977 alii
840 949 909 977 forte
926 949 1060 977 fastidiosi
1077 947 1181 982 essent,

480 985 601 1012 Primum
614 985 724 1019 quidem
742 984 894 1013 Seleuciam
907 985 968 1012 veni
982 984 1123 1019 fugitivus,

482 1020 511 1047 ln
528 1021 723 1048 monasterium
743 1020 851 1055 inclyta:
869 1020 984 1055 virginis

481 1056 598 1083 Theclae.
616 1055 661 1082 Sic
677 1055 780 1087 forsan,
796 1050 963 1085 aiebamfab
977 1055 1018 1082 eis
1033 1055 1224 1090 impetrabitur

481 1091 534 1118 550
553 1090 685 1124 Tempore.
701 1090 821 1121 lassatis.
838 1094 866 1117 ut
880 1090 1065 1124 gubernacula
1083 1091 1165 1118 alicui
1181 1091 1290 1117 tradant
1305 1112 1310 1118 .

480 1127 570 1160 Atque
582 1125 637 1152 illic
651 1133 706 1152 non
722 1133 817 1160 parum
834 1125 942 1152 traduxi
965 1126 1107 1160 temporis.

482 1160 534 1188 Sed
550 1165 692 1196 postquam
706 1162 733 1187 in
749 1168 808 1188 mea
823 1168 919 1188 rursus
935 1160 1039 1187 incurri
1055 1161 1136 1193 mala,

480 1196 630 1227 Bonorum.
643 1203 704 1230 quae
718 1202 902 1230 speraveram.
921 1196 1025 1222 nullum
1044 1203 1157 1230 prorsus
1171 1195 1273 1223 inveni.

481 1231 520 1258 Ne
539 1229 660 1258 otioruni
669 1229 771 1262 auteiu,
785 1238 846 1265 quae
859 1229 1016 1266 effugerant.
1031 1229 1125 1266 agmen
1141 1231 1246 1266 ingens,

481 1239 537 1294 55g
555 1266 632 1294 Velut
645 1273 679 1293 ex
694 1266 846 1294 composito
861 1266 1028 1294 supervenit.

555 1266 632 1294 Velut
645 1273 679 1293 ex
694 1266 846 1300 composito
861 1266 1028 1300 supervenit.

480 1301 540 1328 Erit
553 1301 597 1329 hic
610 1301 676 1328 mihi
691 1301 846 1328 contentior
860 1302 956 1327 oratio.

481 1336 576 1364 Dicam
592 1343 691 1366 autem,
707 1343 768 1370 quae
782 1336 907 1363 dicturus
922 1343 994 1367 sum,
1009 1337 1060 1364 etsi
1076 1336 1160 1371 probe
1171 1336 1332 1367 scientibus.

483 1371 528 1402 Ut,
545 1371 591 1406 qui
606 1378 649 1398 me
663 1378 718 1398 non
735 1371 849 1402 habetis,
861 1371 957 1398 saltem
975 1371 1026 1398 hoc
1040 1379 1152 1398 carmen

481 1406 612 1434 Habeatis
622 1406 752 1433 molestia:
764 1406 926 1437 remedium.

482 1441 536 1469 560
555 1441 674 1468 Inimicis
687 1441 875 1476 opprobrium,
894 1441 990 1468 amicis
1005 1441 1191 1468 testimonium

481 1476 658 1512 70ﬁ-705
673 1475 846 1511 lnjnriarum,
867 1483 936 1512 quas
951 1484 1048 1510 passus
1061 1484 1132 1508 sum,
1150 1476 1275 1511 quamvis
1290 1476 1390 1503 nullam
1407 1475 1530 1504 fecerim.

520 1510 593 1539 Duos
606 1510 715 1544 quidem
731 1516 827 1538 natura
847 1519 900 1538 non
912 1510 985 1538 dedit
1001 1512 1084 1543 soles,

482 1546 556 1574 Duas
572 1550 600 1573 at
610 1546 722 1577 Romas.
739 1547 825 1573 totius
840 1550 974 1574 terrarum
991 1546 1065 1574 orbis

481 1581 609 1613 Lumina,
626 1581 766 1615 antiquam
785 1581 946 1616 petestatem
961 1584 987 1607 et
1005 1588 1113 1613 novam,

482 1617 535 1643 565
554 1616 670 1643 Tantum
686 1617 756 1643 inter
770 1615 832 1644 sese
845 1615 1011 1648 diﬂ'erentes,
1022 1622 1154 1651 quantum

482 1652 532 1679 llla
548 1651 657 1686 quidem
673 1651 778 1678 Orienti
796 1651 933 1686 praelucet,
948 1650 1005 1678 haec
1016 1650 1106 1679 autem
1122 1650 1274 1679 Occidenti.

482 1687 518 1722 At
530 1687 706 1721 pulchritudo
719 1686 949 1722 pulchritudinem
966 1687 1078 1722 paribus
1092 1686 1258 1721 ponderibus
1272 1690 1373 1722 aequat.

483 1721 563 1755 Quod
580 1727 684 1756 spectat
695 1722 729 1748 ad
741 1721 849 1748 illorum
869 1721 958 1753 fidem,
975 1726 1053 1756 vetus
1065 1722 1174 1756 quidem
1184 1721 1358 1756 jamdudum,

482 1759 572 1791 Atque
588 1755 670 1783 etiam
688 1764 760 1784 nunc
775 1761 847 1783 recte
861 1756 958 1787 currit,
974 1755 1149 1784 Occidentem

484 1791 536 1819 5'10
555 1791 653 1819 Totum
667 1791 824 1819 devinciens
839 1791 952 1819 salutari
969 1792 1102 1824 doctrina,

484 1826 717 1862 Quemadmodum
734 1834 783 1862 par
796 1831 849 1857 est,
864 1830 895 1854 ut
910 1833 970 1861 quae
987 1826 1124 1855 universis
1140 1827 1277 1862 praesidet,

485 1861 580 1889 Totam
595 1862 666 1888 colat
682 1861 919 1889 Dei’concordiam
934 1870 940 1888 :

484 1896 559 1933 Nova
570 1902 659 1933 autem
670 1901 749 1924 antea
761 1897 851 1924 stabat
864 1896 948 1924 rectis
960 1897 1086 1932 pedibus.
1101 1904 1156 1925 non
1172 1905 1236 1925 vero
1256 1905 1425 1933 nequaquam

488 1931 573 1963 (Illam
585 1931 647 1959 dico
662 1939 760 1965 meam,
779 1939 840 1967 qua:
858 1939 931 1959 nunc
946 1931 1001 1959 non
1017 1933 1099 1967 mea),

271 2009 323 2037 555
344 2008 420 2036 Οὐδὲ
439 2009 484 2036 ἓν.
509 2009 548 2036 lla
558 2009 635 2042 edit.,
652 2014 679 2037 et
696 2010 805 2045 quidem
821 2010 857 2037 ita
871 2010 1014 2045 legendum

237 2045 314 2072 metri
328 2052 419 2071 causa.
437 2045 604 2072 Benedictini
619 2045 689 2072 male
703 2046 756 2072 οὐδ’
770 2045 809 2072 ἓν.
827 2045 982 2107 garum).

271 2079 323 2106 572
346 2081 534 2107 Συιιωωνίαν.
563 2079 627 2107 Vult
652 2080 800 2107 Greaorius
852 2080 982 2107 ccidental

271 2079 323 2106 572
346 2081 534 2114 Συμφωνίαν.
563 2079 638 2115 Vulg
652 2080 800 2115 Gregorius
827 2079 1017 2108 Occidentales

237 2119 378 2150 propterea
391 2115 462 2149 quod
473 2115 605 2150 integram
618 2114 760 2143 Trinitatis
772 2116 852 2143 fidem
864 2119 1016 2147 servarent,

237 2158 270 2177 ac
288 2154 344 2176 tres
359 2151 569 2190 personas__pari
594 2150 710 2190 honore.
724 2158 759 2190 ac_
773 2151 849 2177 cultu
868 2158 1018 2185 proseque-

237 2189 341 2216 rentur,
359 2184 461 2211 idcirco
482 2185 574 2212 divino
598 2185 730 2212 beneﬁcio
754 2186 804 2212 hoc
823 2192 933 2221 quoque
950 2192 1016 2212 con-

1075 2014 1197 2046 secutos,
1214 2014 1243 2038 ut
1258 2018 1364 2038 summa
1380 2019 1447 2046 pace
1468 2018 1501 2038 ac
1523 2011 1670 2040 concordia
1689 2011 1854 2040 fruerentur.

1077 2044 1124 2072 Sic
1148 2047 1221 2074 enim
1246 2044 1389 2074 contrario
1408 2047 1489 2074 modo
1508 2046 1537 2074 in
1558 2051 1629 2074 orat.
1644 2047 1677 2074 ad
1692 2048 1809 2074 Arianos
1822 2047 1856 2075 de

1073 2080 1201 2116 barbaris
1228 2080 1372 2108 Thraciam
1400 2082 1583 2114 vastantibus,
1609 2081 1664 2109 Deo
1683 2083 1721 2110 ila
1740 2082 1854 2116 injurias

1073 2114 1202 2153 Trinitati
1214 2116 1304 2153 illatas
1317 2116 1492 2153 ulciscenteL
1493 2117 1608 2152 loquens
1620 2118 1657 2144 ait
1670 2117 1731 2149 εοῦς
1743 2114 1856 2153 ή-Τριὰς

1072 2150 1188 2188 λυομένη
1204 2151 1378 2188 συνέστησεν)
1387 2160 1457 2188 iquos
1469 2150 1590 2188 Trinitas
1603 2153 1691 2180 saluta
1704 2150 1854 2188 conjunxit.

1074 2185 1141 2213 Vide
1155 2185 1221 2213 tom.
1237 2185 1258 2219 Ι,
1272 2185 1333 2222 pag.
1346 2185 1408 2219 604',
1423 2195 1451 2214 n.
1465 2187 1493 2215 2.

887 2261 1054 2292 METRICA
1063 2261 1214 2307 VERSIQ.

269 2347 336 2375 Cum
349 2353 405 2374 non
417 2350 558 2374 moverent
571 2346 629 2374 haec
643 2354 701 2378 eos,
715 2347 758 2374 vel
771 2345 844 2381 quod
861 2346 912 2374 mei

235 2382 318 2410 Amor
333 2383 383 2410 hos
399 2385 514 2412 teneret,
527 2382 569 2408 vel
583 2382 656 2417 quod
671 2382 720 2417 hos
736 2381 823 2409 fastus
839 2382 942 2417 gravis,

235 2417 358 2445 Primum
373 2417 436 2452 iuga
449 2425 491 2444 me
504 2416 616 2445 confero
637 2416 800 2448 Seleuciam.

235 2452 287 2488 Ubi
301 2454 377 2488 virgo
389 2451 491 2480 Thecla
505 2452 596 2479 fanum
615 2452 695 2488 habet
710 2452 817 2488 celebre
829 2451 975 2479 admodum
987 2461 993 2479 :

236 2487 281 2514 Sic
296 2487 376 2518 forte.
393 2488 497 2519 dicens,
515 2488 644 2522 temporis
659 2487 724 2514 fessi
740 2494 828 2516 mora.

235 2523 356 2551 Traden‘t
366 2523 486 2550 habenas
496 2521 624 2557 cuipiam.
643 2522 700 2549 Hoc
713 2529 827 2556 sperans
844 2521 910 2553 fore,

235 2558 294 2593 [llic
309 2558 399 2593 peregi
414 2562 520 2592 tempus
533 2557 604 2584 haud
623 2565 688 2585 sane
701 2557 793 2593 breve.

235 2591 433 2621 Reversus‘ast
444 2591 478 2619 ut
487 2601 583 2620 rursus
600 2593 633 2619 ad
651 2591 741 2619 clades
756 2599 841 2622 meas.

234 2627 277 2664 [lii
291 2628 517 2664 repperirhorum,
534 2627 648 2664 ﬁnxerat
663 2634 724 2664 quas
739 2635 815 2655 mens
832 2626 909 2664 mihi,

234 2662 349 2698 Fugissé
361 2663 408 2691 sed
424 2671 484 2698 qua:
496 2670 538 2690 me
550 2663 690 2697 putabam.
710 2662 768 2688 haec
780 2663 886 2698 agmine

234 2697 337 2733 oborta
352 2697 451 2733 magno
465 2698 584 2732 comperi
600 2697 718 2732 negotia.

234 2731 284 2760 llic
303 2731 499 2761 sermo‘noster
516 2731 590 2760 nunc
603 2731 655 2759 erit
671 2731 839 2759 contentior:

234 2769 323 2803 Atque
338 2768 372 2795 ad
388 2768 506 2796 scientes
520 2768 655 2802 proferam
675 2767 742 2798 haec,
757 2772 787 2793 ut
801 2767 846 2801 qni
863 2766 944 2795 modo

234 2803 318 2830 Nobis
334 2803 446 2835 caretis,
460 2803 511 2829 hoc
526 2807 618 2829 tamen
629 2809 738 2828 carmen
754 2809 844 2829 meum

235 2837 364 2865 llabeatis
377 2838 440 2873 ipsi,
454 2837 525 2872 quod
544 2838 613 2864 levet
630 2836 784 2868 molestias,

1034 2347 1056 2375 Β
1070 2345 1184 2382 infamet
1199 2347 1305 2380 hostes,
1319 2347 1449 2382 praedicet
1463 2348 1556 2377 charis
1570 2349 1636 2377 mihi

1070 2381 1126 2418 Sim
1141 2387 1244 2416 quanta
1261 2381 1370 2418 passus.
1390 2383 1527 2411 neminem
1545 2391 1606 2411 cum
1624 2385 1749 2413 laeserim.

1102 2416 1203 2444 Natura
1215 2416 1295 2445 binos
1312 2418 1384 2445 haud
1396 2419 1504 2453 quidem
1521 2420 1593 2446 soles
1605 2420 1696 2447 dedit:

1068 2450 1147 2487 pedit
1161 2452 1220 2487 ipsa
1237 2453 1314 2481 binas
1329 2450 1461 2486 attamen,
1476 2455 1570 2481 mundi
1583 2454 1667 2486 faces,

1065 2485 1180 2519 Romas,
1197 2491 1330 2515 vetustam
1343 2488 1450 2516 scilicet
1460 2489 1585 2520 Romam,
1602 2497 1633 2516 ac
1648 2485 1745 2516 novant
1760 2498 1768 2517 :

1066 2522 1123 2559 [loc
1137 2522 1325 2559 discrepantes
1340 2524 1468 2556 invicem,
1484 2525 1566 2559 quod,
1580 2532 1633 2559 qua
1649 2525 1722 2552 cadit

1067 2556 1123 2594 Sol,
1143 2557 1188 2583 illa
1204 2558 1297 2592 lulget,
1317 2559 1401 2593 fulget
1417 2559 1474 2586 haec
1491 2556 1545 2594 qua
1561 2556 1716 2587 se'exserit.

1067 2592 1118 2630 far
1130 2594 1272 2627 utriusque
1293 2592 1479 2627 pulchritudo,
1497 2592 1546 2630 par
1560 2595 1654 2622 decus.

1066 2626 1146 2664 ἕωθεν
1159 2626 1271 2655 vetustte
1288 2626 1361 2655 recta
1374 2632 1432 2656 crat
1444 2626 1504 2664 jaln
1516 2630 1678 2664 antiquitus,

1068 2661 1102 2699 Et
1119 2666 1192 2699 recta
1208 2668 1310 2697 perstat
1325 2671 1398 2691 nunc
1411 2661 1484 2696 item,
1502 2672 1572 2692 nexu
1583 2661 1640 2699 pio,

1068 2697 1257 2732 Quodcunque
1273 2699 1367 2726 labens
1381 2700 1421 2726 sol
1435 2699 1519 2730 videt.
1536 2697 1715 2729 dev'inciens:

1069 2731 1104 2768 yt
1116 2731 1237 2760 universi
1253 2735 1394 2768 praesidem
1411 2735 1503 2761 mundi
1516 2735 1605 2768 decet,

1068 2767 1165 2803 Totam
1182 2767 1322 2803 colit’quze
1336 2768 1462 2796 Numinis
1474 2767 1648 2797 concordiam
1660 2779 1668 2803 ;

1068 2802 1142 2839 [γυνθ
1154 2810 1218 2839 vero
1233 2802 1370 2838 quondam
1388 2804 1432 2839 (de
1447 2812 1516 2835 mea,
1531 2805 1586 2839 jam
1599 2814 1652 2832 non
1661 2802 1737 2839 mea.

1068 2837 1145 2865 Nunc
1157 2837 1249 2866 sermo
1259 2839 1349 2874 nobis)
1362 2837 1478 2875 reetipos
1492 2837 1550 2868 erat
1564 2841 1591 2867 in
1603 2842 1666 2874 (ide,
