1955 3042
213 151 282 179 1075

218 210 308 245 Δῆμος
323 209 449 242 τοσοῦτος
461 209 509 236 καὶ
521 209 694 244 φρονήματος
720 208 817 240 πλέως,

213 253 248 290 ᾯ
268 256 306 292 μὴ
320 257 397 291 νικᾷν
417 256 495 282 πάντ’
510 254 623 290 ἔσχατος
638 255 741 290 προσῆν
757 255 849 290 ψόγος.

213 300 266 327 6ὓὸ
283 300 380 333 Milon;
396 302 512 336 παρήσω
525 300 574 335 τὴν
595 300 666 336 ὲμὴν
681 301 850 331 πανδαισίαν,

213 341 264 371 Ὧν
278 345 308 372 ἓν
321 354 347 371 τι
364 345 498 380 μέμφοιμ*
510 352 516 359 '
540 344 570 370 οὐ
584 345 638 381 γὰρ
650 343 719 380 ἦσαν
739 345 870 380 εὔστοχοι,

213 391 323 418 Τούτων
336 391 472 426 τυχόντες,
485 387 523 418 ὧν
542 391 634 425 τυχεῖν
648 391 724 422 κενὸς
745 391 833 426 φόνος.

217 436 323 464 Ἔπειθ’
340 436 483 472 ὑπάρχοις,
499 437 536 468 ὡς
555 436 662 470 φονεὺς,
678 437 838 472 εἱσηγόμην,

215 483 365 510 Βλέπουσιν
380 482 481 518 ὑψηλόν
494 491 522 509 τι
537 483 584 510 καὶ
608 483 764 518 μετάρσιον,

215 529 268 556 670
287 526 334 561 Οἷς
355 526 395 560 εἷς
408 529 488 564 νόμος
500 529 545 555 τὸν
559 529 645 564 δῆμον
664 530 742 556 ἵλεων
758 529 841 564 ἔχειν,

221 576 251 602 '0
268 575 353 602 δεινὸν
369 575 445 602 οὐδὲν
461 574 564 602 πώποτ’
582 575 638 602 οὐδ’
654 576 840 610 εἰργασμένος,

215 620 277 646 Οὐδ’
291 620 429 655 ἐννοήσας,
446 620 483 651 ὡς
499 619 624 655 μαθητὴς
638 620 685 646 τοῦ
709 620 797 653 λόγου.

215 666 271 693 Καί
285 674 330 700 μοι
350 665 472 700 παρέστη
484 664 531 692 τοῦ
551 665 629 700 λόγου
647 667 794 701 συνήγορος

216 711 333 746 Χριστὸς
347 711 452 747 βοηθῶν
467 710 505 746 τῷ
520 710 660 746 συνηγόρῳ
675 710 756 745 λόγῳ,

216 757 270 784 675
291 757 338 789 Ὃς
359 757 406 784 καὶ
419 757 533 783 λεόντων
547 754 616 783 οἶδεν
631 756 762 788 ἐκσώξειν
776 755 876 788 ξένους,

216 803 272 831 Καὶ
283 804 338 840 πῦρ
353 803 486 839 δροσίζειν
507 804 545 835 εὶς
562 802 704 837 ἀναψυχὴν
718 802 797 834 νέων,

468 879 589 914 Populus
603 882 696 906 tantus
710 883 738 906 et
751 878 834 905 animi
846 878 951 913 plenus,

549 149 580 178 S.
601 148 765 178 GREGORII
786 139 908 177 TIiEOL.
931 147 1114 177 CARMINUM
1134 146 1234 175 LIBER
1255 146 1285 173 II.
1321 145 1517 174 HISTORICA.

1769 143 1840 172 1016

1018 212 1040 239 Α
1055 208 1143 243 κῆτος
1160 208 1187 234 δὲ
1204 208 1289 234 ποιεῖν
1312 206 1432 232 εὐσεϐῶν
1451 206 1603 243 εὐκτήριον.

1053 250 1136 284 Οὗτος
1150 253 1178 287 μ’
1197 252 1300 284 ὲδόξασ¹
1319 251 1349 277 ἐν
1363 251 1431 287 ξένῳ
1446 251 1589 287 κριτηρίῳ.

1091 299 1206 324 Ἔπειτα
1218 298 1303 329 δεινὸς
1318 297 1371 324 τῶν
1385 297 1459 332 ἐμῶν
1475 297 1542 324 οἰδεῖ
1554 297 1660 331 φθόνος,

1054 343 1105 370 680
1124 343 1170 375 Εἰς
1185 343 1289 370 Παῦλον
1300 343 1432 369 ἑλκόντων
1449 351 1483 378 με
1498 344 1524 368 κ’
1546 341 1667 369 Ἀπολλώ
1683 349 1752 372 τινα,

1055 389 1124 420 Τοὺς
1141 388 1209 423 μήτε
1224 387 1413 423 σαρκωθέντας
1424 388 1489 422 ἡμῖν
1507 387 1628 421 πώποτε,

1056 434 1128 470 Μήτ’
1141 433 1289 468 ὲκχὲαντας
1308 431 1377 468 αἷμα
1390 433 1480 468 τιμίου
1498 432 1610 464 πάθους.

1061 481 1121 515 Ἀφ’
1136 476 1173 506 ὧν
1185 479 1341 514 καλούμεθ’,
1365 479 1425 514 οὐχὶ
1439 478 1485 505 τοῦ
1501 478 1666 510 σεσωκότος;

1053 523 1101 558 Οἷς
1117 526 1280 552 συνδονεῖται
1296 525 1385 551 πάντα
1400 524 1447 551 καὶ
1462 524 1625 556 συσσείεται,

1054 572 1107 599 685
1130 573 1174 604 Ὠς
1187 571 1371 607 εὐδρομούσης
1384 569 1467 597 τᾶλλα
1478 570 1527 604 τῆς
1546 569 1714 604 Ἐκκλησίας.

1057 618 1119 649 Πῶς
1133 618 1155 644 δ’
1177 618 1209 644 ἄν
1224 618 1283 644 ποτ’
1297 617 1313 652 ἢ
1331 616 1407 648 ναῦς,
1424 616 1440 652 ἢ
1455 616 1542 648 πόλις,
1556 615 1614 648 πῶς
1633 616 1656 642 δ’
1671 615 1703 642 ἂν
1714 613 1838 650 στρατὶλς,

1058 664 1094 690 Ἢ
1111 664 1157 690 καὶ
1173 663 1253 700 χοροῦ
1268 663 1413 698 πλήρωμα,
1429 662 1486 694 πῶς
1505 660 1578 693 οἶκος
1593 661 1667 696 φίλος

1058 709 1152 744 Σταιη,
1164 708 1245 735 πλέον
1258 708 1288 735 τὸ
1304 708 1431 743 βλάπτον,
1446 708 1463 743 ἢ
1479 706 1595 743 κρατοῦν
1607 706 1692 741 ἔχωνς
1704 738 1705 741 η

1057 755 1135 782 Τοῦτ’
1156 753 1203 782 οὗν
1220 755 1322 790 ἔπασχε
1339 755 1424 790 τηνίχ¹
1440 755 1454 780 ὁ
1467 752 1584 789 Χριστοῦ
1602 752 1679 785 λεώς.

1055 801 1106 829 690
1126 801 1194 837 Πρὶν
1207 801 1261 837 γὰρ
1277 801 1396 836 παγῆναι
1409 800 1455 827 καὶ
1466 801 1558 835 τυχεῖν
1577 798 1741 835 παρρησίας,

468 914 519 941 Cui
533 922 587 941 non
599 914 690 941 omnia
704 914 813 941 vincere
829 917 979 941 extremum
995 913 1064 941 foret
1077 913 1205 941 dedecus.

469 949 523 976 665
544 948 660 984 Lapides
676 949 799 976 omittam
811 948 923 976 delicias
939 955 1024 984 meas,

468 984 507 1012 De
521 984 621 1019 quibus
636 984 663 1010 id
677 991 763 1019 unum
775 991 885 1018 queror,
901 983 975 1018 quod
988 992 1042 1011 non
1055 990 1129 1012 recte
1142 983 1353 1015 collimaverint,

468 1019 506 1045 Ea
519 1018 658 1050 ferientes,
674 1026 735 1053 quae
753 1018 834 1046 ferire
847 1019 936 1046 inanis
952 1022 995 1046 est
1008 1019 1105 1047 caedes.

469 1053 590 1081 Tandem
606 1053 742 1088 prafectis
759 1054 852 1084 sister,
869 1058 898 1080 ut
913 1054 1059 1085 homicida.

468 1089 532 1116 Alto
542 1092 570 1116 et
582 1089 691 1116 sublato
705 1089 851 1123 supercilio
865 1088 1045 1120 intuentibus,

469 1124 522 1159 ρτο
541 1123 645 1156 Quibus
661 1131 715 1150 una
730 1124 773 1151 lex
790 1127 832 1151 est
847 1124 975 1158 populum
993 1123 1092 1159 habere
1107 1124 1253 1159 propitium
1267 1133 1273 1151 :

468 1157 518 1186 His
533 1159 627 1190 sistor,
642 1160 689 1193 qui
704 1158 771 1185 nihil
788 1157 908 1193 unquam
922 1159 996 1185 noxii
1012 1157 1140 1190 feceram,

467 1193 524 1234 lﬁec
540 1194 731 1234 cogitaverant.
750 1197 843 1234 utpote
859 1193 997 1234 Evangelii
1010 1194 1170 1229 discipulus.

468 1229 504 1255 At
520 1228 587 1255 mihi
605 1229 693 1256 astitit
708 1229 838 1256 doctrinae
852 1228 980 1256 defensor

467 1263 606 1300 Christus,
618 1271 697 1300 opem
710 1263 800 1300 ferens
812 1263 931 1300 sermoni
942 1264 1016 1300 illius
1026 1270 1136 1300 causam
1154 1264 1254 1300 agenti,

468 1298 522 1334 675
537 1298 590 1331 Qui
601 1299 678 1326 novit
689 1299 771 1326 etiam
789 1306 804 1326 a
820 1299 945 1334 leonibus
964 1299 1054 1334 salvos
1068 1299 1158 1325 facere
1174 1298 1342 1334 peregrinos,

469 1333 503 1369 Iit
521 1334 609 1369 ignem
625 1334 654 1360 in
668 1340 757 1361 rorem
774 1337 881 1362 vertere
897 1333 931 1361 ad
946 1333 1178 1369 refrigerationem
1190 1333 1332 1368 iuvenum,

469 1368 684 1430 710-711“
697 1372 756 1409 cete
769 1368 873 1410 edicere
885 1373 1042 1409 sanctorum
1057 1369 1216 1396 oratorium.

481 1410 495 1430 s
509 1404 576 1430 mtht
591 1405 675 1430 decus
689 1403 792 1430 addidit
807 1412 834 1430 In
849 1404 950 1430 ludicro
965 1407 1103 1430 extraneo.

481 1410 495 1430 s
509 1403 576 1438 mihi
591 1405 675 1431 decus
689 1403 792 1431 addidit
807 1404 834 1431 in
846 1403 950 1438 judicio
965 1407 1103 1431 extraneo.

505 1437 607 1466 Deinde
620 1438 765 1466 vehemens
775 1437 898 1466 meorum
915 1439 1073 1466 intumescit
1085 1438 1163 1470 livor,

469 1472 523 1508 680
541 1473 582 1500 Ad
596 1473 709 1500 Paulum
720 1473 883 1501 trahentium
897 1481 940 1501 me
952 1477 979 1501 et
992 1473 1025 1500 ad
1041 1473 1182 1508 quemdam
1197 1472 1303 1507 Apollo,

470 1507 523 1541 Qui
534 1516 584 1536 nec
598 1516 708 1536 carnem
723 1516 840 1543 unquam
857 1515 907 1542 pro
922 1508 1001 1535 nobis
1015 1507 1205 1543 susceperunt,

468 1543 525 1570 Nec
540 1544 700 1578 sanguinem
716 1543 844 1570 fuderunt
858 1543 983 1578 pretiosa:
997 1543 1143 1578 passionis.

469 1578 511 1605 Ab
528 1577 570 1606 his
582 1577 680 1605 nomen
696 1578 776 1605 nobis
791 1578 919 1610 adhaeret,
936 1586 990 1605 non
1004 1578 1039 1605 ab
1052 1585 1085 1605 eo
1097 1578 1144 1612 qui
1157 1578 1246 1606 salvos
1263 1578 1345 1605 facit?

468 1612 511 1639 Ab
523 1613 566 1640 bis
578 1613 749 1645 exagitantur
758 1616 786 1640 ‘et
799 1614 992 1640 concutiuntur
1005 1613 1107 1645 omnia,

468 1647 522 1674 685
539 1645 622 1680 Quasi

659 1647 757 1675 cclesia
768 1647 796 1674 in
811 1648 872 1675 aliis
883 1648 965 1675 rebus
979 1655 1138 1683 prosperum
1154 1655 1265 1675 cursum
1283 1651 1395 1675 teneret.

469 1682 611 1715 Quomodo
624 1687 726 1714 autem,
741 1686 788 1709 aut
802 1683 890 1715 navis,
902 1687 948 1709 aut
964 1682 1100 1716 urbs,'aut
1114 1683 1261 1715 exercitus,

469 1718 523 1744 Aut
537 1717 613 1744 chori
624 1721 723 1749 cretus,
735 1721 782 1744 aut
798 1717 895 1745 domus
912 1717 999 1745 amica

469 1752 618 1788 Consistat,
635 1753 658 1780 si
675 1752 747 1787 quod
767 1752 850 1785 laedit,
867 1753 979 1780 uberius
993 1753 1120 1788 sitquam
1133 1752 1205 1788 quod
1220 1753 1382 1780 conservat?

470 1786 528 1814 Hoc
540 1787 622 1822 igitur
635 1786 700 1814 tunc
715 1788 868 1822 patiebatur
882 1787 984 1815 Christi
997 1786 1124 1822 populus.

469 1822 522 1849 690

328 1899 456 1940 ξένουςἕ
467 1900 685 1940 Itapoisl._l_‘3dit.
697 1901 768 1929 male
787 1901 878 1940 ξένιος.

260 1935 314 1972 679
327 1935 388 1972 Τῶν
401 1935 490 1972 ξμῶν.
506 1935 580 1969 Quos
602 1936 647 1963 hic
669 1944 734 1964 suos
754 1937 877 1972 appellat
905 1935 1008 1971 Grego-

223 1970 292 2004 rius,
308 1971 336 1998 hi
352 1970 473 2006 profecto
488 1971 646 1999 secernendi
658 1975 721 1999 sunt
737 1970 902 2002 ab'Arianis,
916 1978 931 1997 a
943 1970 1008 2005 qui-

223 2006 276 2033 bus
296 2011 323 2033 et
339 2005 475 2033 laoidibus
491 2007 592 2033 uetitus
610 2010 637 2033 et
658 2006 691 2033 ad
719 2006 838 2033 tribunal
858 2005 945 2033 fuerat
964 2014 1008 2032 ra-

224 2010 276 2033 bus
296 2011 323 2033 et
339 2010 475 2040 lapidibus
491 2010 592 2041 petitus
610 2010 637 2034 et
658 2010 691 2033 ad
719 2010 838 2033 tribunal
858 2010 945 2033 fuerat
964 2014 1009 2032 ra-

224 2040 444 2082 ptatus._l_iorum
457 2041 503 2068 alii
516 2041 642 2069 videnlur
653 2041 749 2069 fervidi
764 2041 1006 2082 fuissthCatholi'ci,

224 2076 270 2102 alii
287 2076 417 2111 ambigui,
432 2084 578 2111 rerumque
593 2084 713 2108 suarum,
729 2084 809 2111 quam
824 2076 885 2103 ﬁdei
903 2077 1007 2103 studio-

225 2111 322 2138 siores.
339 2110 422 2138 Primi
437 2110 551 2139 Paulino
566 2112 608 2139 vel
632 2110 746 2139 Meletio’
757 2111 856 2139 addicti
873 2117 960 2142 erant,
976 2118 1008 2138 ac

223 2153 258 2173 eo
273 2146 381 2173 nomine
397 2150 473 2173 extra
488 2147 670 2181 suspicionem
686 2147 792 2173 Arianae
805 2145 932 2180 perfidiae.
949 2146 1007 2173 Non

224 2181 297 2207 enim
312 2181 365 2208 hoc
387 2181 447 2207 loco
465 2181 567 2208 Paulus
582 2185 609 2208 et
622 2181 716 2216 Apollo
730 2182 892 2216 significant,
904 2185 933 2208 ut
948 2181 1008 2214 opi-

223 2219 305 2251 natus
324 2220 366 2243 est
388 2215 494 2247 Billius,
519 2220 650 2243 sectarum
671 2215 864 2251 antesignanos,
880 2225 896 2242 ιι
915 2216 1009 2250 quibus

223 2250 245 2291 ξε
253 2251 300 2291 qui
316 2251 434 2284 ipsorum
445 2251 580 2291 errori?“
591 2251 723 2291 fugiebant,
742 2250 832 2277 nomen
845 2250 938 2291 ducere
952 2259 1009 2290 nia-

223 2284 312 2312 lebant
331 2293 410 2321 quam
435 2294 452 2312 α
474 2284 595 2313 Christo.
606 2286 748 2321 Nunquam
771 2294 832 2313 suos
860 2285 1009 2321 Gregorius

566 1830 608 1850 am
624 1827 770 1858 antequam
787 1822 941 1850 ﬁrmaretur
955 1827 982 1850 et
999 1823 1149 1850 libertatem
1166 1826 1369 1857 assequemur,

1020 1908 1043 1937 ῃ
1057 1902 1170 1928 Ανίαηοε
1187 1900 1351 1937 appellasset
1366 1920 1374 1932 ,
1396 1908 1427 1928 ac
1443 1900 1570 1928 indecora
1585 1909 1706 1937 prorsus
1728 1903 1755 1929 et
1764 1901 1840 1937 Cre-

1056 1938 1132 1971 gorio
1148 1936 1259 1969 indigna
1278 1943 1383 1967 eorum,
1407 1944 1468 1970 qua:
1482 1937 1516 1963 de
1534 1943 1564 1964 se
1583 1936 1693 1967 Paulus.
1711 1936 1744 1964 de
1760 1936 1840 1965 Petro

1057 1976 1083 1998 et
1097 1971 1131 1998 de
1146 1971 1243 2007 Apollo
1259 1971 1336 2007 dixit,
1352 1971 1384 1998 ad
1397 1971 1539 2007 haereticos
1552 1971 1720 1999 detestabilis
1731 1979 1839 1998 accom-

1058 2005 1186 2033 modatio.
1207 2005 1316 2032 Nullum
1334 2010 1424 2033 autem
1440 2006 1492 2033 hac
1509 2011 1587 2034 aetate
1603 2007 1744 2034 dissidium
1760 2007 1838 2033 novi-

1057 2049 1118 2068 mus
1143 2045 1240 2076 praater
1266 2041 1475 2072 Antiochenum,
1493 2049 1548 2076 quo
1568 2045 1623 2069 tota
1640 2041 1760 2068 Ecclesia
1779 2050 1840 2076 per-

1057 2075 1164 2103 turbata
1183 2076 1276 2104 fuerit.
1287 2075 1426 2103 Catholice
1440 2075 1529 2111 autem
1551 2077 1701 2104 sentiebant
1719 2075 1839 2111 utrique,

1057 2112 1114 2138 sive
1132 2111 1178 2146 qui
1207 2111 1321 2142 Melelio,
1349 2111 1406 2138 sive
1428 2112 1474 2146 qui
1499 2110 1613 2138 Paulino
1632 2110 1840 2143 favebantfnec

1057 2145 1186 2173 modoab
1210 2146 1319 2172 Arionis
1341 2149 1403 2173 sunt
1419 2145 1615 2180 distinguendi,
1640 2147 1687 2174 sed
1710 2146 1790 2173 etiam
1805 2147 1840 2174 ab

1057 2181 1102 2211 iis,
1119 2189 1234 2214 quorum
1253 2181 1296 2216 hic
1310 2180 1456 2215 Gregorius
1473 2181 1558 2216 pingit
1576 2181 1652 2208 vitia.

1092 2217 1144 2243 685
1168 2216 1214 2248 Ὡς
1233 2215 1447 2249 εὐδρομούσης.
1465 2215 1549 2248 Quasi
1570 2216 1639 2242 alias
1660 2216 1779 2243 secundm
1799 2224 1840 2243 res

1058 2249 1183 2277 Ecclesia:
1200 2251 1296 2286 forent,
1310 2251 1386 2286 quasi
1404 2259 1455 2278 non
1472 2256 1557 2278 essent
1571 2259 1612 2278 res
1627 2251 1709 2278 multo
1728 2251 1839 2285 majoris

1058 2286 1192 2312 momenti.

218 2363 224 2366 -
243 2357 259 2369 ι
873 2345 977 2375 METR
982 2345 1039 2376 [CA
1051 2345 1196 2376 VERSIO.

224 2405 307 2442 Plebs
318 2409 406 2438 tanta,
422 2410 449 2434 et
464 2407 564 2435 animis
579 2408 668 2442 plena.
687 2415 741 2435 non
759 2407 785 2434 in
802 2407 930 2434 omnibus

226 2441 364 2478 Superare
376 2442 458 2478 rebus
470 2450 530 2477 qua:
546 2441 673 2477 probrum
687 2443 784 2478 ingens
796 2443 917 2470 duceret.

226 2449 364 2503 augerare
376 2449 458 2469 rebus
470 2450 530 2477 qua:
546 2449 673 2477 probrum
687 2451 766 2478 ingen

224 2476 262 2513 l_r_n
284 2483 330 2504 res
341 2477 438 2513 tacebo
449 2484 557 2513 saxeos,
572 2479 666 2513 epulas
680 2486 766 2510 meas,

227 2510 319 2548 Yanos
337 2511 422 2539 fuisse
438 2512 512 2547 quod
523 2510 623 2548 queror
637 2512 834 2546 tantummodo,

224 2545 289 2583 [iam
307 2545 461 2583 assecutos,
476 2545 585 2583 assequi
601 2555 662 2583 qua
681 2548 749 2575 nihil
762 2548 849 2582 juvat,

224 2581 326 2616 Eecem
342 2589 393 2609 nec
405 2582 499 2609 infert.
515 2581 591 2614 Post,
606 2581 681 2610 velut
697 2581 825 2616 sicarius,

226 2615 311 2653 Yultu
323 2617 443 2651 superbo
457 2618 588 2653 praeditos
603 2618 637 2645 ad
652 2618 792 2653 praesides,

225 2649 366 2688 Queisque
380 2659 434 2678 una
451 2649 543 2679 studio
559 2653 602 2679 lex
614 2649 673 2680 erat
686 2654 758 2688 plebi
771 2649 893 2688 obsequi,

225 2662 365 2686 quemque
380 2662 434 2678 una
451 2662 543 2679 aluum
559 2662 602 2679 lex
614 2662 673 2680 erat
706 2662 758 2680 rem
771 2662 893 2688 onsequt,

224 2686 335 2723 :ljrabor
349 2686 418 2723 ipse,
434 2688 547 2715 sceleris
565 2688 612 2722 qui
628 2662 703 2723 nihiY
714 2692 896 2723 patraveram,

224 2720 282 2757 [Sec
297 2720 459 2756 cogitaram,
475 2720 640 2757 discipulum
652 2720 754 2751 Christi
769 2727 800 2750 ut
813 2723 902 2752 decet.

225 2755 266 2791 ᾼε
276 2755 340 2782 tum
350 2762 483 2791 patronus
496 2755 584 2785 astitit
599 2757 727 2786 Christus
740 2759 818 2790 mihi,

226 2790 333 2828 ferens
349 2790 458 2828 patroni
472 2800 527 2819 non
542 2792 619 2827 piger
630 2793 712 2820 dictis
725 2801 804 2828 opem
818 2802 824 2820 :

226 2825 362 2862 Babidam
375 2827 484 2862 leonum
496 2825 551 2861 qui
559 2825 650 2862 potest
666 2829 720 2854 vim
733 2825 870 2862 frangere,

222 2859 364 2890 Juvenum
379 2861 407 2889 in
420 2859 542 2890 favorem
558 2859 671 2891 reddere
685 2863 775 2898 ignem
791 2859 942 2896 roscidum,

1056 2408 1164 2443 Cetum,
1181 2408 1287 2443 piorum
1303 2411 1410 2435 vertere
1424 2407 1453 2434 in
1470 2413 1578 2443 sacram
1593 2407 1715 2443 domum.

1059 2442 1111 2470 Hic
1125 2450 1167 2470 me
1182 2442 1216 2469 ad
1228 2443 1349 2469 tribunal
1364 2442 1487 2470 insolens
1503 2442 1606 2469 clarum
1622 2442 1698 2470 facit.

1094 2477 1161 2505 Post
1175 2482 1203 2504 at
1218 2485 1339 2505 meorum
1355 2485 1398 2504 me
1414 2477 1512 2512 premit
1525 2477 1594 2504 livor
1606 2478 1706 2512 gravis,

1059 2512 1100 2539 Ad
1116 2512 1260 2547 quemdam
1275 2512 1370 2547 Apollo
1385 2519 1427 2539 me
1440 2519 1522 2539 manu
1539 2512 1715 2545 trahentium,

1061 2547 1240 2582 Paulumque,
1256 2549 1335 2582 queis
1349 2555 1401 2574 nec
1415 2551 1523 2582 sumpta
1535 2548 1570 2574 sit
1584 2554 1634 2581 pro
1646 2555 1689 2574 me
1700 2555 1775 2580 caro,

1058 2581 1114 2610 Nec
1129 2581 1206 2610 fusus
1222 2581 1341 2617 unquam
1357 2581 1484 2616 sanguis,
1498 2582 1622 2615 aquibus
1636 2586 1728 2610 tamen

1061 2617 1207 2651 Vocantur,
1224 2625 1256 2644 ac
1273 2625 1328 2644 non
1344 2625 1360 2644 a
1375 2617 1472 2644 salutis
1487 2617 1613 2644 vindice:

1062 2651 1114 2685 Qui
1127 2657 1225 2680 cuncta
1241 2653 1363 2685 turbant,
1375 2656 1477 2688 cuncta
1489 2652 1657 2688 convellunt,
1674 2652 1753 2688 quasi

1061 2688 1137 2715 Alias
1152 2688 1280 2715 secunda:
1294 2695 1337 2715 res
1352 2687 1442 2714 forent
1457 2685 1594 2714 Ecclesiae.

1060 2721 1112 2755 Qui
1129 2729 1210 2757 porro
1227 2723 1316 2755 navis,
1332 2723 1440 2751 civitas.
1455 2723 1603 2752 exercitus.

1060 2757 1202 2792 Cborusvc
1213 2757 1301 2792 possit
1314 2762 1361 2784 aut
1373 2757 1471 2784 domus
1484 2757 1648 2790 consistere,

1061 2791 1091 2828 in
1104 2800 1157 2827 qua
1173 2789 1246 2828 quod
1268 2793 1340 2820 obsit
1361 2793 1422 2828 plus
1430 2792 1513 2828 inest,
1528 2799 1610 2828 quam
1627 2789 1700 2827 quod
1709 2789 1808 2828 iuvet?

1062 2826 1120 2854 Hoc
1137 2826 1279 2854 accidebat
1294 2833 1349 2854 tum
1362 2826 1411 2862 ’pio
1424 2826 1524 2854 Christi
1539 2827 1623 2862 gregi.

1062 2862 1128 2890 Nam
1141 2862 1263 2891 nondum
1274 2861 1388 2898 adeptus
1399 2863 1512 2890 liberam
1525 2861 1663 2896 ﬁduciam,
