1955 3042
111 113 181 141 1005

110 169 161 200 ’Δς
174 177 217 200 τις
229 176 298 204 γυνη
311 177 447 204 τετμηκεν
459 170 499 202 είς
511 170 616 206 ἐχθρῶν
631 172 720 208 χάριν.

144 215 249 250 Ποιμὴν
260 215 288 241 δὲ
303 215 418 251 δειχοεὶς
432 216 464 242 ἐκ
478 216 577 249 κυνῶν,
592 218 624 243 ὲκ
637 218 773 253 ποιμένων

109 260 162 287 9‘25
177 260 261 288 Πάλιν
276 260 350 287 κύων
365 260 469 296 πέφηνε
479 269 486 276 ·
503 261 553 297 τῆς
569 262 697 298 ἀτιμίαςί

109 305 189 332 Κύων
202 305 316 341 ἕρημος,
333 306 402 342 μήτε
414 307 464 342 τῆς
479 307 568 342 κόμης
584 307 624 334 ἔτι

107 350 199 385 Φέρων
214 350 245 377 τὸ
258 350 365 383 κάλλος,
381 351 450 386 μήτε
466 350 514 386 τὴν
531 351 649 387 ποίμνην
673 352 812 388 στρέφων

107 394 190 428 Αὖθις
206 395 347 431 μακέλλων
361 396 464 428 ὀστέοις
479 397 640 432 ἐπιτρέχων.

108 442 221 477 Δράσεις
234 441 262 468 δὲ
278 441 310 477 δὴ
320 441 346 468 τί
357 441 406 478 τὴν
422 442 507 477 καλὴν
522 442 630 478 κόμην;
646 443 726 470 πάλιν

107 487 159 514 950
176 487 290 523 Θρέψεις
302 487 454 524 φιλεργῶν;
473 488 489 523 ἢ
508 490 598 523 μενεῖς
614 489 685 515 τοῖον
697 489 799 523 γέλως;

108 533 209 568 Ἀμφω
219 533 273 569 γὰρ
284 534 393 569 αἰσχρὰ,
406 534 451 560 καί
463 543 489 561 τι
503 535 560 560 τοῖν
571 534 643 561 δυοῖν
655 535 736 570 μέσον

105 580 163 605 Οὐκ
176 579 248 606 ἐστιν
261 580 351 614 εὑρεῖν
366 580 426 606 οὐδὲ
438 580 478 612 ἓν,
490 579 560 616 πλὴν
570 580 699 616 ἀγχόνης.

104 625 202 661 Θήσεις
215 625 244 652 δὲ
256 625 306 652 ποῦ
320 634 366 661 μοι
378 626 428 658 τὰς
438 626 544 662 τρίχας,
557 626 676 661 πέμψεις
686 628 716 654 δὲ
730 627 781 655 ποῦ
793 637 800 660 ;

104 672 220 707 Σκηναϊς
230 671 361 708 θεάτρων,
371 672 431 698 εἰπέ
445 681 501 707 μοι,
515 672 532 708 ἢ
548 671 712 707 παρθένοις;

102 716 155 743 955
172 717 232 743 Τίσι
247 716 276 743 δὲ
290 716 391 744 τούτων
409 714 503 749 αὖθις
522 716 538 751 ἢ
552 716 710 751 Κορινθίαις

103 762 170 793 Ταῖς
184 763 260 795 σαῖς;
279 761 339 798 μεθ’
349 760 387 789 ὧν
402 761 437 789 τὰ
453 761 512 789 θεῖα
527 760 642 798 ὲξησκοῦ
658 770 722 789 ποτε

101 808 190 840 Μόνος
208 808 300 844 μόναις
313 817 342 835 τε
361 808 509 844 πανσόφως
526 808 711 844 κοινούμενος,

129 1990 179 2018 9n
200 1989 442 2026 fagéxvogcmsl.
455 1990 579 2026 ὲεεχείθ“.

638 115 760 145 SECTlO
780 117 798 145 Ι.
823 117 985 146 POEMATA
1006 119 1049 147 DE
1070 120 1096 149 SI

926 119 985 146 \TA
1006 119 1049 147 DE
1070 120 1200 149 SEIPSO.
1661 128 1733 159 1096

909 179 932 206 Α
954 177 1024 203 Ἀνο¹
1038 174 1076 204 ὧν
1089 186 1117 204 σε
1129 178 1204 214 θήσω
1216 179 1317 215 μᾶλλον
1332 181 1446 217 οὐρανοῦ
1458 183 1536 210 κύνα.

979 221 1065 254 Εὐθὺς
1083 223 1132 258 μὲν
1144 222 1191 251 οὖν
1207 226 1333 253 τοσοῦτον
1349 227 1467 263 ἤλγησεν
1480 230 1556 261 πόλις

945 266 996 293 940
1010 267 1072 299 Τοῖς
1085 270 1234 303 τηνικαῦτα
1249 272 1435 308 συμϐεϐηκόσι
1453 277 1562 308 κακοῖς,

945 311 1019 338 ”Ωστ“
1033 313 1158 348 ὲπρίοντο
1172 315 1272 347 πάντες
1281 324 1288 330 ·
1304 316 1407 352 ἐξέχυθ’
1421 318 1493 351 ἅπας

943 357 1045 390 Λόγους
1059 358 1151 393 ἀηδεῖς
1164 360 1212 387 τοῦ
1227 361 1285 396 βίου
1301 364 1482 399 κατηγόρους,

942 401 1035 436 Θυμοῦ
1049 403 1179 439 φέροντος
1198 405 1217 433 ἃ.
1233 408 1331 442 φρένες
1348 411 1536 446 συνεκρότουν.

944 447 1042 479 Ἄλλος
1057 457 1083 475 τι
1101 449 1124 475 δ’
1135 450 1200 477 ἄλλο
1215 452 1343 487 ὴράνιζεν
1357 455 1399 486 εἰς
1418 456 1478 487 ἑνὸς

941 492 994 520 945
1009 494 1100 522 Κακοῦ
1113 496 1216 524 τελείου
1233 498 1366 526 πάντοθεν
1381 503 1549 536 συμφωνίαν.

943 538 1048 576 Ὠσπερ
1062 541 1117 577 γὰρ
1131 543 1161 569 ὲν
1176 544 1233 575 τοῖς
1247 544 1354 580 σώμασι
1367 547 1526 575 συνίσταται

944 585 1019 620 Πάθη
1034 586 1067 613 τὰ
1084 588 1170 623 μικρὰ
1184 591 1244 622 ταῖς
1259 592 1391 626 μεγάλαις
1408 594 1586 630 ἀρρωστίαις,

941 631 1000 658 Κᾶν
1014 633 1169 668 ἠρεμοῦντα
1185 635 1224 670 τῷ
1237 636 1340 664 σθένειν
1353 639 1420 671 τέως
1435 640 1505 676 τύχῃ
1514 650 1520 656 ·

941 677 1034 710 Οὕτως
1046 680 1150 707 ἐκείνου
1165 682 1255 710 πάντα
1267 684 1302 710 τὰ
1315 685 1433 720 πρόσθεν
1449 689 1522 714 κακὰ

941 724 993 751 950
1012 725 1216 761 Ἐστηλίτευσεν
1233 730 1248 764 ὴ
1269 731 1410 759 τελευταία
1422 733 1525 765 στάσις.

947 768 1016 796 Ἀλλ’
1032 771 1082 798 οὐκ
1096 772 1164 807 ἐμοῦ
1177 781 1208 807 γε
1222 775 1298 801 ταῦτ’
1314 776 1345 803 ἂν
1363 777 1464 810 ἐξέλθοι
1479 779 1560 806 ποτέ’

942 814 1046 842 Ἰσασιν
1061 817 1086 842 οί
1100 817 1233 852 λέγοντες.
1258 821 1392 849 Ἐνδάκνω
1410 822 1433 850 δ’
1450 823 1515 857 ἐγὼ,

355 895 430 935 Οιιρε
443 895 540 922 mulier
555 897 675 935 resecuit
692 896 719 924 in
735 896 854 925 hostium
871 901 997 935 gratiam.

389 930 489 973 Easton
501 934 592 958 autem
610 931 764 973 declaratus
778 941 811 973 ως
830 930 908 973 cane,
924 943 1021 967 rursus
1039 944 1071 965 ex
1089 943 1197 973 pastore

354 965 506 1003 §25ACanis
527 970 639 1001 apparet
655 974 665 1003 ξ
678 974 695 993 o
710 967 886 1003 ignominiam
899 965 906 997 ί

352 1000 434 1036 Qanis
448 1000 571 1033 orbatus;
592 1008 643 1028 nec
656 1001 712 1036 jam
723 1000 821 1029 'coma:

352 1034 501 1073 Yenustate
522 1040 646 1073 ornatus,
657 1034 831 1073 ’necﬂregens
850 1044 959 1072 gregem
975 1047 982 1066 :

351 1070 459 1098 Rursus
475 1071 650 1098 maccllorum
665 1070 776 1100 ossibus
789 1070 948 1101 accurrehs.

352 1106 423 1139 Quid
438 1106 494 1139 jam
510 1106 593 1134 facies
607 1106 641 1134 de
653 1108 754 1134 eximia
773 1108 870 1135 coma?
888 1114 984 1135 rursus

350 1141 404 1168 930
425 1140 534 1168 Nutries
552 1141 691 1169 studiose?
707 1149 742 1169 an
757 1143 879 1170 manebis
895 1143 968 1171 risus
981 1147 1008 1170 et
1023 1140 1132 1170 fabula?

351 1175 504 1211 Utrumque
515 1176 588 1204 enim
609 1181 697 1211 turpe,
719 1184 771 1205 nec
787 1179 902 1205 duorum
917 1179 1036 1205 medium

351 1210 442 1247 gnum
459 1210 572 1247 prorsus
589 1210 709 1247 reperire
724 1215 774 1243 est.
793 1217 891 1247 praeter
905 1218 1015 1241 restem.

352 1245 403 1282 _Ubi
419 1245 568 1274 collocabis
588 1245 690 1282 crines.
705 1251 732 1274 et
746 1245 801 1282 quo
816 1248 928 1275 mittes?

350 1280 446 1318 §ceiiis
460 1282 641 1318 theatrorum,
657 1281 702 1308 dic
714 1280 795 1318 milii.
810 1290 844 1310 an
868 1281 1038 1318 virginibus?

348 1315 400 1351 955
423 1316 528 1350 Quibus
545 1321 637 1344 autem
653 1317 824 1351 virginibus?
839 1325 873 1344 an
890 1315 1040 1345 corinthiis

348 1349 617 1388 Iuis‘fquibuscum
633 1349 762 1387 mysteria
781 1353 931 1388 peragebas
945 1351 1094 1387 quondam,

349 1385 430 1414 Solus
452 1385 514 1414 c'um
536 1387 602 1414 solis
618 1385 753 1422 sapienter
766 1385 973 1415 communicaris
991 1396 997 1412 :

347 1422 435 1455 Quam
449 1422 485 1450 ob
503 1429 615 1457 causam
630 1426 657 1449 te
675 1423 767 1457 potius
789 1423 851 1450 coeli
868 1431 962 1450 canem
978 1422 1128 1450 collocalm.

384 1457 481 1484 Statim
502 1460 577 1484 tanto
592 1456 687 1484 dolore
701 1458 826 1491 perculsa
843 1461 885 1485 est
903 1458 1011 1490 civitas,

345 1490 405 1527 ρρογ
417 1491 458 1519 0b
471 1499 502 1519 ea
516 1500 575 1527 quae
591 1490 749 1527 acciderant
771 1493 852 1525 mala,

347 1525 382 1564 ζίι
395 1525 553 1564 frenderent
568 1534 663 1564 omnes
678 1536 684 1553 :
700 1526 830 1564 fundebat
850 1525 966 1564 quisque

344 1561 451 1589 Acerba
471 1562 554 1589 verba
570 1562 652 1589 vitam
672 1566 699 1589 et
715 1570 804 1590 mores
823 1561 988 1590 incusantia.

345 1596 523 1632 724725
543 1596 584 1624 lra
598 1596 731 1632 elIerente
741 1597 872 1632 quidquid
890 1602 967 1632 mens
981 1600 1154 1629 conceperat.

343 1630 428 1667 Alius;
438 1630 518 1667 aliam
536 1631 686 1667 symbolam
703 1630 833 1660 all‘e'rebat
849 1632 883 1659 ad
900 1630 981 1657 unius

343 1666 397 1694 945
414 1665 532 1702 Per-lecti
548 1665 664 1702 improbi
679 1668 842 1695 concordem
857 1666 977 1700 undique
992 1665 1213 1700 descriptionem.

341 1701 576 1737 Quemadmodum
588 1701 666 1729 enim
683 1702 710 1728 in
724 1703 886 1737 corporibus
900 1702 1096 1729 cousociantur

341 1735 426 1772 Leves
441 1737 610 1764 inﬁrmitates
621 1737 749 1772 gravibus
760 1735 872 1768 morbis,

341 1771 472 1804 Quamvis
487 1777 577 1804 antea,
593 1771 701 1806 vigente
717 1772 824 1803 robore.
840 1773 1030 1806 quiescerent;

342 1807 388 1842 sic
402 1807 475 1834 illius
490 1814 585 1834 omnes
598 1807 748 1842 praeteritas
765 1807 952 1842 improbitates

341 1841 394 1869 950
414 1842 442 1869 ln
460 1842 547 1870 lucem
564 1841 677 1877 pretulit
688 1841 810 1869 extrema
821 1842 929 1869 seditio.

342 1876 395 1912 §ed
411 1885 550 1912 nunquam
564 1875 632 1903 inihi
650 1877 798 1912 continget,
817 1881 846 1904 ut
863 1885 894 1904 ea
910 1875 1064 1910 proferam;

340 1910 410 1939 Nota
427 1910 492 1940 sunt
506 1912 692 1940 narrantibus.
708 1910 764 1947 Ego
778 1912 853 1939 labra
867 1913 988 1943 mordeo,

929 1995 992 2028 eum
1014 1995 1043 2014 se
1061 1987 1230 2028 adiungant:
1252 1990 1288 2017 ita
1305 1991 1401 2027 ingens
1420 1993 1486 2022 illud
1499 1996 1608 2025 Maximi
1625 2000 1715 2028 scelus

129 2025 181 2053 946
198 2023 319 2059 Ὥσπερ.
337 2024 386 2065 llic
404 2023 577 2065 sensus'est:
595 2023 826 2065 Quemadmodum
848 2023 874 2065 in
927 2023 989 2055 fuit,
1000 2028 1034 2063 _ut
1050 2025 1134 2065 multa
1150 2023 1211 2058 ejus
1224 2023 1364 2065 superiora
1378 2029 1488 2065 delicta,
1502 2023 1714 2065 quaeroblivi‘oiie

94 2059 213 2102 humano
221 2061 416 2105 (ξεῖνοι-εἰειρά
426 2060 713 2105 acie-idere'consucvit,
726 2063 765 2099 ut,
778 2062 875 2105 exorto
926 2058 1128 2105 quasi'sepulta
1148 2066 1237 2091 erant,
1257 2058 1338 2088 simul
1352 2063 1403 2096 ipsi
1417 2065 1452 2092 ab
1465 2058 1534 2093 irata
1549 2058 1712 2105 pla};

93 2097 168 2132 gravi
188 2093 305 2132 quodam
323 2096 428 2132 morbo,
442 2096 489 2132 alii
508 2096 638 2132 leviores,
653 2094 699 2129 qui
714 2094 800 2132 prius,
812 2093 877 2132 dum
926 2096 1064 2132 cereruur.

92 2127 170 2158 l'lrma
183 2127 243 2159 e'rat
261 2131 396 2163 valetudo,
421 2130 489 2157 nihil
509 2127 818 2160 inferebant—molestiae,
838 2127 872 2154 ad

91 2339 168 2374 Quos
183 2346 264 2373 uxor,
286 2339 358 2367 hosti
378 2338 442 2367 dum
460 2338 542 2372 favet,
562 2338 643 2367 scidit
660 2338 742 2366 mala.

131 2374 165 2401 Ut
184 2374 273 2402 factus
287 2379 378 2402 autem
393 2377 487 2410 pastor
503 2380 545 2402 est
561 2374 639 2402 cauis
652 2373 804 2409 improbus,

93 2409 133 2445 Ex
149 2410 269 2444 opilione
285 2410 314 2436 lit
332 2409 408 2437 canis
422 2417 542 2442 rursum,
565 2409 592 2444 (ο
606 2417 687 2445 grave

92 2444 226 2480 Probrum
237 2446 255 2480 l)
269 2445 401 2479 canisque
423 2445 517 2478 solus;
533 2449 560 2472 et
576 2444 690 2480 pulchro
705 2450 802 2470 carens

965 2127 1017 2154 952
1036 2128 1163 2155 Ἵσασιν.
1187 2129 1224 2156 Ita
1237 2129 1299 2157 Vat.
1313 2130 1383 2160 Edit.
1399 2135 1470 2161 male
1482 2135 1597 2166 ἴστασιν.

732 2227 897 2258 METRICA
921 2227 1059 2258 VERSIO

926 2335 1043 2372 Obquse
1058 2343 1150 2364 vocem
1167 2341 1194 2365 te
1211 2338 1301 2372 potius
1320 2338 1463 2367 aetherium
1479 2347 1583 2369 canem.

959 2371 1040 2399 Certe
1061 2372 1097 2398 ob
1118 2371 1255 2407 patratum
1271 2378 1336 2401 tunc
1350 2375 1440 2402 scelus
1461 2379 1553 2403 tantus
1568 2377 1646 2404 dolor

923 2407 1025 2434 Invasit
1045 2407 1151 2439 urbem,
1174 2416 1254 2435 neruo
1267 2417 1321 2436 non
1344 2414 1373 2436 ut
1392 2414 1448 2436 tum
1472 2410 1551 2441 foret,

923 2442 975 2476 Qui
994 2449 1050 2479 non
1067 2442 1177 2479 fureret,
1198 2450 1230 2470 ae
1245 2445 1328 2471 multa
1349 2445 1375 2471 in
1397 2445 1486 2479 ipsum
1505 2446 1658 2475 etl‘underct

92 2479 152 2506 Jam
173 2477 259 2512 crine,
278 2477 387 2507 sacrum
403 2488 453 2507 nec
468 2477 558 2507 tamen
576 2477 727 2507 'moderans
741 2485 871 2514 gregem:
921 2477 1038 2514 Acerba,
1058 2478 1140 2504 vitam
1160 2486 1223 2514 quae
1244 2479 1316 2514 illius
1335 2477 1543 2514 proséinderent
1559 2491 1564 2508 :

92 2515 134 2541 Ad
147 2522 211 2542 ossa
226 2522 334 2542 rursum
350 2522 434 2550 seque
444 2515 501 2550 jam
514 2515 621 2542 confert
636 2514 696 2541 fori.

92 2550 127 2576 At
140 2550 206 2585 quid
230 2549 354 2577 venustis
375 2548 452 2577 nunc
463 2557 527 2585 ages
549 2550 581 2577 de
603 2548 748 2585 crinibus?

93 2585 192 2613 Alesne
209 2585 342 2612 rursum?
363 2585 405 2611 An
425 2585 465 2612 sic
482 2584 595 2612 manens
611 2584 755 2612 ridebere?

95 2619 246 2655 Utrumque
258 2624 337 2654 turpe
351 2629 357 2647 :
372 2623 445 2647 reste
466 2628 516 2647 nec
530 2619 651 2655 dempta.
669 2623 759 2654 potest

92 2654 246 2690 Quidquam
260 2655 378 2682 inveniri
393 2655 514 2682 tertium.
531 2654 602 2688 Quin
624 2659 654 2690 tu
669 2661 774 2690 comam

93 2689 349 2725 Ubinam‘locabis?
364 2694 411 2717 aut
429 2697 488 2717 eam
509 2697 627 2725 quonam
643 2689 734 2725 feres?

92 2725 133 2761 ᾼιι
151 2725 185 2752 ad
203 2721 326 2761 theatra?
343 2726 386 2753 vel
401 2725 492 2761 potius
512 2721 698 2761 adivirgines?

92 2760 167 2793 Quas
187 2767 284 2788 rursus
305 2760 392 2788 istas?
404 2760 446 2787 'an
461 2764 524 2787 tuas
537 2760 705 2792 Corintliias,

93 2794 199 2831 Studiis
212 2795 376 2831 quibuscum
397 2800 424 2823 tu
438 2795 526 2823 sacris
538 2794 675 2831 quondam
699 2794 784 2822 dabas

93 2829 228 2866 Operam;
235 2830 348 2860 remotis
366 2831 479 2860 arbitris
498 2829 560 2859 cum
574 2830 616 2859 liis
634 2830 782 2860 disserens.

922 2514 966 2539 lra
980 2512 1107 2540 elTerente
1119 2513 1252 2547 quidquid
1273 2512 1380 2542 animus
1399 2514 1526 2543 finxerat.

922 2547 973 2574 llic
988 2548 1066 2578 illud,
1081 2548 1154 2575 aliud
1176 2548 1222 2575 ille
1238 2550 1390 2583 promebat,
1407 2550 1471 2576 mali

922 2583 983 2616 Quo
1002 2583 1159 2618 pingeretur
1173 2583 1254 2611 unius
1269 2586 1436 2618 perversitas

922 2617 1061 2654 insignis.’
1075 2617 1118 2654 Uti
1131 2618 1203 2654 enim
1225 2617 1349 2654 corporis
1364 2628 1441 2647 noxa:
1457 2620 1531 2647 leves

921 2652 1057 2680 Gravibus
1078 2653 1152 2680 coire
1174 2652 1290 2681 febrium
1314 2655 1418 2683 morbis
1434 2655 1533 2683 solent.

922 2688 1053 2725 Quamvis
1073 2688 1182 2723 quietze,
1202 2689 1265 2716 dum
1289 2689 1381 2725 vigens
1399 2691 1483 2718 robur
1499 2691 1566 2719 foret
1582 2701 1590 2720 :

923 2723 1045 2759 Sicﬂejus
1065 2731 1160 2751 omnes
1179 2724 1309 2759 pristinas
1318 2723 1457 2754 scelerum
1478 2731 1558 2755 notas

923 2758 1028 2786 Seditio
1043 2759 1143 2786 claram
1160 2758 1244 2786 traxit
1264 2760 1290 2787 in
1307 2761 1395 2788 lucem
1411 2761 1517 2788 ultima.

921 2795 957 2821 At
974 2795 1025 2821 ista
1041 2799 1069 2820 ut
1085 2802 1204 2828 unquam
1222 2794 1368 2829 proferam,
1386 2801 1492 2823 avertat
1513 2797 1584 2827 Deus
1602 2807 1610 2826 :

921 2829 1027 2857 Norunt
1040 2829 1193 2865 loquentes.
1211 2830 1270 2866 Ipse
1288 2838 1352 2859 vero
1367 2832 1401 2868 ob
1421 2831 1535 2868 pristina
