1955 3042
58 150 125 179 1007
590 148 711 176 SECTIO
730 148 748 176 Ι.
769 149 934 176 POEMATA
955 149 996 176 DE
1017 149 1143 177 SEIPSO.
1608 146 1674 175 1(ὡὸ

91 207 128 235 Ἦ
149 207 299 243 φθέγξομαὶ
317 217 342 234 τι
363 209 410 235 καὶ
429 208 634 243 νεανικώτερον.
857 214 879 241 Α
896 210 1003 237 Τούτων
1017 210 1042 236 τί
1058 211 1090 236 ἂν
1102 210 1208 243 γένοιτο
1222 209 1445 244 δυσμαχώτερον;

63 253 128 280 Ἰδοὺ
145 254 277 289 προτείνω
289 253 337 288 τὴν
350 254 463 289 ἄκαιρον
480 254 528 280 καὶ
543 250 622 280 λάλον
893 256 971 283 Οὕτω
989 256 1037 291 μὲν
1055 255 1128 282 ἐνθεν
1143 255 1226 290 ὲλάθη
1244 255 1327 286 κακὸς
1343 254 1435 286 κακῶς
1447 275 1453 286 ,

55 297 108 325 985
119 298 245 324 Γλῶσσαν
254 305 262 313 ⁸
280 299 294 324 ὸ
308 298 392 324 θέλων
403 298 524 332 ἀνηλεῶς
537 299 702 334 ὲκτεμνέτω.
892 301 961 329 1000
974 301 1068 328 Εὶπετν
1077 300 1100 326 δ’
1111 292 1209 335 ἀληθὲς
1224 299 1323 334 μᾶλλον
1333 319 1340 330 ,
1356 299 1393 331 ὡς
1409 299 1493 331 κακὸς
1506 298 1609 332 καλῶς.

55 344 89 370 Τί
102 344 124 370 δ’
137 344 198 379 οὐχὶ
216 343 328 379 τέτμητ’
341 352 347 376 ;
368 342 386 379 ἦ
402 344 475 371 δοκεῖ
496 343 541 371 σοι’
553 346 600 371 καὶ
616 345 726 380 σφόδρα,
933 346 1008 373 Ἐπεὶ
1022 346 1050 372 δὲ
1064 345 1157 380 φύλοις
1174 345 1319 380 βαρϐάρων
1332 344 1417 371 ιακδν
1432 344 1522 379 φέρων

58 390 94 416 Ἦ
106 389 198 425 μακρὰ
211 390 287 425 σιγᾷ,
306 390 352 416 καὶ
367 389 446 417 πλέον
461 391 611 424 σιγήσεται,
893 392 974 425 Ἀναξ
988 391 1064 428 ἑῷος,
1081 389 1152 426 εἶχεν
1167 391 1332 426 ὁρμητήριον

57 435 137 466 Ἴσως
151 435 227 467 δίκας
242 435 351 462 τίνουσα
368 435 415 471 τῆς
434 436 577 471 ἀκαιρίας,
890 437 1115 472 Θεσσαλλονίκην,
1134 436 1281 472 τηνικαῦτα
1296 435 1323 462 τί
1340 435 1434 462 πλέκει

61 481 106 512 Ὧς
117 481 150 508 ἂν
164 481 237 516 μάθῃ
258 481 296 516 μὴ
310 481 392 508 πᾶσιν
403 479 473 508 εἶναι
492 481 576 513 δεξιά.
891 481 971 508 Κύων
985 482 998 508 ὁ
1014 481 1200 515 παγκάκιστος
1213 500 1220 512 ,
1238 480 1314 515 ἀορει
1330 488 1375 515 μοι
1391 479 1483 507 πάλιν.

54 527 107 554 990
121 527 238 554 Κάκεῖνο
249 526 272 552 δ’
287 524 360 559 οἷον;
374 526 549 562 προστεθήτω
565 526 618 562 γὰρ
631 526 710 561 μόνον
721 535 727 542 ⁵
891 528 960 555 1005
973 527 1058 563 Ἀρας
1073 527 1103 553 τὺ
1118 526 1288 561 συρφετῶδες
1300 526 1437 560 Αἰγύπτου
1455 525 1558 560 στίιρος,

57 573 160 604 Ὄντως
177 572 369 607 ἀσυλλόγιστον
384 573 400 608 ἡ
419 573 547 608 πονηρία.
892 573 981 607 (Λέγω
993 573 1021 600 δὲ
1036 574 1097 604 τοὺς
1109 572 1254 608 διείραντας
1266 571 1346 599 αὑτὸν
1362 571 1492 607 ἀπρεπῶς
1504 572 1524 607 ,)

57 619 106 645 Ὃν
121 618 176 654 γὰρ
187 618 215 645 τὸ
227 618 344 654 χρηστὸν
359 618 408 645 οὐκ
426 618 530 654 smine"
545 618 657 654 ἥμερον,
897 620 941 650 Ὠς
954 618 1003 654 τὴν
1019 618 1152 654 καθέδραν
1169 617 1299 653 βασιλικῷ
1315 618 1506 653 προστάγματι

55 664 88 690 Τί
101 664 123 690 δ’
134 663 167 691 ἂν
185 664 309 699 δράσειεν
323 664 386 691 ἄλλο
400 663 454 690 τῶν
471 664 579 690 πάντων
603 664 683 696 aro-re;
892 664 988 700 Πὴξων
1007 664 1109 700 ἑαυτῷ,
1125 664 1163 700 τῷ
1179 663 1352 700 στρατοπέδῳ
1366 664 1542 699 προστρέχει·

58 711 161 744 Ὄντως
175 709 229 745 γὰρ
239 729 246 741 ,
262 709 345 741 ὅντως
357 710 429 736 ἐστὶν
443 710 458 744 ὴ
475 708 542 744 τιμὴ
556 709 649 744 ψόγος.
892 710 1025 737 Κάκεῖθεν
1038 708 1114 742 αὖθις
1126 730 1132 742 ,
1148 710 1185 741 ὡς
1200 710 1287 742 κύων,
1304 709 1466 745 ἀπορριφεὶς

54 756 107 784 995
119 755 219 782 Τούτου
230 755 255 782 τί
270 756 366 791 φήσεις
381 755 426 782 τὸν
438 754 556 790 τρόπον;
577 753 661 780 κακὸν
681 754 713 789 μέ
721 763 760 788 (α.
892 756 960 783 1010
980 757 1062 791 Ὀργῇ
1073 765 1102 782 τε
1114 755 1197 790 πολλῇ
1213 756 1259 782 καὶ
1274 756 1365 791 ὅρκοις
1376 754 1522 790 φρικώδεσι

56 801 137 828 Ταῦτ’
152 802 176 828 εί
193 801 242 836 μέν
255 802 314 827 ἐστι
334 800 428 831 πιστὰ,
446 799 483 835 μὴ
495 798 569 835 ζήτει
582 799 674 826 πλέον.
893 801 986 837 (Οὔπω
1001 802 1054 837 γὰρ
1068 800 1102 837 ἦν
1115 802 1148 828 τὰ
1164 799 1220 828 ὦτα
1233 801 1366 833 διατεθεὶς
1380 800 1472 832 κακῶς

56 846 88 874 Εἰ
99 846 122 874 δ’
134 847 184 874 οὐκ
203 846 289 881 ἀληθῆ
299 867 305 878 ,
322 845 387 881 μηδὲ
397 846 432 872 τὰ
455 844 568 881 πρόσθεν
583 845 671 880 δέχου.
893 845 986 876 οὐδεὶς
1001 844 1062 871 καθ’
1077 845 1154 880 ἡμῶν
1166 866 1172 877 ,
1188 845 1243 872 ἀλλ’
1257 842 1305 872 εἶτ’
1318 841 1394 879 ,εἶχον
1411 844 1519 878 ὑγιῶς),

339 960 464 988 Profecto
476 961 590 995 eloquar
604 961 706 995 aliquid
722 960 862 987 audacius.

301 996 371 1023 Ecce
387 997 505 1031 linguam
523 993 618 1030 promo
631 993 826 1031 praeposteram
845 997 873 1031 et
888 993 1040 1031 loquacem.

300 1031 352 1058 985
372 1025 458 1062 Han‘c,
474 1025 762 1065 qlii'volet,'anipiltet
779 1025 1043 1065 inimiseric’orditer.
1076 1059 1080 1064 7
1117 1059 1121 1064 7

302 1065 354 1093 Sed
367 1073 402 1093 an
420 1061 475 1092 non
483 1061 625 1100 amputata
640 1061 701 1092 est?
715 1064 775 1092 Tibi
792 1062 900 1100 quidem
917 1061 942 1088 id
961 1061 1211 1095 persuasissimum,

301 1100 368 1132 Quae
379 1097 541 1133 jamdudum
557 1100 628 1131 silet,
642 1104 668 1128 et
682 1100 785 1127 diutius
799 1097 910 1127 silebit.‘
944 1130 950 1133 _
1064 1129 1069 1133 7

300 1130 400 1163 Famae
412 1135 526 1162 forsitan
541 1130 659 1166 solvens,
677 1134 749 1169 quod
765 1136 928 1169 praepostere
944 1130 1032 1157 locuta
1047 1130 1092 1160 sit,

303 1169 338 1197 Ut
352 1170 408 1204 jam
425 1170 514 1197 discat
530 1177 582 1197 non
598 1170 725 1196 omnibus
745 1169 846 1196 favere.

301 1199 361 1232 990'
373 1204 441 1232 Illud
455 1209 544 1232 autem
563 1205 643 1239 quale
660 1204 719 1232 est?
738 1203 794 1239 Hoc
810 1203 882 1230 enim
898 1205 1002 1228 tantum
1019 1199 1151 1227 addatur:

302 1240 428 1267 Rationis
440 1246 537 1273 expers
553 1238 615 1267 vere
628 1243 669 1267 cst
684 1238 856 1273 improbitas.

302 1274 388 1306 Quem
403 1271 591 1301 eninflenitas
605 1271 778 1301 mansuetum
794 1280 848 1300 non
865 1271 940 1303 fecit,

302 1308 372 1345 Quid
389 1309 414 1336 ei
428 1316 549 1345 unquam
566 1309 618 1345 alia
635 1317 678 1336 res
692 1308 864 1345 praestiterit?
986 1340 992 1345 7

306 1344 374 1371 Vere
390 1343 551 1376 enim,’vere
567 1344 654 1371 honor
670 1352 724 1371 non
744 1343 832 1370 differt
847 1343 1021 1376 improperio.

304 1378 356 1406 995
375 1378 463 1406 Mores
479 1379 552 1405 illius
568 1379 633 1413 quid
647 1386 709 1406 esse
722 1378 816 1406 dices?
830 1377 956 1411 Magnum
973 1376 1081 1402 malum.

303 1413 366 1441 Haec
385 1414 408 1441 si
423 1418 497 1441 certa
511 1417 586 1445 sunt,
601 1413 669 1440 nihil
686 1414 803 1448 amplius
815 1418 932 1448 quaeras.

305 1448 352 1475 Sin
368 1453 456 1475 autem
475 1455 529 1475 non
544 1455 619 1482 vera,
637 1456 685 1475 nec
703 1445 832 1483 pristinis
844 1447 945 1474 habeas
963 1445 1053 1472 tidem.

304 1483 352 1511 His
365 1483 429 1517 quid
446 1483 532 1518 possit
546 1490 607 1511 esse
621 1483 874 1518 inexpugnabilius?

304 1518 350 1544 Sic
366 1517 453 1546 malus
464 1519 509 1545 ille
525 1518 587 1544 hinc
600 1518 670 1545 male
685 1517 817 1546 tractatus
829 1517 931 1552 ejectus
945 1519 996 1548 est,

306 1553 374 1580 1000
393 1552 451 1585 Vel,
466 1557 495 1579 ut
512 1553 603 1580 verius
616 1553 716 1584 dicam,
734 1553 801 1580 bene
815 1556 844 1579 ut
857 1552 955 1579 malus.

340 1587 393 1623 Sed
410 1595 471 1615 cum
485 1588 609 1615 barbaris
620 1588 745 1623 gentibus
757 1588 856 1615 bellum
871 1588 995 1614 illaturus

304 1621 363 1658 {lex
374 1621 494 1651 Orientis
507 1621 758 1658 praesidiumsuum
774 1623 885 1649 haberet

305 1657 517 1690 Thessalonicae,
531 1662 596 1684 tunc
609 1657 675 1692 quid
691 1658 819 1685 moliatur

306 1692 390 1719 (lanis
405 1693 571 1724 teterrimus,
587 1691 698 1720 rursum
714 1693 779 1719 mihi
793 1691 949 1719 considera.

305 1727 376 1762 47005
395 1727 510 1755 Sumens
527 1727 693 1755 feculentum
709 1727 784 1754 illum
799 1726 989 1762 Egyptiorum
1004 1727 1170 1762 manipulum

305 1761 380 1824 illllos
392 1763 462 1794 dico,
478 1762 524 1797 qui
539 1770 601 1790 eum
615 1763 789 1790 totonderant
802 1761 951 1796 indecore),

333 1797 510 1824 tcathedram
526 1798 599 1824 regio
615 1798 743 1824 mandato

333 1801 342 1823 t
354 1797 510 1825 cathedram
526 1798 599 1832 regio
615 1798 743 1825 mandato

307 1832 365 1868 §ib7i
380 1833 431 1868 ipsi
448 1832 577 1864 ﬁrmaret,
596 1833 716 1868 accurrit
737 1832 770 1859 ad
783 1835 874 1859 castra
888 1839 894 1856 :

307 1866 359 1894 Sed
376 1866 438 1895 inde
454 1875 562 1899 rursus,
577 1870 607 1894 ut
623 1867 710 1899 canis,
726 1867 828 1902 ejectus

307 1901 376 1937 1010
395 1904 462 1929 Cum
473 1903 588 1937 plurima
606 1901 801 1936 indignatione,
814 1902 950 1937 minisque
964 1901 1108 1930 horrendis

306 1935 442 1997 kNondum
457 1935 530 1964 enim
547 1935 708 1971 cujusquam
725 1944 806 1964 aures
817 1935 913 1964 contra
925 1944 975 1964 nos

319 1971 374 1997 lale
387 1977 465 1997 erant
478 1972 590 1997 all‘ectm.
605 1972 651 1997 sed
666 1971 754 1997 adhuc
766 1976 844 1997 erant
856 1972 975 1997 interimi

319 1971 374 2000 tale
387 1977 465 2000 erant
478 1972 590 2004 allectat,
605 1972 651 1999 sed
666 1971 754 1999 adhuc
766 1976 844 1999 erant
856 1972 987 2008 integrae),

98 2061 166 2098 1002
182 2061 367 2098 Ἃγαξγὲῷος.
384 2061 555 2090 Theodosius.
576 2061 616 2089 Ad
636 2069 721 2097 marg.
741 2061 812 2088 Edit.
829 2062 843 2087 ὁ
896 2067 1046 2098 paverant:
1062 2062 1293 2098 nondum7animi
1319 2062 1477 2096 exulcerati,
1507 2070 1539 2090 ac
1565 2062 1676 2098 proinde

61 2095 201 2133 Θεοδόσιος
216 2096 351 2133 βασιλεύς.
415 2131 438 2133 7_
527 2132 531 2133 7
610 2132 613 2133 7
653 2132 658 2133 7
699 2095 707 2097 ἡ

902 2095 948 2125 nec
960 2099 987 2125 in
1000 2098 1034 2125 iis
1052 2099 1143 2124 licturn
1159 2097 1263 2125 crimen
1279 2098 1367 2125 adhuc
1383 2098 1502 2126 insidere
1517 2095 1632 2133 poterat.
1647 2099 1674 2125 In

98 2132 163 2169 1011
173 2131 267 2169 ,οὔπω
283 2132 338 2167 γὰρ
353 2140 401 2166 ην.
415 2131 475 2169 Non
490 2132 562 2159 enim
583 2132 661 2169 adid
677 2139 762 2167 usque
777 2134 845 2158 tem-

901 2132 977 2169 editis
992 2133 1026 2160 ad
1039 2140 1126 2168 marg.
1143 2133 1266 2168 Χορεῖος.
1280 2133 1340 2160 Mox
1353 2133 1413 2160 καθ’
1427 2131 1596 2169 ﬂuam—Male
1610 2134 1673 2161 edit.

62 2166 136 2202 poris
153 2167 213 2194 ulla:
225 2166 258 2194 de
273 2175 315 2194 me
329 2167 470 2194 calumnia:
488 2174 568 2194 aures
586 2166 749 2202 cujusquam
763 2173 846 2194 occu-
898 2167 985 2202 ὑμῶν.
1102 2166 1112 2168 ’
1185 2166 1190 2168 ⁷
1437 2166 1453 2169 ’⁷
1668 2191 1671 2195 ,

713 2257 879 2287 METRICA
891 2256 1038 2287 VERSIO.

98 2350 213 2378 Veniam
227 2350 351 2386 negatis?
364 2350 508 2386 Quidpiam
523 2351 610 2378 audax
629 2350 774 2386 proferam.
861 2353 882 2380 Β
899 2350 947 2378 His
963 2349 1078 2386 cogitari
1092 2349 1339 2386 ﬁrmiusquidnam
1352 2349 1451 2386 queat?

63 2385 104 2413 En
121 2393 217 2420 promo
232 2385 351 2420 linguam
365 2385 502 2420 garrulam
515 2389 541 2413 et
555 2385 762 2421 prapbsteram;
897 2386 943 2413 Sic
958 2385 1025 2412 urbe
1040 2385 1147 2421 tandem
1161 2385 1255 2420 pulsus
1267 2389 1310 2412 est
1325 2385 1413 2421 malus
1427 2385 1506 2411 male.

64 2419 154 2448 Mente
168 2419 283 2455 elierata
291 2419 397 2448 scindat
411 2421 480 2448 hanc
498 2419 624 2455 quisquis
639 2422 718 2448 volet.
895 2423 949 2448 Aut
965 2421 988 2448 si
1003 2419 1168 2454 loquendum
1187 2421 1288 2451 verius.
1306 2420 1393 2447 malus
1407 2420 1484 2447 bene.

64 2455 154 2489 Quid?
167 2454 263 2482 Nonne
276 2460 350 2482 secta
365 2456 423 2483 est?
435 2455 463 2482 Id
480 2454 590 2489 quidem
603 2463 708 2484 censes.
723 2455 773 2483 Diu
932 2455 1050 2483 Orientis
1067 2459 1095 2482 at
1111 2462 1184 2486 cum,
1201 2455 1323 2482 barbaris
1338 2455 1440 2482 cladem
1456 2454 1558 2487 ferens,

64 2491 131 2518 Nam
146 2490 203 2525 jam
218 2490 332 2521 silescit,
349 2498 381 2517 ac
395 2491 485 2518 silebit
501 2491 617 2525 longius,
897 2490 1117 2518 Thessalonicam
1132 2490 1289 2525 sceptriger,
1302 2490 1376 2516 velut
1392 2497 1529 2524 aggerem,

66 2524 249 2560 Loquacitatis
263 2524 332 2552 hanc
346 2533 402 2553 suae
416 2533 522 2560 prunam
534 2524 622 2557 luens,
896 2525 1022 2557 Teneret,
1039 2525 1093 2551 illic
1107 2532 1138 2551 ac
1152 2524 1355 2560 foretfrursnm
1372 2525 1432 2551 vide
1504 2552 1506 2555 _

67 2560 100 2587 Ut
114 2559 204 2588 discat
222 2561 278 2595 ipsa
292 2565 368 2595 grata
386 2559 441 2587 non
455 2568 516 2588 esse
531 2561 668 2588 omnibus.
897 2560 946 2588 Hic
962 2560 1088 2587 moliatur
1103 2560 1237 2594 pessimus
1253 2559 1381 2595 quidnam
1397 2559 1482 2586 canis.

65 2595 155 2628 Quare
169 2593 359 2622 illud'autEm?
372 2595 464 2622 Liceat
477 2596 529 2622 hoc
545 2603 628 2622 unum
645 2596 754 2624 addere.
898 2595 972 2622 Hanc
985 2593 1146 2621 feculentam
1161 2595 1244 2622 sumit
1259 2593 1368 2629 Egypti
1384 2601 1493 2621 manum

66 2627 113 2658 Est
128 2631 206 2657 bruta
219 2635 291 2658 certe
309 2632 440 2665 pravitas,
452 2637 559 2661 excors.
575 2630 668 2658 hebes.
897 2630 965 2692 kﬂos
978 2630 1049 2661 dico,
1063 2629 1134 2656 Rede
1146 2630 1192 2664 qui
1207 2627 1378 2663 comau'fipsi
1395 2627 1588 2663 dempserant).

66 2665 169 2692 Mollire
181 2673 243 2692 nam
255 2673 334 2692 uucm
349 2666 435 2692 uuivit
449 2665 520 2692 haud
535 2665 696 2692 benignitas.
922 2669 996 2692 tque.
1015 2669 1045 2691 ut
1061 2664 1218 2692 cathedram
1235 2664 1366 2692 nrincinis
1380 2663 1458 2692 iussu
1473 2664 1525 2692 sibi

65 2665 169 2693 Mollire
181 2673 243 2692 nam
255 2663 334 2700 quem
349 2666 435 2700 quivit
449 2665 520 2692 haud
535 2665 696 2700 benignitas,
897 2663 996 2700 Atque,
1015 2669 1045 2691 ut
1061 2663 1218 2700 cathedram
1234 2664 1366 2700 principis
1378 2663 1460 2700 jussu
1473 2664 1525 2692 sibi

65 2700 135 2733 Quid
151 2698 300 2727 molliorem
316 2698 427 2728 reddere
441 2701 513 2736 hunc
526 2698 645 2735 unquam
659 2701 759 2736 queat?
898 2698 1021 2736 Firhiare
1038 2702 1140 2735 posset,
1155 2698 1244 2736 tendit
1256 2700 1288 2726 ad
1304 2704 1392 2736 castra
1408 2698 1519 2736 incitus.

67 2736 112 2770 δὶα
126 2736 226 2770 quippe
236 2743 368 2770 magnum
381 2736 408 2762 in
423 2735 540 2763 dedecus
553 2733 641 2763 honor
653 2733 777 2765 vertitur.
898 2735 1028 2769 Illincque
1038 2733 1151 2762 rursum
1167 2735 1271 2770 pulsus,
1287 2738 1316 2761 ut
1331 2734 1419 2761 lmdus
1436 2733 1523 2767 canis,

66 2769 213 2806 Quider
224 2769 313 2797 mores
330 2770 427 2798 istius?
441 2769 566 2806 Magnum
583 2774 685 2799 malum
899 2770 940 2806 l_ra
957 2775 1088 2797 aastuante
1103 2769 1235 2805 principe,
1253 2774 1279 2796 et
1295 2769 1383 2806 minas
1397 2776 1493 2806 graves

66 2804 128 2840 Haec
141 2804 215 2832 certa
228 2806 251 2833 si
264 2809 338 2836 sunt,
351 2806 467 2840 amplius
480 2804 586 2840 quaeras
598 2807 676 2833 nihil.
898 2804 1022 2832 Jactante
1037 2805 1168 2839 (nondum
1184 2804 1483 2840 repserantcalumnia:

67 2839 115 2868 Sin
130 2840 208 2872 falsa,
225 2848 275 2867 nec
289 2844 317 2867 tu
337 2838 460 2875 pristinis
477 2838 554 2868 tidem
571 2849 677 2877 arroga.
900 2838 1068 2876 Cujusquain
1083 2840 1111 2868 in
1123 2847 1203 2868 aures
1216 2838 1226 2868 Ξ
1241 2839 1338 2875 integri
1353 2841 1399 2868 sed
1414 2841 1492 2867 erant
1509 2838 1625 2874 adhuc),

203 2899 339 2930 Ρηιιοι..
362 2899 420 2930 Gn.
436 2900 583 2931 XXXVII
758 2933 766 2943 ιτ

758 2933 766 2943 ,τ
1464 2896 1502 2928 35
