1955 3042
51 140 126 168 1105
605 139 728 168 SECTIO
744 140 764 168 1.
785 140 948 169 POEMATA
971 141 1014 169 DE
1034 141 1076 168 SE

903 141 948 168 TA
971 141 1014 169 DE
1034 140 1163 168 SElPSO.

47 200 106 227 Φεΰ
123 199 175 235 τῆς
185 198 286 234 ἀκοῆςι
299 195 318 234 ἦ
339 197 376 234 μὴ
393 197 448 225 τότ’
460 197 540 229 εὐθὺς
554 199 680 235 ὲφράγη;

49 242 124 270 1100
136 253 145 268 ι
159 242 337 274 Συνεκΰαλεῖς
350 241 414 278 γὰρ,
427 239 498 274 εἶπε,
515 243 605 279 σαυτῷ
618 243 733 279 Τριάδα⁴
746 253 755 270 ι

49 287 128 320 Ἕως
146 287 274 323 φοϐηθεὶς
289 288 325 323 μή
337 296 379 319 τις
393 287 461 324 ἐκϐῇ
478 287 609 321 κίνδυνος,

50 334 157 370 Ὀρκον
173 334 223 370 μὲν
237 334 291 361 οὐδ’
306 333 344 366 ὣς
356 335 412 369 (καὶ
431 335 485 370 γάρ
502 336 557 371 εἰμ’
572 335 722 371 ἀνώμοτος,

49 377 102 404 Ἵν¹
116 379 147 404 ὲν
163 378 222 414 Θεῷ
239 377 316 412 κάγώ
331 387 357 405 τι
371 379 506 414 κομπάσω
522 380 629 415 μικρὸν,

56 422 105 455 Ἐξ
119 420 151 450 οὗ
166 423 292 459 λέλουμαι
307 423 464 459 Πνεύματος
475 425 646 461 χαρίσματι),

51 469 125 496 1105
136 469 223 504 Λόγον
236 469 257 495 δ’
269 469 357 496 ἔδωκα
370 470 408 505 τῷ
422 470 514 505 τρόπῳ
527 471 715 506 πιστούμενον,

49 516 154 542 Μενεῖν
172 515 225 547 ἓως
236 515 340 549 φανῶσι
357 515 410 542 τῶν
426 516 533 542 σκοπῶν
550 525 621 548 τινες

49 561 117 596 (Καὶ
134 561 189 597 γὰρ
205 561 258 588 τότ’
274 561 441 596 ὴλπίζοντο),
456 562 612 596 προσδοκῶν
626 567 686 589 τότε

51 607 156 634 Λύσειν
175 607 292 642 ἐμαυτὸν
308 607 455 643 φροντίδων
469 608 627 644 ἀλλοτρίων.

50 653 133 680 Οὕτω
149 653 324 689 διεκρίθημεν
338 653 460 689 ἀλλήλων
475 654 564 689 μόγις,

52 700 124 727 1110
137 700 277 732 Νικῶντες
294 700 377 735 ἄμφω
390 701 424 736 τῇ
442 700 505 735 σκιᾷ
519 700 570 735 τῆς
584 699 706 732 ἐλπίδος

49 747 83 774 (li
99 746 150 782 μὲν
162 747 226 782 γὰρ,
243 746 281 778 ὡς
296 746 404 781 ἔχοντες
417 747 491 781 ἡμᾶς
508 746 649 782 ἐφρόνουν,

57 793 132 827 Ἐγὼ
148 793 176 820 δὲ
192 793 289 828 μικρὸν
301 792 339 824 ὡς
357 792 445 828 μενῶν
459 792 499 819 ἔτι
514 792 618 828 χρόνον.

87 838 144 866 Ἦν
156 839 253 866 ταῦτα.
265 839 341 870 Θεῖος
352 838 374 864 δ’
386 836 464 870 αὖθις
477 837 619 874 ἤστραπτε
634 837 723 873 λόγος,

51 887 176 921 Τάχιστα
193 884 392 917 πυκνωθέντος,
407 883 501 920 ὥσπερ
520 884 622 919 έρκίου,

52 931 123 958 1115
138 931 174 958 Ἦ
187 930 234 958 καὶ
249 930 397 966 φάλαγγος,
411 929 458 956 τοῦ
471 929 635 962 πεπονθότος
651 929 762 966 μέρους,

863 207 886 233 Α
900 200 984 236 Τάχει
998 200 1164 236 στρατηγίας
1176 208 1205 226 τε
1215 199 1262 226 καὶ
1275 198 1372 234 πλήθει
1385 199 1474 235 χερός.

897 248 929 273 Ol
941 246 995 282 γὰρ
1009 245 1157 281 τοπρόσθεν
1173 245 1277 280 δέσμιοι
1297 245 1351 271 τῶν
1367 245 1519 280 δογμάτων,

897 292 951 319 Καὶ
964 291 1035 318 τοῦτ’
1052 291 1158 327 ἔχοντες
1177 291 1217 322 εἰς
1235 291 1265 317 τὸ
1285 291 1443 325 συγκεῖσθαι
1464 291 1554 326 μόνον,

902 337 1034 371 Ὀρῶντες
1046 335 1082 363 οἷ’
1095 337 1222 372 ἔπασχον,
1239 336 1365 372 ἔστεργον
1379 337 1470 365 πλέον.

897 383 966 410 1120
981 383 1048 414 Τοὺς
1065 381 1114 416 μὲν
1126 383 1180 418 γὰρ
1191 380 1258 418 ἦγεν
1275 383 1291 417 ή
1304 382 1388 418 Τριὰς
1400 382 1565 418 λαλουμένη,

896 427 1008 463 Μακρόν
1023 428 1073 454 τιν’
1087 427 1263 463 ἀποδημοῠσα
1279 427 1325 454 τοῦ
1340 427 1418 461 λόγου
1433 428 1529 462 χρόνον

897 471 1000 503 (Ὀκνῶ
1014 473 1069 507 γὰρ
1085 472 1182 505 εἰπεῖν,
1196 472 1233 503 ὼς
1249 472 1333 499 πάλαι
1346 472 1526 508 τεθαμμένη).

896 517 933 543 Τὸ
948 519 1080 554 πατρικὸν
1093 519 1233 554 κήρυγμα,
1248 519 1295 546 καὶ
1314 519 1493 555 προσήλυτον.

895 561 950 590 Ἦν
965 564 1019 600 γάρ
1033 566 1103 597 ποτ’,
1119 563 1168 591 εἶτ’
1182 565 1284 601 ἔληξεν,
1301 564 1350 592 εἶτ’
1365 564 1446 602 ἦλθεν
1461 566 1553 599 πάλιν,

897 610 966 637 1125
983 611 1037 646 Τὴν
1051 612 1083 637 ἐκ
1097 611 1190 646 τάφων
1205 612 1352 639 ἀνάστασιν
1366 613 1544 648 πιστουμένη.

896 656 958 688 Τοῖς
971 656 992 683 δ’
1004 655 1038 692 ἦν
1055 657 1132 692 λόγος
1148 667 1189 690 τις
1207 658 1260 685 τῶν
1277 659 1351 694 ἐμῶν
1364 659 1429 691 ἴσως
1446 659 1544 694 λόγων·

896 702 928 727 Ui
940 702 962 729 δ’
976 702 1013 734 ὡς
1029 702 1130 739 ἀθλητῇ
1146 705 1271 740 καρτερῷ
1286 705 1478 741 προσέτρεχον,

896 748 927 775 01
942 748 963 775 δ’
980 749 1017 781 ὡς
1033 750 1137 777 ἑαυτῶν
1151 751 1230 787 ἔργον
1246 750 1318 787 εἶχον
1335 752 1470 787 ἀσμένως.

896 795 928 821 0i.
948 795 1007 830 μὲν,
1024 796 1140 824 πύθεσθε
1151 798 1237 825 ταῦτα
1248 798 1302 825 τῶν
1322 796 1351 826 εὖ
1368 798 1488 825 εἰδότων.

897 841 965 869 1150
982 842 1013 868 υἱ
1031 842 1065 875 δ’,
1080 843 1276 880 ὲκδιηγήσασθε
1294 846 1351 876 τοῖς
1367 845 1416 872 οὐκ
1429 845 1527 872 εἰδόσιν

896 887 994 924 (Εἴπερ
1010 889 1080 921 τινὲς
1094 889 1219 917 τοσοῦτον
1233 891 1309 926 ὑμῶν
1327 891 1473 927 μακρόθεν,

896 932 930 958 Ἥ
947 932 996 968 τῆς
1013 934 1165 970 κρατούσης
1180 934 1228 961 νῦν
1247 935 1355 963 Ἰταλῶν
1367 935 1501 971 ἔξουσίας)

309 988 374 1026 Heu,
383 989 505 1026 aud_itum
517 989 524 1016 !
541 996 590 1026 cur
604 996 659 1026 non
673 988 843 1026 subitortunc
855 988 1036 1026 obturata_est
1048 995 1162 1026 utraque
1177 993 1272 1020 auris?

311 1025 380 1052 1100
400 1034 409 1050 ι
427 1024 527 1052 Tecum
540 1025 624 1056 enim,
636 1025 724 1058 inquit
740 1024 850 1058 aliquis,
868 1024 963 1058 ejicies
981 1024 1146 1054 Triadeniii

311 1059 436 1087 Tandem
450 1064 574 1088 metuens
587 1068 620 1087 ne
634 1059 699 1094 quid
714 1059 833 1086 oriretur
848 1060 972 1093 periculi.

310 1095 349 1123 Ne
358 1096 399 1123 sic
410 1095 520 1129 quidem
535 1095 715 1129 jurejurando
727 1094 879 1129 (injuratus
890 1095 964 1123 enim
976 1103 1047 1128 sum.

312 1130 349 1157 Ut
360 1134 387 1158 et
403 1137 453 1165 ego
471 1130 498 1156 in
512 1129 566 1158 Deo
578 1131 718 1165 paululum
734 1130 847 1165 glorier,

311 1165 350 1192 Ex
365 1164 543 1200 quo'ablutus
557 1164 618 1193 sum
631 1164 750 1200 Spiritus
764 1164 872 1200 gratia),

311 1200 381 1236 1105
397 1200 450 1228 Sed
461 1201 552 1228 verbis
565 1200 689 1236 promisi,
704 1200 805 1234 quibus
820 1208 910 1236 mores
925 1200 1060 1228 faciebant
1077 1200 1166 1234 Iidem,

311 1235 470 1272 Mansurum
482 1243 525 1262 me
535 1237 622 1263 donec
637 1236 778 1272 prodirent
793 1235 913 1272 episcopi
929 1236 1053 1264 nonnulli

311 1272 406 1305 (Tunc
418 1271 490 1298 enim
501 1270 757 1306 exspectabantur).
777 1270 895 1305 sperans
909 1272 968 1300 fore

313 1307 346 1333 Ut
363 1314 405 1334 me
417 1307 474 1341 ipse
485 1305 593 1334 tuncex
611 1307 707 1334 alienis
724 1305 800 1334 curis
815 1307 961 1335 solverem.

311 1342 358 1369 Sic
370 1342 442 1368 inter
459 1349 509 1368 nos
524 1342 568 1369 vix
584 1342 735 1376 dijudicata
746 1342 790 1374 lis,

311 1377 380 1404 1110
401 1375 535 1412 Utrinque
548 1375 667 1405 victores
679 1377 776 1404 umbra
787 1377 861 1411 spei;

311 1412 351 1439 Illi
365 1412 476 1447 quidem
488 1416 517 1439 ut
530 1420 572 1440 me
587 1413 719 1440 habentes
731 1412 895 1447 gestiebant,

310 1447 367 1483 Ego
378 1451 480 1480 autem,
495 1452 526 1475 ut
537 1455 592 1476 non
606 1448 653 1475 diu
667 1447 756 1483 adhuc
767 1455 924 1476 mansurus.

347 1482 393 1509 Sic
409 1490 439 1510 se
451 1490 496 1511 res
508 1483 654 1511 habebant.
666 1482 713 1509 Dei
729 1488 818 1509 autem
833 1491 929 1511 rursus
939 1484 1101 1513 eoruscabat
1117 1492 1217 1518 sermo.

311 1517 452 1554 Citissijlne
463 1519 658 1554 redintegrata,
674 1519 759 1545 instar
773 1518 891 1553 aggeris,

310 1553 379 1580 1115
399 1553 450 1580 Aut
464 1553 617 1589 phalangis,
630 1558 707 1589 parte
723 1560 785 1587 qua:
805 1561 885 1589 passa
901 1553 1001 1586 fuerat.

311 1588 455 1616 Celeritate
470 1589 559 1622 ducis,
570 1588 598 1616 et
615 1588 743 1616 manuum
760 1588 944 1616 multitudine.

312 1623 380 1650 Nam
395 1623 444 1660 qui
460 1629 538 1651 antea
553 1624 710 1660 dogmatum
724 1624 840 1660 vinculis
852 1625 957 1652 astricti
969 1629 1059 1657 erant,

314 1659 403 1694 Atque
419 1659 446 1685 id
458 1667 541 1686 unum
557 1659 648 1687 causa:
658 1659 802 1691 habebant,
818 1667 869 1687 cur
882 1660 1025 1688 nobiseum
1043 1660 1179 1694 sederent,

315 1694 382 1721 Cum
397 1698 541 1730 cernerent
552 1695 643 1730 qualia
656 1700 773 1730 paterer.
790 1695 877 1729 magis
894 1695 1033 1723 amabant.

313 1730 382 1756 1120
401 1729 458 1758 Hos
472 1731 546 1757 enim
561 1729 678 1758 ducebat
692 1729 813 1757 Trinitas
828 1731 986 1764 praedicata.

312 1764 378 1800 Quae
395 1765 475 1800 longo
486 1765 595 1800 quidem
609 1769 731 1800 tempore
745 1772 799 1792 non
814 1765 1014 1800 praedicabatur

312 1799 431 1861 ρει-εον
443 1799 517 1828 cnim
529 1805 559 1828 ut
570 1801 634 1828 olim
652 1799 784 1835 sepultam
802 1799 923 1836 dicere),

335 1836 404 1861 atria
421 1835 545 1861 doctrina
562 1835 644 1861 simul
657 1840 683 1861 et
699 1835 813 1861 advena.

335 1836 404 1862 atria
421 1835 545 1863 doctrina
562 1835 644 1862 simul
657 1840 683 1863 et
699 1835 813 1862 advena.

313 1870 380 1897 Erat
395 1871 467 1898 enim
485 1871 643 1906 aliquando.
660 1870 758 1898 deinde
769 1870 860 1902 desiit,
875 1875 968 1906 postea
983 1871 1073 1904 rediit,

313 1905 384 1933 1125
404 1905 624 1934 Resurreclionis
643 1914 676 1933 ex
688 1905 821 1940 sepulcris
834 1907 1001 1934 conﬁrmans
1014 1907 1105 1935 ﬁdem.

313 1941 367 1977 {alii
383 1941 475 1977 forsan
487 1949 627 1977 sermones
641 1948 717 1977 meos
732 1941 824 1977 aliquo
838 1941 865 1968 in
882 1943 968 1977 pretio
982 1942 1130 1970 habebant.

315 1975 348 2003 Hi
364 1976 397 2004 ad
410 1985 463 2009 me,
475 1981 505 2004 ut
519 1976 552 2003 ad
570 1977 666 2004 fortem
684 1976 825 2009 athletam,
840 1975 1031 2005 acéurrebant.

317 2010 363 2047 isti
378 2012 495 2039 libenter
511 2019 563 2045 me,
584 2017 711 2047 utrsuum
726 2011 847 2047 ipsorum
861 2019 941 2047 opus,
954 2012 1120 2041 retinebant.

318 2046 380 2083 Vos
389 2053 491 2083 autem.
506 2047 551 2074 alii
562 2046 671 2082 quidem
684 2047 740 2073 haec
751 2046 849 2083 discite
859 2046 893 2074 ab
905 2048 939 2075 iis
949 2048 996 2083 qui
1008 2048 1091 2083 probe
1103 2048 1204 2082 sciunt,

317 2082 387 2109 1150
406 2082 456 2109 Alii
470 2086 560 2109 autem
577 2085 686 2109 narrate
700 2082 886 2111 nescientibus

317 2118 357 2152 (Si
371 2117 416 2152 qui
430 2122 534 2144 tantum
546 2125 561 2144 a
577 2117 654 2152 vobis
667 2118 761 2143 remoti
776 2121 850 2150 sunt,

318 2151 371 2179 Aut
380 2151 420 2180 ab
430 2160 473 2186 ea,
485 2160 545 2187 quae
561 2160 633 2180 nunc
645 2151 725 2179 Italos
736 2153 813 2187 regit,
827 2153 984 2188 potestate),

114 2214 180 2242 1118
195 2213 382 2249 Σλυγκεῖσθαι.
400 2213 439 2240 ita
451 2213 535 2241 Coisl.
556 2213 684 2241 Mendose
699 2213 765 2241 edit.
783 2213 950 2249 συγχεῖσθαι.

714 2272 882 2302 METRICA
895 2272 1042 2302 VERSIO.

65 2323 133 2360 (Heu
146 2324 239 2360 clausa
257 2325 322 2359 quin
339 2329 403 2352 tunc
418 2329 533 2360 utraque
549 2330 590 2353 est
606 2325 681 2353 auris
699 2325 793 2360 mihi)!

69 2359 135 2396 iTu
150 2359 311 2396 Trinitatem
325 2367 409 2391 nunc.
423 2359 510 2396 pater,
529 2365 618 2396 tecum
634 2360 724 2394 ejicis.
740 2370 749 2386 ι

66 2395 185 2422 Tandem
202 2395 383 2423 extimescens
397 2404 432 2427 ne
443 2396 508 2430 quid
525 2397 589 2424 hinc
604 2395 700 2423 ﬂueret
716 2395 791 2428 mali,

67 2430 105 2466 Ifle
119 2430 159 2457 sic
172 2429 281 2466 quidem
290 2431 352 2464 jure
373 2429 459 2466 (haud
472 2431 544 2459 enim
562 2432 627 2459 mihi
645 2431 760 2466 contigit

67 2465 172 2496 Jurare,
190 2465 300 2500 paulum
318 2469 348 2493 ut
363 2465 464 2500 glorier
486 2474 592 2494 summo
607 2469 635 2494 in
650 2466 716 2499 Deo,

68 2500 211 2537 Lustratus
226 2508 257 2537 ex
272 2508 327 2535 quo
340 2502 427 2536 gratia
443 2509 504 2529 sum
523 2502 668 2537 Spiritus),

69 2535 197 2563 Sermone
208 2539 235 2562 at
248 2536 326 2570 ipsis.
343 2535 398 2564 vita
413 2537 458 2564 cui
474 2535 576 2565 facer-el.
595 2535 686 2567 Iidem.

69 2571 144 2607 Haud
159 2579 204 2598 me
215 2571 352 2599 exiturum
367 2572 498 2607 spondeo,
516 2573 604 2599 donec
619 2572 702 2607 Scopi

69 2606 180 2642 Quidam
195 2606 318 2634 venirent
329 2606 403 2642 (spes
416 2613 474 2635 erat
485 2615 547 2634 mox
559 2607 675 2640 adfore),

70 2641 177 2669 Dulcem
194 2642 314 2676 quietem
330 2641 406 2670 certo
421 2646 478 2669 tum
498 2643 564 2669 mihi
577 2643 721 2677 pollicens.

72 2677 114 2704 Sic
130 2677 247 2711 separati
262 2677 307 2704 vix
323 2685 420 2705 sumus
434 2678 542 2705 tandem
558 2679 689 2710 invicem,

71 2711 200 2747 Utrinque
214 2716 290 2747 parta
304 2721 353 2747 spe
368 2718 449 2741 tenus
462 2713 587 2741 victoria.

71 2746 133 2774 Nam
149 2746 283 2783 gestiebat
297 2746 385 2783 plebs,
402 2749 476 2776 velut
489 2756 601 2783 compos
615 2747 668 2775 mei
684 2757 690 2774 :

72 2783 103 2809 At
119 2783 175 2817 ipse
192 2790 289 2811 rursus
305 2788 334 2810 nt
354 2791 515 2811 recessurus
531 2783 617 2811 brevi.

38 2822 40 2826 '
106 2817 147 2845 Sic
161 2825 204 2846 res
219 2818 345 2851 habebat,
361 2827 451 2846 sermo
466 2819 594 2846 rutilahat
608 2818 668 2850 Dei,

73 2851 260 2889 Bcdintcgrata
272 2858 348 2888 parte
361 2863 441 2889 quam
457 2855 599 2882 celerrime

74 2887 152 2922 Laesa,
169 2887 310 2925 phalangis
326 2887 423 2922 instar,
438 2894 485 2917 aut
500 2890 572 2924 rupti
589 2889 704 2925 aggeris,

862 2327 885 2356 Β
900 2323 1066 2361 Ρυοίεγπιε,
1081 2324 1184 2359 junctis
1196 2324 1378 2360 plurimisque
1391 2332 1484 2361 operis
1500 2326 1593 2361 simul.

900 2359 1028 2395 Doctrina
1043 2367 1105 2387 nam
1126 2359 1341 2395 quos'vinxerat’
1349 2359 1442 2388 nostra
1457 2360 1587 2392 antehac.

898 2394 939 2422 Ob
954 2395 1037 2430 idque
1052 2394 1157 2422 tantum
1170 2395 1217 2430 qui
1232 2395 1298 2422 mihi
1313 2404 1344 2424 se
1361 2396 1554 2430 adiunxerant,

898 2430 1020 2457 Adversa
1031 2436 1151 2465 propter,
1164 2430 1206 2458 his
1217 2438 1293 2458 eram
1307 2431 1364 2464 jam
1381 2432 1500 2458 chariur.

899 2465 955 2493 Hos
968 2466 1123 2493 attrahebat
1137 2466 1281 2500 praedicata
1297 2466 1426 2500 Trinitas,

899 2500 941 2536 Ab
957 2501 1023 2528 urbe
1039 2501 1152 2527 nimium
1170 2509 1230 2536 quin
1244 2500 1290 2528 diu
1306 2503 1481 2529 exsulaverat

900 2535 1019 2596 g’ridem
1034 2537 1168 2570 sepultam
1180 2535 1278 2563 dicere
1295 2537 1366 2564 hanc
1380 2545 1435 2564 non
1451 2535 1562 2572 audeo),

924 2571 1040 2596 octrina.
1054 2571 1135 2596 simul
1150 2575 1176 2596 et
1189 2571 1301 2596 advena.
1317 2575 1344 2596 et
1358 2572 1436 2596 nalrii
1454 2571 1516 2596 soli.

924 2571 1040 2602 octrina,
1054 2571 1135 2606 simul
1150 2575 1176 2598 et
1189 2571 1301 2603 advena,
1317 2575 1344 2599 et
1358 2572 1437 2606 patrii
1454 2571 1516 2599 soli.

900 2606 1023 2642 ﬁamque
1038 2611 1101 2633 ante
1116 2605 1226 2638 ﬂorens.
1243 2606 1319 2642 lapsa
1337 2604 1410 2642 post,
1424 2613 1536 2634 rursum
1551 2604 1634 2639 redit.

900 2641 993 2668 Fidem
1006 2642 1131 2668 secunda:
1146 2642 1251 2669 scilicet
1268 2641 1330 2669 vita:
1349 2648 1485 2669 astruens.

902 2676 964 2703 Illos
979 2678 1105 2703 movebat
1119 2676 1187 2704 forte
1201 2677 1336 2704 sermonis
1355 2677 1440 2712 lepos.

899 2711 953 2738 Alii
971 2712 1095 2739 favebant
1109 2711 1187 2739 militi
1203 2716 1232 2739 ut
1245 2711 1403 2740 lirmissim’o
1418 2722 1425 2740 :

901 2746 1011 2774 Aeeitus
1024 2747 1068 2774 alii
1084 2746 1154 2774 forte
1170 2747 1242 2781 quod
1257 2747 1290 2774 ab
1302 2748 1369 2782 ipsis
1385 2747 1481 2774 forem.

901 2782 954 2814 Qui
970 2783 1057 2809 nescit
1068 2784 1129 2818 ista,
1145 2786 1249 2817 quaerat
1264 2790 1296 2818 ex
1310 2783 1352 2810 his
1367 2784 1413 2818 qui
1430 2782 1521 2818 sciunt

904 2817 954 2844 Cui
969 2822 1032 2845 nota
1046 2821 1109 2845 sunt
1123 2817 1189 2849 haec,
1206 2817 1307 2852 pendat
1320 2817 1422 2853 ignaris
1435 2817 1515 2845 velim

904 2853 950 2886 (Si
964 2856 1018 2879 tam
1035 2853 1131 2879 remoti
1146 2853 1284 2887 quippiam
1301 2860 1315 2879 a
1330 2854 1406 2881 vobis
1420 2853 1523 2887 jaccnl,

904 2887 957 2915 Aut
970 2888 1004 2916 ab
1018 2887 1144 2915 Italorum
1160 2888 1264 2916 ﬂoridis
1277 2890 1393 2924 sci-ptris
1411 2887 1508 2923 modo)
1522 2896 1529 2915 :

1619 143 1689 174 11οσ
