1955 3042
225 100 288 128 illi

223 157 260 184 Ἦ
273 156 457 192 κηδεμονικῶς
475 156 537 188 τοὺς
550 156 644 190 λόγους
663 158 828 193 προήγομεν,

229 202 398 237 ’Λλγοῦντες,
410 204 440 229 οὐ
461 203 597 234 παίοντες,
611 203 664 229 οὐδ’
680 204 828 240 ἐπηρμένοι

224 249 294 277 1195
307 250 402 285 Καιρῷ
417 249 505 285 ῥέοντι
519 249 565 275 καὶ
582 248 684 284 πλάνῳ,
700 248 789 280 καθώς
804 258 884 281 τινες.

224 296 270 328 Τίς
281 295 335 331 γὰρ
353 295 424 330 λόγῳ
438 303 465 321 τε
479 294 525 321 καὶ
538 294 633 329 κράτει
651 294 794 325 κοινωνία;

225 341 292 367 Οὐδὲ
308 341 451 377 πρόϐλημα
463 340 492 366 τὸ
508 339 606 374 θράσος
622 339 776 375 ποιούμενοι

226 387 280 422 Τῆς
290 388 398 422 ἀλογίας
408 396 414 402 ’
431 386 523 418 δεινῶς
536 386 589 421 γὰρ
607 386 727 420 ἔντεχνον
743 386 802 412 τόδε

227 431 281 458 Καὶ
295 431 438 467 σηπιῶδες,
453 431 483 457 τὺ
499 430 582 465 μέλαν
595 431 626 456 ὲκ
641 429 738 464 βάθους
751 431 837 465 ἐμεῖν,

228 477 296 504 1200
313 477 355 508 Ὧς
367 477 428 508 τοὺς
443 476 566 510 ἐλέγχους
580 475 764 511 ἐκδιδράσκειν
782 475 819 511 τῷ
831 474 914 511 ζόφῳ.

234 523 302 549 Ἀλλ’
314 522 423 558 ἡμέρως
437 530 465 548 τε
481 523 536 553 τοῖς
548 521 637 555 λόγοις
649 521 696 547 iul.
711 521 871 557 προσφόρως

234 568 465 602 Ἐντυγχάνοντες,
475 566 512 598 ὡς
526 566 604 600 λόγου
618 566 760 602 συνήγοροι

229 614 281 640 Τοῦ
298 613 454 649 συμπαθοῦς
468 622 498 639 τε
517 613 563 640 καὶ
577 613 664 648 πράου
690 613 736 639 καὶ
753 612 853 648 μηδένα

230 661 410 695 Πλήσσοντος·
425 659 453 693 ἐξ
464 656 494 686 οὗ
507 660 554 686 καὶ
569 659 599 685 τὸ
611 658 737 685 νικᾶσθαι
749 659 837 693 λόγος,

231 704 299 733 1205
312 705 365 732 Καὶ
378 706 407 732 τὸ
419 706 529 741 κρατεῖν
541 705 568 731 δὲ
580 704 740 740 τιμιώτερον
754 704 832 737 πολὺ,

561 100 588 128 S.
610 99 773 128 GREGORII
792 100 915 128 TIIEOL.
936 100 1120 129 CARMINUM
1140 99 1240 127 LIBER
1259 99 1291 127 11.
1312 98 1507 127 HISTORICA.

1779 98 1847 126 “12

1023 161 1047 188 Α
1063 157 1152 184 Πειθοῖ
1168 156 1241 191 βιαίᾳ
1255 156 1293 190 τῷ
1305 155 1363 190 Θεῷ
1377 155 1596 190 προσ-κτώμενον.

1059 202 1176 228 Τοιαῦτα
1194 198 1273 233 πλαξὶ
1284 202 1343 233 ταῖς
1359 201 1438 236 ἐμαῖς
1450 201 1599 236 ἐνεγράφη.

1093 249 1188 280 Ἄλλος
1200 258 1241 281 τις
1254 245 1331 280 οὗτος
1343 249 1392 283 τῆς
1406 248 1475 284 ὲμῆς
1488 248 1655 280 παιδεύσεως

1059 296 1158 331 Νόμος,
1177 295 1264 329 σοφῶς
1280 304 1309 322 τε
1326 295 1372 322 καὶ
1389 295 1478 327 καλῶς
1496 294 1696 331 γεγραμμένος.

1061 341 1128 368 1ἳ10
1142 341 1187 376 Μὴ
1203 341 1266 376 μίαν
1280 341 1338 367 ὁδὸν
1350 342 1399 375 τῆς
1413 340 1550 372 εὐσεϐείας
1562 340 1672 372 εἰδέναι,

1061 387 1117 420 Τὴν
1134 385 1243 412 εὔκολόν
1257 395 1286 412 τε
1304 386 1351 412 καὶ
1368 386 1455 421 κακὴν
1470 386 1666 421 γλωσσαλγίαν.

1064 431 1132 466 Μηδ’
1148 432 1178 458 ὲν
1192 431 1324 467 θεάτροις,
1338 431 1385 457 καὶ
1399 431 1499 466 φόροις,
1517 431 1564 458 καὶ
1579 431 1731 466 συμπόταις

1069 476 1152 511 Ὁμοῦ
1167 476 1312 510 γελῶντας,
1326 475 1429 511 ᾁσμασι
1444 475 1652 511 χαυνουμένους,
1796 506 1805 512 ’

1063 522 1131 557 Πρὶν
1147 522 1194 548 καὶ
1208 521 1339 556 πλυθῆναι
1353 521 1478 555 γλῶσσαν
1493 520 1524 554 ἐξ
1535 521 1654 556 αἰσχρῶν
1667 521 1765 555 λόγων,

1064 568 1132 595 1215
1147 567 1215 603 Μηδ¹
1232 568 1260 594 ὲν
1276 567 1398 602 βεϐήλοις
1414 567 1464 593 ὠσὶ
1480 567 1526 593 καὶ
1542 566 1659 602 Χριστοῦ
1676 565 1760 600 ξένοις

1070 612 1189 638 Ῥίπτειν
1205 611 1320 645 ἀφειδῶς
1332 610 1385 637 τῶν
1397 611 1482 645 λόγων
1493 611 1556 642 τοὺς
1572 611 1729 646 μυστικοὺς,

1066 657 1214 689 Παίζοντας
1227 658 1255 683 ὲν
1274 659 1329 689 τοῖς
1345 657 1391 684 καὶ
1408 657 1480 692 πόνῳ
1495 656 1674 692 θηρωμένοις·

1072 703 1141 730 Ἀλλ’
1154 703 1271 735 ἐντολαῖς
1289 703 1336 738 μὲν
1353 703 1390 735 ὡς
1408 702 1522 738 μάλιστα
1537 702 1661 730 εὐσεὸεῐν

477 781 562 814 Quam
579 781 695 809 sollicite
709 785 734 808 et
753 782 843 812 anxie,
859 780 940 808 verba
959 780 1103 812 faciebam,

478 817 587 847 Dolens.
604 824 656 843 non
673 816 766 851 plagas
782 816 916 850 indigens,
931 823 1020 850 neque
1034 815 1167 843 eﬂ‘erebar

479 851 547 878 1195
566 851 705 886 Prosperis
715 851 797 878 rebus
809 855 836 878 et
847 851 969 883 incertis,
984 855 1014 877 ut
1029 851 1164 877 nonnulli.

478 886 548 919 Quid
565 887 635 914 enim
652 886 766 913 orationi
784 889 811 913 et
826 886 939 920 imperio
950 886 1117 913 commune?

478 921 533 948 Nec
550 921 662 947 audacia
675 921 762 947 velum
783 921 848 947 mihi
862 924 921 948 erat

478 955 596 983 Inscitiae
608 964 615 988 ;
629 956 655 982 id
668 956 740 982 enim
755 955 833 982 valde
847 955 1025 983 artiﬁciosum
1043 959 1095 986 est,

479 992 512 1018 Et
529 991 611 1024 sepia!
627 991 724 1020 simile,
742 994 922 1017 atramentum
943 998 975 1017 es
990 991 1045 1018 imo
1058 997 1164 1018 vomere
1177 1010 1184 1023 ,

480 1026 549 1052 1200
566 1025 601 1052 Ut
612 1033 658 1060 per
674 1025 799 1052 tenebras
816 1025 940 1059 redargui
962 1033 1017 1052 non
1039 1024 1140 1060 possis.

481 1060 533 1087 Sed
547 1060 644 1088 leniter
659 1060 750 1087 verbis
763 1063 790 1087 et
801 1060 994 1087 convenienter

479 1095 691 1129 Compellabam,
703 1098 732 1121 ut
747 1095 820 1121 verbi
831 1094 961 1122 defensor

482 1129 666 1157 Misericordis
681 1133 708 1157 et
724 1130 870 1162 mansueti,
884 1137 916 1157 ac
931 1129 1066 1157 neminem

481 1164 679 1192 i’ercutientis:
699 1171 732 1191 ex
749 1172 803 1198 quo
826 1164 854 1190 tit
869 1168 898 1191 ut
911 1164 981 1191 vinci
993 1172 1144 1199 congruum
1163 1165 1197 1192 sit
1210 1164 1326 1197 rationi,

482 1200 551 1227 1205
563 1200 596 1226 Et
609 1200 696 1226 multo
708 1199 865 1234 praeclarius
880 1199 915 1226 sit
925 1199 1044 1229 vincere,

481 1234 550 1261 Dum
565 1234 627 1269 quis
636 1234 662 1260 vi
675 1233 860 1268 persuasionis
875 1234 1027 1269 acquiritur
1043 1233 1109 1262 Deo.

482 1269 544 1296 llaec
557 1270 624 1296 meis
637 1269 765 1303 inscripta
775 1274 853 1296 erant
864 1269 976 1297 tabulis.

518 1303 579 1331 Haec
593 1304 673 1331 etiam
683 1304 735 1330 alia
749 1304 854 1331 exstitit
866 1304 1044 1332 institutionis
1056 1311 1122 1331 mea:

483 1338 536 1366 Lex
551 1339 687 1374 sapienter
700 1342 725 1366 et
739 1339 866 1373 praeclare
880 1339 981 1374 scripta
995 1348 1001 1365 :

483 1374 552 1400 1210
572 1373 629 1399 Non
645 1381 725 1408 unam
743 1375 811 1400 hanc
830 1373 941 1408 pietatis
959 1374 1030 1401 viam
1049 1382 1131 1402 nosse

484 1408 662 1469 g38-739
677 1407 792 1435 Facilem
808 1407 835 1435 et
851 1416 961 1443 pravam
975 1409 1073 1444 linguae
1081 1408 1258 1444 pruriginem.

509 1451 540 1469 ec
555 1445 582 1469 in
598 1443 721 1469 theatris.
737 1443 813 1469 foris.
829 1450 856 1469 et
866 1443 1000 1469 conviviis

509 1451 540 1470 ec
555 1445 582 1470 in
598 1443 721 1474 theatris,
737 1443 813 1474 foris,
829 1450 856 1471 et
866 1443 1000 1470 conviviis

486 1477 574 1505 Simul
591 1478 722 1508 ridentes.
742 1478 886 1506 cantilenis
901 1479 1048 1510 emollitos,

486 1514 556 1548 Ante
569 1517 744 1548 expurgatam
756 1521 769 1539 a
785 1514 911 1548 turpibus
927 1514 1019 1548 verbis
1033 1515 1164 1548 linguam,

485 1547 555 1582 1215
578 1547 611 1574 ιιι
623 1547 750 1582 prdl‘anas
761 1547 841 1575 aures
857 1553 884 1575 et
900 1554 914 1574 a
929 1547 1039 1576 Christo
1052 1547 1154 1576 alienas

490 1581 651 1617 Loquaciter
668 1583 798 1617 mysticos
814 1590 951 1611 sermones
965 1583 1067 1617 jacere,

490 1616 621 1653 Ludendo
634 1618 660 1644 in
673 1616 716 1653 iis,
732 1625 848 1653 quorum
863 1618 904 1645 vel
921 1616 1061 1653 inquisitio
1080 1618 1232 1649 laboriosa;

491 1651 544 1678 Sed
558 1653 675 1679 maxime
691 1652 717 1679 in
731 1651 867 1680 mandatis
881 1651 1059 1680 observandis
1071 1653 1196 1688 pietatem
1215 1653 1315 1685 colere,

275 1728 343 1756 1195
358 1727 454 1762 Καιρῷ
465 1727 574 1762 ῥέοντι.
598 1729 626 1756 ld
646 1734 697 1761 est,
716 1731 747 1757 ob
769 1730 870 1764 ﬂuxam
886 1730 1023 1764 fallacem-

239 1764 519 1824 quebpz-osperitatem,
533 1769 558 1791 et
577 1765 639 1800 quia
661 1765 805 1792 catholicus
824 1766 968 1800 imperator
982 1774 1023 1792 re-

240 1807 290 1824 ana
308 1807 323 1824 a
339 1819 346 1824 .

240 1803 346 1831 qnabat.

276 1834 344 1861 1196
356 1834 447 1868 Λόγῳ.
459 1833 552 1862 Possis
564 1834 644 1862 etiam
659 1835 769 1862 reddere
782 1843 788 1860 :
804 1834 873 1867 Quid
887 1843 1023 1862 commune

240 1869 316 1894 liabet
332 1869 402 1896 verbi
417 1869 499 1895 divini
520 1870 674 1903 pnedicatio
690 1878 749 1896 cum
764 1874 892 1904 potestate
913 1871 1023 1905 impera-

241 1905 330 1931 toria?

276 1939 344 1976 1204
360 1939 464 1973 Λόγος.
482 1937 551 1964 Editi
580 1937 680 1966 habent
704 1939 738 1966 ad
764 1940 913 1975 marginem
939 1940 1021 1976 λόγῳ,

241 1974 286 2000 sed
305 1982 455 2008 perperam.

277 2009 345 2036 1208
359 2010 478 2041 Ἄλλος.
494 2014 546 2036 etc.
562 2010 589 2035 id
604 2013 655 2040 est,
670 2009 720 2035 alia
736 2009 847 2043 insuper
861 2009 888 2036 in
900 2009 1022 2037 docendo

242 2045 335 2078 regula
353 2044 417 2070 mihi
435 2048 507 2071 recte
524 2045 661 2079 proposita
687 2048 753 2070 erat.
771 2044 904 2071 Cavebam
926 2045 1022 2072 videli-

242 2084 294 2114 cet,
307 2087 340 2106 ne
356 2087 425 2113 quos
441 2079 628 2109 inSIitucbam.
651 2079 703 2105 ulla
723 2080 773 2107 sibi
790 2079 895 2106 ratione
910 2087 1023 2114 persua-

242 2113 299 2140 deri
315 2114 445 2143 sinerent.
462 2115 591 2148 optimam
608 2122 637 2141 se
656 2119 719 2140 tunc
737 2114 844 2148 pietatis
857 2122 888 2141 ac
908 2113 957 2141 ieli
980 2114 1022 2141 sui

243 2148 445 2184 demonstrandi
463 2150 531 2175 viam
547 2150 731 2184 ingressuros,
748 2150 857 2183 quando
872 2149 944 2176 facili
961 2157 1023 2184 gar-

244 2183 351 2219 rulitate
362 2188 388 2210 et
402 2184 523 2218 improba
537 2183 663 2219 loquendi
682 2185 830 2218 prurigine.
852 2185 878 2211 in
892 2183 1017 2216 theatris.

243 2217 271 2243 in
283 2218 334 2245 viis
353 2219 478 2252 publicis,
504 2219 531 2245 in
554 2217 811 2253 compotatiouiljus.
834 2219 861 2245 in
884 2220 969 2247 risum
993 2222 1021 2245 et

244 2253 393 2281 cantilenas
412 2253 501 2285 eil‘usi,
525 2254 606 2282 etiam
630 2257 774 2289 antequam
798 2254 919 2289 linguam
942 2261 1020 2281 suam

1076 1730 1110 1757 ab
1123 1730 1303 1756 obscenorum
1324 1736 1481 1757 sermonum
1496 1729 1624 1758 sordibus
1639 1736 1670 1756 ac
1687 1729 1854 1764 turpitudine

1075 1773 1173 1800 purum
1191 1764 1331 1800 iecissent,
1355 1765 1382 1791 in
1399 1765 1527 1800 profanas
1544 1765 1682 1792 hominum
1709 1765 1853 1800 impiorum

1075 1799 1102 1827 et
1118 1800 1207 1826 adhuc
1227 1807 1241 1825 a
1259 1799 1367 1827 Christo
1392 1799 1496 1827 alienas
1514 1807 1594 1827 aures
1611 1799 1745 1835 praecipua
1768 1799 1853 1835 maxi-

1075 1842 1173 1869 maque
1195 1835 1336 1869 religionis
1356 1840 1455 1862 nostra:
1472 1842 1571 1861 arcana
1595 1838 1696 1862 temere
1715 1834 1855 1861 novissent

1075 1870 1232 1901 immittere,
1247 1871 1288 1897 sic
1298 1870 1376 1904 quasi
1388 1869 1490 1897 ludicre
1501 1877 1533 1896 ea
1545 1869 1723 1901 ostendendo,
1738 1877 1853 1904 quorutn

1074 1909 1149 1931 recta
1170 1904 1345 1939 intelligentia
1365 1905 1473 1931 nonnisi
1506 1912 1604 1939 magno
1626 1904 1717 1931 labore
1734 1904 1854 1938 acquiri~

1075 1943 1133 1968 tur:
1149 1939 1195 1966 sed
1213 1943 1278 1966 tunc
1298 1942 1370 1966 recte
1384 1940 1491 1967 demum
1507 1947 1586 1974 agere
1607 1946 1636 1967 se
1655 1939 1854 1970 existimarent,

1075 1974 1099 2001 si
1114 1981 1193 2001 omne
1213 1982 1291 2001 suum
1309 1974 1428 2001 studium
1449 1975 1476 2000 in
1492 1974 1579 2009 legum
1593 1974 1747 2001 divinarum
1761 1974 1856 2009 obser-

1071 2009 1182 2036 vatione
1198 2013 1339 2043 ponerent,
1358 2009 1381 2045 si
1404 2008 1538 2045 pauperes
1559 2010 1681 2045 alerent,
1693 2009 1715 2035 si
1734 2008 1855 2045 peregri-

1073 2051 1123 2070 nos
1138 2045 1320 2079 susciperent,
1343 2044 1366 2071 si
1384 2043 1493 2071 morbos
1506 2048 1642 2074 arcerent.
1660 2044 1683 2071 si
1699 2043 1855 2079 psalmodiis:

1073 2077 1242 2140 insistﬂgm.
1269 2079 1388 2106 Caunos.
1416 2079 1488 2113 apud
1516 2077 1709 2110 Bollandistas;
1738 2078 1755 2106 9
1779 2077 1854 2111 Maii,

1073 2121 1131 2140 nae.
1202 2135 1206 2138 ι

1092 2121 1131 2140 ae.
1146 2115 1206 2140 HG.

1073 2121 1305 2182 Ρθξὲῗέυῷόροις.
1318 2149 1357 2174 Ita
1372 2148 1497 2183 legimus.
1512 2148 1607 2176 Billius
1621 2148 1763 2182 legendum
1777 2151 1856 2183 putat

1073 2183 1175 2214 πότοις,
1190 2188 1218 2210 ut
1235 2184 1300 2210 edit.
1319 2184 1352 2210 ad
1367 2191 1451 2218 marg.
1467 2183 1535 2210 Male
1549 2184 1574 2210 in
1589 2188 1662 2210 textu
1680 2183 1784 2217 φόϐοις.

1110 2219 1178 2245 1218
1191 2218 1330 2246 Μάλιστα
1346 2217 1490 2246 εὐσεϐεῖν.
1519 2218 1555 2245 Ita
1578 2219 1660 2246 Coisl.
1689 2218 1760 2245 Edit.
1787 2217 1857 2245 male

1075 2253 1235 2279 ὲνευσεὸεῖν.

1090 2254 1235 2280 νευσεὸεῖν.

891 2318 1057 2349 METRICA
1069 2317 1216 2348 VERSIO.

245 2384 341 2412 Studio
357 2383 515 2419 atjuvandi,
526 2383 608 2411 verba
624 2383 792 2419 promebam,
810 2383 916 2415 dolens,

243 2419 301 2447 Non
313 2420 411 2446 vulnus
423 2419 563 2454 inﬂigens:
581 2427 640 2451 nec,
660 2425 690 2446 ut
708 2420 817 2454 quidam
835 2420 933 2454 solent,

243 2455 356 2482 Animos
372 2455 398 2481 in
412 2453 505 2487 altum,
521 2462 679 2489 prosperum
695 2453 730 2481 ob
748 2459 865 2488 tempus,
880 2453 968 2481 ferens
979 2474 986 2486 ,

245 2491 404 2522 (Commune
417 2490 531 2524 sceptris
547 2497 609 2516 nam
626 2489 691 2524 quid
706 2494 748 2516 est
761 2491 844 2516 verbo
858 2493 884 2516 et
897 2489 944 2517 Dei
954 2489 976 2523 ?)

243 2525 418 2559 Audaciaque
433 2525 569 2551 inscitiam
588 2525 680 2551 velans
696 2532 794 2551 meam.

245 2560 301 2587 lloc
313 2558 413 2595 quippe
424 2560 522 2587 scitum
538 2564 590 2592 est,
604 2560 687 2593 sepiis
701 2567 734 2586 ac
750 2558 900 2594 proprium,

244 2595 399 2630 Nigrantem
417 2595 520 2630 abrimo
534 2602 643 2621 vomere
660 2601 770 2630 succum
783 2598 901 2628 pectore,

246 2629 346 2657 Ut’tela
357 2630 443 2665 fugias
458 2629 545 2657 hostis
559 2630 586 2656 in
602 2629 720 2656 tenebris
733 2629 783 2655 tui.

247 2665 299 2692 Sed
313 2673 378 2692 voce
392 2665 489 2692 blanda
503 2664 700 2698 commodeque
709 2669 798 2697 utens,
813 2664 889 2691 decet

246 2701 347 2727 Christi
363 2704 392 2726 ut
402 2704 557 2734 patronum,
575 2704 664 2725 mente
678 2700 723 2733 qui
741 2699 940 2734 placidissimus

247 2735 391 2762 Miseratur
403 2733 508 2769 aegros,
520 2735 653 2761 neminem
663 2739 690 2760 et
700 2735 787 2769 durus
797 2733 867 2761 ferit.

248 2771 285 2796 Ex
303 2778 355 2804 quo
374 2772 402 2796 lit
420 2768 494 2801 illud,
512 2769 607 2795 cedere
622 2773 650 2794 ut
662 2769 766 2795 laudent
779 2768 854 2801 ferat,

250 2803 420 2840 liuréumque
434 2804 520 2832 multo
533 2804 672 2839 pulchrius
684 2804 718 2832 sit
734 2803 853 2836 vincere,

1039 2387 1060 2416 Β
1076 2381 1163 2409 Suasu
1181 2381 1297 2408 Tonanti
1316 2389 1449 2416 quispiam
1465 2381 1530 2408 dum
1539 2380 1696 2415 acquiritur.

1076 2416 1227 2451 Perscripta
1241 2417 1340 2444 tabulis
1354 2417 1410 2443 haec
1426 2417 1589 2450 erantplane
1607 2416 1631 2442 in
1646 2416 1722 2442 meis.

1110 2449 1198 2478 Aliam
1216 2452 1243 2478 in
1260 2451 1382 2479 docendo
1396 2459 1491 2479 rursus
1508 2449 1577 2477 hanc
1594 2451 1676 2485 legem
1692 2449 1740 2477 tuli

1076 2487 1159 2514 Recte
1179 2491 1317 2513 exaratam
1345 2496 1350 2513 :
1376 2487 1440 2514 dum
1465 2493 1551 2513 meam
1575 2486 1678 2520 plebem
1703 2485 1820 2516 instruo,

1079 2522 1164 2549 Unam
1184 2522 1279 2549 salutis
1293 2529 1353 2548 esse
1371 2529 1405 2548 ne
1418 2521 1512 2548 credat
1531 2521 1612 2550 viam,

1078 2557 1154 2583 Hanc
1169 2564 1264 2591 nempe
1283 2556 1387 2583 facilem
1398 2560 1425 2583 et
1439 2555 1588 2590 improbam
1605 2554 1769 2591 pruriginem

1080 2592 1199 2626 Linguae,
1218 2590 1244 2618 in
1264 2591 1378 2626 theatris
1391 2598 1450 2622 nec,
1468 2591 1507 2617 vel
1524 2591 1550 2616 in
1564 2590 1704 2626 conviviis,

1079 2625 1179 2653 Ridens
1195 2626 1285 2657 simul,
1299 2625 1432 2660 {cedisque
1451 2626 1540 2652 mollis
1555 2625 1680 2652 cautibus

1078 2661 1136 2688 Non
1157 2661 1271 2695 expiatis
1292 2661 1415 2695 turpibus
1432 2660 1522 2687 verbis
1536 2661 1612 2694 prius

1078 2696 1184 2727 Labris.
1201 2697 1226 2722 in
1239 2704 1317 2723 aures
1329 2696 1450 2722 ethnicas
1470 2699 1550 2729 atque
1569 2695 1665 2730 impias

1078 2733 1182 2758 Arcana
1199 2736 1301 2758 temere
1311 2731 1436 2765 dogmata
1452 2738 1571 2764 unquam
1586 2730 1699 2764 jactitct,

1078 2767 1186 2793 Ludens
1201 2767 1227 2792 in
1246 2767 1287 2792 his
1300 2763 1360 2800 qmé
1376 2766 1418 2791 vix
1433 2763 1508 2792 labor
1524 2773 1632 2799 quoque
1647 2763 1759 2800 percipit
1776 2770 1782 2788 ε

1080 2801 1177 2828 Patere
1190 2801 1273 2836 jussis
1287 2801 1333 2828 sed
1349 2800 1392 2828 Dei
1412 2808 1492 2834 quam
1518 2808 1632 2827 tuamne
