1955 3042
96 149 165 178 1113

96 207 354 244 Πτωχοτροφοῦντα,
370 203 569 240 ξενοδοκοῦντα,
586 205 645 236 ταῖς
656 204 743 236 νόσοις

97 255 166 282 1ί320
186 253 344 290 Ἀρκοῦντα,
359 250 545 287 καρτεροῦντα
557 251 604 278 καὶ
618 250 795 286 ψαλμῳδίαις,

97 301 208 336 Εὑχαῐς,
223 299 392 333 στεναγμοῖς,
410 297 534 332 δάκρυσι,
551 295 722 335 χᾳμευνίαις,

97 345 218 381 Γαστρδς
233 344 370 380 πιεσμοῖς,
387 342 514 377 ἀγχόναις
526 341 687 377 αἰσθήσεων,

98 391 201 428 Θυμοῦ,
218 391 343 426 γέλωτος,
361 388 470 425 χειλέων
484 387 604 423 εὐταξίᾳ,

99 439 156 474 Τὴν
173 437 260 473 σάρκα
288 435 445 471 κοιμίζοντα
465 433 617 469 πνεύματος
635 433 739 469 κράτει.

136 482 205 510 1225
221 481 319 508 Πολλαὶ
333 481 387 516 γάρ
400 480 468 506 εἰσιν
482 479 510 505 al
522 478 657 514 σωτηρίας
671 478 734 510 ὁδοὶ,

100 530 189 556 Πᾶσαι
203 528 332 564 φέρουσαι
347 527 414 562 πρὸς
427 525 493 552 Θεοῦ
505 525 646 552 κοινωνίαν
655 532 662 539 ·

102 575 153 606 “Ag
167 574 218 610 χρή
236 574 259 600 α’
273 572 383 603 ὁδεύειν,
396 572 427 598 οὐ
444 571 527 606 μόνην
541 570 590 606 τὴν
604 571 632 597 ἐν
643 569 725 605 λόγῳ.

101 618 251 654 Λόγοςγὰρ
267 618 347 654 ἀρκεῖ
364 617 410 644 καὶ
422 616 502 652 ψιλῆς
518 616 567 651 τῆς
582 615 710 648 πίστεως,

89 665 168 693 ’Μεθ’
181 663 214 701 ἧς
227 664 346 700 ἀτεχνῶς
361 663 390 690 τὸ
403 663 484 689 πλέον
498 661 578 694 σώζει
592 662 666 692 Θεός.

102 711 171 738 1250
186 711 216 736 El
232 710 254 736 δ’
271 711 310 741 εἰς
327 709 425 744 σοφοὺς
440 708 552 734 ἔπιπτεν
572 708 589 742 ἡ
606 707 696 738 πίστις
711 705 800 742 μόνον,

101 756 169 783 Θεοῦ
183 756 247 792 παρ’
266 756 331 791 ἡμῖν
342 754 417 781 οὐδὲν
431 751 465 789 ἦν
480 753 650 789 πενέστερον.

108 801 178 828 Ἀλλ’
195 802 219 828 εἰ
235 800 415 836 φιλόγλωσσός
428 807 479 832 τις,
492 798 509 836 ἢ
526 797 607 834 ζήλου
622 797 721 830 πλέως,

620 144 741 172 SECTlO
760 144 779 172 Ι.
801 141 964 172 POEMATA
985 141 1028 169 DE
1048 138 1178 169 SEIPSO.

898 208 921 237 Α
935 201 989 229 Καὶ
1006 200 1090 228 δεινὸν
1101 200 1127 226 εἴ
1141 207 1181 225 σοι
1200 197 1236 233 μὴ
1253 196 1380 232 ρυήσεται
1394 194 1470 229 λόγος

1668 130 1723 161 114

936 246 1132 283 (Ἀνθρώπινον
1149 244 1203 279 γὰρ
1216 242 1329 278 εὔχομαι
1342 240 1478 268 κάνταῦθά
1493 238 1561 274 σοι),

936 293 1006 320 1235
1021 292 1103 319 Λάλει
1121 291 1179 326 μὲν,
1197 290 1226 316 ὲν
1245 289 1319 323 φόϐῳ
1327 288 1365 319 δὲ,
1383 286 1449 322 μηδὲ
1466 285 1592 318 πάντοτε,

937 338 984 374 Μὴ
998 338 1096 370 πάντα,
1114 337 1175 373 μηδ’
1191 337 1220 363 ὲν
1236 336 1312 367 πᾶσι,
1328 333 1397 368 μηδὲ
1409 330 1555 366 πανταχοῦ.

945 384 1014 410 Ἀλλ’
1027 384 1099 410 ἔστιν
1112 381 1162 414 οἷς,
1176 382 1237 408 ὅσον
1256 389 1296 412 τε,
1311 379 1358 406 καὶ
1376 378 1437 410 ποῦ,
1453 377 1499 404 καὶ
1514 376 1588 403 πότε.

938 430 1039 466 Καιρδς
1054 430 1082 456 δὲ
1096 428 1206 460 παντὸς,
1223 427 1260 459 ὡς
1275 426 1392 457 ἀκούεις,
1409 424 1584 459 πράγματος·

936 476 1042 512 Μέτρον
1054 476 1077 502 τ’
1093 475 1212 511 ἄριστον,
1229 473 1283 500 τῶν
1296 472 1384 506 σοφῶν
1397 470 1456 501 ἐνὸς
1469 470 1557 503 λόγος.

938 521 1007 548 1240
1025 520 1116 555 Χωρὶς
1129 519 1163 546 τὰ
1178 518 1279 546 Μυσῶν
1294 517 1341 544 καὶ
1353 515 1466 551 Φρυγῶν
1480 514 1615 549 ὁρίσματα

939 567 1030 603 Χωρὶς
1042 566 1076 593 τὰ
1088 566 1142 593 τῶν
1156 564 1265 597 ἔξωθεν,
1279 564 1305 590 οῖ
1316 563 1340 589 τ’
1354 562 1416 598 ἐμοὶ
1428 561 1511 595 λόγοι.

940 614 1000 641 Τῶν
1017 614 1065 649 μὲν
1080 613 1133 649 γάρ
1150 613 1218 639 εἰσιν
1235 612 1274 643 εἰς
1286 609 1414 642 ἐπίδειξιν
1425 609 1450 634 οἱ
1464 608 1537 642 λόγοι

946 661 990 686 Ἐν
1007 658 1193 695 μειρακίσκων
1212 656 1359 690 συλλόγοις,
1376 654 1422 681 καὶ
1437 653 1600 688 πλάσμασιν.

946 708 990 734 Ἐν
1009 705 1049 738 οἷς
1065 706 1125 742 μέγ’
1144 705 1220 732 οὐδὲν
1234 703 1342 738 ἀτυχεῖν
1358 701 1374 736 ἢ
1390 700 1541 735 τυγχάνειν.

940 752 1010 779 1245
1027 752 1118 783 Σκιᾶς,
1134 750 1212 781 σκιᾶς
1225 749 1278 784 γὰρ
1293 748 1368 774 οὐδὲν
1384 745 1586 780 ἀσθενέστερον.

947 797 1027 832 Ἡμῖν
1039 797 1062 823 δ’
1078 796 1231 832 (ἀληθεύειν
1245 795 1299 830 γάρ
1312 794 1385 820 ἐστιν
1398 793 1412 819 ὁ
1432 789 1542 825 σκοπὸς)

356 877 494 910 Pauperes
506 874 614 908 alendo,
631 874 755 910 hospites
775 873 960 910 suscipiendo,
978 875 1080 902 morhis

357 910 426 939 1220
442 910 583 943 Medendo,
603 910 804 945 perseverando
820 910 848 937 in
866 910 1038 944 psalmodiis,

357 946 499 981 Precibus,
512 944 668 981 gemitibus,
684 945 823 980 lacrymis,
840 945 915 981 humi
930 944 1135 977 cubationibus,

357 981 453 1008 Gulam
474 979 616 1012 frenando,
628 987 726 1008 sensus
736 979 899 1012 coercendo,

357 1017 419 1048 Irae,
440 1016 524 1048 risus,
541 1016 675 1043 labiorum
685 1014 881 1047 moderatione,

357 1051 472 1079 Carnem
486 1051 621 1078 domando
634 1050 746 1085 spiritus
760 1049 869 1077 robore.

393 1086 463 1113 1225
480 1085 548 1113 Sunt
557 1086 629 1113 enim
645 1084 736 1112 multa
750 1085 848 1112 salutis
863 1084 929 1117 vim,

359 1122 458 1147 Omnes
473 1128 532 1155 quae
545 1121 649 1148 ducunt
666 1120 699 1147 ad
715 1119 936 1154 coniunctionem
948 1126 1010 1146 cum
1024 1118 1094 1155 Deo;

360 1155 420 1191 llas,
435 1152 521 1183 terere
537 1160 562 1183 te
579 1158 696 1191 oportet,
711 1152 837 1191 non'eam
859 1156 947 1183 solum
963 1161 1024 1189 qua:
1038 1154 1065 1181 in
1080 1160 1206 1182 sermone
1222 1152 1274 1181 sita
1288 1155 1341 1180 est.

360 1190 462 1218 Sumcit
474 1191 547 1218 enim
558 1189 691 1225 simplicis
703 1189 766 1217 ﬁdei
782 1197 885 1222 sermo,

361 1225 411 1251 Per
423 1233 503 1260 quam
519 1224 642 1260 profecto
659 1225 792 1260 plurimos
810 1225 898 1252 salvat
914 1224 996 1252 Deus.

362 1261 372 1286 1
377 1260 429 1287 250

443 1258 528 1293 Quod
536 1263 558 1288 si
573 1260 600 1287 in
623 1258 695 1288 solos
711 1261 848 1295 sapientes
869 1260 936 1287 ﬁdes
954 1258 1073 1291 caderet,

360 1295 432 1330 Nihil
453 1295 506 1322 Deo
527 1295 598 1330 apud
615 1303 664 1323 nos
678 1299 749 1323 esset
764 1295 921 1330 pauperies.

361 1329 413 1366 §ed
425 1330 447 1357 si
462 1328 589 1366 loquendi
603 1331 720 1366 cupidus
735 1328 776 1362 es,
787 1328 924 1366 ae’studio
939 1328 1071 1366 fervidus,

361 1364 475 1399 Tibique
493 1364 706 1399 molestum‘est,
722 1366 745 1392 si
764 1365 846 1392 verba
873 1372 927 1391 non
944 1364 1030 1391 ﬂuant

362 1399 526 1434 (Ilumauum
546 1401 618 1428 enim
635 1400 686 1428 tibi
704 1400 785 1427 etiam
801 1400 845 1427 hic
860 1399 964 1434 aliquid
979 1400 1100 1434 precor),

362 1434 431 1470 1255
446 1434 580 1470 Loquere,
599 1435 647 1462 sed
660 1436 688 1463 in
705 1439 833 1468 tremore,
846 1442 897 1462 nec
909 1442 1027 1469 semper,

360 1469 415 1506 ljec
432 1469 534 1502 omnia,
548 1477 599 1498 nec
610 1471 680 1506 apud
696 1477 810 1506 omnes,
821 1477 872 1498 nec
885 1469 996 1506 ubique,

362 1503 415 1540 §ed
432 1505 501 1540 apud
513 1513 592 1540 quos,
607 1502 636 1532 et
649 1509 781 1540 quantum
796 1505 927 1540 decet,ret
942 1502 1004 1536 'ubi,
1016 1509 1044 1532 et
1057 1502 1180 1540 quando.

361 1538 481 1574 Tempus
492 1538 641 1572 autemest,
657 1538 688 1568 iit
703 1540 791 1572 audis,
808 1539 955 1574 cujuslibet
972 1541 1029 1571 rei;

362 1574 457 1602 Modus
471 1579 514 1602 est
526 1583 570 1602 res
581 1576 694 1609 optima,
714 1580 744 1602 ut
756 1575 825 1602 dixit
838 1582 908 1602 unus
920 1582 935 1601 e
951 1575 1132 1609 sapientibus.

362 1609 432 1646 1240
453 1609 575 1644 Separati
591 1609 728 1646 Mysorum
738 1614 765 1637 et
781 1609 917 1645 Phrygum
935 1609 1002 1646 ﬁnes
1019 1617 1025 1635 :

364 1643 695 1678 Separati’extraneorum
715 1643 897 1673 sermone‘s’et
911 1645 965 1671 inci
977 1653 983 1671 :

363 1679 465 1715 ﬂorum
479 1681 550 1707 enim
564 1684 688 1715 spectant
701 1681 734 1707 ad
757 1680 968 1708 ostentationem
981 1687 1121 1708 sermones

363 1713 393 1741 In
409 1714 538 1748 juvenum
553 1713 680 1748 coetibus,
694 1720 721 1743 et
733 1715 802 1743 ﬁctis
819 1715 912 1747 rebus,

362 1748 390 1775 In
405 1750 503 1782 quibus
511 1751 585 1784 parvi
598 1751 690 1783 refert,
708 1753 798 1777 utrum
814 1749 881 1776 bene
896 1749 1025 1784 succedat
1039 1756 1073 1776 an
1089 1749 1170 1776 male.

362 1779 433 1811 1243
456 1779 557 1812 Umbra
571 1786 656 1817 enim,
673 1779 768 1812 umbra
786 1785 853 1812 nihil
871 1789 914 1811 est
927 1779 1099 1811 imbecillius.

361 1818 445 1847 Nobis
457 1825 547 1847 autem
561 1821 635 1855 (vera
650 1821 723 1848 enim
736 1820 828 1848 dicere
848 1820 1019 1855 propositum
1034 1820 1099 1852 est),

150 1905 218 1943 1227
233 1905 294 1943 Χρή
309 1907 355 1943 o"._
365 1906 483 1943 ltaj'at.
497 1911 525 1935 et
539 1907 624 1936 Coisl.
640 1906 711 1934 Edit.
728 1907 781 1943 χρὴ
797 1907 830 1934 δ’.

149 1941 218 1969 1229
239 1941 386 1976 Ἀτεχνῶς.
403 1941 536 1977 Profecto,
551 1951 616 1970 vere.
631 1943 716 1970 Aliter
727 1941 857 1977 ἆλεέχνως,
871 1941 899 1969 id

114 1981 168 2008 est,
183 1977 259 2003 nullo
272 1977 368 2012 majori
382 1978 498 2005 artiﬁcio
512 1978 545 2005 ad
560 1978 689 2012 majorem
708 1977 826 2004 ﬁdelium
841 1985 900 2011 par-

115 2015 170 2039 tem
196 2012 351 2039 salvandam
379 2014 464 2039 utitur
491 2013 572 2044 Deus,
597 2019 678 2047 quam
700 2012 815 2046 simplici
835 2012 898 2044 lide,

115 2054 175 2082 quin
192 2047 320 2082 mysteria
336 2051 418 2079 tenet,
437 2055 486 2075 nec
500 2051 538 2075 ea'
548 2049 656 2075 curiose
673 2051 820 2074 scrutatur.

115 2081 129 2108 »⁷
153 2081 221 2109 1241)
239 2081 332 2115 Χωρὶς
353 2082 389 2108 τὰ
412 2082 536 2115 Μυσῶν,
557 2087 609 2109 etc.
636 2082 812 2109 Proverbium
836 2081 900 2109 inde

117 2122 222 2153 natum,
240 2117 313 2151 quod
339 2117 476 2153 Mysorum
498 2123 524 2145 et
541 2117 676 2153 Phrygum
701 2117 768 2144 ﬁnes
786 2116 901 2153 delinire

116 2151 231 2178 arduum
246 2156 329 2184 esset,
349 2151 382 2179 eo
401 2153 472 2187 quod
488 2153 514 2179 hi
530 2151 623 2187 populi
638 2159 693 2179 non
714 2153 780 2179 satis
796 2152 902 2179 stabili-

80 2194 85 2198 ’
119 2192 158 2213 ter
172 2187 250 2213 tutati
267 2187 321 2213 sint
336 2188 415 2215 sedes
432 2195 506 2219 suas,
522 2189 568 2215 sed
591 2187 706 2214 subinde
725 2187 834 2213 aliunde
848 2187 902 2213 alio

117 2222 224 2256 depulsi
250 2223 381 2250 terminos
403 2224 524 2250 incertos
544 2222 722 2250 reddiderint.
739 2222 843 2257 Adagio
867 2221 902 2248 li-

952 1906 1024 1934 cebit
1041 1906 1090 1938 uti,
1107 1905 1196 1940 inquit
1211 1905 1351 1936 Erasmus,
1366 1903 1400 1932 de
1413 1903 1501 1940 rebus
1509 1906 1566 1931 toto
1580 1910 1677 1940 genere
1692 1902 1734 1931 in-

951 1945 994 1969 ter
1008 1949 1038 1969 se
1053 1938 1258 1971 dissidentibus,
1274 1940 1357 1967 veluti
1375 1940 1398 1967 si
1418 1940 1480 1974 quis
1496 1939 1574 1973 longe
1588 1938 1661 1974 aliud
1673 1946 1736 1974 spe-

953 1980 1029 2003 ctare
1049 1976 1253 2010 philosophum,
1269 1975 1342 2002 aliud
1363 1973 1500 2010 oratorem
1524 1973 1680 2010 signiﬁcans
1691 1973 1736 2000 di-

953 2016 1018 2038 cat:
1035 2008 1126 2045 melg
1143 2008 1177 2036 τῐᾶι
1201 2010 1302 2037 Μυσῶν
1325 2010 1372 2036 καὶ
1395 2009 1508 2044 Φρυγῶν
1526 2008 1680 2045 ὁρισμαθιῖιι,Δ
1689 2012 1736 2035 aut

953 2046 987 2073 de
1002 2042 1157 2073 hominibus
1184 2046 1255 2072 inter
1274 2053 1344 2080 quos
1365 2042 1440 2080 nihil
1457 2042 1595 2080 convenit,
1614 2042 1738 2080 nihilque

953 2088 1096 2107 commune
1114 2080 1267 2111 intercedit,
1283 2078 1315 2106 ιιι
1331 2080 1403 2113 apud
1421 2079 1576 2112 Euripidem
1592 2078 1711 2105 Achilles
1727 2087 1734 2105 :

952 2114 1044 2150 Χωρὶς
1055 2115 1130 2150 τάμὰ
1146 2116 1170 2141 κ’
1197 2114 1452 2150 Ἀγαμέμνονοςηιᾱ
1466 2118 1518 2144 est.
1536 2118 1664 2150 separatae
1675 2117 1736 2140 sunt

954 2148 1017 2177 mede
1025 2158 1065 2176 res
1079 2148 1098 2176 ά
1108 2151 1181 2177 bonis
1191 2148 1403 2184 Aganierimonis.
1413 2148 1470 2177 Hoc
1481 2148 1654 2185 proverbium
1665 2155 1737 2183 saepe

955 2185 1071 2213 recurrit
1086 2185 1157 2220 apud
1171 2185 1338 2220 Gregorium.

759 2314 936 2345 'METRICA
947 2314 1097 2345 VERSIO.

120 2399 243 2432 Studeat,
254 2403 373 2434 egentes,
385 2399 517 2433 hospites,
530 2398 633 2426 morbis
649 2405 745 2434 graves

119 2435 236 2465 Curans,
253 2436 391 2468 alensque,
405 2434 476 2461 ﬁxus
496 2434 522 2460 iu
539 2439 621 2461 cantu
636 2441 726 2465 sacro,

119 2469 261 2500 Precibus,
274 2469 431 2504 gemitibus,
446 2469 582 2504 lacrymis.
598 2469 778 2500 chameuniis,

122 2504 248 2532 Ventrem
261 2510 341 2538 atque
355 2511 452 2531 sensus
466 2504 656 2537 comprimens,
670 2504 738 2530 iram
750 2507 777 2530 et
787 2508 901 2537 trucem,

121 2539 279 2574 llisumque.
299 2539 382 2566 labris
394 2539 487 2566 sedulo
505 2538 626 2566 indicens
643 2538 763 2571 modum,

120 2577 210 2609 Atque
220 2576 368 2609 imperante
384 2574 480 2608 spiritu
496 2581 608 2609 carnem
622 2574 746 2601 domans.

157 2608 248 2636 Multae
260 2610 355 2636 salutis
367 2616 429 2636 nam
444 2613 536 2643 patent
549 2608 626 2635 nobis
640 2609 689 2635 viae
701 2627 708 2640 ,

121 2644 241 2678 Quarum
256 2647 422 2679 unaquaeque
430 2652 493 2679 rege
503 2644 549 2670 dat
567 2651 675 2670 summo
688 2643 751 2670 frui.

122 2679 187 2711 Has,
203 2686 256 2706 non
271 2678 349 2706 sitam
367 2678 393 2706 iit
405 2686 530 2706 sermone
545 2678 685 2709 duntaxat,
703 2684 768 2706 tere.

121 2713 190 2741 Nam
206 2722 295 2741 sermo
307 2714 366 2741 ﬁdei
379 2714 510 2748 simplicis
526 2713 574 2739 tibi
589 2713 698 2744 suﬂicit,

123 2749 191 2776 Cum
208 2756 261 2784 qua
275 2749 390 2777 salutem
406 2755 502 2784 magna
515 2755 578 2784 pars
596 2748 735 2775 hominum
753 2748 833 2783 capit.

124 2784 153 2811 In
168 2782 288 2811 eruditos
299 2791 358 2811 nam
375 2784 440 2811 ﬁdes
453 2782 543 2810 solum
553 2782 626 2811 viros

126 2820 154 2845 Si
170 2819 288 2850 caderet,
302 2824 375 2848 esset
390 2820 426 2846 uil
441 2818 495 2845 Deo
511 2818 585 2845 dives
602 2820 700 2851 minus,

125 2854 202 2888 Quod
216 2855 239 2883 si
255 2855 381 2890 loquendi
395 2854 509 2889 cupidus
520 2860 560 2886 es,
571 2854 628 2881 zelo
640 2860 665 2882 et
680 2855 780 2887 calens,

954 2397 1138 2432 Miserumque
1148 2397 1227 2424 ducis
1239 2396 1267 2423 ni
1279 2396 1328 2424 tibi
1345 2403 1435 2424 sermo
1446 2395 1513 2424 [luat

969 2432 1018 2459 Hic
1033 2430 1225 2467 opto-namque
1239 2432 1377 2467 quidpiam
1387 2431 1498 2458 humani
1509 2430 1582 2465 tibi),

979 2475 1081 2502 oquare
1097 2475 1173 2499 sane,
1187 2467 1234 2494 sed
1254 2468 1364 2498 timens,
1379 2474 1433 2502 non
1451 2467 1564 2501 iugiter,

955 2501 1120 2534 Ne’euncta,
1136 2507 1248 2529 cunctos
1265 2509 1318 2528 non
1332 2501 1415 2537 apud.
1432 2502 1645 2537 passim_neqtte
1661 2507 1668 2537 ς

958 2537 1010 2565 Sed
1027 2537 1146 2572 quando,
1165 2542 1308 2572 quantum,
1324 2535 1379 2571 (ιὑο
1405 2535 1480 2569 loco,
1497 2535 1596 2571 quibus
1612 2540 1639 2563 et
1652 2536 1739 2563 decet.

957 2573 1081 2604 Cunctis,
1097 2577 1127 2599 ut
1137 2572 1225 2603 audis,
1243 2576 1351 2606 tempus
1364 2575 1405 2598 est
1416 2572 1497 2599 rebus
1513 2579 1592 2598 suum
1609 2578 1616 2596 :

955 2607 1125 2642 Quidamque
1135 2607 1203 2634 dixit
1214 2607 1257 2633 vir
1265 2608 1378 2641 sophus,
1389 2607 1498 2634 modum
1510 2606 1654 2642 optimum.

955 2640 1092 2678 Phrygum
1109 2647 1136 2669 et
1150 2642 1285 2678 Mysorum
1297 2640 1422 2677 dispares
1439 2647 1502 2669 sum
1519 2640 1629 2668 termini

958 2677 1005 2705 Sic
1021 2684 1175 2705 exterorum
1193 2677 1285 2712 dispar
1299 2682 1341 2704 est
1357 2685 1447 2704 sermo
1464 2683 1535 2704 meo.

957 2712 1091 2740 Juvenum
1104 2718 1228 2740 catervas
1246 2713 1315 2739 inter
1330 2712 1382 2746 ipsi
1395 2712 1511 2747 gloriam

958 2748 1074 2782 Captant
1087 2756 1093 2774 :
1111 2755 1243 2782 mersaque
1258 2745 1354 2774 fabulae
1367 2745 1477 2778 cuncta,
1492 2746 1520 2773 in
1536 2745 1636 2781 quibus

961 2783 1077 2817 Scopum
1090 2783 1254 2817 assequaris,
1267 2789 1300 2809 an
1318 2790 1407 2814 secus,
1424 2782 1497 2816 parvi
1511 2782 1634 2810 interest.

960 2818 1015 2845 Cur
1027 2817 1115 2845 istud?
1124 2818 1217 2845 umbra
1236 2818 1273 2844 nil
1283 2818 1355 2844 enim
1374 2817 1546 2845 imbecillius.

961 2853 1045 2880 Nobis
1061 2858 1086 2880 at
1102 2854 1225 2888 (estquis
1244 2852 1343 2881 veritas
1355 2852 1429 2881 solus
1443 2854 1564 2887 scopus),
