1955 3042
190 124 261 154 1115

187 183 281 214 οὕτως
294 181 375 217 ἔχειν,
391 181 408 217 ἦ
424 181 472 217 μὴ.
487 181 610 217 περιδεὲς
626 181 670 208 τδν
683 182 771 216 λόγον.

192 226 267 258 ὐδὸς
280 227 334 262 γὰρ
349 225 551 262 ἀμφίκρημνος,
567 224 600 261 ἦς
617 227 669 259 ἔξω
684 229 776 254 πεσεῖν

188 273 285 299 Πεσεῖν
300 271 440 307 προδήλως
454 272 529 298 ἐστὶν
543 271 584 303 εἰς
594 271 656 306 ᾇδου
672 271 769 304 πύλας.

224 317 293 345 1250
312 317 394 343 Ὅθεν
409 317 526 352 μάλιστα
538 317 600 348 τοὺς
615 317 709 351 λόγους
727 317 886 352 φυλακτέον,

187 364 229 390 Τὰ
247 363 296 398 μὲν
309 363 448 396 λέγοντας,
463 362 518 389 τῶν
533 362 555 388 δ’
569 362 718 394 ἀκούοντας
731 363 820 398 σοφῶς
831 373 838 380 ο

190 409 268 435 Ἐστι
286 409 308 435 δ’
329 408 368 435 ὅτ’
385 407 572 442 ὲκχωροῦντας
588 408 688 443 ἀμφοῖν
705 408 807 444 ὲξίσης,

188 456 301 491 Στάομῃ
315 454 417 490 δικαίᾳ,
437 454 476 488 τῷ
492 453 576 489 φὸὗῳ,
589 455 785 490 κεχρημένους.

188 497 290 526 Ἦττον
309 500 363 535 γὰρ
379 499 436 531 οὖς,
452 500 468 534 ἢ
486 499 608 534 γλῶσσα,
626 499 744 527 κίνδυνον
763 500 856 535 φέρει*

189 545 258 573 1255
275 543 374 572 Ἦττον
384 545 407 572 δ’
419 545 513 580 ἀκοῆς,
522 545 552 571 τὸ
566 546 613 572 καὶ
625 547 718 580 φυγεῖν
730 546 762 572 ὲκ
777 546 824 572 τοῦ
838 546 932 581 μέσου.

189 591 222 618 Τι
237 591 277 617 δεῖ
293 599 323 616 σε
336 591 440 626 νάρκης
458 591 595 626 ἁψάμενον
610 591 722 626 νεκροῦν
739 591 842 627 φρένα;

189 637 225 663 "H
239 636 399 671 πλησιάζειν
412 636 531 672 ἄσθματι
546 635 698 668 λυσσῶντος
715 637 811 669 κυνόςς

190 682 268 708 Οὕτω
284 681 413 717 μαθόντες
430 682 462 708 ἐκ
476 681 618 717 γραφικῶν
634 681 837 717 Θεσπισμάτων,

189 725 237 758 Οἷς
253 727 411 763 ἐτράφημεν
426 727 490 763 πρὶν
503 726 669 762 συναχθῆναι
685 727 787 762 φρένα·

191 771 261 798 1260
279 771 372 803 Οὕτως
389 771 501 805 ἄγοντες
515 771 562 798 καὶ
575 771 686 803 πολίτας
702 772 749 798 καὶ
766 771 866 804 ξένους,

190 814 260 850 Ἤδη
276 815 405 851 γεωργῶν
419 813 491 851 ἦμεν
509 817 538 842 εν
553 817 608 847 τοῖς
623 815 770 848 πλουσίοις,

507 121 536 150 S.
557 121 720 151 GREGORII
739 122 863 152 THEOL.
883 123 1064 153 CARMINUM
1086 122 1186 150 LIBER
1204 121 1238 149 ll.
1257 119 1453 149 HlS'l‘ORlCA.

1736 121 1808 152 HM

989 187 1010 215 Α
1025 183 1056 209 Εἰ
1071 183 1117 209 καὶ
1135 180 1265 208 συνακτὸν
1280 178 1329 213 οὐχ
1343 177 1409 214 ὁμοῦ
1425 178 1524 213 τούμὸν
1539 178 1629 213 θέρος.

1030 228 1046 254 Γ
1048 228 1093 258 οὺς
1112 226 1161 262 μὲν
1175 225 1228 261 γὰρ
1241 225 1302 260 ἄρτι
1318 224 1371 250 τῶν
1386 223 1512 250 ἀκανθῶν
1525 223 1662 259 ¹ἠρέμουν·

1025 273 1057 299 Οἱ
1074 272 1096 298 δ’
1112 269 1284 306 ὡμαλίζονο’,
1300 266 1340 300 οἷς
1357 268 1378 295 δ’
1399 268 1526 295 ἐϐάλλετο
1543 268 1654 304 σπόρος,

1025 317 1094 343 1265
1112 317 1143 342 Οἱ
1163 316 1185 342 δ’
1205 316 1233 341 ὲν
1255 314 1380 349 γάλακτι,
1397 313 1450 340 τῶν
1470 314 1492 340 δ’
1513 314 1584 349 ὑπὲρ
1599 314 1651 349 γῆς
1666 315 1684 350 ἡ
1707 313 1773 350 φυὴ,

1025 365 1056 390 ot
1071 363 1092 390 δ’
1107 362 1246 398 ὲχλόαζον,
1268 363 1291 388 οἱ
1305 362 1327 388 δ’
1343 360 1505 396 ὲδεσμοῦντο
1522 360 1633 395 στάχυς,

1024 410 1056 435 Οἱ
1071 409 1093 435 δ“
1107 408 1262 444 ἡδρύνοντο,
1285 409 1309 434 οἱ
1321 407 1349 433 δὲ
1363 407 1453 433 λευκοὶ
1468 406 1537 442 πρὸς
1558 406 1650 441 θέρος’

1026 454 1120 485 ’Δλως
1142 454 1190 479 τιν’
1214 451 1282 487 εἶχε,
1296 452 1357 483 τοὺς
1371 452 1399 478 δὲ
1415 451 1508 487 θημών
1525 459 1567 483 τις
1584 451 1674 485 φίλος·

1024 500 1055 526 Οἱ
1071 500 1093 525 δ’
1108 499 1276 534 ἐκκρινοντο,
1291 498 1316 524 οἱ
1332 497 1361 524 δὲ
1372 497 1428 523 τῶν
1442 497 1522 523 σίτων
1540 496 1605 529 ἔσω,

1025 545 1092 572 1270
1111 545 1142 571 Οἱ
1159 544 1181 570 δ’
1195 542 1265 579 ἦσαν
1282 544 1373 579 ἄρτος,
1387 543 1436 578 τῆς
1449 542 1586 578 γεωργίας
1602 541 1698 575 πέρας,

1026 592 1124 626 ’Λρτος
1142 589 1263 624 γεωργὸν
1279 589 1324 615 τὸν
1346 588 1468 623 καμόντα
1483 588 1520 624 μὴ
1538 588 1645 623 τρέφων

1023 635 1090 667 Νῦν,
1107 635 1169 666 τοὺς
1184 635 1212 661 δὲ
1231 634 1314 670 μηδὲν
1333 633 1479 669 ὲκχέαντας
1495 633 1616 668 ἰκμάδος.

1066 680 1228 715 Ἐϐουλόμην
1249 679 1366 706 ἐνταῦθα
1382 679 1480 713 στῆσαι
1493 678 1538 705 τὸν
1552 678 1641 712 λόγον,

1024 725 1078 753 Καὶ
1096 725 1179 761 μηδὲν
1194 726 1279 751 εἰπεῖν
1294 725 1348 751 τῶν
1362 724 1478 756 ἀναξίων
1492 724 1582 759 λόγου.

1024 771 1092 798 1275
1107 770 1161 797 Νῦν
1176 771 1197 797 δ’
1208 771 1257 797 οὺκ
1270 771 1302 806 ὲᾷ
1318 779 1350 806 με
1363 770 1396 797 τὰ
1406 770 1500 806 πρόσω
1510 770 1564 797 τῶν
1578 769 1768 806 πραγμάτων

1024 814 1074 844 Ὧν
1089 818 1123 844 τὰ
1142 817 1191 853 μὲν
1204 815 1268 853 ἦλθε
1285 817 1388 850 δεξιῶς,
1405 816 1438 844 τὰ
1457 816 1480 844 δ’
1497 817 1586 852 ἀγνοῶ

435 901 625 938 Periculosum
638 901 717 929 valde
730 906 772 930 est
783 902 834 930 hoc
846 902 887 930 vel
906 902 953 929 illo
964 902 1038 938 loqui
1051 903 1141 931 modo.

436 936 488 973 Yia
500 937 582 973 eninr
594 937 720 973 utrinque
733 941 869 972 pmrupta
880 943 932 970 est,
946 946 979 965 ex
991 936 1043 973 qua
1057 938 1176 972 cadere"

437 971 613 1008 7‘07-7751
635 971 741 1000 Cadere
754 972 899 999 manifeste
915 977 957 1000 est
973 971 1007 1000 ίιῐ
1016 978 1108 1008 portas
1123 971 1212 1000 inl'eri.

473 1006 542 1033 1250

587 1014 650 1034 uare
662 1008 779 1033 maxima
797 1008 870 1034 circa
887 1014 1028 1036 sermones
1041 1008 1193 1035 adhibenda
1203 1013 1244 1036 est
1256 1008 1358 1035 cautio.

437 1041 501 1078 llaec
514 1041 623 1078 quidem
638 1041 764 1073 dicendo,
780 1042 826 1069 illa
838 1046 928 1069 autem
938 1043 1073 1070 audiendo
1083 1044 1233 1078 sapienter,

436 1075 575 1104 Interdum
588 1081 677 1103 autem
689 1084 765 1111 aeque
784 1077 818 1103 ab
829 1081 946 1111 utroque
958 1075 1120 1110 recedendo,

436 1110 506 1146 Dum
523 1111 596 1146 justa
615 1110 728 1143 statera;
743 1119 840 1146 nempe
853 1110 937 1144 metu,
952 1112 1064 1139 utimur.

437 1145 613 1182 blinusienim
626 1146 742 1181 periculi
759 1147 835 1174 auris
849 1146 938 1178 allert,
954 1154 1037 1180 quam
1056 1148 1165 1182 lingua;

436 1180 507 1217 1255
526 1180 615 1217 Minus
627 1180 708 1208 etiam
721 1182 835 1216 periculi
851 1186 892 1209 est
906 1182 998 1217 fugere
1014 1190 1029 1210 e
1044 1180 1134 1210 medio
1147 1189 1230 1217 quam
1244 1181 1350 1210 audire.

437 1215 508 1252 Quid
523 1215 610 1250 juvat,
625 1215 793 1252 torpedinem
805 1215 950 1252 tangendo}
964 1224 1057 1244 necem
1074 1215 1174 1245 anima:
1188 1217 1309 1246 inferre?

435 1251 490 1277 Aut
502 1258 587 1285 prope
597 1251 728 1278 accedere
740 1250 774 1277 ad
786 1250 898 1278 halitum
911 1252 998 1279 rabidi
1013 1252 1110 1280 canis?

439 1285 486 1320 δίο
498 1285 638 1313 institutus
650 1285 851 1320 Scripturarum
862 1287 982 1315 oraculis

437 1319 467 1356 In
480 1321 582 1356 quibus
596 1319 747 1348 innutritus
759 1329 830 1353 sum,
847 1325 992 1356 antequam
1009 1322 1100 1349 adulta
1113 1322 1184 1350 ratio
1196 1324 1280 1356 esset,

436 1355 507 1391 1260
526 1356 614 1390 Atque
625 1355 662 1382 ita
677 1363 773 1390 regens
788 1355 931 1390 populares
947 1361 973 1383 et
988 1362 1145 1391 extraneos,

436 1389 496 1426 lam
512 1389 676 1417 numerabar
689 1389 760 1417 inter
776 1389 924 1425 locupletes
941 1393 1084 1426 agricolas,

437 1425 568 1458 Quamvis
580 1426 677 1452 messis
693 1433 751 1452 mea
764 1426 846 1452 simul
864 1425 978 1453 collecta
993 1435 1047 1454 non
1064 1431 1148 1455 esset.

437 1460 514 1496 Alios
528 1460 601 1487 enim
614 1467 629 1486 a
645 1460 732 1496 spinis
746 1468 841 1488 recens
853 1469 1065 1496 expurgaveram
1080 1472 1086 1489 :

437 1495 598 1531 Aliiﬂautem
612 1495 801 1531 aequabantur,
815 1496 842 1522 in
855 1496 923 1523 alios
938 1495 1110 1530 ihjiciebatur
1124 1504 1235 1531 semen;

439 1530 508 1557 1265
527 1529 559 1556 Hi
575 1530 601 1555 in
617 1530 696 1561 lacte,
713 1530 759 1556 isti
773 1538 788 1557 e
805 1535 877 1558 terra
893 1529 1038 1565 prodibant
1053 1542 1059 1559 :

437 1565 489 1601 Alii
503 1569 581 1601 erant
601 1565 627 1591 in
644 1565 899 1601 berbakaliirspican
915 1566 1089 1601 Iigabantur:

438 1600 490 1626 Alii
503 1599 703 1630 adolescebant,
723 1599 767 1626 alii
782 1600 816 1626 ad
832 1599 947 1628 messeni
963 1602 1016 1629 albi
1030 1612 1036 1629 :

438 1635 589 1670 lﬁonnullos
602 1634 718 1662 habebat
732 1642 805 1666 area,
819 1635 887 1663 alios
905 1640 999 1670 gratus
1013 1644 1128 1664 acervus
1144 1645 1151 1663 :

439 1669 507 1696 Pars
524 1669 716 1700 ventilabatur,
733 1676 798 1703 pars
810 1670 885 1698 intus
898 1669 960 1697 cum
976 1671 1081 1703 tritico,

439 1704 509 1741 1270
527 1704 580 1741 Alii
593 1705 672 1739 panis
687 1707 774 1741 erant,
792 1705 838 1739 qui
854 1705 914 1732 linis
927 1710 969 1733 est
982 1706 1172 1741 agriculturae;

439 1739 520 1776 Panis
535 1739 646 1776 minime
663 1747 734 1776 nunc
749 1740 982 1776 alensragricplam

439 1775 496 1812 Qui
510 1774 651 1812 laboravit,
668 1774 715 1812 sed
729 1775 836 1812 eosqui
852 1774 926 1812 nulla
939 1775 1039 1803 sudore
1053 1776 1157 1812 aspersi
1172 1779 1246 1804 sunt.

474 1808 603 1836 Volebam
620 1810 662 1836 hic
677 1809 785 1836 dicendi
799 1810 878 1836 linem
894 1810 993 1843 facere,

439 1843 653 1881 Nequidquam
665 1845 787 1881 proferre
800 1852 983 1881 eorum,rqua:
997 1853 1124 1873 sermone
1141 1845 1251 1881 indigna
1262 1849 1337 1874 sunt.

440 1878 580 1906 mssw
599 1879 625 1906 id
638 1878 694 1906 non
710 1879 815 1915 sinunt,
831 1888 891 1914 qua)
902 1878 1031 1915 deinceps
1045 1878 1206 1913 evenerunt,

440 1915 563 1943 Ouorum
578 1915 709 1942 nonnulla
724 1914 834 1950 quidem
848 1922 979 1950 prospere
996 1914 1147 1944 evenerunt
1174 1916 1227 1942 alia
1243 1923 1306 1944 vero
1321 1915 1414 1942 nescio

225 2005 294 2041 1217
312 2005 457 2040 Περιδεές.
481 2005 662 2033 Periculosum
685 2011 735 2038 ut,
760 2006 787 2034 id
813 2011 865 2038 est,
885 2006 972 2041 pluri—

190 2047 265 2076 mum
282 2040 407 2076 interest,
432 2045 523 2068 utrum
549 2041 601 2068 hoc
615 2049 648 2067 an
664 2041 716 2068 alio
738 2041 818 2068 modo
832 2040 971 2076 quidpiam

191 2075 323 2102 tradatur.
341 2074 484 2103 Rationem
505 2075 582 2103 allert
602 2076 760 2110 Gregorius,
777 2084 826 2103 cur
840 2074 972 2104 l-hristia-

192 2110 235 2136 nis
249 2110 334 2137 multo
345 2111 432 2144 major
445 2118 511 2138 cura
527 2115 555 2138 et
571 2111 726 2138 sollicitudo
738 2112 911 2146 suscipienda
926 2112 972 2143 sit,

191 2151 253 2170 cum
273 2153 427 2182 sermonem
451 2154 483 2174 ac
507 2146 718 2182 disputationem
743 2147 844 2174 habere
865 2151 972 2181 parant,

192 2186 273 2213 quam
290 2180 418 2208 ethnicis.

1056 2005 1120 2033 1251
1139 2006 1252 2041 Σοφῶς.
1269 2005 1330 2034 Vat.
1344 2005 1443 2041 σοφῶν.

1056 2041 1124 2067 1259
1145 2040 1338 2075 'Eipdpnjler.
1358 2041 1428 2068 Edit.
1446 2040 1630 2076 Ec‘rpﬁtmpev.

1057 2077 1126 2104 1265
1146 2076 1298 2112 Ἠρέμουν.
1313 2076 1350 2102 Ita
1368 2076 1494 2112 legimus.
1508 2075 1577 2112 Edit;
1595 2075 1664 2104 male
1673 2075 1803 2112 ἡμέρων.

1057 2111 1124 2138 1269
1142 2111 1345 2146 ξΕκκρίνοΪτο.
1361 2111 1445 2146 119181.
1458 2111 1604 2146 ἐξκρίνοντο.

1058 2146 1126 2174 1276
1142 2143 1267 2174 ⁷Ων.’1ι;ι
1282 2145 1344 2173 Vat.
1367 2145 1438 2173 Edit.
1458 2143 1560 2182 ὦνπερ,
1579 2146 1626 2174 sed
1640 2145 1732 2174 deficit
1748 2153 1797 2175 me

1022 2184 1103 2208 trum.

840 2256 1006 2288 METRICA
1032 2258 1050 2288 V
1058 2258 1176 2302 ERSIO.

193 2337 240 2365 Vel
257 2337 298 2364 sie
325 2336 369 2363 vel
383 2336 472 2368 aliter,
488 2336 634 2372 plurimum
650 2338 733 2367 refert
744 2338 829 2372 loqui.

189 2372 313 2409 frateeps
329 2371 381 2409 iter
401 2379 473 2409 nam.
490 2371 546 2409 quo
564 2375 655 2409 statim
675 2379 703 2400 ut
725 2371 840 2409 quisque
859 2373 968 2407 excidit,

190 2407 263 2436 Idem
279 2406 401 2443 profecto
417 2406 523 2433 Tartari
539 2407 572 2434 ad
589 2414 681 2443 portas
697 2406 778 2436 cadit.

228 2441 288 2476 Quo
303 2441 440 2469 cautiores
451 2450 511 2469 esse
529 2450 578 2469 nos
589 2441 638 2470 llic
652 2444 763 2471 addecet
779 2453 786 2471 :

189 2478 292 2514 Audire
308 2477 442 2514 quaedam,
457 2485 552 2504 rursus
564 2483 592 2505 at
605 2479 728 2513 quaedam
746 2479 831 2514 loqui,

191 2511 326 2540 Interdum
342 2511 464 2546 utrisque
479 2514 580 2547 pariter
596 2511 637 2541 bis
653 2511 796 2544 absistere.

191 2549 281 2583 Eque
295 2547 329 2574 ad
341 2547 454 2583 bilaucis
467 2547 551 2574 instar
561 2548 719 2576 adhibentes
731 2553 843 2576 metum.

191 2582 273 2610 Auris
293 2582 386 2617 pericli
402 2590 463 2608 nam
478 2583 568 2610 minus
588 2583 678 2618 lingua
694 2583 785 2618 parit:

190 2619 279 2654 Atque
296 2624 361 2644 aure
376 2624 484 2654 rursum
499 2618 580 2645 tutior
592 2619 677 2646 multo
687 2623 729 2646 est
745 2619 818 2654 luga.

190 2652 294 2681 Necare
308 2656 379 2679 taeta
389 2652 453 2686 quid
470 2660 539 2687 opus
553 2657 594 2681 est
608 2654 748 2688 torpedinc

192 2688 317 2724 Mentem,
330 2692 376 2714 aut
390 2687 488 2724 furenti
502 2688 568 2722 quid
579 2689 640 2715 cani
653 2687 680 2715 te
690 2688 823 2724 iungere?

193 2723 239 2750 S.e
250 2723 390 2750 institutus
403 2721 500 2749 litteris
512 2721 628 2755 sanctis,
647 2721 746 2758 quibus

191 2758 306 2786 Addicta
321 2765 398 2784 mens
411 2762 452 2784 est
463 2757 575 2785 rudibus
584 2766 615 2785 ex
628 2757 707 2786 anuis
719 2766 777 2786 mea
787 2778 795 2791 ,

191 2791 354 2828 Bcgensqtm
366 2792 450 2828 cives,
463 2797 625 2827 cxterosque
641 2794 712 2820 hunc
726 2794 752 2821 in
768 2793 887 2828 modum,

194 2826 274 2855 Eram
291 2827 401 2855 colonos
412 2826 469 2862 ipsc
476 2829 531 2863 jam
546 2826 616 2856 inter
628 2829 725 2857 divites
738 2837 745 2855 :

987 2344 1008 2373 Β
1024 2337 1117 2365 Messis
1131 2337 1236 2373 tametsi
1252 2342 1345 2365 nostra
1363 2346 1417 2366 non
1430 2343 1502 2367 esset
1514 2339 1594 2367 simul

1022 2373 1149 2409 Collecta.
1169 2371 1235 2409 Pars
1247 2381 1308 2400 nam
1324 2375 1440 2402 solvitur
1452 2375 1539 2409 spinis
1553 2375 1641 2403 adhuc
1657 2386 1663 2403 :

1022 2408 1176 2444 {liquantur
1195 2408 1240 2434 alii
1256 2416 1262 2433 :
1277 2410 1390 2443 suscipit
1407 2408 1584 2444 parsiscmina
1600 2418 1608 2436 :

1024 2443 1051 2480 l_n
1070 2444 1138 2469 lacte
1152 2450 1212 2480 pars
1229 2448 1270 2480 cst
1286 2452 1292 2468 :
1311 2452 1372 2478 pars
1390 2445 1472 2472 bumo
1485 2453 1514 2472 se
1527 2446 1640 2480 surrigit
1656 2456 1662 2473 :

1023 2478 1090 2514 Pars
1105 2483 1147 2514 est
1163 2479 1189 2504 in
1205 2478 1286 2505 bcrba
1305 2488 1310 2505 ι
1330 2480 1404 2513 spica
1414 2488 1475 2514 pars
1487 2485 1529 2507 est
1546 2489 1551 2506 :
1570 2478 1698 2508 acisuum

1023 2512 1090 2539 Pars
1110 2513 1193 2539 robur
1214 2517 1292 2547 auget
1305 2522 1312 2539 :
1328 2512 1435 2541 candidi
1448 2515 1480 2541 ad
1496 2523 1611 2543 messem
1621 2517 1719 2545 alteri:

1024 2548 1053 2574 lu
1071 2555 1134 2574 area
1149 2548 1175 2574 hi
1188 2553 1252 2574 sunt
1269 2557 1275 2574 :
1294 2548 1343 2576 bos
1355 2557 1469 2576 acervus
1483 2551 1603 2578 continet
1618 2560 1626 2578 :

1025 2582 1091 2610 Pars
1105 2584 1269 2610 ventilautur
1285 2593 1291 2610 :
1308 2584 1428 2611 triticum
1446 2592 1508 2618 pars
1520 2589 1547 2611 at
1564 2590 1693 2614 manent:

1024 2618 1064 2644 Ac
1078 2618 1154 2652 panis
1169 2618 1224 2650 alii,
1239 2618 1300 2645 linis
1315 2619 1439 2653 agricola:
1457 2620 1578 2652 ultimus,

1025 2653 1117 2685 Panis,
1131 2654 1257 2680 colouum
1269 2661 1323 2680 non
1336 2654 1411 2680 alens
1424 2655 1479 2687 jam
1496 2663 1568 2681 nunc
1579 2662 1669 2687 suum,

1027 2687 1126 2724 Verum
1139 2689 1197 2719 llos,
1213 2689 1312 2715 laboris
1325 2696 1340 2715 a
1353 2690 1451 2723 quibus
1463 2695 1598 2724 sumptqu
1613 2695 1655 2718 est
1671 2690 1750 2719 nihil.

1061 2722 1110 2759 llic
1122 2724 1268 2750 terminare
1285 2722 1392 2759 carmen
1412 2724 1462 2750 hoc
1477 2722 1572 2752 vellem
1589 2733 1689 2759 meum,

1025 2757 1150 2794 Nihilque
1163 2759 1237 2784 dictu
1253 2758 1324 2792 quod
1340 2759 1539 2794 sitVindignum.
1552 2759 1654 2794 eloqui.

1027 2793 1090 2830 ξω,
1108 2801 1168 2827 qua:
1182 2797 1343 2830 sequuntur,
1362 2793 1389 2820 id
1401 2793 1491 2830 facere
1501 2802 1555 2830 non
1572 2793 1613 2830 me
1626 2795 1731 2830 sinunt,

1026 2828 1140 2857 Ccssere
1154 2829 1251 2863 partim
1264 2829 1324 2856 lazta
1334 2836 1403 2864 quae,
1422 2829 1521 2864 partim
1535 2828 1607 2857 haud
1621 2830 1680 2858 scio
