1955 3042
131 137 201 164 ΗΙῚ

131 193 164 219 Τί
177 191 230 228 χρὴ
242 191 334 226 λέγειν
355 200 409 227 μοι,
428 191 476 218 καὶ
496 191 548 218 τίνι
565 191 647 228 μοίρᾳ.
661 192 834 228 προσνέμειν,

132 237 216 268 Τίνας
229 237 252 263 δ’
269 237 397 264 ἐπαινεῖν.
414 236 516 263 Τοῦτον
526 236 640 272 ἐχόντων
660 238 758 273 τρόπον

139 282 245 317 Ἡμῶν,
258 282 380 317 solata-ﬂ
392 282 497 318 ἀθρόως
511 282 688 318 αὐτοκράτωρ

132 326 202 352 1280
226 326 273 352 ‘Ex
285 325 334 360 τῆς
346 325 497 360 Μακεδνῆς,
513 325 657 361 βαρϐάρων
670 327 772 362 στήσας
786 327 877 362 νέφος,

132 371 232 406 Πλήθει
251 379 282 398 τε
300 370 390 406 πολλῷ
404 370 451 397 καὶ
466 370 560 406 θράσει
575 370 761 406 τεθηγμένων,

134 417 292 452 Ἀνθρωπσς
310 416 340 442 οὐ
356 415 441 447 κακὸς
456 415 517 451 μὲν,
539 417 579 447 εἰς
591 416 682 444 πίστιν
696 416 765 444 Θεοῦ

131 462 214 489 Ὅσον
227 463 362 498 κρατῆσαι
373 462 423 494 τὰς
434 462 620 498 ἁπλουστέρας
633 462 737 497 φύσεις,

131 507 188 535 Καὶ
201 508 251 542 τῆς
267 507 380 542 Τριάδος
395 507 539 543 ὑπερφυῶς
553 507 708 543 ἡττώμενος
718 516 725 523 ⁵

132 553 202 581 1285
213 553 387 589 (Σπλὰγχνων
397 553 449 589 γὰρ
459 551 534 584 οὗτός
548 553 606 580 ἐστι
614 553 661 579 καὶ
669 553 778 580 πάντων
788 553 874 588 λόγος,

131 599 252 635 Στεῤῥᾶς
267 599 309 633 ἐφ’
324 598 402 633 ἔδρας
419 597 548 633 ἀσφαλῶς
562 597 746 634 βεϐηκότωνζ·)

133 644 171 672 Οὑ
186 645 239 680 μὴν
252 644 380 676 τοσοῦτος
392 645 425 679 τῇ
444 644 517 676 ζέσει
531 643 577 670 τοῦ
592 643 756 680 πνεύματος,

138 689 183 721 Ὠς
198 688 347 716 ἀντισῶσαι
361 689 418 720 τοῖς
436 687 600 723 παρελθοῦσι
614 688 648 715 τὰ
664 688 722 721 νῦν,

131 734 228 770 Καιρῷ
241 733 275 761 τὰ
291 733 386 769 καιροῦ
403 733 549 769 ἰτταίσματ1
564 733 723 769 ἐξιώμενος·

133 780 203 809 1Ξ90
221 781 256 807 Ἦ
269 780 319 816 τὴν
332 780 407 812 ζέσιν
423 779 472 814 μὲν
489 779 555 812 ἴσος,
569 780 619 806 οὐκ
632 780 688 812 ἴσος
704 779 733 806 δέ
753 788 796 815 γε,

384 856 527 893 Quomodo
541 856 676 893 appellare
690 864 733 884 me
742 860 883 893 roporteat.
901 861 930 885 et
944 859 989 886 cui
1005 859 1075 893 parti
1092 859 1212 887 tribuere

384 891 418 918 Et
434 899 504 926 quos
520 892 642 918 laudare.
657 891 724 918 Cum
740 892 763 919 is
776 896 848 919 esset
862 900 952 920 rerum
965 891 1054 922 status

383 925 556 956 Nostrarum.
575 926 683 953 advenit
699 927 792 954 subito
808 927 956 961 imperator

638 134 758 163 SECTIO
775 134 796 163 1.
816 133 981 164 POEMATA
999 134 1045 163 DE
1064 132 1184 162 SEIPSO

929 198 952 226 Α
967 192 999 218 Τί
1012 191 1072 227 ea);
1088 191 1119 218 τὸ
1132 189 1270 226 θάρσος,ἧ
1291 189 1408 225 θράσοςς
1428 188 1560 222 διδάξατε.

1684 133 1753 164 ιιιιι

970 238 1050 269 Ἴσως
1061 237 1084 263 δ’
1099 236 1210 271 ἄμεινον
1226 235 1257 262 τὸ
1271 235 1441 271 προμήθειαν
1457 235 1560 262 καλεῖν.

967 282 1006 310 Οὐ
1021 281 1076 318 γὰρ
1091 281 1256 317 κατείργειν,
1276 280 1345 308 ἀλλὰ
1360 280 1474 313 πείθειν,
1492 279 1603 316 ἔννομον

967 326 1045 356 Εἶναι
1059 325 1174 362 νομίζω,
1190 327 1238 353 καὶ
1252 326 1320 362 πρὸς
1333 325 1413 361 ἡμῶν
1429 334 1456 352 τι
1469 325 1558 357 πλέον,

969 375 1038 402 1295
1055 374 1150 401 Αὐτῶν
1163 374 1187 400 τ’
1203 373 1324 405 ἐκείνων,
1344 372 1392 404 οὒς
1406 371 1466 407 Θεῷ
1483 371 1665 407 προσάξομεν.

967 421 1005 446 Τὸ
1021 420 1070 455 μὲν
1081 419 1136 455 γὰρ
1152 418 1290 451 ἀκούσιον,
1305 417 1489 453 κρατούμενον
1512 416 1569 452 βίᾳ,

969 465 1074 500 Ὥσπερ
1087 464 1163 499 βέλος
1177 464 1261 500 νευρᾷ
1281 471 1312 489 τε
1328 462 1375 490 καὶ
1390 462 1469 498 χερσὶ
1482 462 1567 494 δεθὲν,

969 511 1005 536 Ἦ
1022 509 1099 545 ῥεῦμ’
1115 510 1144 536 ὲν
1160 509 1231 545 ὁ).κῷ
1244 508 1375 536 πάντοθεν
1390 507 1578 543 στενούμενον,

968 556 1072 591 Καιροῦ
1085 555 1222 589 δοθέντος,
1242 556 1293 591 τὴν
1310 555 1369 590 βίαν
1386 555 1554 591 περιφρονεῖ.

969 601 1038 629 1500
1055 601 1093 628 Τὸ
1107 601 1130 628 δ’
1145 601 1277 634 ἑκούσιον,
1296 601 1403 636 βέὃαιον
1417 601 1456 633 εἰς
1471 600 1560 628 πάντα
1573 599 1679 636 χρόνον,

967 647 1082 682 Δεσμοῖς
1096 647 1205 679 ἀλύτοις
1217 646 1271 673 τῶν
1290 646 1381 673 πόθων
1395 645 1570 681 ὲσφιγμένον.

969 691 1052 719 Ταῦτ’
1071 691 1180 725 ἐννοῶν,
1195 691 1256 726 ἔμοι
1279 699 1312 726 γε
1330 690 1376 718 τὸν
1393 690 1474 725 φόϐον
1492 689 1567 716 δοκεῖ

969 736 1044 768 Τέως
1061 736 1217 771 κατασχὼν,
1231 736 1335 768 πάντας
1346 735 1435 763 ἕλκειν
1450 735 1570 771 ἡμέρως,

969 781 1084 818 Προθεὶς
1101 782 1132 808 τὺ
1147 782 1280 817 βούλεσθ’,
1293 781 1430 817 ἔγγραφον
1443 780 1553 812 πειθοῦς
1571 779 1663 815 νόμον.

1215 879 1224 893 ἲ

384 961 454 997 ί280
472 961 512 988 Ex
526 961 694 997 Macedonia,
710 965 772 997 post
788 970 927 996 repressas
944 963 1032 990 nubes
1048 963 1231 992 barbarorum

385 996 481 1032 Magna
497 996 670 1032 multitudine
685 1001 711 1023 et
726 997 842 1032 audacia
858 997 1069 1032 praelidentium,

385 1030 441 1066 Vir;
452 1038 506 1057 non
516 1031 620 1066 rmalus,
633 1035 764 1066 quantum
778 1031 810 1058 ad
824 1030 1006 1060 continendas

383 1065 414 1092 In
429 1065 476 1092 Dei
489 1065 541 1093 lide
557 1065 662 1093 animas
675 1066 867 1100 simpliciores,

382 1101 422 1136 Ac
436 1099 527 1136 Triadi
543 1101 711 1136 majoremin
727 1099 835 1128 modum
850 1102 974 1130 addictus

383 1135 454 1170 1285
474 1135 513 1170 (Is
527 1135 600 1162 enim
616 1135 707 1163 cordis
722 1143 812 1163 sermo
827 1142 879 1170 est,
892 1144 924 1164 ac
939 1137 1060 1165 omnium

383 1169 436 1206 Qui
446 1170 551 1206 stabili
559 1170 690 1206 se_di_tuto
707 1170 842 1206 insident)
853 1181 860 1205 ;

410 1204 558 1243 42-743
578 1204 631 1231 Sed
645 1212 699 1243 non
710 1206 734 1243 i_s
745 1204 837 1243 tamen
847 1207 893 1241 qui
906 1205 1012 1235 fervore
1027 1207 1141 1243 spiritus

408 1241 533 1267 rieteritis
546 1240 690 1279 praesentia
701 1240 821 1279 vicissim
837 1240 967 1277 :equaret,

383 1273 518 1309 Tempore
530 1273 624 1302 ruinas
635 1277 766 1309 temporis
776 1273 877 1304 sanans
888 1287 895 1304 :

383 1309 454 1349 1299
472 1311 526 1349 aut
540 1310 562 1337 si
571 1309 683 1349 fervore
692 1309 739 1338 bis
751 1312 831 1349 rebus
844 1314 976 1349 par‘erat,
989 1319 1043 1349 non
1058 1316 1148 1341 tamen
1161 1319 1221 1349 par,

384 1344 455 1376 Quid
472 1344 582 1372 dicam?
598 1344 706 1376 liducia,
722 1353 755 1372 an
771 1344 904 1373 audacia?
920 1354 968 1374 vos
983 1346 1089 1375 docete.

383 1378 511 1414 Fortasse
524 1379 611 1407 satius
624 1380 795 1414 prudentiam
808 1388 916 1408 vocare.

383 1413 442 1452 gon
454 1415 525 1452 enim
540 1413 647 1449 cogere.
661 1415 893 1452 sedpersuadere,
906 1416 1057 1452 legitimum

383 1448 452 1476 Esse
462 1448 592 1482 arbitror,
608 1457 640 1476 ac
652 1449 731 1477 nobis
742 1450 847 1483 utilius,

384 1483 454 1519 1295
473 1483 597 1519 Ipsisque
611 1484 675 1514 illis.
690 1492 759 1519 quos
775 1485 829 1512 Deo
842 1485 1013 1514 adducimus.

382 1517 543 1556 Quodeiiim
553 1517 611 1546 'non
627 1517 809 1556 voluntarium
824 1525 875 1552 est.
888 1521 915 1548 id
931 1529 991 1548 cum
1007 1521 1033 1549 vi
1051 1521 1213 1556 retineatur,

383 1552 474 1589 Veluti
488 1554 570 1581 telum
587 1561 670 1581 nervo
685 1559 712 1581 et
731 1555 856 1589 manilius
868 1557 1060 1589 constrictum,

382 1588 437 1624 ᾼιιι
452 1590 541 1624 amnis
557 1589 585 1624 in
595 1596 677 1616 cursu
691 1588 809 1624 undique
822 1595 955 1624 arctatus,

384 1622 434 1659 Ubi
450 1623 543 1659 datum
561 1623 640 1651 fuerit
653 1622 774 1659 tempus,
787 1625 842 1652 vim
857 1622 1015 1653 contemnit.

381 1658 453 1698 εξοο
471 1658 549 1698 Quod
560 1663 649 1698 autem
662 1658 843 1698 voluntarium
860 1664 911 1691 est,
925 1661 1031 1698 ﬁrmum
1041 1665 1084 1689 est
1098 1661 1126 1688 in
1139 1669 1219 1690 omne
1233 1665 1352 1698 tempus,

384 1691 508 1720 Vinculis
518 1694 620 1721 amoris
635 1701 691 1721 non
706 1694 871 1723 solubilibus
887 1696 1078 1723 constrictum.

384 1727 447 1764 llam
458 1728 525 1755 dum
539 1728 706 1761 considerat,
719 1730 906 1764 mihiquidem
917 1731 1025 1758 videtur
1037 1734 1138 1758 metum

382 1761 522 1790 Hactenus
535 1763 678 1797 cohibens,
691 1772 785 1792 omnes
798 1761 897 1792 leniter
915 1766 1036 1797 trahere,

383 1797 572 1826 Voluntarium
581 1805 748 1834 proponens,
769 1803 798 1826 ut
814 1799 974 1835 inscriplam
992 1800 1178 1834 persuasionis
1192 1800 1290 1836 legem.

169 1873 237 1910 1277
252 1874 318 1910 liful.
331 1873 415 1903 Coisl.
434 1875 479 1910 μέ.

168 1909 237 1947 1278
254 1909 379 1944 Τρόπον.
396 1909 440 1937 lla
452 1910 576 1947 legimus.
589 1909 667 1947 iEdit.
684 1910 729 1938 τὸν
744 1910 854 1947 τρόπον,
869 1911 918 1939 sed

132 1945 218 1974 male;
234 1952 296 1971 nam
308 1952 403 1973 versus
416 1949 533 1973 metrum
548 1946 649 1972 deﬁcit.

169 1979 238 2006 l285
251 1979 436 2015 Σπλάγχνων
450 1980 506 2015 γὰρ
524 1979 622 2013 οὗτος.
637 1979 694 2008 Hoc
704 1984 746 2008 est
758 1990 764 2008 :
775 1980 852 2008 Serio
866 1981 918 2008 hoc

135 2017 217 2048 atque
229 2022 261 2041 ex
275 2015 371 2042 intimo
383 2015 467 2042 corde
481 2015 554 2047 dico,
565 2015 715 2050 dicuntque
731 2017 794 2042 item
808 2023 915 2047 omnes,

133 2050 180 2110 ﬁni
201 2057 283 2084 supra
295 2054 402 2090 petram
424 2050 529 2077 firmam
543 2051 588 2078 siti
609 2054 674 2090 sunt
691 2050 915 2091 (palliolici)._lta

158 2084 241 2110 Illius.
257 2092 301 2110 cur
319 2092 373 2110 non
397 2085 484 2110 nlacet
507 2085 680 2110 Leuvenclati
702 2089 890 2110 interpretatio
906 2094 914 2110 :

158 2084 241 2120 illius,
257 2084 301 2111 cui
319 2092 373 2112 non
397 2085 484 2120 placet
507 2085 680 2113 Leuvenclaii
702 2086 890 2120 interpretatio
906 2094 914 2112 :

133 2117 289 2153 Cujusmodi
308 2128 363 2147 esse
379 2117 459 2146 corda
473 2120 565 2155 debent
580 2120 713 2152 omnium;
727 2117 808 2155 quam
825 2124 916 2147 tamen

134 2155 287 2182 versionem
307 2155 394 2182 secuti
406 2159 470 2182 sunt
482 2154 656 2182 Bollandislae
670 2163 676 2181 :
693 2154 751 2188 Quo
763 2163 827 2182 sane
839 2155 915 2182 modo

134 2197 223 2225 omnes
247 2190 267 2216 ii
282 2189 374 2217 debent
390 2198 446 2216 esse
466 2190 554 2223 affecti
579 2190 624 2225 qui
640 2190 717 2224 ﬁrmo
744 2190 916 2224 fundamenta

133 2224 246 2252 salutem
260 2231 336 2251 suam
350 2225 427 2251 inniti
439 2224 538 2252 volunt.

1006 1876 1075 1904 l288
1096 1876 1284 1904 Ἀντισῶσαι.
1302 1876 1360 1905 Hoc
1373 1880 1427 1909 est,
1443 1880 1474 1904 nt
1487 1884 1546 1905 eam
1561 1877 1590 1904 in
1609 1875 1752 1906 haereticos
1808 1898 1812 1902 .

971 1912 1145 1946 asperitatem
1167 1912 1317 1944 exhiberet,
1337 1919 1419 1947 quam
1444 1912 1550 1947 priores
1574 1912 1752 1947 imperatores

971 1920 1145 1946 asperitatem
1167 1920 1317 1944 exnmeret,
1357 1920 1419 1940 nam
1444 1920 1550 1947 priores
1574 1920 1752 1947 imperatores

970 1946 1076 1977 Ariani,
1092 1947 1272 1974 Constantius
1290 1951 1318 1974 et
1332 1920 1432 1975 galeris
1457 1947 1483 1974 iu
1503 1946 1653 1974 catholicos
1673 1954 1752 1974 exer-

971 1985 1085 2007 cuerant
1098 1991 1103 2008 2
1124 1982 1164 2008 vel
1180 1986 1210 2007 ut
1225 1982 1259 2007 ad
1274 1985 1393 2009 veterem
1415 1986 1514 2009 statum
1531 1985 1670 2009 revocaret
1684 1988 1753 2016 pra:-

971 2017 1070 2048 sentia,
1088 2019 1114 2043 et
1127 2023 1186 2050 qua:
1200 2019 1352 2050 temporum
1373 2016 1512 2051 iniquitate
1530 2016 1650 2051 collapsa
1662 2019 1752 2049 erant,

969 2051 997 2077 in
1010 2051 1158 2090 pristinum
1173 2051 1344 2090 splendorem
1359 2053 1524 2090 restitueret2

1006 2085 1074 2112 1299
1090 2085 1199 2118 Καιροῦ
1214 2085 1362 2118 δοθέντος.
1379 2086 1463 2112 Coisl.
1481 2085 1617 2116 λυθέντος.

1005 2120 1071 2147 1501
1095 2119 1298 2155 Ἐσφιγμένον.
1314 2120 1351 2147 Ita
1370 2120 1453 2147 Coisl.
1465 2120 1534 2147 Edit.
1551 2119 1733 2155 ὲσφιγμένων.

1005 2155 1074 2182 1502
1092 2155 1185 2182 Δοκεῖ.
1202 2155 1248 2181 Sic
1260 2155 1344 2183 Coisl.
1359 2155 1430 2182 Edit.
1445 2155 1542 2182 δοκεῖν.

1005 2189 1074 2218 1504
1088 2190 1221 2225 Πρυθείς.
1235 2189 1295 2217 Vat.
1312 2189 1449 2226 προσθείς.

776 2305 943 2335 METRICA
957 2304 1095 2336 VERSIO

133 2387 204 2421 Quid
217 2387 359 2423 dicam,ret
372 2387 430 2415 hac
444 2388 489 2415 cui
503 2387 617 2416 debeam
633 2388 703 2423 parti
717 2388 791 2421 dare,

133 2423 209 2456 Quos
220 2423 300 2449 laude
317 2422 398 2450 ferre.
416 2423 484 2450 Dum
501 2428 574 2451 statu
589 2422 640 2450 nos
655 2424 706 2451 hoc
721 2430 827 2455 sumus,

133 2457 173 2484 En
190 2458 339 2492 imperator
353 2458 462 2485 advenit
477 2458 555 2485 nobis
573 2466 680 2492 repens,

133 2492 217 2520 Terra
232 2499 265 2519 ex
281 2491 439 2526 Macedona,
456 2492 540 2520 Marte
555 2491 664 2521 domitis
679 2492 813 2525 barbaris,

134 2527 404 2563 Stimularatingens
415 2535 484 2562 quos
497 2535 603 2559 manus,
619 2532 646 2555 et
658 2528 752 2562 ingens
764 2528 860 2554 furor:
877 2561 880 2563 ἓ

134 2562 244 2597 Minime
261 2562 370 2597 quidem
385 2562 429 2590 ille
442 2563 482 2589 vir
496 2563 584 2590 malus
598 2568 730 2597 quantum
744 2563 778 2590 ad
791 2562 881 2595 ﬁdem,

133 2596 238 2632 Ienere
256 2596 359 2625 mentes
374 2601 464 2632 posset
479 2601 508 2624 ut
525 2598 571 2632 qui
589 2596 739 2632 simplices.

133 2631 299 2666 Triadisque‘
309 2631 410 2660 sancta:
424 2633 513 2660 cultor
523 2631 594 2660 esset
606 2631 740 2660 maximus

133 2667 197 2700 (Sic
213 2668 312 2702 quippe
325 2673 351 2694 et
366 2668 424 2702 ipse
439 2668 538 2699 sentio,
556 2671 583 2695 et
598 2668 689 2694 cuncti
707 2671 844 2701 asserunt,

133 2702 185 2737 Qui
201 2703 265 2729 sede
279 2702 370 2729 stabili
386 2707 444 2730 tuto
462 2706 555 2729 amant
571 2702 731 2737 insistere);

134 2736 251 2773 [crvore
265 2737 312 2764 sed
326 2746 381 2764 non
395 2738 526 2773 praeditus
541 2741 618 2764 tanto
632 2736 731 2769 tamen,

135 2772 268 2808 {Equaret
285 2776 315 2799 ut
327 2772 532 2808 cnm’pristinis
548 2773 702 2807 prwsentia,

136 2806 252 2835 Sanaret
267 2812 348 2842 atque
365 2806 496 2842 temporis
511 2806 579 2834 mala
597 2812 716 2842 tempore
732 2818 737 2836 ς

136 2842 253 2871 Fervore
265 2843 306 2871 vel
318 2843 340 2871 si
357 2851 405 2879 par
420 2848 491 2876 crat,
504 2850 558 2870 non
574 2851 622 2878 par
635 2849 704 2876 crat,

968 2386 1117 2423 Fiduciane
1129 2388 1257 2423 pectoris,
1270 2395 1304 2415 an
1322 2387 1436 2415 audacia

969 2422 1083 2458 l_)icam?
1098 2421 1202 2450 vocare
1219 2427 1331 2457 praastat
1347 2423 1400 2450 hoc
1415 2421 1599 2458 prudentiam.

970 2456 1092 2493 §uadere
1104 2459 1204 2492 quippe
1220 2456 1261 2484 est
1277 2458 1393 2493 aequius,
1410 2456 1491 2493 (luam
1507 2464 1614 2493 cogere,

969 2491 1202 2527 Magisque’no’b’is
1215 2491 1350 2525 convenit,
1368 2497 1395 2520 et
1412 2493 1466 2520 illis
1481 2491 1546 2518 item

971 2527 1082 2554 Sociare
1094 2535 1202 2554 snmmo
1214 2527 1328 2554 nitimur
1339 2535 1408 2562 quos
1420 2527 1541 2554 Numini.

971 2562 1038 2597 liam
1055 2561 1127 2597 quod
1142 2567 1264 2593 coactus.
1283 2560 1384 2597 perque
1398 2562 1461 2594 vim,
1478 2561 1623 2596 quisquam
1640 2560 1717 2595 facit,

970 2596 1070 2624 Nervis
1083 2601 1111 2623 nt
1121 2604 1202 2624 arcus
1215 2596 1375 2630 vinctus-{et
1389 2598 1466 2623 lirma
1479 2603 1572 2629 manu,

970 2633 1024 2658 Aut
1037 2639 1134 2659 cursus
1149 2632 1238 2659 amnis
1255 2632 1374 2666 undique
1389 2635 1520 2666 arctaturs,
1538 2630 1641 2664 statim,

970 2666 1055 2693 Datur
1071 2671 1100 2693 ut
1115 2666 1240 2698 facultas,
1255 2665 1400 2701 pristinam
1414 2666 1469 2693 vim
1484 2665 1613 2701 despicit.

969 2703 1004 2729 At
1021 2705 1119 2736 sponte
1133 2701 1205 2735 quod
1221 2702 1260 2732 lit,
1273 2701 1355 2728 durat
1369 2701 1397 2728 in
1411 2704 1526 2728 cunctos
1540 2701 1612 2734 dies.

970 2736 1079 2772 amoris
1095 2736 1207 2772 utquod
1222 2736 1489 2772 vinculumstringat
1507 2740 1600 2764 tenax.

970 2771 1034 2798 llaec
1044 2771 1099 2803 ille,
1115 2770 1221 2806 opinor,
1238 2770 1373 2806 cogitans;
1394 2771 1460 2798 nulli
1475 2778 1585 2806 gravem

970 2806 1069 2833 Melum
1085 2805 1230 2838 inferebat,
1246 2805 1342 2834 leniter
1357 2810 1471 2834 cunctos
1487 2805 1611 2838 trahens,

969 2841 1109 2876 Cujusque
1125 2845 1240 2869 mentem
1254 2841 1366 2871 liberam
1381 2842 1438 2878 lege
1451 2845 1478 2868 et
1493 2840 1596 2869 sinens.
