1955 3042
64 141 67 145 ’
95 129 158 158 “9.9

96 187 141 213 Ἔν
153 187 175 213 δ’
191 184 220 218 ἐξ
231 185 358 212 ἁπάντων
368 183 512 219 δείγματος
525 183 592 216 λέξω
607 184 696 219 χάριν.

96 232 185 259 Ἐνδον
200 231 259 257 ποθ’
274 229 408 266 ἡσύχαζον
425 228 454 262 ἐξ
470 230 626 264 ἀρρωστίας
636 237 642 244 ·

94 277 195 314 Ἦρκτο
214 277 279 312 γὰρ,
294 275 380 312 ἦρκτο
396 275 586 313 συνδραμοῦσα
600 276 656 307 τοῖς
671 275 775 307 πόνοις.”

94 324 171 351 Ταῦτ’
184 323 355 359 ὲτρυφῶμεν,
368 323 405 354 ὡς
418 323 491 349 δοκεῖ
509 323 564 353 τοῖς
584 321 737 356 βασκάνοις.

96 370 160 398 1445
172 370 265 401 Οὕτως
277 369 393 404 ἔχοντος,
405 367 510 404 ἁθρόως
525 367 611 402 δήμου
625 367 696 398 τινὲς

100 415 256 447 Ἐπεισίασι,
274 415 321 441 σὺν
334 414 362 440 δὲ
377 415 433 445 τοῖς
449 413 566 444 νεανίας,

99 462 200 497 Ὢχρὸς,
215 461 348 496 κομήτης,
366 458 501 491 πενθικῶς
515 458 687 494 ἐσταλμένος.

100 507 178 542 Ἐμοῦ
192 507 213 533 δ’
228 506 441 541 ἐπιστρέψαντος
461 504 492 531 ὲκ
506 504 599 540 κλίνης
616 503 698 535 πόδας

94 553 168 580 Οὕτω
178 562 204 579 τι
219 552 325 588 μικρδν,
338 549 382 578 οἵα
401 551 434 577 τὰ
452 551 635 585 πτοουμένων,

95 598 160 625 1450
175 598 207 624 Οἱ
223 597 272 632 μὲν
285 595 345 631 Θεῷ
361 604 390 622 τε
404 597 451 622 καὶ
465 595 577 630 βασιλεῖ,
592 595 624 626 ἂς
634 592 668 629 ἦν
680 594 765 629 φίλον,

93 644 184 675 Φωνὰς
196 643 308 677 ἀφέντες
321 642 498 677 εὐχαρίστους
513 640 645 674 ἀφθόνως,

98 688 139 720 Ὠς
151 688 200 724 τὴν
213 688 351 723 παροῦσαν
363 686 469 722 ἡμέραν
484 685 635 716 δεδωκόσιν,

98 733 184 769 Ἦμᾶς
201 734 223 760 τ’
237 733 429 763 ἐπαινέσαντες
450 731 523 758 ἐςτιν
534 729 575 763 οἷς
591 730 688 765 λόγοις,

598 128 718 156 SECTIO
736 128 756 154 1.
777 126 939 154 ΡΟΕΜΑΤΑ
961 125 1003 153 DE
1022 125 1150 152 SEIPSO.

1643 128 1708 156 “30

885 188 909 215 Α
928 183 1070 218 Ἀπῆλθον.
1088 184 1136 214 Ὃς
1151 182 1179 208 δὲ
1194 183 1249 214 τοῖς
1264 182 1341 216 ἐμοῖς
1354 182 1430 217 ἄφνω
1443 184 1506 210 ποσὶ

925 230 993 257 1455
1009 229 1146 264 Προπφὺς,
1163 228 1264 263 ἱκέτης,
1279 228 1394 262 ἄφωνος,
1409 229 1560 264 ἕκπληκτός
1573 238 1613 262 τις
1627 228 1672 265 ἦν.

931 275 1012 310 Ἐμοῦ
1027 275 1065 306 δὲ,
1085 274 1126 305 τίς
1150 283 1180 301 τε
1196 274 1242 300 καὶ
1255 274 1347 307 πόθεν,
1361 274 1471 310 χρῄζεις
1485 276 1507 301 δ’
1524 276 1586 302 ὅτου

925 321 1065 355 Λέγοντος,
1075 320 1151 347 οὐδέν
1164 329 1190 346 τι
1203 320 1283 346 πλέον
1298 320 1314 355 ἢ
1339 320 1448 355 μείζους
1463 321 1533 356 βοαί.

927 366 1071 401 Ὠμορξεν,
1083 366 1235 398 ἐστέναξεν,
1249 367 1265 400 ἡ
1282 365 1389 400 σφίγξις
1401 368 1491 402 χεροῖν

929 412 1039 438 Πλείων.
1060 411 1198 446 ’Υπειπῄει
1215 420 1241 437 τι
1258 412 1340 446 κάμοὶ
1353 412 1479 447 δάκρυον.

928 458 995 485 1460
1010 458 1059 494 Βίᾳ
1072 459 1093 485 δ’
1104 458 1372 492 ἀποσπασθέντος(οὺ
1388 458 1440 494 γὰρ
1453 456 1487 493 ἦν
1499 458 1592 494 λόγῳ),

927 504 987 530 Τῶν
1001 512 1042 534 τις
1057 503 1211 539 παρόντων·
1227 512 1236 528 α
1251 500 1343 535 Οὗτος,
1364 513 1373 529 ι
1394 501 1479 536 εἶπεν,
1495 513 1505 528 ι
1528 505 1542 530 ὁ
1554 504 1673 539 σφαγεὺς

927 549 991 581 Σοῦ,
1003 548 1083 575 τοῦτο
1097 548 1155 583 φῶς
1170 548 1314 583 βλέποντος
1325 549 1357 574 ὲκ
1369 548 1436 575 Θεοῦ
1449 549 1564 584 σκέπης,

932 593 1018 620 Ἐκὼν
1038 593 1167 628 πάρεστι,
1187 593 1281 629 δήμιος
1301 593 1459 626 συνειδότος,

925 640 1024 670 Φονεὺς
1040 638 1201 674 εὐγνώμων,
1218 638 1329 673 εὐγενὴς
1346 639 1507 674 κατήγορος,

927 685 996 711 1465
1012 684 1047 710 Τὸ
1061 684 1176 719 δάκρυον
1189 684 1278 710 δίδωσι
1293 683 1374 718 τιμὴν
1390 684 1513 718 αἵματος.
1530 699 1539 710 Ι

928 728 1009 755 Ταῦτ’
1025 726 1100 755 εἶπεν
1110 737 1117 744 ·
1131 727 1266 764 ἐκλάσθην
1278 728 1306 754 δὲ
1323 730 1379 760 τοῖς
1391 729 1478 763 λόγοις
1492 728 1558 763 ἐγὼ,

343 811 433 838 Unum
452 818 483 837 ex
500 810 628 836 omnibus
643 809 757 843 exempli
776 816 859 835 causa
876 808 1004 834 narrabo.

343 846 419 873 Domi
437 846 584 879 aliquando
596 844 822 878 eonquicseebam
838 843 1085 879 morbordetentus,

343 881 394 914 Qui
413 878 535 907 laborum
555 883 701 914 perpetuus
717 886 808 905 comes
824 883 882 905 erat
899 878 1055 914 adjunctus,

346 912 408 942 Ητεο
424 912 581 942 deliciarum
602 912 682 941 causa
699 914 825 948 agebam.
847 917 876 938 ut
896 913 983 947 placet
1001 912 1111 940 invidis.

343 950 412 977 1445
432 949 499 977 Cum
518 950 558 976 sic
576 957 618 976 me
635 949 773 980 haberem,
792 948 881 974 subito
895 948 928 975 de
945 948 1022 983 plebe
1037 948 1148 981 quidam

343 985 494 1017 lntroeunt,
508 988 534 1011 et
548 992 609 1011 cum
631 984 683 1010 illis
697 983 805 1017 juvenis

344 1020 476 1050 Pallidus.
495 1019 583 1053 longis
599 1018 716 1053 capillis,
734 1018 841 1053 lugubri
853 1024 961 1045 ornatu.

343 1055 410 1082 Cum
427 1060 517 1081 autem
537 1054 675 1087 paululum
693 1053 775 1088 pedes
792 1061 807 1077 ρ
823 1053 906 1079 cubili

344 1089 539 1118 EXIraxissem.
556 1094 585 1115 ut
599 1089 697 1119 solent,
714 1088 760 1122 qui
776 1088 863 1115 territi
878 1092 952 1119 sunt,

343 1124 412 1151 1450
432 1124 470 1150 llli
486 1123 594 1158 quidem
610 1123 664 1150 Deo
679 1127 706 1149 et
722 1124 788 1158 regi,
807 1127 837 1149 ut
854 1123 922 1156 ipsis
937 1123 1070 1157 placebat,

342 1158 430 1186 Voces
445 1157 606 1190 emiserunt,
623 1157 722 1192 quibus
742 1162 842 1192 gratias
858 1158 994 1185 uberrime
1008 1160 1134 1193 agebant,

342 1193 420 1226 Quod
437 1198 596 1228 prmseutem
614 1193 685 1219 diem
700 1193 844 1227 utriusque
858 1193 930 1219 dono
948 1197 1102 1223 cernerent.

342 1227 466 1263 (iamque
487 1236 528 1254 me
548 1236 655 1262 quoque
677 1229 815 1255 nonnullis
834 1228 925 1255 verbis
939 1227 1108 1261 laudassent,

342 1264 484 1290 Abierant.
503 1263 536 1289 At
554 1264 598 1290 ille
615 1263 682 1289 meis
702 1264 792 1290 subito
807 1263 923 1297 pedibus

344 1299 414 1326 1455
431 1299 577 1330 Inhaerens,
599 1298 722 1332 supplex.
739 1301 830 1324 mutus
850 1302 876 1324 ct
894 1297 1025 1333 attonitus
1041 1298 1150 1333 quidam
1167 1302 1234 1324 erat.

343 1333 385 1360 Me
399 1338 489 1360 autem
506 1334 578 1367 quis,
593 1338 619 1360 et
635 1333 714 1363 unde,
728 1337 754 1360 et
771 1333 850 1365 cujus
865 1332 902 1359 rei
927 1332 1042 1367 indiges,

343 1368 476 1403 Rogantc.
496 1368 564 1394 nihil
578 1368 694 1402 amplius
712 1368 802 1398 ﬂebat,
819 1368 871 1394 nisi
888 1368 975 1402 major
993 1367 1159 1395 vociferatio.

345 1403 487 1433 Plorabat,
509 1403 720 1437 ingemiscebat,
745 1404 887 1437 magisque
909 1403 1114 1437 stringebantur

345 1438 452 1465 Manus.
470 1438 533 1465 Mihi
550 1446 658 1472 quoque
672 1438 796 1473 lacryma:
817 1438 955 1465 subibant.

345 1473 414 1500 1460
432 1473 500 1500 Cum
516 1479 605 1500 autem
626 1474 651 1499 vi
672 1473 826 1500 abstractus
842 1473 955 1504 fuisset,
977 1480 1039 1500 nam
1053 1473 1143 1500 verbis
1159 1481 1212 1500 non
1236 1479 1349 1508 pulel‘al,

343 1508 458 1541 Quidam
477 1516 508 1535 ex
529 1508 709 1542 praesentibus
721 1528 728 1539 ,
747 1517 755 1532 ι
774 1509 831 1540 Ille,
850 1508 949 1542 inquit.
963 1508 1123 1535 interfector

345 1543 430 1575 Tuus,
448 1543 493 1578 qui
509 1544 600 1570 lumen
617 1543 663 1569 Dei
681 1542 812 1569 beneﬁcio
825 1545 926 1575 cernis,

345 1578 448 1612 Sponte
464 1578 550 1610 adest,
569 1585 624 1605 sua:
644 1578 730 1612 ipsius
745 1579 919 1605 conscientia:
936 1582 1033 1610 tortor,

344 1612 484 1648 Homicida
505 1613 611 1640 facinus
632 1620 793 1647 agnoscens,
812 1621 959 1648 generosus
975 1618 1128 1644 accusator,

345 1647 414 1683 17465
432 1647 578 1683 Lacrymas
593 1648 640 1675 dat
663 1649 804 1683 sanguinis
820 1649 947 1682 pretium.
964 1658 973 1674 ι

344 1682 408 1710 llaec
422 1683 484 1710 ille:
504 1682 532 1710 at
548 1684 606 1718 ipse
618 1682 724 1710 fractus
738 1691 798 1709 sum
813 1683 855 1711 bis
868 1685 970 1715 verbis,

132 1761 200 1789 1445
217 1758 323 1795 Ἦρκτο
332 1761 397 1794 τὰρ,
412 1758 502 1793 ἦρκτο
519 1760 742 1795 συνδραμθῦσα.
756 1760 822 1788 Cum
840 1761 879 1788 la-

93 1795 201 1824 boribus
212 1803 377 1826 concurrens,
387 1803 419 1822 ea:
432 1796 494 1828 ipsis
506 1800 590 1826 ortus,
603 1800 627 1821 el
635 1801 771 1830 perpetuus
783 1805 877 1823 cornea.

130 1831 200 1858 1444
219 1830 415 1864 Ἐτρυφῶμεν.
437 1830 466 1856 Id
488 1833 540 1860 est,
561 1830 678 1856 morbum
706 1831 878 1864 ﬁngebamus.

131 1867 200 1894 1449
221 1865 260 1892 Τὰ
272 1864 470 1900 πτοουμένων.
490 1864 550 1891 Vat.
570 1865 605 1891 τὰ
620 1865 780 1900 πτοούμενα.

131 1901 200 1928 1454
218 1902 270 1932 ’ος
288 1900 330 1926 δέ.
353 1902 390 1927 lia
408 1900 556 1926 Vaticanus
579 1900 674 1927 codex.
700 1901 771 1928 Edit.
788 1900 826 1932 ὣς
841 1900 878 1932 δέ,

95 1937 145 1964 sed
156 1937 183 1962 in
200 1936 321 1970 margine
336 1936 374 1967 ὃς.

134 1970 203 1998 MSS
221 1971 250 1997 Ἠ
262 1970 392 2004 σφίγξις.
406 1970 510 2000 Billius,
524 1978 636 2004 suasque
646 1970 760 2003 pressius
774 1970 879 2004 stringit

95 2014 201 2041 manus.
226 2005 281 2040 Ego
296 2006 414 2037 mallem,
428 2006 532 2041 stringit
557 2013 650 2031 manus
675 2013 756 2041 nicas.
775 2004 801 2031 ld
820 2006 881 2039 qui-

95 2043 158 2068 dem
179 2040 270 2067 Grtcca
292 2048 390 2067 sonare
407 2041 553 2067 videntur:
576 2045 601 2066 et
619 2044 691 2066 certe
714 2040 739 2066 id
756 2044 796 2066 est
815 2048 880 2074 sup-

95 2076 176 2112 plicis
191 2076 309 2107 habitus,
325 2076 412 2112 qualis
433 2076 477 2112 ille
496 2075 528 2102 de
543 2082 597 2109 quo
609 2075 768 2112 agiturhqui
782 2083 796 2101 a
812 2074 879 2112 Grc-

95 2110 165 2147 gorii
180 2111 322 2144 complexu
338 2111 381 2137 vix
399 2111 475 2137 avelli
491 2113 608 2145 poterat,
630 2117 679 2136 uec
693 2110 746 2137 nisi
759 2117 807 2145 per
824 2111 878 2136 vim

95 2147 208 2173 avulsus
223 2150 274 2172 est.

133 2182 203 2208 “6‘2
224 2180 322 2207 Τοῦτο.
340 2180 378 2206 lta
390 2179 451 2207 Vat.
465 2180 535 2207 Edit.
549 2179 594 2205 τοῦ
614 2180 653 2206 τό.

132 2217 202 2244 1465
218 2215 334 2250 Δήμιος.
350 2215 440 2250 Schol;
461 2215 604 2249 κολαστής.

133 2251 201 2278 “ﬁt
223 2249 399 2285 Εὑτνώμων.
428 2249 473 2277 Sic
498 2250 639 2285 legendum
656 2249 777 2283 _vidctur.
806 2249 877 2275 Edit.

931 1761 1075 1796 ἀγνώμων.
1089 1761 1126 1788 lla
1138 1765 1164 1788 et
1178 1762 1296 1790 (iardon.
1311 1763 1380 1797 apud
1395 1763 1517 1790 Bolland.
1530 1763 1617 1790 Vertit
1627 1764 1710 1796 enim,

931 1798 1025 1830 impius
1040 1797 1179 1823 homicida.
1195 1797 1266 1824 Nihil
1282 1798 1390 1825 obstare
1413 1804 1504 1825 censet
1521 1798 1711 1829 Combeﬁsius,

932 1832 1077 1865 quominus
1093 1833 1115 1858 is
1139 1833 1255 1859 sicarius
1278 1833 1347 1859 idem
1367 1833 1493 1860 credatur
1507 1841 1539 1860 ac
1562 1834 1606 1860 ille
1622 1835 1668 1867 qui
1686 1835 1715 1861 in

931 1867 1030 1902 celebri
1042 1870 1175 1902 conventu
1187 1868 1305 1901 gladium
1317 1868 1421 1900 eduxit,
1433 1872 1459 1895 et
1471 1869 1561 1894 statim
1575 1869 1714 1902 condidit;

932 1901 990 1928 sive
1005 1901 1049 1928 ille
1065 1900 1142 1928 fuerit
1160 1910 1190 1928 ex
1208 1902 1316 1928 militari
1331 1903 1442 1930 cohorte
1457 1903 1648 1936 imperatorem
1670 1900 1716 1929 sli-

932 1940 1098 1972 pante,‘quze
1114 1936 1182 1962 ltillii
1196 1941 1236 1963 est
1250 1937 1352 1971 opinio,
1370 1946 1416 1964 seu
1432 1938 1533 1972 potius.
1546 1945 1577 1964 ex
1597 1937 1715 1964 fremen-

933 1971 1002 2007 tium
1019 1970 1181 2007 Arianorum
1198 1970 1288 2005 grege,
1316 1976 1342 1998 ut
1367 1970 1442 2006 putat
1461 1972 1651 2005 Combeﬁsius,
1669 1974 1715 2007 qui

933 2006 1052 2040 gladium
1071 2005 1211 2037 eduxerat,
1232 2014 1328 2033 necare
1347 2005 1504 2041 Gregorium
1521 2008 1656 2041 cogitans,
1669 2005 1717 2034 aut

933 2041 1078 2067 tumultum
1108 2041 1237 2072 excitare,
1268 2042 1313 2068 sed
1337 2042 1508 2076 postmodum
1533 2042 1647 2069 crimine
1667 2043 1715 2069 do—

937 2077 1002 2106 lens.
1024 2075 1129 2111 veniam
1150 2076 1240 2111 petiit.
1258 2091 1293 2095 ——
1311 2075 1476 2103 Benedictiui
1503 2077 1594 2111 legunt
1613 2077 1715 2110 εὐγνώ-

936 2119 1002 2145 μων,
1022 2110 1068 2137 sed
1096 2110 1235 2136 evidenter
1261 2112 1338 2142 male,
1364 2119 1425 2138 cum
1453 2110 1560 2138 deﬁciat
1587 2117 1714 2143 metrum,

933 2145 1004 2179 quod
1015 2152 1126 2179 prorsus
1141 2146 1168 2171 Iit
1183 2146 1315 2180 integrum
1327 2151 1430 2172 reti-uta
1440 2154 1500 2173 cum
1510 2146 1590 2173 editis
1603 2147 1717 2173 lectione

933 2188 992 2216 quae
1013 2181 1093 2216 habit
1107 2180 1251 2215 ἀγνώμων,
1269 2181 1398 2207 homicida
1415 2181 1577 2216 imprudens.
1599 2186 1645 2208 aut
1666 2183 1716 2208 im-

931 2215 1000 2276 péus,
1019 2215 1062 2241 sed
1082 2216 1232 2276 pwnilenlia
1254 2216 1394 2248 adductus,
1410 2222 1437 2242 ul
1453 2215 1494 2244 eui
1507 2217 1555 2250 [iat
1566 2222 1716 2244 accusatur.

933 2254 938 2276 ί
966 2258 1073 2276 MLLAu.

933 2252 1092 2283 uiuum.)

743 2327 908 2357 METRICA
922 2327 1069 2357 VERSIO.

97 2411 152 2439 Pro
167 2412 241 2440 mille
253 2411 329 2440 vobis
344 2413 453 2440 unicum
467 2411 620 2446 exemplum
634 2410 754 2438 afferam.

99 2446 218 2482 Urgente
231 2447 326 2474 morbo
342 2456 403 2474 cum
418 2447 491 2474 domi
508 2448 676 2481 quiescerem
692 2454 698 2472 :

96 2483 196 2509 Comes
209 2489 331 2509 meorum
347 2490 408 2510 nam
423 2482 544 2509 laborum
565 2485 684 2512 venerat,

98 2517 129 2544 Id
145 2517 299 2544 invidorum
313 2518 390 2544 turba
405 2517 518 2544 delicias
533 2518 595 2544 licet

97 2551 201 2588 Yocet;
219 2553 331 2579 introire
344 2552 422 2588 plebe
438 2552 472 2579 dc
488 2553 620 2588 quosdam
637 2551 744 2577 intueor

96 2586 239 2622 Repente:
252 2586 359 2622 juvenis
373 2595 434 2614 cum
449 2588 550 2621 quibus
567 2587 673 2621 pallens
688 2590 756 2619 crat,

96 2623 236 2657 Comaquc
253 2623 342 2657 longa,
356 2623 488 2656 squalidis
500 2627 526 2650 et
537 2622 668 2649 vestibus.

96 2656 149 2684 Hic
159 2661 187 2684 ct
200 2657 281 2684 cubili
299 2665 359 2684 eum
375 2659 456 2692 pedes
470 2665 520 2693 ego
536 2657 661 2684 nonnihil

97 2693 198 2719 Statim
213 2692 381 2724 extulissem,
391 2692 480 2719 territi
493 2692 570 2719 velut
586 2693 686 2724 solent,

95 2726 138 2762 illi
156 2727 264 2762 Deoque
279 2735 311 2754 ac
328 2727 441 2762 principi
460 2728 528 2755 actis
542 2727 648 2762 gratiis,

95 2761 134 2789 Ut
149 2761 225 2790 meus
235 2762 349 2794 ferebat,
363 2761 499 2794 maximis,
516 2761 587 2796 quod
602 2761 754 2788 huncdiem

98 2797 247 2833 _l]triusque
261 2797 332 2824 dono
347 2801 499 2829 cernerent,
514 2802 594 2832 atque
607 2797 632 2823 in
651 2803 739 2833 meam

95 2831 218 2859 Laudem
231 2833 394 2867 quibusdam
411 2834 522 2860 vocibus
536 2833 616 2859 simul
631 2831 721 2864 editis,

239 2879 375 2910 Ρηιιοι..
396 2881 454 2911 Gn.
479 2879 640 2911 XXXVII.

934 2410 1049 2437 Abeunt.
1063 2410 1098 2436 At
1114 2410 1158 2437 ille
1176 2410 1244 2437 flxus
1255 2411 1287 2438 ad
1303 2415 1413 2438 nostros
1424 2411 1516 2445 pedes.

896 2453 918 2482 Β
932 2446 996 2482 Sine
1013 2446 1221 2482 vocesulpplex,
1234 2451 1261 2472 et
1271 2450 1343 2472 metu
1357 2452 1467 2481 torpens
1484 2452 1553 2475 erat.

934 2481 972 2516 Ac
983 2489 1035 2512 me,
1047 2481 1108 2515 quis
1122 2484 1204 2512 esset,
1218 2481 1366 2514 undeualu,
1377 2486 1403 2508 et
1415 2482 1478 2516 quid
1491 2487 1629 2516 posceret,

934 2515 1066 2550 Rogante,
1082 2516 1167 2542 multo
1182 2520 1238 2541 tum
1259 2516 1344 2550 magis
1361 2517 1470 2548 clamat,
1491 2515 1583 2551 gemit,

935 2550 1037 2586 Plorat,
1050 2557 1169 2584 suasque
1182 2551 1303 2585 pressius
1318 2551 1426 2586 stringit
1440 2550 1558 2580 manus:

936 2584 982 2612 Sic
993 2589 1022 2612 ut
1036 2590 1157 2612 moveret
1175 2584 1307 2620 lacrymas
1320 2584 1400 2613 nobis
1410 2594 1528 2620 quoque.

937 2620 1055 2647 Avulsus
1071 2620 1133 2646 hinc
1148 2620 1184 2651 vi,
1197 2628 1250 2647 non
1261 2621 1332 2647 enim
1343 2629 1419 2652 voce,
1435 2625 1463 2647 ut
1475 2623 1545 2652 luit,i

938 2655 1001 2682 Haec
1014 2655 1080 2682 dixit
1093 2655 1190 2689 aliquis
1204 2665 1210 2682 :
1230 2664 1239 2680 ι
1256 2656 1383 2683 Carnifex
1397 2657 1440 2683 hic
1452 2662 1494 2684 est
1507 2662 1581 2685 tuus.

936 2690 991 2724 Ope
1002 2698 1118 2724 namque
1130 2690 1228 2716 summi
1239 2690 1363 2718 Numinis
1376 2693 1462 2718 lucem
1481 2693 1568 2720 vides.

937 2725 994 2752 lluc
1008 2729 1104 2760 sponte
1121 2725 1203 2756 venit,
1218 2727 1336 2759 pectoris
1349 2730 1435 2753 tortor
1449 2728 1501 2759 sui,

935 2760 1075 2796 Homicida
1091 2767 1199 2794 pravus,
1214 2762 1317 2787 crimen
1333 2761 1447 2796 ingenue
1463 2762 1563 2789 fateris.

936 2795 1054 2830 Pretium
1069 2796 1175 2822 cruoris
1189 2796 1302 2830 porrigit
1315 2795 1392 2823 llelus
1407 2797 1463 2824 tibi.
1482 2807 1491 2823 ι

936 2829 999 2857 llaic
1011 2831 1063 2858 ille.
1075 2831 1108 2857 At
1121 2829 1301 2865 ipse-{talibus
1319 2832 1422 2860 fractus
1435 2834 1522 2864 sonis,

1524 2879 1563 2908 36
