1955 3042
269 114 334 142 1151

267 173 359 209 {tuM-iv
369 171 392 198 δ’
403 170 498 207 ἀφῆκα
511 170 558 198 τοῦ
571 171 657 198 κακοῦ
673 171 799 208 λυτήριον
809 180 815 187 ’

269 229 279 245 ‹
293 218 359 250 θεός
374 226 403 244 σε
417 216 514 249 σώζοι·
530 216 576 243 τὸν
589 216 759 252 σεσωσμένον
769 216 791 243 δ’
803 217 853 252 ἐμὲ

266 262 390 299 Χρηστόν
407 261 524 296 φανῆναι
542 260 580 296 τῷ
594 262 693 295 σφαγεῖ
703 262 728 295 γ’
738 262 813 288 οὐδὲν
828 261 908 297 μέγα.

266 308 335 336 1470
356 307 436 343 Ἐμὸν
451 306 582 342 πεποίηκέ
597 315 626 332 σε
638 306 668 333 τὸ
679 306 793 343 θράσος.
808 307 908 334 Σκόπει

267 354 362 385 Ὅπως
375 352 436 388 ἐμοὶ
448 360 478 378 τε
492 352 539 378 καὶ
552 351 611 386 Θεῷ
624 352 690 388 γένῃ
706 352 829 388 πρέπων.
845 362 854 378 ι

266 400 349 427 Ταῦτ’
360 397 450 425 εἷπον·
463 398 480 433 ἡ
494 397 570 429 πόλις
584 397 612 424 δὲ
629 397 678 433 (οὐ
692 397 746 433 γὰρ
760 398 884 425 λανθάνει

266 446 300 473 Ti.
313 445 434 479 κρεῖττον
462 443 553 477 οὐδὲν)
570 443 651 474 εὐθὺς
663 443 873 479 ὲκμαλάσσεται,

267 492 372 526 Ὠσπερ
391 490 497 525 σίδηρος
515 488 649 524 ἐμπύροις
670 490 811 525 κινήμασι.

305 537 376 564 1475
390 536 426 562 Τὸ
443 535 465 561 δ’
479 536 510 562 ὲκ
526 534 659 561 τοσούτων
675 535 821 570 χρημάτων
838 535 1050 571 θρυλλουμένων,

265 580 315 612 Ὧν
327 584 351 609 οἱ
370 583 491 618 μέγιστοι
503 581 557 607 τῶν
573 580 637 616 ὅλης
649 581 812 617 οἰκουμένης
947 584 950 588 ’

265 628 346 656 Ναῶν
361 626 538 663 ἐθησαύριζον
553 627 585 653 ἐκ
598 627 699 658 παντὸς
711 626 818 662 χρόνου,

267 673 419 709 Κειμηλίων
431 681 461 699 τε
475 672 521 699 καὶ
539 671 630 707 πόρων
645 672 698 698 τῶν
713 672 854 705 πάντοθεν,

267 721 326 748 Οὐδ’
341 718 460 748 ὁντινοῦν
471 717 599 753 λογισμὸν
617 719 645 744 ἐν
660 719 717 750 τοῖς
729 718 890 754 γράμμασιν

268 767 334 795 1480
349 766 468 802 Εὐρόντα
479 764 533 791 τῶν
544 763 608 799 πρὶν
621 764 780 799 προστατῶν
797 764 969 800 Ἐκκλησίας,

602 113 632 141 S.
653 113 815 143 GREGORII
832 113 957 143 THEOL.
977 115 1162 144 CARMINUM
1180 108 1283 143 LIBER
1302 114 1334 143 ll.
1350 114 1546 144 HISTORJCA.

1823 115 1885 144 1132

1067 177 1091 204 Α
1105 173 1167 200 Οὗτ¹
1181 174 1209 199 ἐν
1223 173 1334 209 ταμίαις
1344 174 1411 205 τοῖς,
1425 173 1454 200 ἐν
1467 172 1509 205 οἷς
1524 172 1559 200 τὰ
1574 173 1734 208 πράγματα,

1106 217 1230 253 Στέρξαι,
1248 218 1324 251 ξένον
1338 227 1368 244 τε
1386 218 1510 254 μηδόλως
1520 218 1613 245 λαϐεῖν
1626 227 1696 250 τινα,

1105 264 1154 295 Ὦς
1170 263 1214 299 μοι
1225 264 1365 299 παρῄνουν
1378 264 1424 290 καὶ
1435 263 1594 299 παρώξυνόν
1605 272 1687 296 τινες,

1104 309 1212 336 Τούτων
1224 309 1350 345 λογιστὴν
1363 308 1439 345 ὕϐριν
1452 309 1492 341 εἲς
1511 309 1661 344 μυστηρίου
1670 316 1677 323 °

1102 354 1172 382 1485
1189 355 1274 382 Πόσον
1289 355 1362 382 δοκεῖ
1375 363 1431 386 σοι;
1448 351 1485 381 ὧν
1499 354 1553 390 γὰρ
1574 354 1639 389 ἔσχε
1655 362 1697 385 τις
1712 354 1810 389 μόνων,

1105 401 1160 436 Οὐχ
1174 397 1210 427 ὧν
1223 401 1314 427 λαϐεῖν
1330 401 1444 432 δίκαιον,
1458 400 1512 426 ἐσθ’
1527 400 1686 432 ὑπεύθυνος.

1103 446 1186 472 Ταῦθ’
1199 446 1272 477 ὅστις
1286 446 1373 481 ἥττων
1389 446 1549 481 χρημάτων,
1566 445 1613 472 καὶ
1627 445 1780 480 μέμφεται·

1105 492 1197 524 Ὅστις
1209 492 1237 518 δὲ
1247 492 1391 527 κρείσσων,
1401 492 1448 517 καὶ
1461 491 1520 518 λίαν
1536 490 1720 526 προσδέξεται.

1103 538 1174 564 Πᾶσι
1193 537 1248 572 γὰρ
1263 536 1344 572 οὔσης
1359 537 1408 570 τῆς
1423 536 1574 571 ἀπληστίας
1587 537 1684 571 κακῆς,

1104 582 1172 608 1490
1188 581 1342 617 ’Δπληστον
1357 579 1426 607 εἶναι
1438 582 1526 616 χεῖρον
1541 581 1569 606 ὲν
1582 582 1638 612 τοῖς
1652 580 1815 617 πνεύματος.

1103 627 1134 654 Εἰ
1150 627 1248 658 πάντες
1259 626 1345 658 οὕτως
1359 626 1490 662 ἐφρόνουν
1505 627 1545 658 εἰς
1561 627 1701 662 χρήματα,

1103 674 1160 700 Οὐκ
1176 673 1208 700 ἄν
1222 673 1280 700 ποτ’
1296 673 1371 699 οὐδὲν
1383 674 1453 699 τοῖον
1472 674 1501 700 ὲν
1517 672 1674 708 ἐκκλησίαις

1103 718 1232 754 Πλήρωμ¹
1246 719 1368 750 ἀνευρεῖν
1390 717 1431 753 (οὐ
1458 718 1554 754 φρενὸς
1568 718 1622 754 γὰρ
1636 719 1685 754 τῆς
1698 718 1779 754 ἐμῆς)
1788 728 1796 734 ·

1104 765 1183 798 Λέγω
1199 764 1220 790 δ’
1236 764 1297 791 ὅσον
1316 763 1480 800 λειτουργὸν,
1499 763 1607 798 ὲγγίζον
1622 764 1692 800 Θεῷ.
1712 774 1718 775 ί

515 846 555 874 Ac
567 854 660 874 vocem
674 846 763 879 emisi,
778 853 830 881 qua
844 845 919 873 illum
937 845 1016 880 culpa
1031 845 1116 871 libero
1129 853 1134 870 :

516 890 528 908 ι
546 881 640 909 Servet
653 886 680 909 te
693 881 780 915 Deus;
796 889 838 907 me
855 886 943 907 autem
958 881 1003 915 qui
1017 884 1141 907 servatus
1159 886 1230 909 sum,

515 916 614 944 Lenem
629 917 716 944 videri
734 917 760 943 in
783 916 927 945 sicarium,
944 923 997 951 non
1013 922 1116 951 magna
1129 922 1174 942 res
1191 918 1243 942 est.

515 951 585 978 1470
603 951 690 978 Meum
707 956 732 978 te
751 952 813 978 fecit
828 951 953 978 audacia.
971 949 1038 977 Vide

515 986 657 1018 Quomodo
672 991 699 1013 et
714 994 756 1013 me
771 991 797 1013 et
812 985 866 1013 Deo
883 985 981 1019 dignus
999 985 1058 1012 fias.
1076 994 1085 1010 ι

514 1021 576 1048 Haec
591 1022 664 1054 dixi;
679 1021 775 1048 civitas
795 1025 885 1047 autem
901 1022 970 1056 (non
986 1020 1058 1047 enirn
1073 1019 1137 1047 latet

516 1056 640 1083 Praeclari
655 1056 809 1090 quidpiam)
825 1057 915 1082 statim
927 1055 1077 1086 emollitur.

515 1091 551 1118 Ut
569 1091 670 1118 ferrum
695 1090 767 1122 ignis
789 1091 917 1117 violentia

548 1125 722 1166 752-753
741 1126 808 1166 M75
819 1125 890 1166 Cum.
902 1129 990 1166 autem
1003 1131 1054 1166 nec
1071 1128 1161 1157 tantae,
1174 1128 1204 1152 ut
1216 1123 1287 1151 fama
1299 1128 1368 1159 erat,
1384 1124 1507 1161 pecuniae

514 1160 600 1193 Quam
615 1161 731 1187 maxima
749 1161 833 1188 totius
851 1160 925 1187 orbis
942 1160 1042 1195 templa

514 1196 553 1222 Ex
568 1195 640 1222 omni
653 1199 774 1229 tempore
791 1199 1010 1227 asservaverant,

514 1230 569 1258 Nec
586 1228 761 1265 supellectilis
777 1235 802 1257 et
815 1230 934 1264 undique
953 1228 1119 1257 atiluentium
1139 1230 1286 1262 redituum,

516 1266 602 1292 lillam
621 1273 733 1299 prorsus
750 1266 881 1293 rationem
895 1265 922 1292 in
938 1265 1141 1292 commentariis

515 1301 584 1327 1480
598 1300 768 1334 Reperissem
782 1299 988 1335 praecedentium
1009 1299 1138 1326 Ecclesia-
1153 1299 1309 1334 praesulum,

514 1335 569 1370 Nec
585 1336 654 1369 apud
669 1334 819 1370 quaestores
830 1335 877 1370 qui
893 1334 1022 1369 pecunias
1041 1339 1192 1367 asservant,

514 1369 666 1397 Contenlus
681 1369 728 1400 fui,
741 1378 791 1396 nec
804 1369 962 1397 extraneum
975 1376 1089 1404 prorsus
1106 1370 1191 1396 ullum
1201 1389 1209 1401 ,

515 1404 551 1432 Ut
565 1405 744 1432 hortabantur
758 1409 785 1431 et
801 1405 950 1432 incitabant
967 1404 1100 1435 nonnulli.

515 1439 618 1466 Horum
633 1440 879 1466 administratorem
893 1441 920 1466 in
937 1439 1082 1466 ministerii
1097 1439 1237 1474 probrum,
1250 1438 1364 1466 adscivi.

517 1475 586 1502 1485
599 1473 683 1506 Quale
697 1474 723 1501 id
739 1475 785 1501 libi
798 1475 924 1501 videtur?
938 1481 999 1501 nam
1017 1481 1111 1501 eorum
1125 1478 1241 1506 tantum,
1257 1481 1318 1508 quae
1333 1473 1394 1508 quis
1412 1473 1505 1507 habet,

515 1509 574 1537 Non
593 1516 686 1536 eorum
702 1517 760 1543 quae
774 1509 847 1536 illum
862 1517 968 1543 mquum
984 1512 1043 1536 erat
1055 1509 1188 1543 accipere.
1200 1510 1333 1536 rationem
1351 1509 1465 1536 reddere
1480 1512 1598 1537 tenetur.

516 1545 579 1572 Haec
595 1544 719 1578 quisquis
738 1545 853 1578 pecunia
869 1544 981 1571 inferior
997 1543 1049 1575 est,
1066 1544 1147 1571 etiam
1165 1543 1302 1578 culpabit;

516 1579 551 1606 At
567 1580 690 1613 quisquis
704 1579 793 1607 altior.
812 1580 893 1606 etiam
907 1583 989 1612 atque
1001 1579 1082 1606 etiam
1096 1579 1276 1606 libentissime
1288 1578 1421 1606 admittet.

515 1614 583 1640 Nam
596 1621 658 1640 cum
672 1615 812 1641 inhonesta
826 1614 862 1641 sit
875 1615 1001 1641 omnibus
1018 1613 1143 1645 avaritia,

517 1648 587 1676 1490
601 1650 718 1676 Avarum
734 1657 794 1676 esse
807 1649 926 1676 deterius
943 1653 985 1676 est
1000 1649 1028 1676 in
1045 1649 1087 1676 his
1101 1656 1160 1683 quae
1177 1653 1241 1676 sunt
1257 1648 1381 1684 spiritus.

517 1683 545 1719 §i
560 1691 655 1710 omnes
670 1685 706 1710 ita
727 1683 816 1711 alfecti
830 1687 922 1711 essent
935 1691 1000 1719 erga
1013 1684 1166 1717 pecuniam,

515 1718 658 1759 llunquani
672 1723 852 1759 tantapos‘set
867 1719 893 1759 in
913 1718 1036 1759 ecclesiis

516 1753 658 1788 Plenitudo
671 1754 785 1780 inveniri
801 1754 838 1787 (id
851 1754 922 1781 enim
943 1754 1012 1780 haud
1029 1753 1096 1780 mihi
1118 1753 1277 1788 probatur);

516 1787 651 1823 Quidquid
666 1788 853 1816 ministrorum
882 1794 908 1816 et
921 1788 974 1816 Deo
988 1787 1139 1817 astantiqu
1152 1788 1283 1823 intelligo.

300 1868 367 1896 1470
387 1867 544 1901 Πεποίηκε.
565 1867 604 1894 Ita
619 1867 703 1895 Coisl.
717 1866 790 1894 Edit.
807 1867 963 1902 πεποιήκει.

299 1904 367 1930 1477
384 1902 480 1930 Ναῶν.
499 1902 537 1929 Ita
554 1902 636 1930 Coisl.
659 1902 744 1929 Prave
763 1902 828 1929 edit.
842 1903 924 1933 ναοῖς.

299 1939 367 1966 1482
394 1937 496 1965 Ξένον.
524 1937 616 1965 Possis
641 1937 790 1972 intelligere
813 1938 845 1964 de
869 1936 1045 1964 srecularibus

262 1973 411 2008 iudicibus,
429 1973 462 1999 ad
478 1980 594 2007 quorum
612 1973 731 2008 tribunal
751 1980 812 1999 reos
834 1972 867 1999 de
892 1972 1046 2008 rationibus

262 2006 414 2070 i'edgerli’dist
444 2006 586 2035 traducere
604 2008 690 2034 noluit
705 2006 862 2042 Gregorius,
886 2011 915 2033 ut
935 2007 1045 2042 quidam

263 2051 312 2070 sua
333 2052 347 2070 e
369 2051 423 2070 an.

263 2044 423 2071 suadebant.

298 2078 365 2105 1487
382 2076 713 2111 ’Ἠττωνχρημάτωνλιίι
720 2076 904 2104 Coislinianus
919 2077 1003 2103 codex
1019 2082 1046 2103 et

261 2111 421 2141 Vaticanus.
451 2113 522 2140 Edit.
538 2112 719 2147 γραμμάτων,
745 2113 861 2144 ρεειιηὶω
883 2112 1002 2146 inferior,
1019 2111 1044 2138 id

261 2154 315 2180 est,
329 2148 375 2182 qui
389 2149 503 2182 pecunia:
517 2155 605 2173 amore
624 2147 744 2182 vincitur:

298 2183 367 2210 1490
388 2184 437 2210 Ἐν
451 2182 511 2214 τοῖς
531 2182 708 2216 πνεύματος.
723 2181 788 2208 Cum
803 2181 830 2207 in
850 2181 925 2207 rebus
942 2181 1045 2216 quidem

261 2218 381 2246 omnibus
392 2216 565 2252 improbanda
585 2217 678 2243 merito
694 2216 728 2243 sit
745 2216 907 2250 inexplebilis
924 2216 1045 2251 quu’dam

1098 1867 1210 1894 habendi
1225 1867 1368 1902 cupiditas,
1385 1872 1440 1894 tum
1454 1875 1512 1895 vero
1526 1867 1640 1895 maxime
1650 1867 1677 1895 in
1688 1867 1721 1895 iis
1735 1875 1793 1903 qua!
1805 1869 1879 1902 spiri

1098 1907 1153 1929 tum
1166 1908 1191 1929 et
1204 1903 1293 1929 divina
1304 1907 1430 1936 spectant.

1132 1938 1200 1965 1492
1217 1938 1300 1973 Τοῖον
1311 1938 1353 1964 ἐν.
1367 1936 1586 1973 (ζώει-γτοιοῦτιζλ
1601 1935 1644 1972 ἦν.
1659 1937 1719 1965 V'at.

1133 1973 1201 1999 1495
1224 1971 1432 2008 ΠλήρωμῗᾼΙιίὶ
1450 1972 1536 2008 C(lisl.
1563 1971 1633 1999 Edit.
1655 1971 1775 2008 πήρωμ),
1797 1973 1880 2006 labes,

1096 2015 1177 2037 noxa,
1191 2016 1243 2034 non
1256 2012 1335 2033 tanta:
1347 2006 1420 2033 labes
1431 2008 1456 2034 in
1474 2007 1605 2034 Ecclesias
1628 2006 1742 2034 inme):in
1756 2008 1882 2037 fuissent.

1097 2042 1149 2069 Sed
1169 2043 1194 2068 in
1215 2050 1299 2075 marg.
1318 2041 1462 2076 πλήρωμα.
1481 2042 1572 2069 Schol.
1595 2042 1670 2069 addit
1685 2041 1766 2069 ιΘεοῢ
1782 2043 1813 2069 τὸ
1830 2043 1881 2070 δῶ-

1097 2086 1155 2118 ρον,
1171 2077 1312 2118 οὑχκήμῶν
1330 2077 1499 2118 προτέρημα,
1520 2077 1568 2118 τὸν.
1579 2077 1706 2104 δοκοῦντα
1728 2078 1816 2118 τῦφον.
1834 2087 1884 2118 κρ-

1098 2086 1155 2118 ρον,
1171 2086 1219 2112 ουχ
1235 2086 1312 2112 ημων
1330 2086 1499 2138 προτερηέα,
1520 2086 1564 2117 τον
1579 2086 1706 2104 οοχουντα
1728 2086 1811 2112 τυφον
1834 2087 1882 2105 κο-

1098 2112 1183 2143 Λάζει.
1205 2112 1309 2144 Quibus
1336 2113 1425 2139 verbis
1472 2113 1569 2146 regorii
1597 2117 1714 2139 mentem
1740 2113 1882 2147 exprimit,

1098 2147 1143 2181 qui
1159 2155 1219 2174 cum
1235 2147 1349 2174 dixisset
1368 2154 1397 2173 se
1417 2148 1546 2181 pecunias
1556 2147 1705 2181 despicere,
1720 2148 1780 2182 plus
1797 2155 1883 2182 quam

1098 2189 1237 2218 sacrorum
1266 2182 1404 2218 hominum
1427 2182 1534 2216 vulgus.
1553 2190 1584 2209 se
1608 2183 1673 2218 ipse
1684 2183 1809 2218 corrigit,
1829 2191 1883 2218 nec

1098 2224 1146 2251 per
1160 2217 1321 2251 iactantiam
1335 2217 1390 2243 ida
1409 2224 1438 2244 se
1457 2218 1558 2244 dictqu
1580 2217 1709 2245 ostendit.
1725 2217 1787 2245 cuin
1805 2217 1883 2246 istud

909 2293 1073 2323 METRICA
1086 2293 1234 2323 VERSIO.

259 2379 323 2408 Haec
339 2379 423 2410 dicta,
436 2385 507 2405 noxa
524 2377 600 2405 solvo
614 2376 692 2412 queis
707 2376 807 2411 ipsum,
824 2375 919 2403 extuli.

262 2425 272 2441 ι
293 2415 388 2442 Servet
405 2413 477 2441 Deus
491 2417 534 2446 te;
551 2419 613 2439 cum
624 2411 746 2438 salutem
760 2411 922 2445 acceperim,

259 2450 386 2477 Praebere
403 2448 509 2475 facilem
526 2455 568 2475 me
586 2447 663 2474 decet
678 2446 789 2474 sicario.

260 2485 347 2513 Meum
363 2485 454 2512 scelus
466 2488 492 2510 te
505 2482 623 2510 reddidit
636 2490 642 2508 :
657 2486 687 2508 tu
700 2481 754 2515 jam
771 2480 843 2512 vide,

261 2520 295 2547 Ut
308 2527 404 2554 meque
418 2519 528 2554 dignum
544 2517 666 2554 przebeas
679 2514 807 2554 teipsum,
820 2519 846 2542 et
860 2514 925 2542 Deo.
942 2524 951 2540 ι

258 2556 322 2583 Haec
339 2551 396 2590 ipse
412 2551 485 2586 dixi;
499 2551 698 2590 civitas__a_utem
713 2551 805 2579 statim

259 2593 267 2622 (
279 2585 388 2617 Pulchri
404 2590 488 2616 latere
499 2594 560 2614 nam
577 2587 644 2614 nihil
660 2593 773 2621 prorsus
787 2585 905 2622 potest),

257 2626 387 2656 Mollitur,
403 2624 465 2659 igne
480 2622 585 2660 fervido
600 2626 631 2649 ut
647 2621 846 2660 ferrumusolet:
873 2654 879 2660 _

293 2660 364 2694 Quid
379 2655 467 2686 de'tot
482 2657 683 2694 opihus,_queis
697 2656 765 2694 nihil
780 2655 926 2694 celebrius,

258 2691 361 2726 Dicam,
380 2691 515 2721 universt
528 2692 639 2719 maximi
651 2695 730 2719 terra:
741 2691 791 2718 viri

258 2730 333 2763 Quas
345 2724 403 2756 aevo
418 2729 453 2756 ab
471 2729 544 2765 omni
558 2731 715 2765 struxerant
731 2725 841 2765 templis
852 2724 960 2753 sacris?

258 2760 296 2792 ὗε
312 2770 405 2799 totque
421 2764 503 2795 vasis.
519 2766 612 2797 totque
626 2762 693 2799 item
708 2760 896 2799 proventibus,

258 2795 380 2833 Quorum
396 2800 454 2833 ipse
465 2805 526 2825 cum
542 2795 592 2833 nec
608 2795 742 2824 calculum
755 2795 931 2833 nanciscerer

257 2830 289 2862 ﬁt
302 2830 479 2868 pristinorum
491 2832 637 2868 praesulum
651 2838 766 2867 usquam
780 2830 890 2863 litteris,

1057 2378 1079 2406 Β
1093 2373 1148 2401 Nec
1162 2381 1260 2402 rursus
1272 2373 1346 2401 illum
1363 2380 1478 2402 noscere
1488 2381 1522 2401 ex
1537 2375 1719 2409 quaestoribus

1094 2409 1213 2440 Possem,
1227 2409 1350 2444 acquievi
1366 2419 1372 2436 :
1389 2417 1450 2442 nec,
1466 2409 1529 2436 licet
1549 2411 1626 2436 multi
1647 2411 1699 2438 viri

1091 2444 1178 2480 aliter
1190 2448 1341 2474 moverent.
1353 2450 1491 2480 extorum,
1509 2445 1540 2480 ini
1554 2446 1676 2480 mysterii

1092 2479 1237 2510 Probrum,
1253 2479 1406 2506 vocandum
1423 2480 1517 2506 censui
1536 2479 1586 2506 hos
1598 2481 1630 2507 ad
1648 2481 1790 2509 calculos?

1091 2514 1191 2546 Quanti
1208 2514 1328 2541 :cstimas
1345 2513 1415 2540 hoc?
1428 2515 1544 2549 quisque
1560 2515 1632 2541 enim
1650 2521 1691 2542 est
1705 2516 1845 2546 obnoxius

1091 2549 1132 2576 0b
1151 2549 1242 2575 habita
1255 2552 1372 2580 tantum,
1389 2556 1443 2576 non
1459 2557 1520 2584 quae
1532 2549 1634 2577 habere
1647 2550 1752 2577 debuit.

1090 2583 1223 2620 Addictus
1236 2584 1333 2620 opibus
1341 2583 1474 2620 quisquis
1484 2589 1538 2620 est,
1557 2585 1613 2611 haec
1627 2585 1785 2620 improbat:

1091 2619 1219 2646 Probabit
1236 2623 1263 2645 at
1277 2619 1324 2653 qui
1340 2619 1409 2645 liber
1425 2624 1467 2646 est
1483 2619 1578 2646 harum
1597 2620 1653 2646 siti.

1090 2653 1157 2690 Nam
1171 2654 1242 2690 [uada
1255 2661 1317 2690 cum
1332 2654 1368 2681 sit
1380 2654 1466 2690 rebus
1479 2655 1507 2681 in
1523 2655 1629 2682 cunctis
1643 2662 1725 2690 opum

1091 2689 1207 2723 Cupido,
1224 2688 1309 2715 multo
1321 2693 1364 2716 est
1376 2689 1473 2716 foedior
1487 2693 1579 2717 tamen
1594 2690 1622 2716 in
1637 2688 1736 2718 sacris.

1093 2723 1122 2750 Si
1134 2725 1167 2751 de
1181 2724 1279 2758 opibus
1294 2729 1367 2751 esset
1382 2731 1432 2758 par
1444 2732 1511 2751 mea:
1523 2732 1600 2752 mens
1612 2727 1734 2753 omnium

1091 2759 1151 2785 Non
1168 2763 1242 2785 tanta
1258 2758 1334 2786 labes
1349 2763 1422 2786 esset
1433 2759 1460 2785 in
1477 2759 1578 2786 Christi
1593 2759 1674 2786 domo

1092 2793 1179 2830 (Hanc
1194 2794 1329 2830 explicare
1345 2794 1462 2830 pectoris
1472 2801 1530 2830 nec
1540 2794 1612 2830 enim
1625 2799 1669 2830 est
1683 2794 1760 2830 mei).

1092 2828 1202 2864 Loquor
1215 2828 1347 2857 ministris
1357 2828 1391 2857 de
1406 2828 1505 2863 sacris,
1520 2833 1546 2858 et
1561 2829 1608 2864 qui
1624 2829 1680 2858 Deo
