1955 3042
251 133 320 162 1155

253 194 286 219 '0
298 189 331 227 ἦν
342 200 349 223 ς
361 191 475 222 Μέλιτος
494 189 548 226 γὰρ
566 190 612 217 καὶ
626 190 726 226 τρόπος
738 191 784 217 καὶ
800 190 927 226 τοῦνομα.

253 239 302 270 ⁴⁸ος
318 237 390 264 πόλλ’
404 236 499 271 ἀνέτλη
516 235 671 271 Πνεύματος
687 236 758 263 θείου
774 236 854 272 χάριν

214 314 216 318 _
251 284 300 313 (Εἰ
313 283 359 310 καὶ
376 282 438 318 ξένῃ
450 290 476 308 τι
493 282 588 317 μικρὸν
605 282 710 317 ὲκλάπη
727 282 816 317 χερὶ),

257 329 355 362 Ἀγῶσι
369 329 506 364 λαμπροῖς
522 328 570 362 τὴν
583 328 662 362 χάριν
680 327 813 360 ἀποξέων.

284 376 353 404 1525
366 373 445 402 Οὗτοί
459 374 485 410 μ’
498 373 648 409 ὲνιδρύουσι
661 375 716 405 τοῖς
735 376 844 409 σεμνοῖς
860 373 964 409 θρόνοις

251 423 358 449 Βοῶντα
372 423 419 448 καὶ
434 420 571 452 στένοντα,
587 419 655 455 πλὴν
668 420 701 446 δι’
719 420 747 446 ἓν
762 420 840 455 μόνον

251 469 288 495 Οὐ
304 467 394 502 σψόδρ³
411 467 520 493 ἄκοντα.
535 464 620 491 Τοῦτο
638 464 780 500 μαρτύρει,
793 465 873 499 Λόγε.

251 515 283 540 Τί
299 513 392 545 τοῦτος
409 511 525 547 τάληθὲς
539 511 593 546 γὰρ
606 511 636 537 οὑ
653 511 786 547 κρύπτειν
803 511 890 546 θέμις.

253 561 341 595 ’ῖῼμην
360 558 483 594 ματαίοις
500 557 613 592 καρδίας
628 557 801 592 φαντάσμασι

254 606 320 633 1550
333 605 384 640 (Τὸ
400 604 453 639 γὰρ
467 603 554 629 θέλειν
571 602 714 638 πρόχειρον
728 603 768 634 εἰς
786 603 834 637 τὴν
850 603 955 635 ἐλπίδα,

252 652 306 678 Καὶ
321 651 408 678 πάντα
422 651 507 685 ῥᾷστα
520 650 553 683 τῇ
567 648 638 680 ζέσει
651 647 697 674 τοῦ
713 647 874 682 πνεύματος,

253 695 336 730 Κάγώ
348 704 389 727 τις
403 694 489 725 ἄλλως
502 694 541 725 εἰς
553 693 587 719 τὰ
598 692 700 719 τοιαῦθ’
716 692 840 727 ὐῴίνους)
850 701 856 707 ·

252 743 282 768 El
298 742 328 768 τὸ
342 741 441 776 κράτος
457 739 566 773 λάϐοιμι
582 738 658 764 τοῦδε
671 738 718 764 τοῦ
733 737 827 773 Θρόνου

253 790 260 816 l
271 786 371 822 Πολλὴν
389 785 473 821 ῥοπὴν
488 783 541 818 γὰρ
558 783 605 809 καὶ
621 783 651 809 τὸ
667 783 788 817 φαίνεσθ⁹
804 782 923 817 εἰσφέρει
933 802 953 816 ,,

587 132 616 160 S.
633 131 796 160 GREGORll
816 131 940 160 THEOL.
959 131 1141 160 CARMINUM
1160 131 1261 160 LIBER
1280 132 1312 159 ll.
1325 131 1518 160 HISTORICA.

1800 133 1863 162 M33

1046 194 1069 222 Α
1086 191 1151 219 1555
1167 191 1270 226 Ὥσπερ
1283 190 1413 227 χορευτὴς
1424 191 1453 217 ὲν
1469 190 1547 226 μέσῳ
1558 190 1632 217 δυοῖν
1643 190 1745 226 χοροῖν,

1090 236 1190 271 Ἀμφω
1207 237 1274 272 πρὸς
1287 237 1368 263 αὑτὸν
1384 236 1517 267 συντιθεὶς
1536 236 1600 267 τοὺς
1615 236 1738 271 πλησίον,

1088 282 1126 316 Τῇ
1145 282 1193 317 μὲν
1209 282 1254 309 τὸν
1271 281 1358 314 ἔνθεν,
1370 283 1404 317 τῇ
1417 282 1444 309 δὲ
1458 281 1514 314 τὸν,
1525 281 1606 318 χοροῦ
1620 282 1705 316 νόμῳ,

1087 327 1134 358 Et;
1149 327 1177 354 ἓν
1191 328 1315 361 συνάξειν
1331 328 1393 359 τοὺς
1409 327 1556 356 διεστῶτας
1572 326 1676 359 κακῶς,

1087 373 1149 405 Πῶς
1162 372 1184 399 δ’
1197 374 1226 399 οὺ
1240 374 1366 405 κάκιστα,
1385 374 1432 400 καὶ
1448 372 1573 409 δακρύων
1589 373 1722 400 πλουσίων

1090 418 1158 446 1540
1176 419 1288 455 Θρήνων
1299 427 1329 446 τε
1343 419 1448 446 πολλῶν
1460 420 1507 446 καὶ
1521 419 1692 455 σπαραγμῶν
1706 419 1801 452 ἀξίως,

1088 464 1149 492 Οἷόν
1162 474 1204 497 τις
1220 465 1297 492 οὔπω
1309 465 1362 492 τῶν
1378 465 1472 497 πάλαι,
1484 465 1502 500 ἢ
1517 465 1570 492 τῶν
1583 465 1661 498 νέων,

1093 513 1151 539 Ἐπ’
1164 513 1271 544 οὐδενός
1287 513 1348 540 ποτὶ
1365 512 1486 548 ἀνιαρῶν
1500 513 1642 547 ἐστήσατο,

1088 558 1195 584 Πολλῶν
1209 558 1302 585 κακῶν
1316 558 1423 590 πολλοῖς
1435 567 1465 585 τε
1481 557 1730 593 συμπεπτωκότων,

1088 604 1147 630 Οὐδ’
1163 605 1196 639 ἢν
1208 605 1326 636 ἅπαντες
1338 604 1428 641 ᾀδουσ’
1445 604 1552 640 Ἰσραὴλ
1563 603 1676 639 σπορὰν,

1085 649 1153 676 1515
1171 650 1217 676 Ὃν
1230 650 1431 685 Χριστοφόντης
1445 647 1620 684 ὲξελίκμησεν
1635 647 1739 682 φθόνος.
1760 669 1767 675 .

1121 695 1153 721 Οἱ
1169 695 1223 731 γὰρ
1237 695 1362 731 πρόεδροι
1378 695 1425 722 καὶ
1443 693 1507 721 λαοῦ
1524 693 1686 725 διδάσκαλοι,

1087 740 1119 766 Οἱ
1134 740 1292 776 Πνεύματος
1306 740 1433 776 δοτῆρες,
1447 737 1485 768 ὧν
1500 741 1631 775 σωτήριος

1086 784 1194 821 Θρόνων
1207 787 1255 813 ἀπ’
1274 786 1366 822 ἄκρων
1382 785 1553 822 ἐξερεύγεται
1569 785 1656 820 λόγος,

508 866 564 894 lloc
578 870 634 894 erat
644 867 655 893 ?
667 866 755 893 mellis
765 866 836 893 enim
857 870 883 892 et
898 873 987 894 mores
1005 871 1032 893 et
1044 875 1153 896 nomen.

507 902 699 937 Mulla'passus
711 905 752 928 est
767 901 854 928 divini
871 900 988 935 Spiritus
1002 909 1094 933 causa.

508 937 565 975 Etsi
581 937 654 975 illum
668 941 907 975 extraneamanus
920 944 988 975 pene
1002 938 1092 975 aliqua
1105 938 1131 965 iti
1148 947 1178 967 re
1194 941 1336 975 surripuit,

506 970 659 1006 Spleiididis
671 971 863 998 certaminibus
875 972 990 1006 gratiam
1003 970 1140 1001 excolens.

539 1006 608 1033 15-25
627 1005 657 1032 lli
672 1014 714 1032 me
728 1005 1040 1033 stabiliunt’veiieranda
1055 1007 1081 1033 in
1096 1009 1159 1037 sede

507 1040 672 1067 Clamanlem
685 1045 712 1067 et
726 1045 887 1074 gementem,
906 1041 953 1067 sed
970 1045 1058 1068 tamen
1077 1045 1184 1072 unicam
1200 1045 1235 1072 oh
1251 1052 1361 1073 causam

502 1075 561 1102 Non
576 1076 653 1102 valde
667 1075 792 1101 invitum.
808 1075 920 1102 Testare
936 1076 998 1107 hoc,
1011 1084 1027 1103 0
1041 1076 1170 1106 Verbum.

503 1111 633 1143 Quasnam
648 1110 713 1136 illa?
726 1118 818 1136 verum
829 1111 900 1137 enim
915 1111 990 1138 nefas
1002 1112 1101 1140 celare.

505 1145 638 1171 Putabant
653 1152 703 1179 ego
717 1152 785 1172 vana
797 1146 888 1172 cordis
899 1153 946 1178 spe

504 1179 618 1220 1559.61

621 1181 671 1206 uod
688 1180 758 1206 enim
775 1180 911 1213 cupimus,
929 1180 961 1207 ad
974 1180 998 1207 iil
1017 1181 1181 1215 sperandum
1197 1180 1331 1215 proclives
1343 1188 1448 1213 sumus,

503 1214 696 1249 Facillimaque
707 1215 797 1250 omnia
809 1215 914 1242 fervore
931 1214 1056 1250 spiritus,

503 1250 540 1276 Ac
555 1258 604 1284 ego
623 1249 722 1283 alioqui
736 1249 767 1275 ad
786 1258 828 1276 res
846 1250 978 1283 ejusmodi
995 1257 1093 1284 magno
1108 1257 1168 1276 sum
1184 1249 1301 1284 animo);

503 1284 632 1311 Putabam
645 1293 704 1319 ego.
725 1285 748 1310 si
762 1288 921 1318 potestatein
938 1285 1019 1317 hujus
1035 1285 1109 1312 sedis
1123 1285 1273 1318 acciperem

503 1320 664 1380 SPlurimum
676 1320 747 1346 enim
761 1319 887 1353 ponderis
903 1321 960 1353 ipsa
972 1320 1088 1354 dignitas
1104 1320 1255 1352 conciliat),

521 1354 572 1380 535
586 1353 655 1380 Fore
668 1358 707 1380 ut.
721 1354 947 1380 uuemadinodinii
962 1355 1095 1380 cliorauiis
1110 1355 1136 1380 in
1150 1354 1238 1380 medio

521 1354 572 1381 555
586 1353 655 1381 Fore
668 1358 707 1384 ut,
721 1354 947 1388 quemadmodum
962 1353 1095 1389 clioragiis
1110 1355 1136 1381 in
1150 1354 1238 1381 medio
1255 1354 1371 1381 duorum
1384 1354 1540 1386 cliororum,

502 1389 602 1416 Ambos
617 1389 668 1415 sibi
688 1389 824 1423 proximos
837 1397 928 1416 secum
945 1390 1096 1423 conjunxit,

503 1423 573 1450 Hinc
591 1424 676 1456 illum,
697 1424 776 1450 istinc
794 1425 919 1455 alterum,
935 1424 970 1450 ita
986 1426 1037 1451 ritu
1056 1424 1131 1451 cliori

504 1458 531 1484 lii
543 1467 626 1484 unum
642 1459 833 1493 conjungereiii
849 1466 896 1486 eos
912 1459 957 1492 qui
974 1460 1043 1486 male
1060 1459 1240 1491 dissidebant,

502 1494 558 1519 Cur
571 1501 623 1519 non
638 1493 737 1524 dicam,
755 1493 880 1527 pessime,
896 1498 922 1520 ct
937 1493 1019 1528 digno
1037 1494 1180 1521 uberrimis
1195 1494 1322 1528 lacrymis

505 1528 572 1555 l5l0
591 1521 737 1562 Multisque
754 1521 889 1560 lamentis,
901 1533 927 1554 et
944 1521 1186 1556 dilacerationibus
1202 1521 1293 1560 modo,

504 1562 599 1595 Qualia
616 1563 735 1590 nondum
748 1563 890 1597 quisquam
905 1568 952 1589 aut
963 1568 1083 1591 veterum
1100 1569 1147 1590 aut
1162 1564 1311 1591 recentium

503 1597 532 1624 ln
547 1598 600 1624 ulla
614 1605 643 1624 re
662 1599 785 1625 luctuosa
798 1598 890 1629 edidit,

505 1632 636 1664 Quamvis
650 1633 733 1659 multa
749 1634 817 1659 inala
831 1633 927 1659 multis
940 1633 1099 1665 acciderint,

504 1666 663 1703 Neexcepta
678 1667 785 1702 quidem
802 1667 845 1703 illa
862 1668 1003 1694 decantata
1019 1669 1146 1696 omnibus
1161 1667 1270 1696 lsraelis
1279 1667 1461 1703 dispersione,

505 1701 574 1729 1545
594 1701 864 1734 ΟυθιιιΌὶιτίειὶεἱὼι
879 1703 1019 1730 ventilavit
1036 1704 1112 1730 livor.

538 1736 604 1763 Nam
620 1738 748 1771 praesides
764 1742 789 1764 et
802 1737 892 1771 populi
908 1738 1046 1770 ductores,

505 1770 757 1805 Spiritusdatores,
773 1773 820 1806 qui
839 1772 936 1800 salutis
953 1773 1033 1800 verba

505 1806 542 1833 Ex
555 1807 617 1834 allis
634 1807 744 1834 sedibus
760 1807 898 1839 eiiiillunt,

283 1884 351 1911 1525
369 1885 404 1911 El
420 1883 468 1910 καὶ
490 1883 573 1918 ξένῃ.
599 1883 721 1911 Meletius
746 1884 917 1919 Arianorum
936 1884 1030 1912 fraude

247 1919 448 1946 circumventus
466 1919 493 1945 in
517 1927 611 1946 euiuin
626 1919 725 1947 castris
748 1920 944 1954 aliquantisper
959 1920 1029 1946 mili-

247 1955 323 1980 tavit.
347 1956 351 1965 ‘

283 1989 350 2016 l529
366 1989 515 2021 Ματαίοις.
531 1987 654 2024 Ιιοννιιιη
665 1992 691 2015 et
707 1988 791 2016 Coisl.
810 1989 880 2016 Edit.
901 1989 1028 2024 ματαίας.

280 2024 349 2051 1554
363 2023 486 2057 Πολλὴν
502 2023 612 2057 ῥοπήν.
633 2023 744 2050 Multum
768 2025 867 2058 quippe
891 2025 960 2058 apud
981 2025 1029 2051 ho-

246 2059 332 2086 mines
361 2059 484 2093 publicus
511 2059 556 2086 ille
572 2058 701 2093 splendor
725 2062 751 2086 et
782 2064 927 2094 apparatus
949 2060 1029 2086 habet

246 2094 383 2121 momenti.

281 2129 349 2155 1556
365 2128 436 2160 Τοὺς
452 2128 593 2162 πλησίον,
614 2128 697 2155 Coisl.
717 2129 782 2159 τοῖς.
799 2127 917 2156 Pulchra
930 2129 1028 2156 simili-

246 2163 311 2189 tudo
328 2171 343 2189 a
379 2164 508 2190 clioreuta
524 2163 615 2194 ducta.
638 2164 684 2198 qui
705 2171 736 2190 ex
759 2164 865 2190 duobus
890 2164 1026 2191 distinctis

246 2199 337 2225 choris
351 2206 433 2224 unum
446 2197 534 2229 oﬂicit,
553 2198 616 2224 dum
637 2197 721 2224 altera
737 2206 817 2225 manu
833 2207 927 2230 unum,
943 2199 1026 2226 altera

247 2233 309 2260 item
325 2233 438 2260 alterum
454 2233 505 2260 sibi
521 2232 738 2268 adnectens,liac
752 2233 857 2260 ratione
871 2234 945 2268 ipsos
958 2241 1026 2268 quo-

247 2275 299 2303 que
312 2267 383 2295 inter
398 2275 428 2295 se
441 2268 565 2302 copulat;
587 2268 620 2294 ad
639 2267 757 2294 eumdem
770 2269 839 2294 enim
851 2267 972 2301 modum,
985 2269 1026 2295 in-

1079 1884 1148 1920 quit,
1168 1892 1239 1922 spem
1259 1884 1385 1922 habelmin
1404 1885 1469 1920 fore,
1487 1891 1517 1922 ut
1540 1886 1564 1913 si
1587 1886 1862 1922 Constantinopolim-

1079 1928 1140 1946 num
1158 1920 1279 1947 thronum
1300 1920 1475 1952 admitterem,
1499 1921 1646 1949 Orientales
1661 1930 1719 1948 cum
1735 1920 1863 1950 occiden-

1080 1955 1177 1981 talilius
1203 1955 1382 1982 conciliarent.
1399 1956 1462 1982 Erat
1481 1957 1553 1982 enim
1570 1961 1634 1984 tunc
1659 1958 1729 1984 inter
1742 1966 1789 1986 eos
1803 1959 1863 1985 dis-

1079 1990 1190 2027 sidium,
1203 1998 1264 2027 cuni
1282 1995 1393 2025 propter
1407 1991 1458 2027 alia
1474 1991 1607 2027 quaedam,
1624 1996 1680 2018 tum
1696 1993 1777 2019 etiam
1796 2001 1862 2027 pro-

1078 2028 1137 2058 pter
1158 2025 1354 2052 Antiochenam
1368 2025 1470 2052 sedem.
1493 2026 1606 2053 Paulino
1632 2028 1703 2053 enim
1728 2025 1862 2055 Damasus

1078 2067 1147 2094 papa
1169 2059 1286 2091 favebat,
1300 2059 1406 2087 Meletio
1420 2065 1508 2087 autem
1522 2060 1683 2089 Orientales.

1114 2095 1182 2132 1515
1200 2097 1253 2121 Ὃν
1271 2096 1499 2132 Χριστορόντης.
1516 2095 1543 2122 lil
1566 2097 1686 2132 esttqm'
1698 2097 1730 2123 ob
1756 2097 1863 2124 illatam

1081 2130 1182 2165 Messio:
1199 2135 1307 2156 mortem
1319 2130 1471 2164 justissima
1486 2130 1739 2165 supreniiNuminis
1751 2133 1793 2159 ira
1807 2137 1863 2159 toto

1080 2164 1140 2200 orbe
1159 2164 1283 2199 disjectas
1299 2170 1347 2191 est.
1366 2165 1426 2191 Mox
1443 2165 1548 2200 φθόνος.
1564 2166 1634 2192 Edit.
1651 2166 1737 2200 χόλος.

1078 2232 1095 2259 ἄ
1114 2199 1182 2226 1518
1202 2200 1263 2226 Ἀπ⁴
1289 2199 1395 2234 ἄκρων.
1422 2200 1466 2227 Sic
1481 2199 1541 2228 Vat.
1566 2206 1593 2228 et
1615 2199 1698 2229 Colsl.
1721 2201 1790 2228 Edil.
1818 2202 1863 2228 ἐπ’

1097 2242 1180 2259 κοωνΔ

1097 2242 1180 2268 κρων.

892 2326 918 2354 Μ
923 2326 1056 2355 ETRICA
1072 2326 1209 2355 VERSIO

245 2388 313 2416 Nam
330 2395 427 2416 nomen
447 2389 485 2416 illi
504 2388 639 2419 melleum,
652 2392 679 2415 et
693 2394 782 2415 mores
797 2392 884 2415 erant.

245 2425 297 2456 Qui
309 2424 400 2459 gravia
412 2424 494 2451 multa
507 2423 685 2459 Spiritumrob
698 2428 822 2459 sanetum
838 2423 910 2454 tulit.

245 2459 363 2486 Externa
372 2459 497 2493 quamvis
511 2462 632 2493 tempore
646 2458 718 2484 hunc
730 2458 868 2492 quondam
886 2465 982 2485 manus

247 2494 398 2528 Deeeperit,
412 2494 494 2520 claris
505 2494 641 2528 palzestris
656 2493 770 2528 gratiam

245 2527 364 2556 Poliens.
379 2528 470 2556 Sacris
481 2527 523 2556 me
537 2527 672 2556 collocant
687 2528 714 2553 hi
736 2528 762 2554 in
777 2527 898 2559 sedibus.

245 2563 377 2596 Flentem,
389 2567 539 2598 gementem
553 2573 560 2591 :
574 2564 684 2590 nomine
698 2563 750 2589 hoc
761 2570 814 2598 uno
831 2567 921 2590 tamen

245 2598 302 2626 Non
317 2606 430 2634 prorsus
447 2606 519 2634 aegra
535 2603 639 2631 mente;
660 2602 688 2624 tu
703 2598 780 2625 testis
796 2597 881 2630 Deus;

244 2632 366 2666 Quonam
377 2632 597 2660 lioc?Nel'asnam
607 2640 729 2667 premere
739 2641 831 2660 verum
840 2637 881 2659 est
896 2633 939 2659 hic
948 2632 1024 2658 mihi.

243 2668 387 2699 Putabam,
403 2669 498 2695 inanes
510 2675 571 2702 spes
587 2668 681 2695 I'ovens
697 2668 724 2694 iu
741 2671 850 2701 pectore

244 2703 389 2736 (Proclivis
402 2703 435 2729 ad
447 2711 521 2737 spem
538 2710 645 2737 semper
661 2707 702 2729 est
715 2702 860 2737 cupiditas,

245 2738 382 2772 Mentique
399 2738 437 2764 nil
453 2746 507 2764 non
524 2737 632 2764 fervida:
650 2745 783 2771 pronum,
800 2744 831 2763 ac
846 2744 895 2771 ego

243 2771 272 2799 ln
283 2771 365 2800 rebus
380 2773 462 2799 altam
478 2773 578 2799 talibus
597 2776 713 2799 mentem
728 2772 821 2806 gero);

245 2806 289 2834 Sic
303 2808 484 2841 principatum
500 2807 574 2834 sedis
590 2807 662 2833 hunc
675 2805 809 2841 caperem.
830 2805 887 2832 fore

244 2841 288 2876 (Et
299 2840 359 2876 ipsa
375 2840 487 2876 magnas
502 2849 599 2876 pompa
615 2848 678 2869 nam
703 2840 774 2869 vires
792 2840 896 2874 habet),

1040 2392 1061 2419 B
1078 2388 1152 2424 litore
1165 2393 1195 2414 ut
1212 2389 1358 2421 clioreutze,
1369 2389 1416 2424 qui
1436 2389 1506 2417 duos
1520 2390 1591 2417 inter
1606 2390 1706 2418 choros

1076 2422 1196 2460 glomus,
1212 2424 1337 2458 utrinque
1352 2422 1505 2458 proximum
1522 2425 1573 2452 sibi
1589 2426 1709 2460 copulat,

1075 2458 1144 2484 Hinc
1157 2466 1239 2486 unum
1252 2460 1361 2486 etillinc
1372 2460 1497 2491 alterum,
1513 2461 1566 2486 ritu
1582 2458 1670 2492 chori,

1077 2492 1194 2529 Ienens,
1214 2495 1302 2520 amico
1318 2494 1418 2521 lcedere
1435 2495 1493 2528 ipse
1504 2495 1682 2529 astringerent

1077 2527 1146 2563 Male
1157 2528 1331 2560 dissidentes,
1346 2529 1400 2555 imo
1415 2527 1480 2556 vero
1496 2527 1623 2563 pessime,

1077 2562 1215 2599 Qigneque
1231 2564 1322 2591 multis
1335 2564 1463 2599 lacrymis
1480 2562 1506 2591 ei
1520 2564 1638 2596 ﬂetibus,

1077 2597 1176 2634 Quales
1193 2605 1244 2624 nec
1255 2599 1329 2627 olim.
1344 2597 1399 2625 nec
1411 2607 1504 2626 recens
1520 2600 1664 2634 quisquam
1678 2600 1763 2628 edidit

1076 2633 1183 2669 Adhuc.
1199 2634 1234 2669 ob
1253 2634 1322 2660 ullos
1340 2633 1422 2660 sortis
1435 2633 1556 2661 adversa:
1569 2633 1696 2669 impetus,

1079 2667 1146 2693 Mala
1159 2668 1242 2693 multa
1258 2669 1383 2702 quamvis
1401 2669 1525 2702 plurimis
1536 2667 1676 2697 evenerint
1689 2667 1698 2697 ξ

1079 2701 1279 2736 Dispersionein
1296 2701 1418 2736 proferas
1439 2705 1500 2730 licet
1515 2703 1608 2735 Israel.

1078 2736 1162 2772 Quem
1177 2737 1338 2765 Chi-istieida
1356 2738 1470 2771 perdidit
1486 2746 1599 2772 prorsus
1615 2739 1703 2768 furor.

1112 2771 1218 2808 Etenim
1235 2773 1356 2808 magistri
1372 2773 1459 2806 plebis
1473 2771 1554 2808 atque
1565 2775 1713 2808 antistites,

1078 2805 1171 2842 ξω]ᾳί
1184 2805 1292 2834 datores
1312 2805 1440 2841 Spiritus,
1456 2811 1484 2834 et
1501 2805 1546 2842 qui
1565 2809 1671 2836 thronis

1077 2840 1204 2868 Fundunt
1221 2841 1254 2869 ab
1268 2840 1428 2869 altis’verba
1443 2840 1521 2877 queis
1540 2845 1646 2879 paritur
1661 2845 1748 2876 salus.
