1955 3042
125 108 195 138 1157

125 169 158 192 Ui.
173 166 240 192 πᾶσι
259 165 442 201 κηρύσσοντες
457 165 568 201 εἰρήνην
586 166 640 199 ἀεὶ,

125 211 196 239 i550
209 212 311 243 Φωναῖς
325 211 463 242 πλατείαις
476 212 505 237 ἐν
523 211 620 246 μέσαις
638 212 808 248 ἐκκλησίαις,

125 259 257 286 Τοσοῦτον
272 258 433 294 ὲμμάνησαν
447 258 571 293 ἀλλήλοις
584 258 701 294 πικρῶς,

127 305 200 330 “nec”
215 303 372 335 ἐκϐοῶντες,
386 304 558 338 συλλέγοντες
571 305 740 340 συμμάχους,

125 348 347 385 Κατηγοροῦντες
361 350 407 376 καὶ
421 350 660 385 κατηγορούμενοι,

125 395 277 430 Πηδῶντες,
293 395 472 430 ἐκδημοῦντες
485 397 512 422 ἐν
529 396 682 432 πηδήμασι,

126 440 195 467 1555
208 440 405 475 Διαρπάζοντες
421 439 466 472 οὓς
482 440 556 476 τύχοι
568 449 610 472 τις
623 442 794 477 προφθάσας,

124 485 218 521 Λύσσῃ
235 485 377 522 φιλαρχίας
390 494 419 512 τε
437 486 484 512 καὶ
500 488 657 522 μοναρχίας,

126 532 199 565 (Πῶς
213 532 334 567 ὲκῦοήσω
346 532 431 558 ταῦτα
443 533 489 559 καὶ
498 533 551 559 τίσι
565 533 676 569 λόγοιςς)

128 576 265 612 Ἕρρηξαν
280 577 329 612 ἤδη
339 576 387 612 τὴν
404 577 467 612 ὃλην
483 578 655 613 οἰκουμένην,

129 623 163 648 ‘0
179 622 294 658 πρόσθεν
305 621 390 654 εἷπον,
406 623 475 658 ἡνίκ’
485 623 610 659 ἠρχόμην
625 624 715 659 λόγου.

127 667 196 694 1560
204 667 286 701 Λῆξις
301 668 324 695 δ’
338 668 393 704 ἑῴα
409 667 456 695 καὶ
467 668 542 701 δύσις
555 669 634 703 λόγου
651 670 731 697 πλέον

127 713 204 749 Τομὴ
218 714 348 750 νομίζετ’,
359 715 376 751 ἢ
387 715 477 742 τόπων
488 716 535 743 καὶ
547 716 696 752 κλιμάτων.

648 110 770 139 SECTIO
784 111 804 139 l.
827 111 990 140 POEMATA
1010 114 1052 140 DE
1072 112 1197 140 SEIPSO.

927 175 950 201 Α
965 169 1004 195 Τὰ
1022 170 1070 204 μὲν
1081 169 1135 204 γὰρ
1147 168 1238 203 ἤνωξ’,
1255 167 1305 194 οὐκ
1321 167 1426 203 ἄκροις,
1439 167 1496 195 ἀλλ’
1512 166 1558 195 οὖν
1571 168 1677 204 μέσοις·

1678 113 1746 141 1158

965 216 996 241 Οἱ
1013 215 1035 241 δ’
1048 214 1124 240 οὐδέν
1139 215 1221 245 ἐστιν,
1238 210 1259 246 ᾧ
1275 213 1358 240 δέοντ’
1375 214 1537 249 ὲρῤωγότες,

964 261 1020 286 Οὐκ
1036 260 1173 286 εὐσέϐειαν
1193 258 1275 294 (τοῦτ’
1293 259 1446 295 ἀνευρίσκει
1462 260 1548 294 χόλος,

964 306 1032 332 1565
1049 305 1173 340 Ψεύστης
1187 305 1316 340 ἕτοιμος),
1334 305 1382 340 τὴν
1392 305 1413 331 δ’
1432 306 1502 342 ὑπὲρ
1515 306 1615 341 θρόνων
1627 306 1695 342 ἔριν.

963 353 995 378 Τί
1009 352 1087 378 τοῦτο
1102 352 1197 386 φάσκω
1208 352 1271 383 τοὺς
1286 352 1420 385 σκοπούς;
1437 353 1466 379 οὐ
1481 354 1544 384 τοὺς
1561 353 1678 385 σκοποὺς

965 398 1098 424 Τοσοῦτον
1118 397 1214 433 (ἄμφω
1225 398 1272 423 καὶ
1287 398 1341 433 γὰρ
1354 396 1411 424 οἶδα
1428 399 1570 434 μετρίως),

965 444 1045 470 Ὅσον
1059 452 1111 478 περ
1126 444 1224 478 ἀμφοῖν
1239 445 1301 475 τοὺς
1314 445 1413 476 κακοὺς
1428 445 1622 480 σπουδαρχίδας

963 488 1054 524 At?ng
1067 489 1194 523 φυσώσας
1209 489 1258 524 τὴν
1274 490 1434 524 ἀνημμένην
1450 490 1546 524 φλόγα,

965 534 1033 562 1570
1049 534 1089 560 Τὰ
1102 535 1175 569 σφῶν
1187 535 1310 566 τιθέντας
1325 532 1354 561 εὖ
1369 534 1458 566 καλῶς
1470 536 1497 562 ἐν
1510 537 1567 567 τοῖς
1584 535 1681 570 φίλοις,

964 580 1049 615 Εἴπερ
1060 580 1149 612 καλῶς
1165 580 1236 606 τοῦτ’
1254 581 1336 612 ἐστιν,
1354 582 1384 607 οὺ
1403 581 1463 607 λίαν
1477 581 1580 612 κακῶς.

995 625 1103 652 Τούτων
1115 634 1142 651 τι
1155 625 1232 659 κάγὼ
1243 625 1297 651 τῶν
1313 625 1404 651 κακῶν
1420 625 1582 660 ἀπωνάμην.

971 671 1046 697 Ἐπεὶ
1065 671 1129 706 γὰρ,
1147 671 1176 697 ὃν
1196 672 1244 706 μὲν
1260 671 1360 707 ἀρτίως
1373 671 1492 706 ἐπῄνεσα

964 718 1020 752 Τῆς
1040 717 1196 752 Ἀντιοχέων
1211 717 1366 753 προστάτην
1383 716 1553 753 Ἐκκλησίας,

381 793 560 830 756:757
578 794 630 826 Qui
648 802 743 829 pacem
761 795 888 822 omnibus
905 802 1013 830 semper
1027 795 1188 830 praedicant,

383 829 450 856 1550
462 829 543 855 Plena
559 833 586 856 et
599 831 672 856 clara
686 837 754 856 voce
768 830 795 856 in
810 830 908 857 mediis
920 829 1053 863 ecclesiis,

381 862 470 898 Tanto
484 864 510 891 in
527 871 556 891 se
569 864 684 891 invicem
703 864 809 891 fervore
824 870 999 898 exarserunt,

383 897 417 924 Ut
432 899 622 931 vociferantes,
642 899 799 934 colligenles
817 900 879 927 belli
895 900 995 933 socios,

382 934 551 961 Accusantes
565 937 591 960 ct
607 935 740 966 accusati,

383 968 518 1005 _S_altantes
533 973 559 995 et
574 969 690 997 saltibus
704 974 779 996 extra
793 977 821 996 se
833 970 947 1005 abrepti,

383 1003 453 1039 1555
464 1003 611 1038 Rapicntes
629 1012 708 1037 quem
721 1004 837 1039 quisque
854 1003 1009 1036 antevertit,

383 1037 485 1075 [tabida
498 1037 654 1075 dominatus
666 1043 692 1075 et
704 1037 870 1066 monarchiae
881 1040 1008 1075 cupidine

383 1072 536 1109 (Quomodo
549 1073 606 1109 haec
620 1073 799 1103 voril‘erabor,
813 1078 840 1101 et
854 1072 954 1109 quibus
966 1073 1086 1108 verbis?)

381 1107 440 1144 51am
456 1113 541 1135 totum
554 1108 646 1144 orbem
663 1113 799 1135 terrarum
813 1107 977 1144 (liruperint,

383 1142 421 1178 Id.
433 1144 505 1178 quod
520 1143 595 1178 prius
611 1143 677 1175 dixi,
693 1152 754 1171 cum
772 1142 885 1171 initium‘
894 1145 1031 1172 scribendi
1047 1145 1173 1172 facerem.

383 1177 455 1215 1560
466 1177 534 1215 Pars
545 1182 635 1215 autem
653 1179 796 1206 orientalis
812 1184 838 1206 et
857 1180 1045 1212 oecidentalis,
1061 1179 1192 1206 doctrinae
1208 1179 1294 1215 magis

383 1211 475 1240 Sectio
490 1213 673 1245 existimatur,
691 1221 775 1247 quam
790 1214 910 1241 locorum
927 1219 954 1241 et
970 1215 1122 1241 climatum.

385 1248 430 1274 Illa
445 1248 516 1275 enim
529 1248 670 1280 uniuntur,
684 1249 705 1276 si
719 1249 809 1276 minus
821 1250 961 1280 extremis,
974 1250 1069 1276 saltem
1085 1249 1197 1281 mediis;

384 1282 453 1318 [stos
463 1290 528 1310 vero
540 1283 607 1309 nihil
621 1287 673 1315 est,
690 1284 761 1318 quod
775 1284 876 1311 vinciat
891 1284 1033 1316 discissos,

383 1316 564 1354 lXonrrpropter
579 1316 705 1352 pietatem
724 1319 857 1354 (praetexit
877 1319 948 1346 hanc
965 1318 1117 1350 iracundia,

384 1352 453 1388 1565
467 1352 580 1379 Mendax
599 1352 798 1387 paratus){scd
813 1360 922 1388 propter
934 1354 1136 1382 contentionem
1149 1352 1181 1380 de
1194 1352 1312 1380 thronis.

385 1387 438 1424 ξω
453 1395 503 1415 cur
516 1388 541 1415 id
554 1388 672 1422 conjicio
683 1389 709 1416 in
724 1387 890 1423 episcopos?
905 1397 959 1416 non
974 1390 1001 1416 in
1013 1390 1156 1424 episcopos

384 1422 500 1459 Tantum
513 1423 637 1459 (uterque
647 1424 719 1450 enim
732 1422 798 1450 mihi
814 1425 882 1451 satis
894 1422 1043 1459 cognitus),

381 1457 519 1494 Quantum
534 1458 561 1484 in
575 1459 718 1494 amborum
734 1459 902 1493 principatus
919 1457 1057 1494 improbos
1069 1457 1246 1486 defensores:

381 1492 424 1521 ili.
441 1497 469 1519 ut
484 1500 567 1524 aurae,
582 1493 697 1527 perﬂant
708 1492 852 1521 accensam
864 1492 1013 1525 ﬂammam.

384 1527 452 1563 1570
467 1527 506 1554 Ac
519 1528 601 1555 rebus
616 1529 672 1556 suis
688 1529 714 1555 in
728 1530 878 1555 amicorum
891 1537 975 1556 causa
989 1528 1116 1563 praeclare
1133 1527 1300 1555 consulunt:

383 1562 512 1598 Sitamen
527 1563 656 1597 przeclarc
668 1564 693 1590 id
712 1563 749 1594 ﬁt,
768 1571 800 1590 ac
818 1571 871 1591 non
886 1565 976 1598 potius
988 1562 1138 1591 teterrime.

417 1597 458 1624 Me
478 1605 588 1634 quoque
603 1599 700 1634 horum
723 1599 856 1625 malorum
878 1597 967 1634 aliqua
988 1606 1051 1634 pars
1067 1598 1169 1626 utiliter
1186 1597 1292 1633 attigit:

381 1631 529 1667 Postquam
543 1631 619 1660 enim
636 1633 716 1660 modo
737 1634 863 1662 laudatus

380 1667 557 1694 Antiochena:
576 1667 706 1696 Ecclesiae
732 1669 860 1701 antistes,

165 1743 231 1780 1551
256 1743 554 1780 Ἑμμάνησαζῶοἱει.
576 1745 762 1780 ἐπεμάνησαν.

164 1778 235 1806 1554
252 1778 416 1813 Πηδῶντες.
431 1779 492 1806 Vat.
506 1784 533 1806 et
548 1778 635 1808 Coile
647 1778 772 1812 διδόντες.
791 1779 863 1807 Edit.
881 1780 915 1808 ad

128 1813 340 1858 ωῆτὲληέκτασιν
357 1814 619 1858 τοξικαθεστηκόττος
631 1816 790 1858 πᾴσχοντες.

164 1849 233 1886 1561)
248 1850 345 1886 Λόγου
361 1850 456 1886 adscr
467 1849 551 1884 τομή.
569 1849 702 1877 Doctrina:
717 1851 833 1886 iideique
846 1851 916 1878 divi-

130 1884 172 1912 sio
182 1885 365 1916 existimatur,
386 1885 457 1919 quod
478 1890 568 1912 tamen
590 1893 687 1912 vanam
713 1884 914 1916 simulationem

129 1927 190 1955 esse
202 1919 351 1955 Qregorius
364 1920 475 1955 asserit,
493 1923 633 1955 totamque
645 1920 719 1947 litem
736 1921 769 1948 de
786 1921 914 1955 sedibus;

130 1954 195 1980 dum
214 1953 300 1981 Roma
315 1957 342 1981 et
356 1954 556 1986 Occidentales,
571 1953 598 1982 in
614 1955 696 1983 rebus
707 1953 914 1987 ecclesiasticis,

130 1990 225 2024 primae
244 1989 316 2024 sedis
343 1990 484 2024 privilegio
499 1994 525 2016 et
550 1989 705 2017 constantia
727 1990 754 2017 in
781 1991 914 2018 servanda

130 2023 204 2056 recta
222 2023 283 2054 ﬁde,
299 2023 350 2058 ius
359 2025 410 2052 sibi
428 2023 626 2056 ordinationem
640 2025 740 2052 Meletii
757 2026 792 2053 ab
806 2025 915 2052 Arianis

130 2058 229 2085 factam
256 2060 404 2094 abrogandi
432 2059 624 2087 vindicabant:
645 2061 797 2088 Orientales
824 2064 914 2087 autem

131 2094 174 2130 sui
202 2101 309 2129 quoque
324 2095 395 2130 juris
421 2099 531 2130 tenaces
556 2095 740 2122 reclamabant
759 2100 786 2122 et
808 2095 914 2123 obnite-

130 2128 239 2157 bantur.
257 2128 337 2158 Forte
362 2131 443 2157 etiam
468 2129 557 2164 λόγου,
579 2137 611 2157 ac
628 2131 649 2157 si
681 2131 813 2165 legeretur
842 2131 914 2164 λογι-

131 2164 211 2199 σμοῦ,
230 2173 284 2192 non
298 2166 366 2192 male
380 2165 540 2197 reddideris,
556 2165 703 2192 animorum
713 2167 795 2199 magis
809 2166 913 2193 divisio.

166 2200 236 2228 i562
256 2200 294 2227 Τὰ
302 2200 361 2234 μὲν
373 2200 438 2235 γάρ.
452 2199 524 2227 Loca
535 2200 667 2235 siquidem
680 2201 750 2227 inter
765 2208 795 2228 se
809 2202 914 2228 distan-

130 2234 178 2266 tia,
195 2236 344 2270 interjectis
360 2234 449 2262 tamen
464 2236 531 2263 locis
551 2234 672 2262 mutuam
693 2236 810 2270 quodam
833 2236 913 2263 modo

130 2272 352 2306 conjunctionem
364 2271 482 2298 retinent
498 2279 504 2297 :
525 2275 552 2298 at
574 2271 708 2303 homines,
722 2271 768 2297 ubi
790 2279 804 2297 a
820 2275 913 2297 mutua

969 1746 1117 1781 concordia
1146 1744 1322 1777 recesserint,
1347 1744 1449 1772 nullum
1477 1744 1593 1780 amplius
1615 1743 1752 1772 vinculum

968 1782 1134 1816 conjungere
1150 1784 1249 1816 potest.

1004 1814 1255 1843 1564Ἐὺσέϐειαν.
1269 1814 1330 1843 Vat.
1348 1815 1497 1846 εὐσεϐείας.
1514 1814 1574 1842 Mox
1588 1814 1751 1850 ἀνευρίσκει.

968 1850 1051 1879 Coisl.
1069 1851 1101 1877 ἂν
1114 1851 1245 1886 εὑρίσκοι.

1004 1886 1072 1913 1566
1091 1883 1162 1918 Τοὺζι
1179 1885 1324 1918 σκοπούς.
1343 1885 1443 1920 .‘iempe
1459 1883 1601 1911 Paulinum
1623 1883 1752 1920 et‘illele-

967 1922 1045 1955 tium,
1064 1928 1133 1955 quos
1154 1921 1205 1948 sibi
1227 1924 1307 1947 notos
1337 1918 1491 1956 probosqlie
1515 1923 1636 1956 testatur
1651 1918 1754 1952 Gri-go-

966 1957 1040 1989 rius;
1060 1963 1155 1982 verum
1171 1956 1261 1990 culpat
1273 1963 1367 1983 eorum
1383 1955 1551 1987 del'enSores,
1568 1955 1614 1988 qui
1631 1955 1752 1990 ipsorum

986 1990 1037 2017 arti
1058 1988 1225 2025 przeposteré
1250 1990 1351 2021 favent,
1366 1998 1434 2024 quos
1458 1989 1574 2025 appellat
1594 1988 1754 2023 σπουδαρχίε

982 2034 1024 2057 τις.
1048 2024 1122 2052 Bella
1140 2026 1273 2056 nutriunt,
1292 2026 1440 2052 excitalam
1460 2024 1594 2051 ﬂammam
1612 2026 1697 2058 magis
1722 2030 1753 2050 ac

967 2060 1054 2094 magis
1070 2060 1232 2093 accendunt,
1247 2060 1361 2095 suisque
1376 2060 1501 2095 privatim
1521 2058 1672 2086 commodis
1688 2066 1754 2086 con-

967 2095 1070 2122 sulunt.

1004 2130 1073 2157 1568
1089 2130 1184 2156 ’Ὃσω⁸
1197 2137 1262 2164 περ,
1276 2134 1327 2157 etc.
1340 2129 1410 2156 Edil.
1422 2129 1466 2156 ad.
1479 2137 1562 2163 marg.
1574 2128 1628 2155 τῶν
1645 2129 1750 2164 μέρων·

967 2165 1071 2192 οἴκοθεν
1086 2165 1139 2200 γὰρ
1156 2165 1195 2200 τῷ
1211 2166 1276 2201 πυρὶ
1289 2166 1338 2200 τῆς
1355 2165 1499 2200 φιλαρχίας
1514 2164 1684 2201 φλεγόμενοι,
1697 2164 1753 2201 τοῖς

967 2198 1148 2232 σπουδασταῗς
1161 2198 1331 2236 φὶλαρλίδαις
1344 2198 1384 2232 εἰς
1394 2198 1516 2226 τέλειονα
1541 2199 1685 2234 φιλαρχίαν
1710 2198 1753 2231 ἐξ·

967 2235 1095 2263 ἅπτονται
1110 2235 1192 2262 ἐπῶν.

1003 2271 1072 2298 1570
1084 2268 1127 2298 Εὖ
1144 2270 1253 2304 καλῶς.
1271 2270 1343 2298 Edit.
1360 2270 1393 2297 ad
1408 2277 1495 2305 marg.
1510 2267 1540 2296 εὖ
1561 2268 1664 2300 κακῶς.

776 2340 944 2370 METRICA
957 2339 1104 2370 VERSIO.

131 2403 304 2439 Cunctisque
314 2402 526 2439 pacemrjugiter
535 2403 583 2439 qui
601 2403 760 2438 praedicant,

132 2439 161 2466 In
176 2439 233 2466 :ede
246 2438 334 2465 media
348 2438 462 2466 vocibus
475 2438 648 2470 clarissimis,

131 2474 219 2501 Tanto
236 2474 326 2501 furore
340 2481 369 2500 se
383 2476 479 2508 petunt
496 2473 546 2507 ipsi
564 2474 690 2508 invicem,

133 2509 346 2539 'l‘umultuando,
365 2508 552 2535 con‘rabendo
565 2509 673 2543 copias,

132 2545 276 2579 tiarpendo
287 2551 348 2571 sese
367 2547 461 2570 mutuo
479 2543 570 2578 lingua
589 2544 681 2577 eﬂ’era,

133 2578 271 2610 Saliendo,
288 2578 387 2606 mentis
403 2582 433 2605 ut
443 2579 531 2606 solent
546 2586 619 2606 sanae
633 2580 761 2614 impotes.

132 2615 282 2643 Praedando
296 2622 364 2649 quos
379 2614 441 2649 quis
456 2618 518 2640 ante
534 2615 646 2648 praedari
662 2619 753 2649 queat,

132 2650 236 2677 liabida
252 2650 401 2684 imperandi
419 2649 482 2675 dum
496 2652 568 2676 tenet
583 2653 700 2676 mentem
713 2651 784 2682 silis,

132 2686 248 2718 Quinam
265 2685 327 2712 ista.
346 2684 435 2711 verbis
452 2687 479 2710 et
493 2684 604 2718 quibus,
618 2684 698 2719 digne
712 2685 841 2720 eloquar?

132 2721 231 2748 Orbem
245 2721 400 2746 universum
414 2726 528 2753 prorsus
545 2723 574 2745 ut
586 2720 757 2752 divulserint,

134 2755 222 2789 Velut,
243 2755 409 2790 auspicando
419 2754 535 2781 Carmen
547 2755 608 2786 hoc,
625 2755 682 2782 dixi
698 2756 782 2790 prius,

133 2791 283 2827 ortumque
297 2789 434 2827 nunciam
450 2793 476 2816 et
490 2789 634 2827 besperum
651 2789 752 2827 scindit
767 2790 851 2827 magis

135 2826 239 2854 Ardeas
252 2825 388 2858 simultas,
402 2831 484 2860 quam
501 2825 563 2859 loci,
581 2825 621 2853 vel
634 2826 754 2853 climata.

934 2407 957 2437 Β
971 2403 1093 2438 Namque
1105 2404 1162 2436 illa,
1176 2404 1199 2431 si
1215 2411 1269 2431 non
1279 2403 1350 2436 ﬁnis,
1368 2407 1396 2430 at
1409 2403 1496 2430 media
1513 2403 1628 2430 uniunt:

973 2438 1068 2466 Athos
1083 2439 1166 2474 ligare
1181 2439 1318 2466 vinculum
1330 2439 1433 2464 nullum
1449 2442 1548 2472 potest.

972 2474 1031 2501 Non
1049 2482 1132 2501 causa
1153 2475 1240 2508 pietas
1253 2474 1327 2509 (bilis
1340 2474 1390 2500 hoc
1407 2474 1556 2509 excogitat,

972 2509 1013 2536 Ad
1028 2510 1210 2536 mentiendum
1226 2508 1330 2543 prona).
1345 2509 1390 2535 sed
1406 2508 1438 2535 lis
1449 2508 1484 2535 ob
1499 2509 1621 2535 thronos.

972 2544 1106 2576 Quidnam
1123 2544 1173 2571 hoe
1189 2544 1329 2570 vm-arim?
1346 2543 1497 2570 Prtesules?
1516 2543 1574 2570 Non
1588 2543 1718 2577 prmsules

972 2579 1087 2606 Tantum
1106 2578 1158 2613 (est
1171 2583 1286 2613 uterque
1300 2579 1425 2613 cognitus
1439 2586 1499 2604 nam
1519 2584 1561 2605 sat
1577 2579 1664 2614 mihi),

971 2614 1086 2648 Utrique
1098 2618 1228 2648 quantum
1244 2614 1290 2648 qui
1309 2614 1399 2641 favent
1413 2619 1587 2647 praepostere,

970 2651 1104 2684 Aurazque
1119 2649 1231 2684 perﬂant
1247 2649 1336 2684 instar
1348 2656 1492 2675 accensum
1507 2656 1614 2683 rogum,

970 2683 1074 2712 Charos
1087 2683 1199 2712 et'inter
1213 2683 1355 2710 commode
1370 2683 1421 2710 sibi
1437 2684 1593 2710 consulunt.

971 2719 1040 2752 Quid
1055 2720 1116 2746 dico
1129 2727 1191 2746 vero
1205 2718 1362 2746 commode?
1379 2718 1433 2745 luto
1448 2718 1627 2746 incommode.

1004 2754 1082 2782 Malis
1096 2759 1119 2782 et
1131 2754 1212 2787 hisce
1227 2753 1329 2788 perfrui
1345 2754 1410 2780 mihi
1423 2754 1547 2788 contigit.

969 2789 1004 2816 Ut
1018 2797 1135 2824 namque
1149 2790 1258 2824 praesul,
1273 2796 1353 2823 quem
1369 2789 1449 2815 modo
1464 2789 1542 2816 laude
1556 2788 1650 2820 extuli,

969 2825 1135 2853 Antiochiae
1151 2825 1236 2858 urbis,
1254 2824 1349 2860 plenus
1365 2824 1456 2858 anuis,
1475 2825 1521 2859 qui
1535 2824 1636 2852 cadunt
