1955 3042
192 112 261 140 1139

191 170 261 196 1575
275 169 330 205 HM
335 179 385 206 ρης
397 169 539 206 μετρητῶν
551 169 604 196 τῶν
618 170 642 196 τ’
659 170 820 206 ἀμετρήτων
832 169 909 202 ἐτῶν,

191 216 282 248 Πόλλ’,
294 215 332 247 ὡς
344 216 445 247 ἀκούω,
458 216 613 251 συμϐατικὰ
626 215 802 251 παραινέσας,

194 261 228 286 Ἀ
245 260 362 296 πρόσθεν
375 260 512 295 ἐξηκούετ*
528 259 648 287 ὲκλαλῶν
664 259 761 294 φίλοις,

194 306 291 333 Ἔνθεν
305 305 421 341 μετῆλθε
434 306 502 341 πρὸς
513 306 591 341 χορὸν
602 306 655 332 τῶν
672 306 806 340 ἀγγέλων,

192 352 291 387 Πομπῇ
306 360 336 378 τε
351 351 410 387 θείᾳ
427 352 473 378 καὶ
487 352 562 387 χύσει
578 351 624 377 τοῦ
639 351 743 383 ἄστεως

193 398 262 425 1580
276 398 338 424 Τόθ¹
350 399 388 429 ώς
406 398 521 433 μάλιστα
536 398 688 432 δηχθέντος,
701 397 795 434 ὥσπερ
807 398 897 432 λόγος,

193 445 264 479 Πρὸς
279 445 328 479 τὴν
346 444 441 470 ἑαυτοῦ
457 444 592 471 στέλλεται
605 444 760 480 παροικίαν,

193 490 282 516 Καλόν
293 499 319 516 τι
332 490 505 525 θησαύρισμα
518 491 575 521 τοῖς
587 489 718 524 ἐγνωκόσι
728 499 735 505 ·

194 535 279 571 ηουλὴ
296 535 324 562 δὲ
337 535 477 572 προύκειο’
490 537 556 571 ἡμῖν
572 536 602 562 οὐ
621 535 774 570 βουλευτέα,

196 581 247 607 Ἦν
260 582 284 608 οἱ
299 581 454 612 στασιώδεις
466 582 513 608 καὶ
525 582 603 608 κακοὶ
619 582 806 617 συνεκρότουν,

195 626 264 653 1585
274 626 392 662 Σπουδὴν
409 627 515 661 ἔχοντες
527 627 727 662 ἀνταναστῆσαι
740 636 800 654 τινα

194 673 327 709 Πρόεδρον
339 673 418 700 ἄλλον
433 673 472 708 τῷ
488 673 556 705 τέως
574 673 734 710 μονοθρόνῳ.

526 111 554 138 S.
575 112 738 140 GREGORII
756 112 880 140 THEOL.
915 112 1100 141 CARMINUM
1121 111 1222 139 LIBER
1241 110 1274 138 11.
1294 108 1490 138 HISTORICA.

989 177 1011 206 Α
1028 169 1123 196 Πολλοὶ
1136 169 1158 195 δ’
1173 167 1335 204 ἐκινήθησαν
1351 167 1380 200 ἐξ
1395 167 1496 202 ἀμφοῖν
1509 165 1582 200 λόγοι

1741 108 1811 137 1110

1029 215 1168 251 Εἰρηνικοί
1184 223 1213 241 τε
1225 215 1272 241 καὶ
1288 214 1414 249 φέροντες
1426 213 1466 244 εἰς
1481 212 1565 238 κακόν

1027 261 1088 287 Τότ’
1105 258 1181 286 εἷπον
1192 260 1272 291 αὐτὸς
1286 258 1388 294 οὕσπερ
1403 258 1497 293 ᾠόμην
1510 257 1605 291 λόγους

1028 307 1096 334 1590
1112 304 1188 333 Εἶναί
1202 306 1225 331 τ’
1237 305 1374 340 ἀρίστους,
1386 304 1433 334 καὶ
1444 303 1536 330 κακῶν
1547 303 1697 339 λυτηρίους.

1064 362 1074 378 ι
1087 352 1125 379 Ob
1144 361 1187 388 μοι
1198 351 1300 378 δοκεῖτε
1310 350 1395 377 ταυτὰ
1410 349 1564 385 γινώσκειν,
1579 349 1661 383 φίλοι,

1029 399 1177 430 Ἅπαντες,
1192 396 1260 429 οὔθ’,
1273 393 1310 423 ὧν
1322 395 1369 422 νῦν
1379 396 1458 431 χάριν
1476 394 1642 430 βουλευτέον,

1029 442 1111 471 Ταῦθ’
1124 445 1190 479 ἡμῖν
1201 444 1277 478 ἥκειν
1289 443 1447 474 ἀξιώσοντες
1458 441 1548 475 λόγου,

1028 489 1151 524 Πλείστῳ
1166 489 1194 515 δὲ
1213 488 1304 524 μέτρῳ
1320 487 1366 514 τοῦ
1382 487 1486 518 δέοντος
1499 487 1635 514 ἐκπεσεῖν.

1028 534 1099 562 1595
1118 534 1197 569 Ὑμῖν
1213 534 1260 569 μὲν
1275 533 1348 559 ἐστιν
1362 533 1465 564 ἄστεως
1481 532 1540 564 ἑνὸς
1555 532 1642 566 λόγος,

1026 582 1082 608 Καὶ
1093 580 1166 607 τοῦθ’
1183 581 1256 612 ὅπως
1272 580 1384 615 μάχοιτο
1395 579 1453 606 νυν)¹
1468 578 1515 604 καὶ
1530 577 1625 604 πλέον·

1032 628 1062 653 Ὀ
1074 627 1127 663 γὰρ
1142 627 1241 658 σκοπὸς
1256 626 1329 653 τοῦτ’
1345 626 1429 657 ἐστιν,
1446 625 1475 652 ὃν
1490 623 1664 656 σπουδάζετε,

1026 673 1123 709 Χειρός
1138 681 1167 699 τε
1185 672 1273 699 δεῖσθε
1287 673 1336 707 τῆς
1351 672 1420 707 ἐμῆς
1438 670 1618 705 συλλήπτορας
1629 677 1636 684 ’

442 762 512 789 1575
530 761 629 789 Plenus
644 762 749 790 dierum
768 765 794 789 et
813 769 907 789 eorum
929 761 975 796 qui
992 761 1129 789 numerari
1151 764 1275 796 possunt,
1297 764 1325 788 et
1344 766 1437 787 eorum
1455 758 1502 794 qui
1522 764 1577 785 non
1596 759 1720 792 possunt,

441 796 568 824 Pluribus
588 798 688 827 verbis.
704 802 733 824 ut
748 798 840 827 audio,
859 797 892 823 ad
914 796 1089 823 concordiam
1113 797 1247 827 hortatus,

441 832 508 864 Quae
529 833 603 866 prius
622 840 653 859 ex
673 840 705 859 eo
721 840 782 859 eum
801 833 895 859 amicis
915 832 1086 866 colloquente
1103 831 1194 858 audita
1211 831 1329 862 fuerant,

443 867 512 893 Hinc
531 867 640 894 transiit
659 867 693 893 ad
712 868 825 893 chorum
842 867 1009 900 angelorum,

441 901 598 936 Pompaque
612 902 714 933 divina,
729 907 755 929 et
772 899 907 928 concursu
926 902 1010 928 totius
1026 899 1145 936 civitatis

443 935 518 964 158οί
528 935 605 963 Tunc
621 945 700 971 quam
723 938 849 966 maxime.
869 942 897 962 ut
913 936 1007 967 fertur,
1030 935 1160 966 dolentis,

443 972 473 1006 lu
492 979 568 998 suam
590 972 675 1006 ipsius
688 972 830 998 ecclesiam
847 972 1005 1005 deportatus
1020 973 1072 1001 est,

443 1005 674 1042 [rmclarussarle
690 1007 835 1034 thesaurus
852 1006 895 1033 his
911 1006 957 1042 qui
977 1008 1127 1042 noverunt:
1166 1039 1171 1042 _
1304 1037 1308 1042 _
1333 1037 1338 1042 Ι
1408 1035 1414 1042 1
1436 1033 1451 1042 ν

443 1041 620 1076 758-759
634 1041 702 1068 Tum
717 1049 781 1068 vero
796 1033 954 1076 deliberatio
970 1040 1049 1067 nobis
1065 1039 1201 1074 proposita
1218 1041 1260 1066 est
1274 1037 1385 1064 minimc
1400 1033 1584 1066 deliberanda,

443 1075 530 1108 Quam
543 1075 692 1103 turbulenti
704 1080 730 1103 et
744 1076 859 1110 improbi
876 1075 1041 1105 conﬂabant,

446 1111 514 1138 £535
532 1111 599 1138 Cum
619 1111 645 1137 id
663 1111 753 1138 studio
771 1108 900 1138 haberent
925 1115 954 1137 ut
977 1112 1144 1144 opponerent
1167 1108 1284 1143 aliquem

443 1145 532 1172 Alium
550 1146 696 1173 antistitem
712 1146 735 1173 ei
752 1147 796 1180 qui
813 1145 887 1172 solus
905 1151 968 1172 tunc
985 1145 1105 1172 sedebat.

444 1181 483 1215 .gc
496 1180 573 1207 multi
590 1181 698 1214 quidem
713 1189 745 1208 ex
761 1179 874 1215 utraque
893 1185 968 1214 parte
979 1179 1064 1207 habiti
1077 1185 1228 1210 sermones,

444 1214 513 1250 Tum
536 1216 650 1249 paciﬁci,
669 1220 725 1241 tum
747 1214 892 1250 perniciem
909 1215 1042 1242 ferentes:

447 1249 515 1276 Tum
534 1251 592 1284 ipse
609 1258 640 1277 ea
662 1249 752 1277 verba
768 1251 828 1282 l'eci,
847 1258 907 1284 quze
922 1250 987 1277 mihi
1008 1249 1169 1276 videbantur

447 1285 515 1312 1590
530 1283 637 1319 Optima
658 1292 728 1318 esse,
746 1289 772 1311 et
792 1283 868 1312 malis
883 1284 1048 1318 depcllendis
1064 1283 1196 1317 apposita.

484 1329 493 1345 ‹
503 1319 561 1346 Non
577 1320 641 1346 mihi
659 1320 786 1346 videmini
799 1328 893 1347 omnes
903 1319 1007 1352 eadem,
1025 1319 1115 1350 amici,

445 1353 612 1389 Perspicerc,
635 1359 662 1382 et
678 1362 794 1389 quorum
811 1362 882 1381 nunc
894 1362 976 1381 causa
991 1352 1196 1382 deliberandum
1215 1357 1266 1384 est,

446 1389 483 1424 ljla
501 1398 534 1416 ne
551 1397 675 1417 sermone
693 1390 800 1424 quidem
817 1390 897 1424 digna
912 1390 1078 1418 existimare.

448 1423 500 1451 Sed
516 1433 595 1459 quam
611 1424 769 1459 longissime
785 1432 798 1451 a
814 1423 880 1451 recti
894 1425 1003 1452 tramite
1018 1424 1154 1459 aberrare.

447 1459 517 1494 1595
525 1458 554 1486 Ἀ
575 1460 651 1486 vobis
662 1458 772 1494 quidem
789 1462 869 1487 unius
885 1459 1005 1486 civitatis
1022 1459 1092 1486 ratio
1108 1458 1233 1488 habetur,

447 1493 540 1529 quue.
556 1500 584 1521 ut
600 1493 680 1521 etiam
698 1495 768 1521 bello
783 1496 868 1529 magis
882 1494 984 1521 ardeat.

448 1528 496 1556 Hie
509 1529 582 1556 enim
597 1537 696 1563 scopus
709 1534 760 1560 est,
775 1528 855 1564 quem
873 1529 963 1556 studio
978 1529 1094 1562 habetis,

446 1563 485 1590 Ac
499 1572 585 1591 meam
599 1565 760 1592 desideratis
775 1563 935 1599 adjutricem
950 1571 1076 1591 manum:

231 1653 300 1680 1575
315 1653 473 1687 Μετρητῶν
488 1653 555 1685 τῶν,
573 1657 627 1681 etc.
644 1654 695 1681 Per
718 1661 805 1681 annos
824 1655 850 1681 in
873 1662 977 1681 Incusu-

196 1696 253 1715 ram
270 1688 400 1716 cadentes
415 1688 519 1725 fragilis
536 1690 616 1723 hujus
631 1690 692 1716 vita).
709 1690 795 1725 spatia
817 1690 951 1725 significat
968 1699 973 1716 :

194 1731 244 1758 per
258 1731 306 1751 eos
327 1727 416 1751 autem
439 1724 485 1759 qui
505 1732 639 1752 mensuraa
658 1724 866 1759 haudquaquam
890 1724 978 1759 subji-

195 1759 317 1791 ciuntur,
332 1759 357 1786 id
370 1766 450 1786 omne
470 1759 542 1793 quod
561 1767 623 1786 cum
641 1760 720 1787 laude
737 1764 818 1793 atque
833 1768 865 1786 ex
876 1759 978 1787 virtute

195 1794 330 1829 quispiam
346 1793 385 1829 in?
397 1794 446 1820 hac
464 1794 518 1820 vita
535 1794 658 1829 gesserit.
676 1794 714 1821 Ita
734 1794 828 1822 Billius
844 1794 890 1829 qui
916 1795 976 1829 plu-

196 1826 272 1855 ribus
284 1828 352 1863 locis
372 1828 494 1863 Gregorii
507 1826 547 1855 εί
561 1829 736 1856 Orationibus
755 1830 783 1856 in
796 1826 976 1856 Athanasium

195 1866 222 1889 et
241 1863 268 1890 in
285 1862 450 1898 Gargonium
477 1872 554 1891 suam
581 1872 703 1891 sororem
731 1864 874 1891 conﬁrmat
892 1864 978 1891 inter-

196 1898 384 1932 pretationem.

231 1932 300 1960 1576
321 1933 366 1965 Ὡς
380 1934 487 1960 ἀκούω.
500 1933 570 1961 Edit.
587 1934 621 1961 ad
636 1941 722 1967 marg.
734 1934 770 1960 Οὺ
786 1935 839 1967 γὰρ
859 1933 949 1968 παρῆν
963 1935 977 1960 ὁ

197 1967 283 2001 μέγας
308 1968 450 2003 θνήσκοντι
479 1968 517 2003 τῷ
547 1968 677 2003 Μελετίῳ.
708 1967 769 1994 Non
794 1969 862 1994 enim
883 1967 977 1995 aderat

197 2010 306 2038 magnus
331 2002 483 2038 Gregorius,
504 2002 567 2030 cum
588 2012 602 2030 e
626 2004 688 2030 vivis
708 2004 818 2030 excessit
844 2002 976 2030 Meletius.

197 2036 257 2074 Moti
272 2036 451 2074 συμϐαέιφέᾴ.
469 2038 505 2064 lta
519 2038 734 2074 legendum_cum_
743 2038 838 2074 Coisl.,
848 2039 900 2074 etsi
912 2037 978 2074 deli:

195 2073 249 2100 ciat
263 2077 390 2100 metrum.
407 2072 477 2100 Edit.
495 2072 705 2108 ωμΰατά.--Ιιει
718 2072 904 2108 Benedictini;
929 2072 977 2100 sed

196 2111 314 2134 metrum
327 2108 438 2134 minime
449 2107 551 2141 deﬁcit,
566 2116 628 2135 eum
644 2107 755 2142 syllabas
772 2112 827 2135 tres
841 2107 937 2136 breves
948 2109 977 2135 in

195 2146 293 2177 quarto
311 2142 378 2177 pede
392 2143 497 2176 possint
511 2143 627 2169 admitti.
641 2143 794 2177 ((ΣΑιιιΑυ.)

231 2174 299 2205 1580
311 2174 488 2212 Ἀηχθέφςτος.
507 2178 590 2205 Coisl.
606 2174 764 2212 δειάθέντος.
785 2174 866 2212 quam
882 2177 977 2204 lectio-

196 2219 258 2238 nem
278 2208 400 2247 proiecto
413 2208 507 2239 Billius
529 2208 701 2247 praetulisset,
717 2208 818 2247 siquis
837 2212 922 2240 codex
938 2212 978 2239 fa-

194 2247 290 2274 visset.
302 2247 424 2282 Namque
441 2247 491 2282 ipsi
509 2247 676 2275 commodior
696 2247 823 2275 videtur:
843 2247 884 2276 sic
903 2247 977 2274 enim

1029 1661 1127 1681 sensus
1144 1657 1228 1684 esset.
1245 1652 1344 1687 inquit,
1360 1659 1491 1687 nunquam
1506 1651 1631 1685 majorem
1644 1650 1733 1687 populi
1744 1657 1808 1677 cor-

1029 1661 1127 1681 sensus
1144 1660 1228 1684 esset.
1246 1660 1344 1687 Inquit,
1360 1660 1412 1678 nun
1430 1660 1491 1678 uam
1506 1660 1631 1685 majorem
1644 1660 1732 1685 popuu
1744 1660 1808 1677 cor-

1027 1697 1133 1715 cursum
1155 1689 1247 1724 fuisse.
1262 1695 1340 1724 quam
1364 1688 1392 1724 in
1411 1660 1509 1714 Kletetii
1531 1687 1630 1724 funere.
1646 1685 1722 1724 Quod
1743 1693 1809 1724 sane

1028 1732 1109 1751 versu
1128 1720 1290 1758 praecedenti
1310 1722 1498 1754 conﬁrmatur,
1514 1722 1610 1757 πομπῇ
1631 1729 1660 1747 τε
1675 1720 1734 1757 θείῃ
1759 1720 1808 1747 καὶ

1027 1758 1102 1793 χύσει
1114 1759 1161 1784 τοῦ
1175 1758 1286 1790 ἄστεως.

1034 1789 1044 1809 λ’
1064 1794 1131 1821 1586
1149 1794 1334 1826 Μονοθρόνῳ.
1348 1791 1474 1823 Paulino,
1488 1791 1533 1826 qui
1550 1795 1695 1824 supererat.
1709 1789 1808 1826 Narrat

1026 1827 1206 1863 Nicephorius,
1225 1824 1270 1854 lib.
1287 1835 1336 1856 xu.
1348 1834 1408 1861 cap.
1422 1827 1448 1863 5,
1466 1824 1602 1863 quomodo
1619 1826 1694 1863 plebs
1714 1824 1808 1863 _Autio-

1027 1860 1106 1894 cbiic',
1123 1864 1230 1890 diversa
1246 1863 1271 1888 in
1284 1863 1372 1889 studia
1383 1860 1412 1888 et
1426 1860 1494 1888 duos
1506 1861 1653 1892 antistites,
1671 1860 1807 1887 Meletium

1027 1903 1054 1925 ct
1072 1897 1214 1925 Paulinum
1241 1897 1380 1928 distracta,
1406 1896 1488 1923 fuerit
1511 1896 1543 1922 ad
1569 1895 1743 1922 concordiam
1767 1902 1801 1921 rer

1027 1933 1119 1959 ducta.
1137 1932 1272 1959 Statutum
1292 1932 1391 1966 quippe
1416 1932 1466 1958 fuit
1485 1934 1524 1962 ul,
1543 1938 1597 1957 uno
1616 1930 1755 1966 defuncto,
1771 1929 1806 1956 al-

1027 1971 1068 1995 tcr
1082 1969 1127 2002 qui
1148 1971 1287 2002 sup-rstcs
1302 1965 1388 1996 iuret,
1404 1967 1429 1992 in
1445 1966 1517 2002 illius
1534 1967 1621 1991 locum
1640 1965 1811 2002 succederet.

1063 1998 1132 2030 1595
1153 1998 1338 2034 Ἀξιώσοντες
1357 2002 1459 2034 λόγου.
1485 2000 1513 2027 Id
1542 2005 1593 2033 est,
1621 2000 1684 2035 περὶ
1708 1998 1805 2035 τούτο»

1026 2036 1121 2070 λόγους
1140 2037 1323 2072 ποιησόμενοι.
1346 2035 1482 2072 ΝωινΙηιυ,
1499 2036 1597 2072 inquit,
1614 2034 1718 2067 venitis,
1735 2039 1764 2061 ut
1778 2034 1811 2072 (1t-

1027 2072 1060 2099 iis'
1075 2072 1162 2104 rebus,
1179 2070 1211 2098 de
1223 2071 1319 2105 quibus
1334 2071 1474 2098 consilium
1489 2070 1643 2104 capiendum
1661 2075 1711 2101 est,
1734 2070 1810 2096 verbi-

1027 2107 1145 2141 faciatis.
1167 2104 1334 2133 Existimatis
1354 2105 1423 2132 enim
1444 2106 1475 2131 de
1497 2105 1664 2141 Antiochensi
1678 2104 1810 2131 duntaxa»

1027 2142 1176 2176 episcopatu
1199 2149 1268 2168 nunc
1283 2141 1336 2175 agi,
1353 2148 1411 2166 cum
1431 2140 1457 2166 id
1471 2141 1557 2174 potius
1576 2140 1704 2174 agendum
1720 2141 1765 2171 sit,
1781 2147 1800 2166 ιι

1027 2175 1116 2204 orbem
1128 2177 1278 2203 universum
1294 2175 1327 2202 ad
1343 2175 1509 2202 concordiam
1525 2176 1692 2202 reducamus.

1064 2212 1132 2239 1594
1149 2211 1315 2238 Ἐκπεσεῖν.
1333 2210 1416 2237 Coisl.
1432 2211 1608 2245 ἁμαρτάνειν.

1063 2247 1133 2274 1595
1149 2247 1244 2280 Ἐνός.
1256 2245 1295 2273 Ita
1304 2245 1388 2274 Coisl.
1399 2245 1470 2272 Edit.
1482 2245 1564 2277 τινός.

837 2336 1004 2368 METBICA
1019 2336 1165 2367 VERSlO.

196 2431 224 2468 l_n
241 2436 357 2467 tempus,
369 2437 396 2460 et
410 2433 457 2468 qui
471 2433 585 2468 tempOri
599 2440 654 2460 non
670 2432 824 2467 subiacent,

194 2466 260 2503 Post
276 2466 359 2494 multa
375 2466 487 2501 moidta,
501 2466 550 2503 pax
566 2473 625 2496 erat
639 2466 757 2503 quorum
776 2476 889 2503 scapus,

195 2502 261 2538 Quae
277 2504 354 2537 prius
371 2504 467 2531 amicis
484 2502 590 2530 dixerat
606 2502 734 2538 frequens
751 2503 821 2534 suis,

197 2537 266 2573 Hinc
280 2538 438 2572 angelorum
455 2543 550 2573 raptus
568 2538 601 2564 ad
618 2537 706 2566 aetiis
722 2538 782 2569 fuit,

195 2571 351 2608 lfompaque
365 2581 471 2608 magna.
484 2571 510 2600 et
526 2573 602 2600 urbis
619 2581 746 2606 accursu,
765 2573 838 2607 gravi

197 2607 267 2643 :l‘um
282 2609 401 2636 maxime
411 2607 504 2635 dolore
515 2615 662 2643 percussa},
675 2612 703 2634 ut
719 2609 818 2638 ferunt.

197 2642 403 2678 Ecelesiamque
414 2648 508 2670 vectus
517 2642 564 2671 Vest
581 2648 642 2677 post
657 2643 691 2670 ad
703 2651 791 2673 suam.

198 2675 464 2712 Tlicsaurus'ingens
480 2679 531 2705 hoc
547 2675 646 2705 bonum
659 2677 887 2712 agnoscentibus:

197 2711 235 2739 De
252 2720 306 2740 non
319 2711 449 2740 movenda
466 2721 494 2740 re
507 2714 599 2740 statim
611 2711 729 2747 ereptum
745 2716 786 2739 est
802 2713 858 2747 agi,

197 2748 284 2782 Quam
299 2749 448 2775 turbulenti
461 2749 565 2776 scilicet
582 2749 714 2782 urgebant
724 2747 786 2778 viri.

197 2781 254 2818 [loc
270 2783 411 2811 molientes
423 2783 549 2818 improbi,
566 2787 595 2809 ut
605 2788 671 2809 tunc
683 2782 764 2809 unico

198 2816 385 2852 Opponeretur
401 2816 509 2854 praesuli
526 2818 626 2852 praesul
639 2825 737 2845 novus.

997 2437 1018 2465 Β
1034 2431 1119 2459 Dictis
1135 2431 1261 2466 utrinque
1275 2431 1411 2466 plurimis,
1425 2438 1486 2466 qua:
1497 2429 1650 2462 tenderent,

1033 2467 1073 2493 Ad
1085 2466 1173 2494 foedus
1185 2466 1270 2498 illinc,
1285 2466 1406 2501 jurgium
1423 2466 1486 2493 hinc
1505 2467 1538 2493 ad
1551 2466 1693 2500 pestilens,

1032 2502 1109 2528 Tunc
1124 2502 1182 2536 ipse
1197 2509 1279 2528 voces
1294 2500 1343 2528 bas
1357 2500 1429 2532 dedi,
1444 2509 1512 2534 quas
1533 2501 1614 2528 utiles

1031 2539 1170 2571 Aptasque
1186 2537 1264 2564 rebar
1280 2544 1341 2563 esse
1355 2537 1494 2563 solvendis
1509 2536 1597 2562 malis.

1068 2581 1077 2597 ι
1090 2571 1211 2603 Vestras,
1224 2572 1317 2603 amici,
1334 2571 1457 2605 dispares
1477 2570 1627 2598 sententias

1029 2607 1186 2640 Conspicio,
1203 2613 1316 2641 vosque,
1330 2605 1363 2632 de
1375 2604 1475 2640 quibus
1489 2613 1537 2640 par
1552 2609 1594 2633 est
1607 2604 1661 2640 agi,

1031 2641 1161 2669 Sermone
1179 2650 1232 2668 non
1246 2640 1302 2667 luec
1320 2645 1417 2673 terere,
1434 2640 1482 2668 sed
1494 2641 1654 2675 longissime

1028 2677 1050 2703 A
1063 2680 1151 2703 mente
1163 2681 1234 2702 recta
1249 2676 1360 2703 dis-sitos
1375 2683 1436 2703 esse
1449 2683 1482 2702 ac
1496 2684 1590 2710 vagos.

1029 2711 1094 2737 Nam
1107 2719 1173 2738 cura
1188 2711 1264 2738 vobis
1280 2711 1355 2738 urbis
1370 2714 1411 2738 est
1426 2715 1530 2737 tantum
1548 2712 1640 2742 unius,

1029 2745 1168 2780 lstudque,
1187 2753 1260 2772 nunc
1274 2749 1303 2772 ut
1317 2746 1410 2773 ardeat
1425 2746 1495 2773 bello
1512 2746 1607 2780 magis.

1028 2780 1098 2807 Nam
1109 2785 1198 2807 vestra
1215 2781 1329 2808 tendunt
1342 2781 1433 2807 studia
1449 2788 1521 2807 nunc
1536 2781 1589 2807 huc
1605 2780 1715 2811 omnia:

1027 2815 1068 2842 Ad
1081 2815 1131 2843 hoc
1149 2815 1266 2843 favorem
1280 2815 1380 2849 cupitis
1394 2819 1420 2843 et
1433 2820 1534 2844 nostra:
1549 2823 1649 2843 manus
