1955 3042
207 91 277 119 1113

206 149 278 176 1οΞ5
293 148 325 174 Τί
336 148 432 180 δεινὸν,
449 148 481 175 ἄν
494 157 520 175 τι
535 150 582 176 καὶ
596 149 692 185 μικρὸν
710 150 795 178 πλείω
811 152 908 187 χρόνον

205 195 257 221 Τὸν
273 195 358 230 ἄνδρα
375 194 563 230 πενθήσωμεν,
584 195 621 227 ὡς
640 196 723 223 πάλαι
738 198 818 232 νόμος
833 206 840 230 ;

207 242 321 268 Ἔπειτα
334 241 414 268 δώσει
427 242 476 276 τὴν
490 241 566 268 λύσιν
581 242 628 269 τοῦ
644 243 806 278 πράγματος

205 287 242 313 Τὸ
257 287 355 322 γῆρας,
375 287 390 322 ἡ
408 288 484 323 κοινή
501 297 529 314 τε
548 289 645 321 παντὸς
661 289 707 316 τοῦ
723 290 817 323 γένους

211 333 359 367 Ἀναγκαία
376 341 405 358 τε
417 333 463 359 καὶ
475 334 543 369 καλὴ
555 334 716 369 προθεσμία.

206 379 274 406 1650
292 380 320 405 Ὀ
334 380 384 414 μὲν
400 380 488 406 Θανὼν
497 379 616 415 οἱχήσεθ⁹
629 378 657 407 οἶ
667 381 745 407 ποθεῖ
758 381 851 413 πάλαι,

205 425 303 451 Δώσων
314 425 374 460 Θεῷ
387 426 417 452 τὸ
433 425 540 460 πνεῦμα
551 426 589 461 τῷ
601 426 736 454 δεδωκότι.

212 472 306 506 Ἡμεῖς
322 471 350 498 δὲ
363 472 513 507 τηνικαῦτα
528 473 559 498 ἐκ
574 473 728 508 συμψυχίας

205 517 277 544 Λαόῦ
293 526 322 544 τε
336 519 436 550 παντὸς
449 519 496 544 καὶ
510 519 599 553 σοφῶν
614 519 780 552 ἐπισκόπων,

205 563 298 600 Θρόνῳ
314 565 362 590 τιν’
379 563 457 591 ἄλλον
470 564 590 599 δώσομεν
603 565 650 591 σὺν
665 565 814 600 Πνεύματι.

244 608 313 636 1635
335 606 407 635 «Ὧδ’
422 609 455 635 ἂν
469 609 572 643 γένοιτο
586 610 640 636 τῶν
656 610 749 636 κακῶν
764 610 840 642 λύσις
857 611 915 645 μία.

207 654 243 680 ’Ἡ
257 654 321 689 γὰρ,
336 654 367 680 τὺ
383 653 485 690 μεῖζον,
501 655 662 690 προσλαϐεῖν
680 655 727 681 καὶ
741 655 770 681 τὸ
788 656 862 688 ξένον

206 699 296 733 (Ξένον
313 700 367 735 γάρ
382 701 466 732 ἐστιν,
478 701 515 732 ὠς
527 700 593 735 ὁρῶ,
610 700 657 727 νῦν
671 702 687 736 ἡ
700 701 797 735 δύσις),

206 746 242 771 Ἦ
258 745 381 781 δεύτερος
397 746 490 778 πλοῦς⁷
507 746 698 781 συμφρονῆσαι
713 747 762 781 τὴν
778 747 863 779 πόλιν,

205 791 276 818 Λαὸν
292 791 417 819 τοσοῦτον
432 793 478 818 καὶ
492 793 580 827 χρόνῳ
591 792 761 827 κεκμηκότα.

543 91 572 120 3.
592 91 757 120 GREGORII
776 93 902 121 THEOL.
922 94 1109 123 CARMlNUM
1129 95 1232 124 LIBER
1251 96 1284 124 ll.
1306 95 1503 125 HISTORICA.

1762 103 1838 133 H-H

1008 156 1030 183 Α
1048 153 1115 181 1610
1131 154 1224 189 Στήτω
1236 148 1300 180 ποτ“’
1309 154 1367 189 ὀψὲ,
1380 155 1512 189 κοσμικδς
1524 155 1613 190 στήτω
1627 155 1715 188 σάλος.

1045 195 1141 224 Οἶκτον
1153 198 1278 234 λάϐωμεν
1293 198 1346 224 τῶν
1360 207 1390 225 τε
1405 199 1452 226 νῦν
1467 200 1646 234 ὲσχισμένων,

1044 243 1104 270 Τῶν
1117 245 1139 270 τ’
1156 245 1238 278 ἐγγὺς
1253 244 1336 271 ὄντων
1347 244 1394 270 τοῦ
1407 244 1520 277 πάθους,
1538 245 1593 272 τῶν
1608 245 1631 272 θ’
1643 246 1767 283 ὕστερον,

1044 290 1088 324 Μή
1106 298 1148 321 τις
1164 289 1275 326 θελήσῃ,
1290 291 1337 316 ποῖ
1351 289 1529 325 προϐήσεται,
1549 290 1655 326 μαθεῖν,

1043 335 1075 361 El
1087 335 1173 361 ταῦτα
1187 336 1322 370 νικήσειεν
1333 336 1362 362 ὲν
1377 335 1473 372 μακρῴ
1485 336 1583 372 χρόνῳ,

1044 380 1114 407 1645
1137 380 1197 406 Ἐπὶ
1213 379 1294 415 ξυροῦ
1307 380 1432 415 βέϐηκεν,
1449 380 1465 415 ἢ
1482 380 1595 412 σώζεσθ¹
1609 381 1648 408 ἔτι

1043 426 1080 452 Τὸ
1098 425 1194 460 σεμνὸν
1211 425 1289 460 ἡμῶν
1299 425 1388 460 δόγμα
1398 426 1445 452 καὶ
1462 426 1620 461 σεὸάσμιον,

1045 471 1080 496 Ἦ
1097 470 1191 505 μηκέτ’
1205 467 1274 496 εἶναι
1290 471 1323 505 τῇ
1339 470 1431 497 στάσει
1443 470 1581 506 διαῤῥυέν.

1043 517 1149 552 Ὥσπερ
1165 517 1219 552 γὰρ
1235 517 1252 552 ἡ
1268 517 1322 543 τῶν
1338 517 1491 552 χρωμάτων
1505 517 1638 553 μοχθηρία

1043 563 1095 589 Τοῦ
1112 562 1256 598 ζωγράφου
1267 562 1397 598 νομίζετ’,
1413 563 1463 589 οὐκ
1478 563 1550 598 ὀρθῷ
1561 564 1642 599 λόγῳ,

1043 609 1111 636 1650
1126 609 1160 634 Ἢ
1172 608 1226 634 τῶν
1243 608 1372 644 μαθητῶν
1386 609 1400 635 ὁ
1414 608 1524 644 τρόπος,
1538 609 1722 638 διδασκάλων

1041 654 1134 686 Οὕτως
1151 656 1164 681 ὁ
1182 655 1285 690 μύστης
1299 655 1337 681 ὣν
1355 655 1448 687 κακὸς,
1465 655 1540 690 πόσῳ
1555 655 1636 683 πλέον

1048 701 1076 727 '0
1095 701 1272 735 μυσταγωγὸς
1290 700 1368 736 ὕϐρις
1380 702 1420 732 εἰς
1435 701 1599 736 μυστήριον;

1041 746 1146 782 Μικρόν
1157 755 1181 772 τι
1196 746 1361 781 νικηθῶμεν,
1375 745 1444 772 ὥστε
1465 747 1610 781 προλαϐεῖν

1041 793 1129 827 Νίκην
1141 800 1169 818 τε
1187 793 1281 828 μείζω,
1299 793 1346 818 καὶ
1361 793 1391 819 τὺ
1406 792 1524 829 σωθῆναι
1537 792 1607 828 Θεῷ,

460 870 530 897 1625
543 869 612 902 Quid
626 870 698 896 enim
711 877 792 905 grave
808 875 860 902 est,
876 870 898 896 si
914 869 995 896 etiam
1017 870 1097 904 paulo
1115 869 1218 896 diutius

457 905 553 932 Virum
570 906 721 940 lugeamus,
741 910 769 931 ut
783 906 848 932 olim
869 906 897 931 in
913 905 988 939 lege?

458 939 561 967 Deinde
576 948 641 966 vero
657 940 821 968 solutionem
838 941 877 968 rei
899 940 992 966 afferet

458 975 601 1006 Senectus,
621 978 649 1002 et
662 976 816 1003 communis
831 975 904 1002 omni
927 975 1019 1009 generi

455 1009 634 1037 Necessarius
654 1017 686 1036 ac
703 1011 850 1044 praeclarus
867 1010 1010 1036 terminus.

457 1044 526 1072 1630
542 1045 581 1071 Ac
603 1045 647 1072 ille
664 1045 773 1079 quidem
791 1046 911 1072 moriens
927 1045 1023 1077 abibit,
1043 1051 1096 1079 quo
1117 1044 1220 1071 dudum
1244 1045 1380 1073 desiderat

457 1079 532 1120 Raris
548 1079 605 1107 Deo
623 1081 748 1114 spiritum
767 1088 782 1106 a
801 1089 855 1115 quo
871 1080 986 1120 accepit.

455 1114 511 1141 Nos
527 1119 617 1141 autem
634 1119 700 1142 tunc
719 1123 751 1141 ex
772 1115 910 1142 communi
925 1122 1063 1141 consensu

456 1149 552 1184 Populi
567 1151 651 1177 totius
667 1154 694 1176 et
707 1151 872 1184 sapientium
891 1150 1093 1184 episcoporum,

459 1183 521 1211 Sedi
540 1185 657 1219 aliquem
677 1183 760 1211 alium
777 1183 916 1217 dabimus,
937 1184 1043 1211 favente
1063 1184 1176 1218 Spiritui.

493 1219 563 1246 1655
583 1230 592 1246 ι
605 1219 650 1246 Sic
666 1220 745 1247 nobis
764 1221 870 1247 eveniet
889 1220 968 1246 unica
984 1219 1116 1246 malorum
1137 1220 1246 1246 solutio.

457 1253 505 1290 Vel
518 1256 600 1286 enim,
616 1255 641 1281 id
654 1255 726 1289 quod
746 1255 834 1288 majus
852 1259 905 1285 cst.
925 1255 1206 1290 eveniettextraneos
1227 1255 1306 1282 etiam
1325 1254 1404 1282 nobis
1425 1254 1606 1290 adjuugemus

456 1289 621 1322 (Extraneus
639 1294 680 1316 est
697 1290 779 1321 enim,
795 1294 822 1316 ut
842 1290 932 1321 video,
951 1297 1024 1316 nunc
1041 1289 1198 1323 Occidens),

456 1324 504 1360 Vel
524 1325 608 1352 altera
624 1325 681 1351 han:
699 1325 751 1351 erit
772 1325 921 1360 navigatio,
934 1329 971 1360 rut
986 1331 1103 1351 concors
1121 1325 1157 1351 sit
1171 1325 1279 1358 civitas,

457 1359 577 1394 Populus
594 1360 744 1386 immensus
755 1365 782 1386 et
797 1359 877 1394 longo
892 1359 1015 1386 defessus
1026 1363 1158 1393 tempore.

458 1394 527 1421 1640
542 1394 600 1421 Stet
612 1402 673 1421 sero
693 1395 812 1425 tandem.
829 1399 882 1422 stet
898 1395 991 1421 mundi
1009 1395 1138 1428 procella.

459 1429 583 1457 Misereat
598 1437 646 1456 nos
660 1433 687 1456 et
704 1437 797 1456 eorum
816 1431 862 1464 qui
879 1438 953 1457 nunc
973 1428 1053 1456 scissi
1072 1434 1145 1460 sunt,

457 1464 491 1491 Et
505 1472 598 1492 eorum
617 1465 717 1499 quibus
732 1465 841 1492 morbus
857 1465 989 1495 imminet,
1005 1468 1030 1491 et
1045 1468 1226 1499 posterorum.

456 1499 496 1526 Ne
508 1500 569 1534 quis
584 1501 658 1531 velit,
676 1500 737 1534 quis
752 1500 860 1527 futurus
877 1501 911 1526 sit
924 1501 1025 1531 exitus,

1043 1501 1160 1532 discere,

459 1534 487 1561 Si
510 1536 566 1561 haec
582 1536 713 1569 temporis
731 1535 909 1562 diuturnitate
932 1535 1053 1562 vincant.

459 1570 528 1596 1645
545 1570 572 1596 In
588 1578 695 1597 summo
711 1570 870 1597 discrimine
884 1575 935 1602 est,
954 1574 1045 1597 utrum
1063 1570 1152 1598 adhuc
1171 1570 1276 1597 salvum
1297 1571 1344 1603 sit,

459 1604 588 1632 Sanctum
604 1605 702 1639 dogma
715 1609 839 1632 nostrum
854 1609 881 1632 et
894 1605 1059 1636 venerabile,

457 1640 499 1666 An
515 1648 576 1667 esse
587 1641 693 1667 desinat
713 1640 846 1668 seditione
860 1641 1034 1668 dissolutum.

457 1674 691 1707 Quemadmodum
710 1676 782 1702 enim
800 1676 922 1702 colorum
941 1676 1049 1706 vitium,

457 1709 597 1737 Pictorum
616 1711 710 1737 vitium
732 1718 793 1737 esse
809 1711 920 1742 dicitur,
940 1711 1030 1738 minus
1050 1714 1134 1742 recte,

458 1744 529 1781 1650
548 1746 601 1772 Aut
617 1745 814 1780 discipulorum
837 1753 937 1777 mores,
958 1747 1150 1781 magistrorum
1171 1754 1231 1773 esse
1250 1753 1357 1774 mores:

460 1779 506 1816 §ic
523 1787 586 1807 cum
604 1779 696 1808 malus
710 1785 761 1813 est,
780 1781 826 1815 qui
848 1781 982 1813 initiatur,
1004 1779 1106 1815 quanto
1129 1782 1215 1816 magis

458 1814 509 1856 Qui
517 1815 626 1856 linitiat,
635 1817 769 1856 .probrum
785 1814 837 1842 erit
854 1816 992 1856 mysterii?

457 1849 599 1886 Paululum
617 1849 768 1881 vincamur.
793 1855 827 1886 uti
844 1849 1029 1886 adipiscamur

450 1884 579 1920 Majorem
597 1886 751 1916 victoriam,
773 1891 800 1913 et
818 1885 873 1913 Deo
886 1884 1038 1919 servemur,

241 1963 309 1991 I638
322 1964 357 1990 Ἢ
370 1963 508 1997 δεύτερος
521 1964 629 1997 πλοῦς.
645 1964 683 1991 Ita
694 1972 776 1999 supra
790 1973 862 1992 vers.
875 1965 937 1992 497.

241 1999 310 2035 1645
324 1998 370 2035 Μή
386 2008 430 2032 τις
442 1999 568 2033 θελήσῃ.
584 1999 625 2026 Ne
637 2000 704 2034 forte
713 1998 922 2034 aliquisexsislal
936 2001 991 2035 qui,

206 2035 230 2060 si
244 2034 271 2060 in
286 2034 389 2068 longius
406 2037 460 2062 hara
472 2039 588 2068 tempora
608 2035 807 2068 protrahantur,
821 2036 882 2062 velit
898 2034 993 2070 cogito-

206 2077 277 2096 scere
309 2078 360 2104 quo
383 2071 434 2096 ista
457 2070 562 2096 Iaudem
585 2071 674 2097 omnia
693 2078 804 2097 evasura
826 2071 889 2097 sint.
914 2070 947 2096 1η
963 2070 990 2096 id

206 2104 305 2130 scilicet
330 2106 438 2138 periculi
460 2105 637 2138 pulcherrima
654 2111 746 2132 nostra
773 2106 991 2140 sanctissimaque

206 2140 298 2174 religio
319 2141 396 2166 modo
413 2140 523 2173 delapsa
542 2145 591 2171 est,
614 2147 641 2166 ut
657 2142 695 2167 vel
710 2141 815 2167 omnino
835 2141 913 2174 ﬁrma
933 2149 991 2167 ma-

207 2179 266 2235 Eeat
281 2179 306 2201 et
321 2180 419 2210 vegeta,
442 2175 480 2201 uel
502 2182 547 2208 per
562 2176 699 2202 intestinas
721 2176 869 2202 discordias
891 2180 988 2209 pereat.

230 2217 326 2235 Αιιουιν.

230 2217 326 2237 ARDUN.

1081 1965 1150 1992 1618
1165 1965 1279 2000 ’Ὠσπερ
1296 1965 1350 2000 γὰρ
1362 1965 1381 1999 ἠ
1399 1965 1458 1991 τῶν
1470 1964 1639 2000 χρωμάτων.
1656 1963 1826 1997 Ωιισηιαάηιος

1046 2000 1108 2026 dum
1130 2000 1247 2027 colorum
1269 2001 1332 2028 vitia
1355 2000 1496 2035 pictoribus
1516 2000 1586 2027 haud
1609 2008 1690 2034 (eque,
1714 2005 1739 2026 et
1763 2000 1825 2026 muli

1046 2035 1234 2069 discipulorum
1252 2044 1337 2062 mores
1361 2036 1425 2067 ipsis
1440 2035 1523 2062 solent
1541 2037 1675 2070 magistris
1690 2036 1824 2068 imputari,

1043 2072 1081 2097 sic
1094 2071 1184 2102 etiam,
1200 2079 1258 2097 cum
1273 2070 1419 2098 Christiani
1429 2076 1453 2096 ιιι
1469 2073 1614 2104 pra'sertim
1629 2070 1760 2097 antistites
1772 2078 1826 2095 tur-

1043 2107 1109 2140 piter
1128 2115 1155 2133 sa
1179 2111 1282 2140 gerunt,
1309 2106 1357 2132 hoc
1379 2106 1406 2132 in
1434 2106 1587 2133 christiana:
1613 2107 1744 2140 religionis
1766 2113 1826 2138 pro-

1043 2142 1118 2166 brum
1133 2141 1209 2168 cedit.

1081 2176 1150 2203 1652
1170 2176 1265 2210 Ὕϐρις
1276 2177 1319 2208 εἱς
1329 2175 1506 2210 μυστήριον.
1524 2175 1562 2203 Ita
1581 2177 1636 2203 l‘ere
1659 2183 1741 2210 supra
1754 2182 1824 2203 Vers.

1044 2211 1122 2243 Μδι,
1143 2211 1220 2247 ὕϐριν
1237 2211 1276 2243 εἰς
1295 2210 1452 2246 μυστηρίου.

848 2268 1013 2298 MvETBiCA
1032 2256 1209 2298 VERSIO}
1226 2256 1246 2299 ἀ»

207 2329 286 2366 Quid?
295 2329 348 2356 hoc
363 2330 480 2362 nocebit,
497 2331 579 2365 paulo
593 2331 614 2358 si
629 2331 732 2358 diutius

208 2363 264 2399 Nos
280 2365 420 2399 lugeamus
433 2363 506 2393 hunc
516 2367 616 2399 virum,
637 2374 695 2393 mos
713 2370 741 2393 ut
755 2370 833 2393 vetus

207 2398 342 2436 ferebat?
361 2399 438 2427 AEtas
452 2405 511 2436 post
527 2401 602 2428 dabit
615 2409 683 2428 cana
696 2401 797 2428 exitum

207 2433 299 2471 Ijebus
314 2433 475 2469 secundum,
490 2436 591 2471 quique
605 2437 733 2464 mortales
744 2440 835 2464 manet

207 2469 310 2497 Omnes
329 2471 438 2498 caducae
455 2469 586 2498 terminus
603 2472 665 2499 vita:
681 2472 780 2499 bonus.

207 2504 300 2542 ébibit
314 2505 371 2542 ille,
384 2510 478 2537 morte,
498 2514 552 2540 quo
564 2506 668 2539 pridem
681 2507 768 2542 cupit,

208 2539 341 2576 functus,
357 2541 443 2568 datori
460 2539 586 2576 spiritum
604 2539 726 2570 reddens
734 2542 798 2570 Deo.

208 2574 352 2610 Plebisque
367 2582 422 2603 tum
436 2574 486 2603 nos
498 2577 602 2604 scilicet
615 2577 799 2606 concordibus

208 2609 423 2646 Antistitumque
438 2612 550 2640 calculis
563 2613 747 2646 prudentium,

208 2645 297 2681 Alium
314 2646 422 2673 favente
434 2646 536 2681 Spiritu
551 2645 677 2675 dabimus
690 2648 799 2676 throno.

247 2689 256 2718 ε
270 2678 315 2718 Sic
335 2681 402 2718 forte
415 2678 533 2716 praesens
547 2683 662 2717 opprimi
679 2684 776 2718 poterit
789 2684 899 2716 malum,

208 2713 258 2741 Vel
272 2715 344 2742 enim
357 2713 449 2743 licebit
463 2713 573 2744 exteros
585 2713 727 2745 assumere

209 2748 307 2789 (.Nunc.
329 2754 358 2777 ut
369 2752 485 2789 videtur,
496 2757 613 2789 exterus
630 2753 707 2789 enim
717 2757 758 2781 est
771 2753 927 2789 Occidens),

209 2784 263 2822 ᾼυι
278 2792 378 2822 cursus
393 2787 460 2814 alter
474 2787 519 2813 hic
538 2787 601 2818 erit,
621 2791 650 2813 ut
669 2788 734 2815 urbs
750 2790 878 2822 maxima,

209 2818 355 2855 Longaque
369 2821 440 2850 fessa
449 2822 506 2857 jam
520 2823 591 2850 colat
609 2830 702 2857 pacem
719 2831 805 2856 mora,

1008 2336 1027 2363 Β
1043 2331 1123 2358 Orbis
1135 2330 1262 2366 procellis
1275 2330 1310 2357 sit
1327 2330 1425 2357 modus
1439 2330 1546 2357 tandem
1573 2337 1649 2364 rogo.

1047 2367 1203 2393 Miserescat
1217 2366 1324 2398 borum,
1343 2373 1446 2400 quasso.
1460 2373 1521 2396 nos,
1537 2366 1583 2399 qui
1600 2365 1746 2392 schismate

1044 2401 1185 2432 Cecidere,
1204 2401 1305 2435 quique
1317 2401 1372 2435 jam
1386 2401 1487 2432 labant,
1505 2405 1532 2427 et
1547 2404 1694 2435 posterum.

1045 2436 1084 2463 Ne
1103 2437 1280 2470 concupiscat
1299 2436 1433 2470 quispiam
1451 2443 1543 2467 nosse,
1562 2436 1652 2463 exitus

1045 2471 1112 2504 Quis
1131 2472 1166 2498 sit
1182 2472 1301 2501 futurus,
1319 2475 1424 2505 tempus
1438 2471 1495 2497 haec
1510 2471 1532 2497 si
1550 2472 1669 2498 roboret.

1046 2507 1073 2533 ln
1088 2507 1140 2533 hoc
1157 2507 1258 2541 periclo
1274 2510 1368 2533 sancta
1386 2506 1442 2540 jam
1458 2510 1550 2532 nostra
1564 2511 1606 2533 est
1618 2507 1669 2533 sita

1044 2541 1135 2571 Fides.
1150 2541 1190 2569 vel
1205 2546 1236 2568 ut
1247 2542 1283 2568 sit
1302 2542 1376 2568 salva
1393 2541 1493 2573 adhuc,
1515 2544 1541 2567 et
1553 2541 1658 2573 ﬂoreat,

1045 2576 1094 2603 Vel
1111 2576 1244 2604 factiones
1260 2580 1289 2602 ut
1304 2584 1351 2611 per
1368 2576 1417 2603 has
1432 2583 1544 2610 prorsus
1557 2576 1647 2602 cadat.

1044 2611 1147 2638 Vitium
1164 2613 1287 2638 colorum
1301 2618 1363 2638 nam
1385 2612 1456 2637 velut
1473 2611 1648 2646 pingentibus

1046 2646 1120 2673 Solet
1137 2647 1275 2681 imputari,
1290 2646 1438 2680 quamlibet
1456 2650 1527 2673 recte
1543 2646 1643 2677 minus,

1045 2682 1133 2709 Mores
1147 2682 1287 2716 magistris
1304 2685 1350 2708 aut
1366 2682 1436 2707 male
1449 2681 1612 2707 discentium
1626 2691 1631 2707 :

1044 2717 1090 2744 Sic
1109 2716 1277 2743 Christianus
1293 2717 1445 2750 improbus,
1459 2716 1631 2749 potissimum

1043 2752 1071 2778 Si
1087 2753 1121 2778 sit
1136 2752 1275 2782 sacerdos,
1295 2751 1375 2777 allicit
1391 2751 1490 2785 probro
1507 2751 1596 2777 tidem.

1042 2786 1176 2814 Cedamus
1188 2787 1238 2821 ipsi
1255 2787 1404 2820 paululum,
1419 2786 1507 2819 palma
1521 2787 1638 2819 amplior

1045 2822 1111 2848 llinc
1127 2825 1155 2848 ut
1173 2826 1294 2856 paretur,
1310 2828 1413 2855 nosque
1429 2828 1568 2848 serventur
1582 2821 1647 2854 Deo,
