1955 3042
235 141 306 171 1155

234 198 306 230 Τοὺς
319 198 382 230 σοὺς
397 197 497 229 πόνους
509 197 636 233 τιμησον,
653 195 695 229 οἷς
711 196 900 233 προσεῤῥύης·

235 244 285 276 Δὸς
300 243 350 279 τῆς
364 244 448 279 πνοῆς
463 243 494 270 τὸ
507 243 599 270 λεῖπον
616 244 682 279 ἡμῖν
696 243 744 270 καὶ
756 243 828 278 Θεῷ.

236 290 305 318 1795
323 290 397 322 Nec;
410 290 531 325 γενέσθω
546 289 594 316 σοῦ
609 289 668 325 βίου
683 289 867 325 πεμπτὴριος.

271 335 354 362 Ταῦτ’
363 333 397 371 ἦν
413 335 508 367 κλάσις
526 335 584 370 μὲν,
596 334 652 361 ἀλλ’
669 335 744 369 ὅμως
757 334 933 370 ἐκαρτέρουν.

236 381 343 417 Μικρόν
357 389 383 407 τι
399 381 445 407 καὶ
461 380 552 407 δίδωσι
568 379 617 416 τὴν
631 379 708 406 λύσιν
725 379 800 411 Θεός.

236 426 338 454 τΗλϐον
353 425 417 461 γὰρ,
438 423 520 461 ἦλθον
537 424 666 460 ἐξαπίνης
688 425 859 460 κεκλημένοι,

243 472 287 504 Ὧς
302 472 334 507 δή
348 480 375 498 τι
393 470 560 502 συνοίσοντες
575 470 686 505 εἰρήνης
703 469 805 505 σκοπῷ,

238 517 306 545 1800
324 515 467 551 Αἰγύπτιοί
482 524 512 542 τε
526 515 572 541 καὶ
589 515 754 547 Μακεδόνες,
777 515 890 550 ἐργάται

237 563 298 590 Τῶν
310 562 357 588 τοῦ
369 561 436 588 Θεοῦ
452 561 542 595 νόμων
561 569 591 587 τε
604 561 651 587 καὶ
666 560 833 596 μυστηρίων,

237 607 377 638 «νοσῶντες
391 607 456 642 ἡμῖν
469 605 595 641 ἐσπὲριόν
609 614 640 631 τε
655 606 701 632 καὶ
715 605 812 642 τραχύ.

238 654 300 685 Τοῖς
315 652 338 678 δ’
352 651 481 686 ἀντεπῄει
495 651 580 686 δῆμος
599 650 764 686 ὴλιοφρόνων
777 657 785 665 ·

238 699 348 734 Κάπροι
363 697 387 724 δ’
405 698 478 728 ὅπως
494 697 622 733 θήγοντες
640 696 737 732 ἀγρίαν
756 697 836 731 γένυν

239 743 308 772 1805
327 744 388 779 (Ὧς
402 742 436 770 ἂν
452 741 607 778 μιμήσομαί
628 750 654 768 τι
672 742 723 778 τῆς
741 742 918 778 τραγῳδίας),

555 139 585 167 S.
605 137 769 167 GREGORII
789 136 915 166 THEOL.
936 135 1119 165 CARMINUM
1133 135 1237 164 LIBER
1255 135 1288 164 11.
1307 134 1505 164 HISTORICA.

1792 129 1869 158 1156

1039 198 1064 227 Α
1079 195 1162 228 Λοξδν
1179 195 1333 231 βλέποντες,
1351 195 1485 231 ἐμπύροις
1499 194 1554 225 τοῖς
1567 193 1685 229 ὄμμασι,

1075 239 1225 275 Συνῆπτον.
1249 239 1294 267 Ἑν
1307 239 1415 272 mihi;
1432 239 1461 266 δὲ
1476 240 1534 270 τοῖς
1551 237 1721 274 κινουμένοις

1075 284 1166 320 Θυμοΰ
1188 285 1218 312 τὸ
1233 285 1333 318 πλεῖον,
1349 285 1365 320 ἢ
1380 286 1460 320 λόγου
1478 285 1621 320 κινήμασι,

1075 331 1130 357 Καὶ
1143 331 1197 358 τῶν
1213 331 1288 366 ἐμῶν
1305 340 1330 358 τι
1346 331 1511 367 πικρότατον
1526 330 1671 361 ἐσκόπουν,

1077 377 1145 404 1810
1163 378 1271 413 Νόμους
1286 378 1446 413 στρέφοντες
1466 378 1530 410 τοὺς
1553 377 1637 404 πάλαι
1652 373 1828 409 τεθνηκότας,

1074 419 1124 449 Ὧν
1140 423 1266 450 πλεῖστον
1281 422 1352 460 ἦμεν
1373 425 1420 451 καὶ
1440 423 1534 458 σαφῶς
1549 422 1702 457 ὲλεύθεροιν

1075 469 1113 496 Οὐ
1133 469 1186 505 μὴν
1203 470 1271 506 πρὸς
1287 470 1388 507 ἔχθραν
1402 470 1451 506 τὴν
1472 471 1553 506 ἐμὴν,
1571 469 1629 496 οὐδὲ
1645 468 1738 504 Θρόνον

1075 516 1239 548 Σπεύδοντες
1251 517 1351 550 ἄλλοις,
1365 517 1489 552 οὐδαμῶς
1498 525 1505 532 ·
1528 517 1589 543 ὅσον
1604 516 1678 550 πόνῳ

1076 562 1136 588 Τῶν
1154 562 1331 597 ὲνθρονιστῶν
1345 563 1398 589 τῶν
1411 563 1495 598 ὲμῶν,
1508 563 1546 594 ὡς
1559 562 1623 596 γοῦν
1638 561 1686 597 ἐμὲ

1074 608 1144 636 1815
1161 609 1258 643 Σαφῶς
1275 609 1382 636 ἔπειθον
1397 609 1516 644 λαθρίοις
1530 609 1682 645 δηλώμασι.

1077 654 1115 680 Οὐ
1132 654 1184 690 γὰρ
1201 655 1318 690 φορητὸν
1330 655 1380 691 τὴν
1397 655 1473 692 ὓϐριν
1490 656 1564 690 σφῶν
1579 656 1687 688 εἰδέναι,

1079 700 1150 734 Ὃση
1168 699 1281 732 παλαιὰ,
1297 701 1344 727 καὶ
1359 702 1428 733 νέοις
1447 702 1475 728 ὲν
1493 702 1661 738 πράγμασιν.

1084 744 1154 779 Ἐγὼ
1169 745 1237 777 τὲως
1255 746 1315 781 μὲν,
1333 746 1427 784 ὥσπερ
1447 748 1528 780 ἵππος
1541 747 1660 782 δέσμιος,

498 832 578 870 Tuos»
587 832 693 870 honora
709 832 843 870 labores.
855 833 902 868 qui
918 837 945 870 t_e
957 832 1143 863 labefecerunt
1157 846 1165 870 ;

498 867 537 894 Da
556 868 615 895 vitze
630 868 764 902 reliquum
781 867 871 896 nobis
878 872 905 896 et
922 868 987 896 Deo.

498 903 569 930 1795
589 903 630 930 Sit
646 903 697 930 hoc
714 904 844 938 templum
862 904 924 931 vitae
943 908 996 931 tua:
1010 904 1146 932 clausula.
1165 912 1173 928 I

533 939 623 973 Atque
640 938 683 965 his
700 937 809 973 quidem
826 938 994 970 inﬂectcbar.
1009 939 1057 967 sed
1073 942 1164 966 tamen
1181 937 1350 974 perstabam.

501 973 537 1000 At
552 974 634 1008 paulo
649 977 711 1008 post
725 974 889 1001 solutionem
905 975 951 1000 dat
966 974 1049 1002 Deus.

498 1008 605 1036 Venere
621 1009 693 1036 enim
705 1028 713 1040 ,
729 1015 829 1036 venere
839 1029 847 1041 ,
867 1009 958 1036 subito
973 1009 1061 1036 vocati

498 1042 535 1071 Ut
550 1043 629 1077 pacis
643 1043 786 1078 proposito
800 1043 904 1078 aliquid
917 1051 1006 1078 opera;
1023 1048 1172 1078 navarent,

498 1078 569 1114 1800
589 1078 708 1113 ίΕεγριὶι
723 1082 751 1106 et
766 1078 927 1114 Macedones
937 1100 944 1112 ,
958 1079 1077 1114 operarii

497 1113 601 1148 Legum
616 1118 644 1141 et
657 1114 848 1148 mysteriorum
864 1113 927 1146 Dei,

498 1147 607 1184 Ij‘latum
623 1147 703 1175 nobis
717 1149 915 1176 occidentalem
932 1152 959 1176 et
974 1156 1103 1184 asperum
1118 1149 1277 1178 emittentes
1290 1159 1299 1184 ;

499 1183 574 1219 Quos
591 1188 686 1210 contra
702 1184 794 1210 stabat
811 1183 988 1211 orientalium
1002 1183 1139 1219 populus;

499 1218 631 1245 Horridos
645 1221 734 1254 autem
750 1219 860 1254 dentes,
876 1219 963 1246 instar
979 1218 1107 1254 aprorum
1119 1241 1126 1252 ,
1142 1225 1306 1248 exacuentes
1319 1240 1326 1253 ,

528 1254 677 1292 70-771
700 1253 769 1281 1805
789 1253 890 1292 (Utde
905 1253 1040 1292 tragoedia
1055 1255 1158 1292 aliquid
1175 1255 1308 1292 delibem)
1320 1275 1327 1289 ,

524 1297 589 1316 orve
607 1291 745 1315 intuentes
758 1309 765 1321 ,
780 1289 995 1317 scintillantibus
1012 1290 1099 1317 oculis
1109 1310 1117 1320 .

499 1323 763 1359 Congrediebantur.
781 1323 854 1351 Inter
871 1328 960 1351 autem
976 1325 1077 1352 multas
1093 1325 1325 1359 disceptationes.

499 1358 574 1391 Quas
591 1358 734 1385 iracundia
750 1359 839 1393 magis
855 1366 936 1393 quam
953 1360 1024 1386 ratio
1041 1358 1205 1391 commovit,

499 1392 538 1429 De
555 1394 623 1429 meis
640 1393 723 1421 etiam
743 1392 825 1421 rebus
841 1392 1021 1422 acerbissime
1036 1395 1137 1429 aliquid
1151 1395 1345 1429 arripuerunt,

500 1428 569 1455 1810
589 1428 656 1455 Dum
674 1429 747 1463 leges
761 1429 913 1456 obtrudunt
929 1429 1032 1456 dudum
1047 1428 1191 1457 defunctas
1202 1450 1209 1461 ,

500 1464 521 1498 Α
536 1463 637 1498 quibus
651 1464 770 1490 maxima
786 1471 819 1491 ex
837 1470 930 1498 parte.
946 1469 973 1491 ct
991 1465 1135 1492 manifeste
1155 1464 1232 1491 liberi
1251 1471 1361 1492 eramus
1377 1472 1385 1498 ;

499 1497 559 1525 Non
575 1499 628 1526 mei
646 1498 710 1526 odio
727 1499 767 1526 illi
785 1497 895 1533 quidem
907 1519 915 1530 ,
933 1507 983 1526 nec
996 1500 1069 1534 quod
1086 1500 1212 1526 Ihronum

499 1534 567 1560 Aliis
584 1534 744 1561 molirentur
756 1543 762 1560 :
780 1535 827 1561 sed

847 1535 936 1569 potius
953 1538 982 1561 ut
1001 1535 1236 1562 incommodarent

499 1567 549 1604 His
563 1569 609 1603 qui
626 1576 668 1596 me
685 1569 713 1596 in
728 1569 820 1596 sedem
837 1567 1058 1596 collocaveram:
1077 1569 1103 1595 id
1119 1569 1191 1604 quod
1209 1569 1275 1596 mihi

500 1603 570 1639 1815
590 1603 689 1638 Aperte
703 1604 856 1631 suadebant
873 1612 920 1639 per
938 1610 1059 1632 secretos
1077 1603 1192 1632 indices.

498 1637 558 1673 Non
575 1637 648 1666 enim
667 1639 721 1666 sibi
738 1637 897 1666 tolerabiles
913 1640 1030 1673 injurias
1045 1639 1130 1666 videri
1142 1659 1150 1670 .

500 1672 532 1709 ξι
545 1681 604 1707 quae
621 1674 790 1709 antiquiores
802 1693 808 1705 ,
825 1679 851 1701 et
866 1672 1108 1708 quas’recentibus
1125 1673 1205 1701 factis
1220 1675 1394 1708 acceperant.

499 1707 556 1743 Ego
570 1709 673 1736 interea
684 1707 698 1742 f
707 1710 781 1736 velut
795 1707 884 1744 equus
898 1710 1022 1737 inclusus
1032 1729 1040 1742 ,

364 1794 561 1831 Προᾳεῤῥύῃς.
575 1794 636 1826 Vat.
654 1796 835 1831 προσετάκης.

283 1829 351 1867 1796
374 1829 497 1867 Κλάᾳις.
515 1829 606 1858 Schol.
632 1829 737 1863 τούτοις
760 1829 941 1867 ἐκάμπτόμην
970 1832 1029 1867 μέν.

248 1862 299 1891 His
312 1864 500 1892 commovebar.

285 1899 352 1926 1802
373 1900 540 1934 Medii-25¢.
562 1899 610 1928 His
635 1901 725 1929 verbis
746 1901 934 1929 Occidentales
955 1909 1032 1929 acer-

248 1933 343 1971 bitatis
352 1938 382 1971 et
394 1934 545 1971 insolentia
559 1940 645 1968 notat,
659 1937 887 1971 quemadmodum
901 1937 1029 1969 Basilius.

248 1969 274 2007 τι
291 1970 331 2007 ξεῖ
345 1970 411 2007 ἡμῖν
425 1970 535 2007 ῥυτικῆς
555 1971 654 2007 ὀφρύος
665 1969 674 2003 ξ
686 1976 713 1998 at
736 1977 832 1999 contra
846 1972 1032 2000 Orientalibus

249 2004 344 2031 levitas
365 2006 398 2032 ab
420 2004 638 2034 Occidentalibus
661 2014 768 2041 semper
784 2011 825 2034 est
851 2006 968 2041 objecta.
986 2007 1032 2034 Sic

249 2048 356 2076 qumque
376 2048 433 2076 ora,
452 2041 539 2075 inquit
554 2041 658 2073 Billius,
677 2050 738 2068 suos
754 2043 855 2076 patitur
869 2050 969 2069 manes.

285 2075 354 2112 18011
369 2075 477 2112 "pauc.
492 2076 675 2105 Coislinianus
686 2076 771 2105 codex
779 2077 962 2112 superlineam
969 2077 1035 2105 scri-

250 2113 325 2146 pturn
342 2110 422 2137 habet
439 2112 522 2146 ὅμως.

287 2145 355 2182 1810
367 2145 485 2182 Nepote
503 2147 692 2181 στρέφοντες.
713 2145 848 2174 Nimirum
872 2147 989 2182 improbi
1006 2151 1034 2174 et

251 2180 375 2208 seditiosi
392 2181 505 2214 juvenes
522 2187 619 2208 contra
632 2182 792 2216 Gregorium
806 2180 972 2217 objiciebant
989 2189 1034 2209 ca-

252 2223 348 2252 nones,
364 2217 464 2252 quibus
479 2217 613 2252 sancitum
630 2220 689 2244 erat
700 2225 743 2252 ine
757 2218 818 2252 quis
836 2218 981 2252 episoopus
1001 2225 1035 2244 ex
1051 2238 1053 2240 .

252 2257 306 2278 una
318 2251 347 2278 in
359 2251 441 2278 aliain
453 2251 599 2279 ecclesia
615 2251 827 2285 transferretur;
847 2260 879 2280 ac
893 2251 1035 2288 propterea

1081 1795 1121 1824 fas
1140 1803 1195 1824 non
1209 1803 1271 1824 esse
1299 1800 1329 1822 ut
1341 1795 1668 1831 Constantinopolitanam
1686 1795 1776 1823 sedem
1792 1799 1867 1823 tener

1079 1836 1131 1862 ret,
1145 1832 1192 1866 qui
1218 1831 1385 1858 Sasimerum
1406 1836 1486 1866 atque
1502 1831 1632 1858 Nazianzi
1645 1832 1725 1858 sedes
1747 1831 1805 1865 jam
1828 1835 1863 1858 te-

1079 1867 1196 1894 nuisset.
1213 1866 1290 1893 Hanc
1315 1867 1399 1900 legem
1418 1867 1498 1901 longo
1517 1867 1574 1901 jam
1596 1871 1718 1901 tempore
1743 1866 1868 1901 antiqua-

1080 1906 1134 1928 tam
1160 1902 1198 1927 ait
1213 1902 1373 1936 Gregorius.
1389 1902 1444 1928 imo
1465 1902 1572 1928 etiamsi
1597 1902 1730 1935 viguisset
1752 1902 1795 1928 lex
1810 1902 1865 1933 illa,

1079 1937 1148 1963 liber
1162 1937 1196 1963 ab
1215 1945 1247 1964 ea
1271 1935 1331 1963 erat
1354 1936 1519 1971 Theologus,
1548 1937 1594 1971 qui
1622 1944 1673 1963 nec
1697 1935 1866 1963 Sasimorum

1080 1979 1131 1998 nec
1149 1971 1276 1998 Nazianzi
1304 1972 1412 2006 proprie
1438 1973 1583 2006 episcopus
1601 1971 1661 2003 fuit,
1687 1976 1716 1998 ut
1745 1972 1868 2005 pluribus

1080 2007 1298 2034 demonstratum
1315 2013 1366 2034 est.

1118 2042 1341 2077 181577111049.
1370 2041 1444 2069 Coisl
1481 2041 1552 2077 ἄλλῳ
1595 2041 1656 2069 Mox
1679 2041 1866 2077 ὲνθρονιστῶν.

1081 2075 1165 2104 Coisl.
1184 2076 1340 2112 θρονιστῶν.

1118 2111 1187 2138 1818
1203 2111 1318 2145 Ὥσπερ
1332 2112 1432 2144 ἵππος.
1451 2111 1514 2140 Haec
1531 2111 1681 2139 similitudo
1697 2112 1732 2138 ab
1752 2111 1868 2139 llomero

1082 2147 1226 2182 desumpta
1239 2150 1292 2182 est,
1306 2146 1382 2174 Iliad.
1402 2155 1440 2179 vr,
1461 2155 1532 2175 vers.
1550 2147 1611 2174 506.
1626 2147 1869 2182 Eadenrsimilitu-

1083 2182 1146 2209 dine
1162 2181 1247 2217 utitur
1269 2181 1417 2217 Gregorius
1443 2183 1472 2209 in
1495 2186 1567 2210 orat.
1587 2182 1696 2210 funebri
1718 2181 1747 2209 S.
1765 2182 1869 2213 Basilii,

1084 2222 1151 2244 tom.
1167 2216 1187 2250 l,
1201 2224 1230 2252 p.
1246 2216 1308 2244 790.

900 2341 1069 2372 METRICA
1081 2341 1231 2372 VERSIO.

253 2423 322 2460 Quis
333 2423 451 2460 pascet?
466 2423 565 2460 ingens
580 2428 607 2452 te
619 2427 684 2460 tuus
700 2423 790 2452 ﬂectat
805 2423 893 2451 labor.

254 2458 353 2491 Nobis.
373 2459 482 2494 Deoque
492 2458 549 2492 {da
562 2459 636 2494 quod
650 2463 693 2487 est
706 2461 769 2487 vita:
783 2467 876 2493 super.

255 2494 344 2530 Mittat
358 2495 485 2530 sepulcro
498 2502 598 2529 corpus
613 2495 665 2521 hoc
679 2494 752 2530 aedes
767 2497 853 2521 tuum.
872 2503 881 2520 ι

289 2529 352 2557 Haec
366 2534 568 2557 eommoverent
581 2537 624 2557 me
638 2529 717 2561 licet,
733 2529 827 2557 firmus
842 2533 932 2556 tamen

255 2564 378 2593 Stabam.
395 2564 445 2591 Dat
460 2568 550 2592 autem
565 2569 626 2599 post
641 2565 717 2592 brevi
733 2564 805 2592 Deus
817 2565 930 2592 exitum.

257 2599 373 2628 Veniunt
387 2604 499 2634 repente
512 2607 576 2626 nam
593 2600 699 2632 vocati,
717 2599 815 2627 foederi

257 2634 291 2662 Ut
307 2635 456 2662 sanciendo
467 2634 612 2669 jungerent
627 2636 699 2662 vires
716 2642 780 2662 suas
790 2654 798 2667 ,

257 2669 435 2706 ngptiique
450 2669 664 2706 Macedonesque
676 2689 683 2702 ,
699 2669 820 2706 operarii

259 2704 449 2740 My‘s'teriorum
464 2704 551 2733 seduli
562 2725 570 2736 ,
583 2709 610 2732 et
624 2704 712 2740 legum
729 2705 774 2732 Dei
785 2724 793 2736 ,

257 2740 436 2768 lnhalitantes
450 2740 604 2774 hesperium
621 2740 648 2766 in
664 2747 715 2775 nios
729 2744 755 2767 et
772 2746 864 2775 grave.

255 2776 378 2803 Adversa
392 2775 481 2802 stabat
495 2775 538 2802 bis
555 2778 663 2802 tumens
677 2774 782 2802 Phwbo
794 2774 912 2809 phalanx
925 2783 932 2789 ν

255 2809 331 2851 Ergo
341 2810 470 2851 egeritis
477 2809 611 2851 dentibus
619 2814 746 2851 tanquam
763 2817 827 2851 sues

256 2843 357 2880 (Libet
371 2845 473 2874 imitari
487 2845 613 2873 nonnihil
628 2843 787 2881 tragoediam
797 2843 824 2879 ).

1050 2436 1072 2464 Β
1084 2423 1229 2464 Έοτνοιιυε
1243 2423 1320 2464 vultu
1331 2445 1338 2455 ,
1355 2422 1546 2464 ﬂammeisque
1558 2422 1649 2464 oculis
1661 2441 1670 2454 ,
1682 2429 1788 2464 _r_nanns

1086 2459 1210 2490 Coeunt,
1224 2464 1251 2486 et
1269 2459 1341 2486 inter
1356 2458 1442 2486 multa
1454 2479 1462 2491 ,
1481 2465 1572 2485 sermo
1590 2458 1623 2485 de
1641 2458 1743 2492 quibus

1088 2493 1136 2521 Est
1151 2497 1240 2520 motus
1252 2514 1259 2525 ,
1278 2493 1318 2520 ira
1330 2513 1337 2525 .
1355 2497 1446 2520 mente
1462 2501 1515 2520 non
1531 2498 1601 2520 stata
1613 2513 1619 2525 ,
1636 2493 1744 2521 excitus
1756 2514 1764 2526 ,

1088 2528 1294 2563 Exasperabant
1310 2535 1408 2563 aspere
1426 2529 1453 2555 in
1470 2535 1513 2555 me
1528 2528 1667 2563 quidpiam
1678 2548 1685 2560 .

1089 2563 1232 2599 Yolvendo
1249 2563 1321 2599 leges
1336 2567 1459 2591 mortuas
1477 2563 1583 2598 pridem
1597 2583 1604 2594 ,
1621 2571 1636 2590 a
1652 2563 1754 2598 quibus

1090 2598 1208 2626 Eramus
1227 2598 1283 2633 ipsi
1292 2599 1369 2625 liberi
1384 2598 1469 2626 dubio
1484 2598 1580 2633 procul
1595 2608 1601 2626 :

1092 2633 1161 2662 0dio
1180 2634 1289 2669 quidem
1308 2641 1363 2660 non
1379 2637 1433 2660 tam
1452 2634 1523 2664 mei,
1539 2634 1582 2660 vel
1600 2637 1629 2660 ut
1644 2633 1671 2660 in
1690 2633 1791 2659 throno

1092 2669 1182 2696 Alium
1200 2670 1337 2700 locarent.
1354 2676 1435 2702 quam
1451 2669 1573 2696 dolorem
1592 2673 1621 2695 ut
1636 2669 1778 2696 inurerent

1091 2705 1216 2738 Aliquem
1234 2704 1295 2735 his.
1313 2704 1412 2731 throno
1427 2711 1470 2730 me
1486 2704 1599 2730 ﬁxerant
1614 2705 1661 2738 qui
1679 2704 1705 2730 in
1723 2702 1854 2738 pra‘suiis.

1092 2739 1194 2766 Saltem
1210 2739 1322 2766 remotis
1337 2739 1389 2766 hoc
1405 2739 1469 2765 mihi
1486 2739 1624 2766 interdum
1641 2739 1754 2766 arbitris

1091 2773 1145 2809 Ipsi
1163 2774 1333 2802 asserebant.
1350 2773 1410 2801 Non
1424 2774 1497 2801 enim
1514 2781 1564 2801 nec
1580 2774 1712 2808 pristinas

1092 2809 1127 2836 Se
1144 2809 1215 2837 ferre
1228 2817 1309 2843 posse
1319 2829 1327 2841 ,
1343 2816 1392 2837 nec
1408 2817 1493 2836 novas
1509 2809 1634 2844 injurias.

1090 2844 1140 2874 Ast
1159 2846 1233 2880 ipse,
1250 2848 1380 2880 tanquam
1396 2844 1507 2872 clausus
1524 2844 1552 2872 in
1568 2844 1684 2873 stabulis
1698 2851 1785 2880 equus
