1955 3042
119 145 188 175 H57

119 201 228 238 Καίπερ
242 201 337 234 κακοῖς
348 210 377 229 τε
390 201 440 229 καὶ
459 201 530 237 νόσῳ
542 202 740 238 τετρυμμένος,

119 248 189 276 1820
208 249 302 275 Ἐνδον
316 249 449 285 κροαίνων
470 249 519 276 οὐκ
536 248 698 284 ἐπαυσάμην
714 249 808 283 πόδας,

119 294 176 322 Καὶ
194 293 285 321 δοῦλον
301 294 478 331 ἐχρεμέτιζον
492 295 524 320 ὲκ
538 293 644 329 δεσμῶν
667 293 736 329 βίας,

119 340 215 371 Ποθῶν
230 342 316 376 νομάς
328 350 357 368 τε
373 342 422 377 τήν
437 342 461 368 τ’
475 341 544 377 ἐμὴν
559 341 687 377 ἐρημίαν.

125 385 201 413 Ἐπεὶ
215 386 244 413 δὲ
259 388 353 420 κινεῖν,
376 387 394 414 ἃ
414 389 555 423 προεῖπον,
572 387 663 423 ἠξίουν

122 431 245 467 Ἐῤῥηξα
260 432 358 468 δεσμὰ,
372 434 422 468 τήν
442 433 467 459 τ’
483 433 608 469 ἀφορμὴν
627 434 752 469 ἀσμένως

119 476 188 504 1825
207 478 274 513 (Οὐκ
287 478 319 504 ἂν
337 478 463 514 πείσαιμι
481 479 544 510 τοὺς
558 479 706 515 φιλάρχους
723 479 832 514 οὔποτε,

120 521 236 558 Εὗδηλὸν
251 524 319 555 ἐστι,
336 523 405 559 πλὴν
420 524 530 560 ἀληθὲς)
544 525 667 561 ἥρπασα.

119 569 224 604 Καιρὸς
239 569 294 604 γὰρ
305 567 340 604 ἦν
363 578 418 605 μοι,
434 570 481 596 καὶ
496 570 639 606 παρελθὼν
660 571 700 603 εἰς
715 571 825 606 μέσους,

120 613 181 640 Τάδ¹
198 611 289 640 εἷπον·
310 623 320 641 ι
339 615 464 650 Ἄνδρες,
478 615 524 648 οὒς
544 617 694 651 συνήγαγεν
708 617 784 651 Θεὸς,

124 658 168 690 Ὠς
183 658 216 685 ἄν
227 667 253 684 τι
271 658 451 695 βουλεύσησθε
466 660 521 687 τῶν
535 661 595 696 Θεῷ
616 661 710 696 φίλων,

119 703 188 731 1850
207 704 243 730 Τὸ
266 705 315 740 μὲν
335 705 395 732 καθ’
417 707 492 741 ἡμᾶς
505 707 630 743 δευτέρου
648 707 747 734 κείσθω
766 707 847 743 λόγου

121 747 237 783 (Μικρὸν
252 748 317 783 γὰρ,
334 748 372 780 ὦς
391 758 422 783 γε
438 750 506 786 πρὸς
522 751 648 778 τοσοῦτον
663 751 801 786 σύλλογον,

122 792 216 824 Ὅπως
230 792 290 819 ποθ’
306 792 371 826 ἕξει,
396 793 447 820 κᾶν
461 795 549 830 μάτην
566 795 730 832 αἱρώμεθα)·

123 836 219 874 Ὑμεῖς
234 838 262 865 δξ
281 839 349 875 πρός
360 847 386 865 τι
400 839 493 875 μεῖζον
509 840 609 876 ὑψοῦτε
624 841 721 877 φρένα.

641 142 766 173 SECTIO
787 143 806 172 l.
826 143 991 173 POEMATL
1007 144 1050 173 DE
1068 143 1196 173 SEIPSO.

920 206 943 234 Α
957 203 1004 235 Et;
1021 203 1050 230 ἓν
1062 203 1185 238 γένεσθε,
1203 203 1347 238 συνδέθητε
1361 203 1410 239 ὀψὲ
1421 204 1498 239 γοῦν.

1673 145 1742 176 “58

958 249 1024 276 1855
1045 249 1116 281 Ἕως
1132 249 1204 282 τινος
1218 250 1350 286 γελώμεθ¹
1363 250 1400 282 ὡς
1414 251 1558 287 ἀνήμεροι,

956 295 1012 322 Καὶ
1031 295 1111 322 τοῦτο
1133 296 1314 331 μανθάνοντες
1335 296 1375 329 ἓν,
1386 297 1478 324 πνέειν
1495 297 1602 333 μάγην;

961 343 1022 369 λότε
1042 342 1190 378 προθύμως
1202 342 1291 375 δεξιὰς
1307 342 1459 374 κοινωνίας.
1513 374 1515 377 π

963 388 1034 423 Ἐγὼ
1046 389 1068 415 δ’
1090 389 1182 420 Ἰωνᾶς
1196 389 1209 415 ὁ
1225 389 1368 424 προφήτης
1381 389 1502 424 γίνομαι.

956 434 1056 469 Δίδωμ⁹
1072 434 1190 470 ἐμαυτὸν
1206 434 1255 470 τῆς
1272 434 1340 466 νεὼς
1354 435 1500 470 σωτηρίαν,

957 481 1152 516 1840,Καίπερ
1168 481 1301 512 κλύδωνος
1313 481 1454 516 τυγχάνων
1472 482 1600 512 ἀναιτιος.

958 527 1090 561 ’Ἄραντες
1107 527 1183 561 ἡμᾶς
1199 526 1294 562 ῥίψατε
1316 526 1417 562 κλήρου
1436 528 1516 562 φορᾷ.

955 572 1046 607 Κῆτός
1067 581 1100 607 με
1118 572 1201 605 δέξετ’
1217 573 1251 600 ὲκ
1270 573 1359 608 βυθῶν
1381 572 1528 606 φιλόξενον.

962 617 1102 643 Ἐντεῦθεν
1120 617 1232 653 ἄρξασθ*
1252 619 1391 653 ὁμονοεῖνο
1408 618 1514 645 ὁδεύετε

955 663 1027 697 Πρὸς
1041 663 1119 689 πάντ’
1132 662 1239 698 ἐφεξῆς.
1256 661 1338 695 Οὗτος
1354 664 1523 699 εὐρυχωρίας

955 708 1025 735 1845
1039 708 1126 740 Τόπος
1139 708 1284 735 καλείσθω.
1302 709 1408 744 Τοὺμὸν
1423 709 1510 741 οὕτως
1526 708 1645 742 εὐκλεές.

961 753 1010 779 Ἂν
1024 753 1119 788 μέχρις
1131 753 1208 788 ήμῶν
1226 754 1307 789 στῆτε
1320 773 1328 786 ,
1344 754 1415 780 τοῦτ’
1431 753 1568 789 ἐπιτιμίαν

955 797 1043 824 Μόνον
1053 798 1165 834 τίθημι,
1183 799 1229 826 καὶ
1245 799 1346 835 θρόνων
1357 800 1535 834 ὑπερμαχεῖν.

958 843 1006 870 “Av
1019 843 1090 871 οὕτω
1111 844 1232 880 φρονῆτ’,
1247 845 1322 873 οὐδὲν
1335 845 1410 872 ἔσται
1424 844 1562 881 δυσχερές.

372 918 503 951 Quamvis
514 921 541 946 et
556 918 649 950 malis.
667 923 694 946 et
709 919 804 947 morbo
820 920 930 948 attritus
944 928 1032 948 essem
1042 942 1050 953 ,

372 954 442 981 1820
463 953 539 980 intus
557 954 665 988 pulsare
680 959 779 981 terram
796 963 849 982 non
868 955 1024 988 cessabam.

372 988 407 1024 Et
422 988 558 1024 serviliter
575 989 730 1015 hinnieham
749 990 784 1016 oh
802 990 955 1017 vinclorum
972 991 1147 1024 violentiam,

371 1022 535 1051 Desiderans
550 1031 652 1057 pascua
665 1031 697 1050 ac
714 1032 800 1051 meam
816 1025 1003 1052 solitudinem.

372 1057 587 1094 Sedporstquam
601 1066 632 1085 ea
644 1078 650 1090 .
668 1066 729 1094 quia
744 1059 816 1090 dixi,
836 1067 943 1087 movere
961 1060 1158 1094 instituerunt,

368 1092 563 1130 Birpi'vincula
575 1112 582 1124 ,
597 1098 622 1120 et
639 1092 811 1130 oceasioncni
828 1094 945 1122 libenter
953 1096 1062 1130 arripui

368 1127 466 1166 itm”
477 1127 620 1162 Nunquam
635 1129 742 1166 sane_id
755 1129 937 1166 persuaserim
952 1129 1006 1166 his,
1016 1127 1074 1165 ‘qui
1099 1129 1280 1166 principatum
1295 1133 1398 1162 amant,

369 1162 513 1199 ManifeSta
530 1171 573 1199 res
588 1167 630 1189 est
643 1183 651 1194 ,
665 1163 712 1190 sed
728 1162 817 1190 tamen
831 1171 894 1191 vera
908 1164 1006 1199 dico),

369 1197 581 1234 IempyspenimA
594 1201 692 1234 nactus
706 1206 779 1234 erant
790 1218 798 1228 ,
812 1202 839 1225 et
855 1199 882 1225 in
899 1197 1016 1226 medium
1033 1200 1162 1234 prodleiis

369 1231 432 1268 llaec
440 1231 502 1259 dixi
516 1243 523 1268 ς
539 1242 548 1257 ‹
564 1231 586 1259 0
601 1233 657 1268 viri
667 1240 736 1267 quos
753 1233 798 1259 hic
814 1234 991 1268 congregavit
1009 1231 1080 1263 Deus
1092 1254 1100 1268 ,

368 1266 524 1308 llialiquid
534 1287 542 1299 ,
557 1267 630 1308 quod
646 1267 699 1308 Deo
712 1266 882 1308 gratum‘sit;
898 1266 1041 1308 statuatis,

367 1302 435 1338 1850
453 1302 518 1335 Quae
529 1302 637 1337 quidem
650 1302 683 1329 ad
698 1310 741 1330 me
755 1306 898 1337 spectant,
917 1304 994 1338 parvi
1011 1304 1118 1338 pendite

389 1337 468 1364 Parvi
486 1337 557 1364 enim
578 1337 709 1370 interest,
724 1341 856 1372 quantum
871 1337 904 1364 ad
918 1337 1028 1365 tantum
1044 1343 1145 1366 emtum
1158 1358 1165 1370 ,

392 1379 426 1398 uo
443 1372 550 1399 tandem
567 1379 598 1407 se
613 1370 789 1407 habeant'res
805 1379 872 1399 meae
889 1372 985 1405 modo,
1004 1381 1036 1401 ac
1052 1373 1153 1401 frustra
1178 1370 1370 1407 superbirem),

366 1406 421 1444 _Vos
436 1410 525 1434 autem
541 1406 574 1444 ad
590 1407 679 1444 majus
694 1406 832 1444 quidpiam
850 1407 970 1444 animum
982 1409 1092 1444 erigite.

366 1441 394 1477 In
410 1449 492 1477 unum
508 1441 640 1469 venistis:
656 1449 718 1477 sero
735 1441 843 1468 tandem
853 1442 1029 1477 colligamini.

367 1476 435 1503 1855
454 1475 601 1510 Usquequo
617 1476 792 1503 irridehimur
806 1481 835 1503 ut
852 1475 994 1505 inhumani
1005 1498 1012 1510 ,

364 1512 403 1546 Ac
419 1519 501 1538 unum
517 1511 543 1537 id
559 1511 711 1538 ediscentes
722 1531 729 1541 .
745 1519 861 1545 pugnam
880 1512 986 1546 spirare
997 1513 1008 1524 "

366 1545 432 1573 Date
451 1546 577 1572 alacriter
591 1546 791 1573 communionis
807 1545 943 1575 dexteras.

365 1579 420 1615 Ego
432 1580 515 1608 Jonas
526 1580 655 1614 propheta
670 1588 727 1608 ero.

365 1615 455 1642 Trado
472 1623 515 1642 me
528 1615 585 1649 ipse
604 1615 637 1642 ad
659 1616 771 1642 salutem
791 1615 880 1648 navis,

367 1650 435 1677 1860
452 1651 581 1677 Uuamvis
603 1651 727 1677 procellae
743 1650 816 1677 nulla
841 1651 868 1677 in

452 1651 581 1683 Quamvis
603 1651 727 1684 procellae
743 1650 816 1677 nulla
841 1651 868 1677 in
890 1658 933 1678 me
956 1657 1040 1679 causa
1063 1649 1191 1678 resideat.

366 1685 508 1720 Sublatum
527 1692 570 1720 me
587 1685 670 1712 sortis
686 1685 757 1712 exitu
770 1685 905 1720 projicite.

365 1719 448 1747 Ceius
465 1719 607 1754 hospitalis
624 1727 666 1746 me
683 1728 715 1747 ex
731 1719 866 1754 profundo
886 1721 1011 1754 excipiet.

365 1753 628 1794 772-773_l_linc
645 1753 756 1794 incipite
774 1756 916 1794 unanimes
931 1753 1011 1783 esse:
1032 1754 1171 1790 procedite

365 1789 515 1824 Adrromnia
535 1789 672 1824 deinceps.
699 1789 863 1817 Latitudinis

367 1823 437 1850 1845
455 1823 542 1850 Locus
567 1824 610 1850 hic
633 1823 758 1851 vocetur.
776 1824 867 1851 Gloria
892 1824 949 1851 haec
972 1825 1024 1852 erit
1047 1833 1115 1853 mea.

367 1857 415 1885 Sin
432 1858 465 1885 ad
481 1866 524 1885 me
540 1866 625 1893 usque
640 1859 778 1892 perstetis,
796 1859 822 1885 id
838 1866 922 1886 unum

365 1893 492 1928 Mulctam
509 1892 621 1925 esse,'et
635 1901 751 1928 pugnam
767 1901 815 1928 pro
830 1893 936 1921 thronis
956 1892 1095 1919 existimo.

369 1927 399 1955 Si
415 1928 453 1955 ita
467 1928 601 1960 sentiatis,
616 1927 683 1955 nihil
698 1928 751 1956 erit
765 1927 885 1956 difficile.

151 2006 222 2034 1825
241 2006 300 2033 Οὐκ
318 2006 355 2033 ἂν·
369 2007 513 2041 πείσαιμι.
531 2006 673 2042 Nunquam
690 2005 839 2033 nominibus
850 2005 898 2032 do-

116 2042 235 2068 minandi
259 2041 358 2076 cupidis
384 2042 568 2075 persuaserim,
592 2042 712 2068 mellam:
732 2041 896 2076 episcopatus

116 2076 262 2111 deponendi
277 2077 439 2103 occasionem
455 2076 563 2103 libenter
577 2077 731 2111 arripuisse.

153 2111 220 2139 1844
235 2112 435 2146 Εὑρυχωρίας.
453 2111 555 2138 Alludit
572 2112 605 2138 ad
625 2112 690 2138 illud
706 2110 803 2139 Genes.
819 2119 895 2143 xxvt,

115 2146 162 2174 ubi
181 2154 241 2173 cum
256 2146 329 2174 Isaac
342 2151 403 2181 post
415 2147 513 2173 multos
533 2150 629 2180 puteos
640 2146 762 2177 ell'ossos,
779 2145 812 2173 de
836 2147 897 2180 qui-

115 2181 167 2209 bus
187 2182 256 2208 inter
280 2182 414 2216 ipsumet
440 2181 601 2208 Palaestinos
625 2182 683 2208 rixa
711 2185 769 2207 orta
795 2181 894 2213 fuerat,

115 2216 197 2243 alium
216 2215 324 2244 tandem
347 2215 470 2249 fodisset,
488 2216 522 2245 de
537 2223 592 2252 quo
613 2216 681 2244 nihil
695 2216 778 2251 jurgii
794 2216 897 2243 excita-

949 2009 1008 2067 }sum
1024 2004 1130 2037 fuisset,
1151 2003 1264 2040 proinde
1279 2002 1450 2032 latitudinem
1473 2011 1535 2032 eum
1555 2004 1732 2039 nuncupavit.

972 2048 1024 2067 ιιι.

972 2048 1024 2067 ιιι.

985 2075 1082 2102 1846-7
1093 2074 1175 2101 Τοῦτ’
1190 2073 1338 2108 ἐπιτιμίαν
1347 2075 1442 2109 μόνον
1449 2074 1547 2108 τίθημι
1557 2074 1605 2100 καί
1620 2074 1734 2109 θρόνων

949 2109 1140 2144 ὑπερμαχεῖν.
1157 2108 1203 2136 Sic
1215 2109 1300 2136 Coisl.
1316 2108 1388 2136 Edit.
1406 2117 1478 2141 vero,
1496 2109 1566 2135 τοῦτ’
1581 2109 1677 2144 ἀτιμία
1690 2108 1735 2136 νό-

950 2154 999 2180 μον
1011 2145 1104 2180 τίθημι
1116 2145 1161 2170 καὶ
1171 2144 1448 2180 νόμωννὺζιτερμαχεῖν.
1462 2144 1551 2172 Schol.
1563 2144 1609 2170 ml.
1620 2144 1732 2180 θρόνων.

985 2180 1053 2207 1848
1066 2179 1226 2213 Δυσχερές.
1245 2179 1320 2205 Nihil
1336 2180 1385 2206 erit
1401 2179 1520 2213 difﬁcile,
1542 2180 1584 2206 vel
1602 2179 1667 2206 nihil
1682 2179 1733 2205 erit

950 2215 1099 2247 molestum,
1115 2214 1189 2250 quod
1204 2221 1266 2242 cum
1278 2214 1455 2250 sequentibus
1471 2215 1591 2249 apprime
1606 2213 1731 2250 quadrat.

751 2294 920 2325 METRICA
933 2293 1082 2325 VERSIO.

114 2377 191 2414 [λίθοι
208 2378 341 2413 malisque
353 2385 471 2414 quassus
481 2397 488 2409 ,
504 2380 532 2405 et
546 2375 643 2414 morbo
658 2376 733 2414 gravi
744 2397 752 2410 ,

114 2412 208 2440 Ferire
223 2411 339 2447 pedibus
355 2411 488 2440 liactenus
504 2411 612 2446 cupidis
628 2413 717 2438 solum

114 2447 172 2474 Non
189 2447 358 2481 desineham,
368 2448 511 2482 vinclaque
524 2447 571 2478 ob,
586 2447 722 2474 serviliter

115 2482 246 2518 liinnire,
263 2484 336 2510 ruris
353 2490 484 2518 pascuum
499 2482 549 2518 soli
564 2486 704 2518 expetens.

115 2517 222 2544 Movere
238 2522 266 2544 at
280 2519 331 2545 ista
348 2515 431 2551 coepit
446 2521 475 2543 ut
491 2515 608 2551 primum
626 2516 683 2543 hac
697 2515 823 2548 cohorsL

115 2551 235 2587 Eﬂ‘ringo
250 2553 355 2585 vincla,
371 2550 553 2585 traditamque
568 2558 662 2577 ansam
679 2550 766 2587 liberis

113 2585 223 2622 Arripit)
242 2587 316 2648 inon
335 2587 384 2614 hoc
395 2606 403 2618 ,
421 2591 464 2614 sat
478 2586 576 2620 liquet,
593 2585 775 2619 persuaserim

114 2621 228 2648 Cunidis
262 2629 377 2648 onorum
387 2641 394 2648 .
410 2621 458 2648 sed
473 2625 563 2647 tamen
582 2628 645 2648 vere
659 2621 756 2648 louuor
769 2619 775 2648 l

114 2619 228 2656 Cupidis
243 2619 377 2650 honorum
387 2641 394 2653 .
410 2621 458 2649 sed
473 2619 563 2656 tamen
582 2628 645 2656 vere
659 2619 776 2656 loquor)
790 2629 798 2656 ξ

115 2654 290 2691 Tempusque
303 2661 401 2684 nactus
417 2655 606 2691 commodum,
623 2655 649 2682 in
659 2655 756 2691 medio
770 2654 853 2683 effero

115 2689 265 2730 llaec—dicta
282 2696 354 2730 caatu
369 2702 375 2719 :
392 2701 400 2717 ι
415 2690 481 2722 Vos,
497 2690 647 2730 viri_‘,quos_
659 2689 704 2717 hic
719 2689 789 2718 Deus
800 2709 809 2724 ,

114 2726 197 2754 Grata
211 2728 338 2754 statuatis
353 2730 383 2753 ut
397 2734 448 2753 suo
464 2732 525 2760 quae
539 2724 650 2752 Numini

113 2761 225 2792 Junxit.
242 2762 333 2789 videte
348 2765 458 2796 postero
474 2760 508 2787 de
521 2767 564 2796 me
578 2760 650 2796 loco.

114 2796 184 2832 Quid
193 2803 317 2832 namque
330 2794 364 2832 de
378 2804 438 2832 me,
453 2798 540 2832 ccetus
558 2794 602 2832 hic
612 2795 639 2832 si
654 2795 789 2824 maximus

114 2829 321 2863 Consideretur,
337 2831 384 2858 fiat
394 2850 401 2863 ,
417 2830 489 2858 haud
503 2829 595 2864 magni
612 2829 736 2859 interest.

116 2865 218 2901 Erigite
231 2868 341 2895 mentes
351 2866 433 2895 altius
448 2869 555 2894 vestras
571 2871 688 2900 precor:

909 2380 930 2408 Β
944 2375 1021 2404 Coite
1034 2376 1062 2404 in
1080 2383 1180 2408 unum,
1196 2383 1244 2403 vos
1261 2383 1338 2403 amor
1352 2376 1460 2404 tandem
1476 2375 1551 2410 liget.

948 2411 1097 2449 Quousque
1109 2430 1117 2442 ν
1133 2411 1197 2438 saevi
1219 2415 1263 2443 ut,
1279 2416 1305 2438 et
1320 2415 1428 2449 truces,
1446 2411 1630 2449 Tllleblﬂllll',”

946 2445 1102 2481 Prmterque
1120 2453 1224 2481 pugnas
1235 2467 1242 2477 ,
1262 2447 1381 2472 omnium
1398 2450 1427 2472 ut
1443 2453 1534 2473 rerum
1552 2445 1642 2472 inscii.

948 2480 1064 2508 Dextras
1079 2480 1159 2508 amici
1176 2480 1288 2508 fcederis
1302 2481 1365 2508 date
1379 2481 1507 2508 invicem.

947 2515 1004 2551 Ego
1020 2523 1083 2543 vero
1096 2515 1172 2543 Jonas
1186 2516 1292 2542 facinus
1307 2516 1446 2543 excelsum
1459 2515 1582 2543 aemulor.

948 2550 989 2578 Me
1003 2558 1053 2585 pro
1070 2551 1158 2578 salute
1172 2550 1207 2577 do
1224 2551 1310 2578 libens
1323 2551 1505 2578 nostraeratis
1515 2572 1522 2584 ,

948 2586 1024 2613 Licet
1039 2585 1149 2613 excitati
1168 2585 1286 2612 turbinis
1303 2593 1386 2613 causa
1405 2586 1476 2613 haud
1493 2586 1573 2614 siem.

949 2620 1005 2648 Nos
1022 2625 1095 2647 sorte
1113 2624 1208 2655 captos
1223 2621 1339 2655 mergite
1354 2622 1452 2648 insano
1466 2620 1547 2648 mari.

947 2655 1004 2684 Nos
1019 2655 1162 2690 hospitalis
1176 2660 1253 2682 cetus
1268 2656 1394 2690 excipiet.
1413 2656 1459 2683 Sic
1474 2656 1527 2684 hoc

948 2690 1108 2718 Concordiae
1125 2690 1202 2718 vobis
1218 2690 1325 2717 initium
1339 2700 1346 2718 :
1364 2692 1470 2725 pergite

946 2725 988 2753 Ad
1003 2729 1103 2753 cuncta
1118 2724 1248 2760 deinceps
1263 2725 1325 2752 alia.
1343 2724 1510 2754 Latitudinis

948 2759 1038 2797 [iocus
1051 2760 1096 2797 hic
1109 2759 1229 2797 vocetur}
1245 2760 1380 2797 Splendor
1394 2761 1460 2788 hinc
1473 2766 1566 2797 surget
1577 2761 1658 2789 mihi.

949 2795 978 2822 Si
995 2796 1074 2824 stetis
1089 2796 1117 2822 in
1134 2803 1192 2827 me,
1209 2795 1327 2823 dedecus
1340 2800 1460 2823 statuam
1475 2797 1502 2824 id
1517 2795 1619 2824 meum.

949 2830 1046 2867 latagum
1060 2830 1119 2865 ipse
1132 2830 1185 2865 ligo
1197 2840 1203 2857 :
1221 2831 1257 2858 sit
1271 2835 1347 2858 ratus
1363 2831 1452 2866 legum
1468 2833 1555 2867 vigor.

950 2865 1007 2894 Hac
1022 2870 1112 2894 mente
1126 2867 1207 2896 sitis:
1224 2873 1278 2894 non
1293 2867 1345 2895 erit
1361 2865 1513 2903 quidquam
1528 2868 1646 2897 arduum
