1955 3042
218 140 288 169 1159

216 245 285 272 1850
303 245 427 279 Ἀπειμι,
442 243 530 270 πείθει
546 243 635 270 καὶτὸ
649 243 718 278 σῶμ’
734 242 822 274 οὕτως
841 242 913 277 ἕχον.

215 291 288 318 Μίαν
307 289 437 326 χρεωστῶ
448 288 588 324 νεκρότητ*
598 295 606 303 ο
622 288 678 322 ἔχει
689 287 766 320 Θεύς.

223 337 307 370 Ἀλλ’,
321 334 344 363 ὧ
360 335 445 372 Τριάς
459 343 508 370 μου
518 355 526 366 ,
540 334 586 362 σοῦ
601 334 771 370 προκήδομαι
791 333 873 369 μόνης
883 342 890 349 ·

216 383 345 410 Γλῶπσαν
359 383 410 408 τίν’
425 381 496 414 ἕξεις
512 380 619 416 εὐμαθῆ
637 381 795 416 συνήγορον,

218 430 250 456 Εἰ
264 430 286 456 δ’
301 427 347 456 οὖν
361 427 507 463 ἐλευθέραν
523 436 553 454 τε
567 427 615 453 καὶ
631 426 713 462 ζήλου
731 426 832 457 πλέαν;

218 476 287 503 1855
305 474 447 511 Ἔρρωσθε
459 474 506 501 καὶ
522 472 660 509 μέμνησθε
678 472 734 499 τῶν
747 471 821 507 ἐμῶν
833 471 950 498 πόνων.»

254 521 337 548 Ταῦτ’
350 518 442 547 εἷπον·
454 521 479 546 οἱ
493 519 515 546 δ’
531 518 654 551 ὡκλαζον
667 527 672 533 ’
689 518 778 554 ἐξῄειν
791 518 813 544 δ’
828 516 882 551 ἐγὼ

218 568 310 599 Μέσος
325 567 413 602 χαρᾶς
426 574 455 592 τε
470 565 516 592 καί
532 574 604 596 τινος
620 564 789 600 κατηφείας·

219 614 314 649 Χαρᾱς
324 632 331 644 ,
348 612 379 639 τὸ
391 611 497 638 παῦλαν
508 610 563 637 τῶν
574 611 663 637 πόνων
679 609 770 636 λαϐεῖν
784 617 845 635 τινα
857 617 864 624 ·

220 659 333 694 Λύπης,
351 658 382 685 τὸ
397 657 461 684 λαὸν
474 657 583 690 ἀγνοεῖν
631 656 761 683 κείσεται.

221 705 290 732 1860
306 704 353 736 Τίς
369 704 391 730 δ’
405 704 436 730 οὺ
449 703 614 738 σπαράσσετ¹
627 701 829 738 ὀρφανούμενος
840 701 958 733 τέχνων;

227 749 298 784 Ἐγὼ
313 750 362 785 μὲν
375 748 460 780 οὕτως
471 756 478 763 ⁵
491 748 518 774 o’.
532 747 555 774 δ’
571 748 643 774 ἴσασι
660 747 707 774 καὶ
721 747 804 779 Θεὸς,

221 796 253 823 Et
269 795 306 831 μή
322 803 349 822 τι
361 794 452 821 πλεῖον
464 793 512 821 τοῦ
529 792 612 828 μέσου
623 793 655 820 τὸ
667 792 788 828 λάθριον,

539 137 568 165 S.
589 137 754 166 GREGORII
772 136 897 165 THEOL.
919 135 1102 166 CARMINUM
1122 135 1223 164 LIBER
1241 135 1274 164 11.
1294 135 1490 165 HISTORICA'.

174 200 176 205 '
215 198 278 225 οὑδ’
295 196 454 233 ὲθρονεσθην
468 194 586 231 ἄσμενος
598 215 606 228 ,
623 195 673 222 καὶ
691 195 738 223 νῦν
751 195 823 223 ἑκὼν

1778 134 1850 167 Ηΰο

1055 195 1133 222 Νέων
1146 194 1256 230 δλεορος
1267 214 1274 227 ,
1295 194 1342 221 καὶ
1353 194 1496 226 σπιλάδες,
1512 193 1586 230 λόχοι
1603 193 1702 230 βάθους
1712 202 1720 210 ·

1060 241 1151 268 Ἀλλοι
1166 241 1274 275 λέγουσι
1292 240 1389 273 ταῦτα,
1405 241 1510 275 σιγήσω
1521 240 1543 266 δ’
1561 239 1626 274 ἐγώ.

1059 287 1128 314 ιδιδ
1141 287 1178 313 Οὐ
1191 286 1246 322 γὰρ
1264 286 1344 322 σχολή
1363 294 1408 321 μοι
1423 285 1526 312 πλεκτὰ
1541 285 1686 319 γινώσκειν
1698 285 1782 317 κακὰ,

1058 333 1114 368 Τὴν
1127 331 1266 367 ἁπλότητα
1276 331 1390 368 καρδίας
1401 331 1563 366 ἀσκουμένῳ
1573 350 1581 363 ,

1066 379 1110 412 Ἐξ
1121 377 1156 415 ἧς
1169 379 1200 405 τὸ
1218 377 1340 411 σώζεσθ’,
1355 375 1386 404 οὗ
1404 377 1484 412 μόνου
1497 377 1551 408 πᾶς
1572 385 1617 412 μοι
1631 376 1719 410 λόγος.

1062 427 1155 462 Ὀμως
1169 425 1222 452 τόδ’
1237 422 1296 451 οἴδα
1306 433 1312 440 ι
1330 424 1422 450 πλεῖον
1433 443 1441 456 ,
1458 423 1474 458 ἢ
1487 423 1578 455 καλῶς
1591 423 1658 458 ἔχει,

1062 471 1156 504 Ἀφνω
1168 468 1296 504 τετίμημ*
1312 468 1414 503 εὐκόλῳ
1428 467 1591 494 συναινέσει.

1061 516 1128 543 1870
1142 515 1261 542 Τοιαῦτα
1274 515 1373 550 πατρὶς
1384 515 1439 545 τοῖς
1450 513 1537 548 φίλοις
1548 513 1697 549 χαρίζεται.

1096 561 1190 593 Οὕτως
1211 561 1308 596 ἔχοντα
1323 559 1424 595 ταῦτα,
1433 559 1495 591 Πῶς
1505 559 1533 586 δὲ
1544 559 1578 586 τὰ
1590 559 1706 595 κράτους
1718 567 1725 591 ;

1063 607 1178 641 Ἐκυψ’;
1197 605 1327 641 ἐκλίθηνς
1344 605 1457 640 ἡψάμην
1473 605 1523 639 τῆς
1536 603 1642 637 δεξιᾶςς

1067 653 1193 684 Ἰκεσίους
1208 652 1381 688 προσήγαγόν
1393 660 1472 682 τινας
1484 651 1578 685 λόγους
1589 659 1596 684 ;

1063 699 1176 730 ’Ἄλλους
1191 698 1219 725 δὲ
1231 698 1363 734 πρέσϐεις
1374 699 1406 724 ὲκ
1420 697 1504 732 φίλων
1520 697 1744 732 προυστησάμην,

1062 746 1131 773 1875
1147 745 1206 772 Τῶν
1221 746 1250 772 ὲν
1266 745 1338 771 τέλει
1357 744 1472 779 μάλιστα
1482 763 1489 774 ,
1502 743 1565 775 τούς
1583 751 1628 778 μοι
1650 742 1791 778 φιλτέρους
1806 749 1815 774 ;

1062 791 1169 826 Χρυσδν
1181 791 1202 817 δ’
1217 791 1315 826 ἓρευσα
1327 810 1335 823 ,
1348 790 1393 817 τὸν
1406 789 1540 825 δυνάστην
1553 790 1599 816 τὸν
1615 789 1711 825 μέγαν,

481 881 540 909 Non
557 881 672 908 libenter
693 880 721 908 in
736 880 806 908 'sede
821 879 969 907 collocatus
985 887 1055 911 sum,
1075 883 1102 907 et
1116 887 1189 907 nunc
1204 880 1290 907 libens

482 916 551 944 1850
570 916 711 948 Abscedo;
725 916 797 950 quod
813 916 920 950 quidem
934 915 1000 942 mihi
1013 919 1040 942 et
1051 923 1150 949 corpus
1162 916 1199 941 ita
1216 915 1340 942 affectum
1352 914 1458 942 suadet.

483 951 568 978 Unam
588 955 702 978 mortem
721 949 806 978 debeo
816 949 828 983 ;⁷
849 951 904 977 haec
924 951 950 977 in
971 950 1016 978 Dei
1036 957 1117 977 manu
1135 950 1187 977 sita
1209 955 1262 977 est.

481 986 544 1016 Sed,
558 993 574 1013 ο
593 985 672 1012 Trias
689 993 758 1017 mea,
774 986 807 1013 de
823 989 849 1012 te
863 985 920 1012 sola
934 985 1068 1013 sollicitus
1082 993 1142 1012 sum
1152 1005 1160 1017 ,

483 1021 601 1056 Ecquam
623 1021 747 1047 habitura
767 1020 805 1048 sis
826 1021 945 1056 linguam
970 1024 1023 1047 tua:
1043 1019 1194 1056 defensioni
1218 1020 1361 1053 idoneam,

482 1055 536 1082 Ant
549 1056 643 1083 saltem
662 1055 772 1082 liberam
786 1059 813 1082 ct
825 1056 884 1082 zelo
899 1055 1076 1090 ﬂagrantem?

484 1091 552 1118 i855
572 1090 675 1122 Valete,
693 1094 721 1117 et
743 1090 923 1117 memineritis
943 1091 1065 1117 laborum
1090 1097 1223 1118 meorum.
1248 1099 1257 1116 ι

518 1125 580 1152 llaec
595 1125 670 1152 dixi:
686 1125 725 1152 illi
737 1133 803 1152 vero
815 1125 913 1152 animis
929 1125 1106 1152 fatiscebant:
1126 1133 1176 1160 ego
1196 1130 1284 1153 autem
1299 1125 1414 1154 discessi

483 1160 587 1188 Medius
602 1160 673 1187 inter
687 1160 814 1195 gaudium
831 1164 858 1187 et
875 1161 1019 1195 quamdam
1036 1161 1192 1187 mmstitiam
1210 1169 1217 1186 :

481 1195 619 1227 Gaudens,
636 1195 707 1229 quod
723 1196 840 1230 aliquam
857 1202 872 1221 a
894 1196 1034 1222 laboribus
1052 1195 1172 1229 requiem
1189 1195 1339 1230 acciperem
1359 1205 1364 1222 :

483 1231 610 1262 Maerens,
641 1231 712 1265 quod
729 1230 873 1261 nescirem.
889 1230 951 1265 quis
970 1235 1043 1257 esset
1059 1230 1167 1257 futurus
1190 1232 1279 1265 populi
1303 1235 1400 1258 status.

483 1265 552 1293 1860
575 1265 641 1298 Quis
659 1269 747 1292 autem
761 1273 815 1292 non
832 1265 997 1293 dilaceretur
1013 1265 1074 1292 tlliis
1087 1265 1216 1292 orbatus?

482 1302 572 1336 Atque
593 1308 642 1336 ego
663 1301 771 1335 quidem
793 1302 850 1332 sic;
870 1300 909 1327 illi
933 1304 1023 1327 autem
1044 1301 1143 1331 sciunt.
1166 1306 1193 1327 et
1212 1300 1298 1332 Deus,

482 1337 579 1363 Annon
595 1337 672 1370 plura
695 1336 722 1362 in
747 1335 867 1362 tenebris
885 1342 967 1370 quam
988 1336 1016 1362 in
1037 1335 1097 1362 luce
1115 1341 1269 1367 versentur,

482 1371 580 1398 Annon
602 1371 735 1405 pernicies
750 1370 891 1405 juvenum,
908 1375 936 1396 et
950 1371 1122 1405 corruptela,
1138 1374 1165 1397 et
1180 1371 1240 1397 alta:
1256 1371 1355 1399 mentis
1371 1372 1477 1399 insidiw
1495 1380 1502 1399 ι

483 1406 534 1432 Alii
547 1406 604 1432 liiec
618 1406 713 1432 dicunt
729 1415 735 1432 ε
752 1412 802 1440 ego
814 1413 878 1432 vero
894 1405 1000 1432 tacebo.

484 1441 553 1468 1865
568 1440 627 1468 Νοιι
642 1441 714 1468 enim
728 1441 794 1467 milii
811 1441 896 1467 otium
912 1444 954 1468 est
969 1447 1067 1475 pravas
1085 1444 1113 1467 et
1129 1440 1251 1468 occultas
1264 1440 1404 1468 hominum
1421 1442 1575 1469 molitiones
1591 1441 1740 1474 scrutandi,

485 1475 535 1508 Qui
551 1476 752 1510 simplicitatem
769 1476 859 1503 cordis
873 1475 978 1507 excolo,

484 1510 521 1538 Ex
534 1518 586 1546 qua
600 1511 675 1538 salus
691 1519 697 1537 :
716 1511 787 1545 quod
803 1511 889 1537 solum
903 1510 969 1546 mihi
989 1518 1061 1538 curia
1074 1513 1126 1538 est.

486 1545 646 1573 Sed’tamen
662 1546 713 1573 hoc
724 1546 782 1573 scio
797 1555 803 1572 :
820 1546 890 1572 ultra
906 1545 933 1572 id
949 1546 1022 1580 quod
1036 1546 1124 1578 decet,

485 1580 582 1608 Subito
605 1581 803 1608 decoraverunt
829 1588 872 1607 me
895 1580 1023 1607 facillima
1039 1581 1209 1608 assensione.

486 1615 555 1643 1870
575 1616 650 1642 Talia
665 1616 762 1643 amicis
779 1616 865 1650 patria
885 1616 1062 1650 gratilicatur.

522 1651 612 1685 Atque
626 1651 683 1678 haec
699 1650 813 1686 quidem
827 1658 856 1677 se
871 1650 1018 1677 habebant.
1037 1650 1090 1678 Sed
1110 1651 1175 1686 quid
1187 1658 1248 1678 cum
1266 1650 1449 1685 lmperatorc?

485 1686 527 1713 An
547 1686 699 1721 procubui?
713 1693 747 1712 an
765 1685 880 1720 pedibus
893 1686 990 1717 cecidi,
1004 1685 1183 1721 dextramque
1201 1686 1386 1720 apprehendi?

486 1721 527 1747 An
547 1721 715 1755 supplicibus
739 1721 829 1747 verbis
853 1728 918 1748 usus
944 1721 1024 1748 sum?

484 1756 527 1782 An
541 1757 609 1791 alios
625 1763 657 1782 ex
671 1755 766 1782 amicis
780 1759 936 1790 preeatores
950 1756 1015 1782 mihi
1031 1756 1135 1791 paravi,

486 1791 555 1818 1875
573 1790 727 1817 Praesertim
743 1798 776 1817 ex
790 1791 959 1825 proceribus.
977 1790 1077 1825 quibus
1100 1791 1190 1818 carior
1215 1792 1309 1818 eram!

485 1825 555 1853 Num
577 1833 673 1852 aurum
690 1825 782 1858 eﬂ‘udi,
805 1833 932 1860 magnum
948 1826 1023 1852 illum
1033 1826 1243 1858 dominatorem,

266 1905 332 1933 1851
355 1905 438 1940 Ἔχει
456 1905 537 1937 Θεός.
550 1904 649 1931 Censet
665 1903 769 1940 Tollius
792 1903 933 1939 legendum
953 1911 1015 1931 esse

231 1940 403 1978 potiuséxoi.
414 1939 485 1978 A\'i_t_le
496 1947 582 1978 carm.
600 1947 657 1978 seq.
679 1943 735 1966 not.
757 1939 784 1978 i_n
796 1947 868 1978 vers.
885 1940 947 1978 8336.

267 1975 334 2003 1856
349 1974 501 2005 Ὠιιλαζον.
517 1974 708 2004 Labascebant,
722 1974 817 2001 animis
832 1975 1014 2009 ﬂectebantur,

231 2019 263 2038 ac
288 2010 453 2072 deligebam.
477 2009 583 2042 Billius,
608 2009 805 2042 claudicabunt,
838 2018 889 2036 vox
919 2017 1015 2044 parum

231 2054 339 2072 commo
359 2053 381 2072 a.

231 2053 381 2073 commoaa.

267 2081 336 2117 1862
358 2080 413 2107 Τοῦ
433 2079 539 2114 μέσου.
558 2079 648 2108 Schol.
664 2079 792 2117 φανεροῦ.
809 2079 869 2107 Μοχ
882 2079 1014 2113 λάθριον.

233 2115 325 2144 Schol.
341 2117 541 2150 κεκρυμμένον.

268 2151 337 2178 1865
352 2149 443 2177 Νέὶυφέ.
454 2149 588 2177 Juvenum
603 2154 663 2186 ιλιι
683 2151 706 2178 si
728 2151 857 2186 legamus
868 2149 1015 2186 ‘IEGJ‘erllm

232 2185 304 2217 aliis,
321 2185 479 2221 vertendum
493 2185 732 2221 navium.Utraque
747 2184 827 2213 léctio
842 2184 1016 2221 dei‘eiidi_p0-

232 2224 297 2252 test,
319 2221 408 2255 inquit
423 2220 532 2253 Billius;
554 2222 632 2254 juxta
657 2219 725 2247 lia'iic
743 2221 930 2256 posteriorem,
945 2219 1015 2256 Cure-

234 2256 328 2290 gorius
343 2256 498 2283 simulatam
512 2263 606 2282 eorum
625 2255 752 2287 mentem,
770 2265 784 2281 a
797 2255 896 2289 quibus
909 2255 1017 2288 episco-

233 2295 298 2326 patu
312 2290 434 2326 dejectus
458 2295 510 2322 est,
526 2295 665 2325 comparat
693 2291 841 2318 latentibus
861 2290 912 2317 sub
935 2290 1016 2316 undis

1069 1905 1200 1939 scopulis,
1219 1905 1272 1941 rqui
1297 1905 1457 1941 plerumque
1484 1912 1535 1932 nec
1559 1905 1736 1941 opinantibus
1762 1905 1852 1933 nautis

1067 1941 1180 1967 exitium
1195 1940 1320 1967 aﬂ'eruut.

1105 1975 1172 2002 1868
1186 1976 1284 2009 ’Ὅμως
1299 1975 1359 2001 τόδ’
1375 1974 1455 2002 οἷὸιι·
1468 1975 1583 2002 πλεῖον.
1608 1974 1788 2002 Nihilominus
1805 1975 1849 2002 lio-

1068 2017 1126 2036 rum
1141 2011 1200 2044 plus
1226 2011 1279 2037 scio
1302 2019 1380 2044 quam
1405 2011 1518 2044 expedit,
1543 2012 1594 2042 vel,
1618 2010 1665 2037 hoc
1682 2011 1750 2042 uari,
1776 2010 1852 2037 citius

1069 2053 1147 2079 quam
1160 2045 1271 2076 deceret,
1295 2051 1319 2071 et
1336 2046 1442 2079 [acilius
1469 2054 1604 2072 assensum
1625 2045 1778 2080 pra’buisse,
1795 2053 1852 2071 cum

1069 2081 1141 2114 pacis
1155 2080 1349 2115 roncordiwque
1372 2088 1453 2107 causa
1475 2081 1565 2107 libenti
1590 2083 1676 2107 animo
1699 2082 1852 2115 episcopatu

1070 2123 1110 2141 me
1123 2123 1256 2142 cessurum
1269 2116 1404 2142 dixissem.
1424 2116 1490 2142 Boni
1506 2116 1543 2142 illi
1563 2117 1681 2151 episcopi
1697 2124 1730 2142 eo
1747 2124 1790 2142 me
1805 2116 1851 2143 lio-

1070 2158 1136 2186 nore
1152 2152 1309 2182 allecerunt,
1328 2156 1356 2176 ut
1377 2152 1479 2183 statim,
1492 2151 1564 2186 quod
1581 2151 1711 2184 dixeram,
1726 2158 1852 2186 compro-

1070 2185 1176 2221 harent,
1193 2187 1313 2220 mihique
1329 2185 1516 2221 episcopatum
1539 2187 1710 2220 abrogarent.
1730 2185 1853 2213 Gallice:

1069 2218 1207 2282 {agnum
1224 2218 1337 2248 δοιιίιαὶη
1347 2218 1404 2256 pris
1419 2218 1454 2248 im
1467 2227 1530 2248 mot.
1545 2218 1621 2248 Βιιιζ
1636 2226 1692 2248 not.
1711 2221 1772 2253 164,
1790 2229 1853 2258 pag.

886 2349 1052 2380 METRICA
1069 2350 1217 2380 VERSIO.

233 2413 298 2449 Cepi
314 2413 451 2441 illibenter
465 2413 538 2440 hunc
553 2414 684 2440 thronum
697 2423 704 2441 :
722 2421 795 2441 nunc
809 2418 837 2440 at
853 2413 941 2442 libens

234 2448 352 2476 Excede.
368 2448 474 2484 Corpus
491 2456 534 2475 me
546 2457 654 2484 quoque
669 2449 720 2476 hoc
736 2449 826 2477 facere
840 2450 977 2477 admonet.

235 2484 322 2512 Unam
338 2484 395 2518 ipse
411 2488 525 2511 mortem
541 2485 626 2511 debeo
641 2492 648 2510 :
665 2484 734 2511 lianc
749 2485 830 2512 habet
844 2484 926 2513 Deus.

234 2519 275 2547 Tu
293 2519 350 2546 sola
364 2526 458 2545 curam
470 2539 476 2551 ,
493 2518 612 2546 Trinitas
623 2539 630 2551 ,
646 2518 727 2546 alfers
745 2520 830 2553 mihi;

234 2556 300 2587 Qua:
310 2553 393 2580 docta
407 2553 511 2581 Numen
528 2555 619 2588 lingua
636 2553 762 2581 defendet
778 2559 855 2582 tuum
866 2575 873 2588 ,

235 2590 346 2617 Timore
359 2589 455 2616 saltem
472 2589 556 2616 libera
574 2595 600 2616 et
615 2590 672 2616 zelo
687 2594 806 2618 :cstuans
819 2591 830 2616 ?

236 2625 350 2652 Valete:
368 2624 446 2650 vobis
461 2632 511 2651 nec
526 2632 603 2651 meus
621 2625 698 2651 labor
714 2625 832 2652 excidat.
851 2636 860 2651 i

271 2659 333 2686 11.ιέ
348 2658 423 2686 dixi:
439 2664 466 2686 at
482 2659 519 2686 illi
537 2659 746 2686 claudicabant:
769 2660 877 2687 intcriul

235 2694 344 2722 Excedo
354 2714 360 2726 ,
379 2695 475 2729 partim
492 2695 569 2721 laetus
580 2713 587 2724 .
603 2702 635 2721 ac
650 2695 747 2728 partim
761 2695 857 2723 dolens
870 2705 876 2722 :

235 2730 340 2761 Laetus,
359 2730 481 2756 laborum
497 2730 570 2764 quod
587 2729 664 2765 quies
678 2731 868 2765 contingeret;

236 2765 368 2796 Mmrens,
387 2769 458 2791 statu
476 2773 530 2800 quo
546 2765 622 2800 plebs
639 2764 724 2798 foret,
740 2764 852 2794 iniiiinie
865 2767 964 2794 scienS.

235 2800 354 2828 Orbatus
371 2801 469 2826 etenim
486 2799 560 2835 prole
576 2799 638 2835 quis
654 2807 707 2826 non
725 2802 832 2835 lugeat?

237 2834 285 2862 Sic
300 2835 368 2868 ipsc.
385 2834 496 2862 Atillos
508 2855 515 2866 ,
533 2836 627 2869 plusne
644 2834 709 2868 quid
726 2834 858 2862 reconditi

237 2869 287 2896 Hic
302 2870 352 2901 sit,
368 2876 449 2903 quam
465 2871 567 2904 aperti,
586 2876 639 2896 non
657 2870 723 2904 l'ugit
734 2890 740 2901 ,
760 2878 813 2896 non
830 2875 856 2898 et
873 2870 957 2898 Deum
975 2881 981 2897 :

1031 2423 1053 2450 Β
1069 2414 1180 2450 scopuli
1197 2415 1328 2446 latentes,
1348 2415 1458 2442 navium
1473 2415 1587 2442 exitium
1603 2421 1695 2450 grave.

1067 2449 1131 2477 Haec
1146 2458 1242 2485 nempe
1257 2451 1367 2485 quidam
1386 2450 1511 2477 dictitant
1526 2459 1533 2476 :
1552 2449 1629 2477 taceo
1646 2455 1688 2476 ast
1701 2456 1762 2484 ego.

1066 2485 1135 2512 Nam
1150 2493 1231 2512 nosse
1246 2486 1350 2513 scelera
1367 2486 1483 2512 subdola
1499 2485 1570 2512 haud
1588 2485 1667 2512 nobis
1680 2488 1776 2515 vacat,

1068 2520 1136 2552 Quis
1168 2528 1236 2555 pura
1253 2529 1360 2555 semper
1377 2522 1450 2547 culta
1467 2520 1629 2555 simplicitas
1646 2519 1712 2552 fuit,
1740 2522 1743 2524 “

1068 2555 1152 2582 Mater
1167 2556 1264 2583 salutis
1275 2575 1283 2588 ,
1298 2564 1350 2582 uua
1364 2563 1424 2590 quie
1440 2563 1514 2582 cura:
1528 2561 1570 2582 est
1586 2556 1662 2582 mihi.

1067 2592 1117 2618 Ast
1131 2591 1203 2618 istud
1218 2595 1260 2617 est
1276 2592 1311 2617 mi
1328 2589 1466 2625 cognitum
1479 2610 1486 2622 ,
1500 2594 1527 2616 et
1543 2591 1656 2617 nimium
1674 2589 1784 2625 quidem
1797 2599 1803 2616 :

1069 2625 1169 2653 Facilis
1185 2631 1296 2660 repente
1312 2632 1399 2653 coetus
1417 2627 1536 2653 asscnsit
1550 2626 1627 2652 milii.

1069 2660 1126 2688 Hoc
1143 2665 1302 2688 muneratur
1318 2661 1407 2696 patria
1419 2681 1426 2692 ,
1445 2668 1514 2692 quos
1531 2666 1619 2689 amat.
1636 2660 1727 2696 modo.

1105 2696 1150 2722 Sic
1166 2697 1229 2723 ista.
1245 2694 1363 2728 Quinam
1379 2702 1406 2722 at
1423 2704 1466 2722 uie
1480 2703 1544 2730 gero
1559 2703 1620 2722 cum
1640 2694 1790 2730 Priiicipe?

1069 2730 1226 2758 Geiiibusue
1239 2731 1317 2758 ﬂexis
1330 2732 1453 2758 dextram
1467 2731 1572 2765 attingo
1588 2731 1674 2765 ipsius
1686 2731 1697 2756 ?

1071 2765 1193 2793 Vocesue
1205 2767 1337 2801 quasdam
1353 2767 1489 2800 supplices
1503 2767 1554 2800 ipsi
1570 2766 1677 2792 ollero?

1070 2802 1182 2836 Aliosne
1197 2802 1290 2833 mitto,
1310 2801 1355 2836 qui
1373 2809 1415 2827 ine
1431 2809 1482 2835 ope
1499 2809 1530 2827 ac
1546 2803 1673 2835 precibus
1684 2801 1782 2835 juvent
1795 2821 1803 2835 ,

1070 2835 1255 2872 proceresque
1263 2841 1361 2872 praeter
1376 2841 1501 2867 eicteros,
1518 2837 1631 2862 charum
1648 2838 1747 2870 quibus

1071 2870 1113 2898 Me
1126 2870 1246 2898 scirem?
1260 2870 1302 2898 Au
1315 2879 1412 2899 aurum
1428 2871 1527 2905 l‘uiido,
1543 2871 1614 2905 quod
1629 2873 1742 2899 lllltlltlm
1754 2876 1857 2903 patest,
