1955 3042
179 2091 209 2230 \

228 116 297 145 H63

226 177 296 213 Μηδ“
313 176 479 212 ὲκτράχηλον
491 176 574 212 μηδὲν
590 177 690 204 ἐννοεῖν
705 177 772 208 ὅλως

225 223 331 258 Φίλτρῳ
341 231 370 249 τε
383 221 476 258 τούμῷ
487 223 533 249 καὶ
549 222 619 258 χόλῳ
636 222 796 258 μοχθηρίας.

227 269 381 300 Ἐθαλπον,
400 268 480 304 ῇνουν
490 289 497 300 ,
513 270 570 300 τοῖς
580 271 676 301 κακοῖς
693 270 872 305 συνεκρότουν

227 315 296 342 1910
310 315 346 341 To
359 315 434 350 βῆμα
445 335 452 346 ,
467 315 529 346 τοὺς
542 314 633 347 ἒξωθι,
651 316 714 346 τοὺς
727 315 844 350 ποίμνης
859 314 976 347 κτίλους,

227 359 310 387 Ὀσον
327 359 440 386 παλαιὸν
455 359 501 386 καὶ
518 359 580 386 ὅσον
595 360 775 395 προσήλυτον,

228 405 280 432 Τοῦ
294 405 395 441 πατρὸς
409 406 438 432 οὐ
453 405 534 441 φέρον
552 414 583 439 γε
599 406 648 440 τὴν
667 405 796 441 ἐρημίαν,

234 453 406 480 Ἐπισκόπων
423 460 451 478 τε
467 453 529 483 τοὺς
541 451 600 478 λίαν
617 451 802 486 πεπληγότας.

228 499 323 526 Πολλοὶ
338 498 391 533 γὰρ
403 498 441 529 ὠς
456 497 570 533 ᾔσθοντο
581 497 628 524 τοῦ
644 497 826 532 βουλεύματος
836 517 844 530 ,

228 545 298 572 1915
310 544 455 578 Φεύγοντες
473 544 568 580 ᾧχονθ¹
582 545 620 576 ὡς
638 543 796 580 κεραυνίους
812 543 891 579 βολὰς
903 563 910 575 ,

227 589 362 621 Βύσαντες
378 586 435 616 ὦτα
449 590 496 616 καὶ
508 590 690 624 κροτήσαντες
703 589 788 625 χέρας
802 611 809 622 ,

234 636 277 667 Ὠς
293 636 342 671 τήν
354 645 385 670 γε
396 635 457 670 ὄψιν
472 636 571 671 μήποτ’
587 636 696 662 εἰσιδεῖν
716 637 784 668 τόδε,

233 681 328 708 ’Δλλον
342 681 392 708 τιν’
411 681 552 716 ὑψωθέντα
566 684 621 714 τοῖς
637 683 712 717 ἐμοῖς
731 681 847 717 θρόνοις.

231 729 320 765 Πέρας
333 728 410 762 λόγου
423 736 430 743 ⁸
454 728 565 763 πάρειμι
581 728 676 762 νεκρὸς
692 728 818 762 ἔμπνοος.

232 775 300 802 1920
316 774 480 810 Ἦττημένος
499 774 555 809 (τοῦ
575 774 739 809 θαύματοςῑ)
753 772 935 808 στεφηφόρος,

231 821 321 856 Ἐχων
333 820 398 847 Θεόν
414 828 443 846 τε
455 819 502 846 καὶ
514 819 606 853 φίλους
617 821 679 850 τοὺς
691 818 798 849 ἐνθέους

563 117 592 144 S.
611 115 775 145 GBEGORII
795 116 918 145 TIIEOL.
948 116 1132 145 CARMINUM
1152 115 1252 144 LIBER
1275 115 1306 144 ll.
1328 115 1523 144 HISTORICA.

1783 114 1854 142 1161

1028 181 1053 209 Α
1073 178 1144 204 ’Λντὶ
1156 178 1250 214 θρόνου
1262 187 1291 205 τε
1308 178 1354 205 καὶ
1376 177 1454 204 κενοῦ
1472 176 1660 212 φρυάγματος.

1106 224 1249 260 ’Υὸρίζετ“,
1265 225 1425 260 εὐθυμεῖτε,
1440 222 1579 253 ualli-260',
1596 218 1618 248 ὖ)
1632 220 1719 254 σοφοὶ,

1071 269 1148 304 ’ῼδὴν
1165 269 1270 296 τίθεσθε
1286 270 1334 301 τὰς
1353 270 1422 304 ἐμὰς
1435 267 1602 303 δυσπραξίας

1066 315 1135 342 1923
1152 316 1194 342 Ἑν
1210 315 1347 350 συλλόγοις
1360 324 1400 346 τε,
1417 315 1464 341 καὶ
1478 314 1569 344 πότοις
1581 334 1587 345 ,
1604 313 1651 339 καὶ
1667 311 1781 347 βήμασι.

1065 361 1214 392 Κοκκύζετ’
1229 361 1399 397 ἁλεκτόρειον
1409 354 1472 393 ,Ἶὼς
1487 359 1641 395 νικηφόροι,

1071 407 1190 441 Ἀγκῶσι
1203 407 1322 443 πλευρὰς
1335 406 1529 442 ὲγκροτοῦντες
1539 425 1546 439 ,
1563 405 1658 441 ὂρθιοι,

1070 452 1298 488 ’Υψαυχενοῦντες
1311 454 1338 479 ἐν
1355 453 1447 487 μέσοις
1465 452 1521 483 τοῖς
1533 451 1658 486 ἄφροσιν.

1071 498 1146 530 Ἐνδς
1159 499 1280 531 θέλοντος
1293 499 1391 530 πάντες
1403 498 1574 533 ἐκρατήσατε
1583 504 1590 510 ·

1067 544 1134 571 1930
1148 545 1180 571 Et
1196 545 1245 579 μὲν
1261 543 1383 575 θέλοντος
1392 564 1399 576 ,
1419 543 1466 570 τοῦ
1480 542 1578 577 φθόνου
1591 543 1598 568 l
1611 541 1658 568 καὶ
1671 539 1747 567 τοῦδέ
1763 548 1794 574 μς

1066 590 1188 625 Στερεῖτε
1206 589 1392 624 κομπάζοντες
1401 609 1410 621 ,
1423 589 1461 620 ὼς
1473 588 1636 623 ὰπωσμένου
1649 595 1657 602 ·

1066 633 1097 660 Εἰ
1111 634 1134 660 δ’
1148 634 1178 661 οὐ
1195 634 1317 666 θέλοντος
1326 655 1334 666 ,
1349 632 1513 670 ὲντρέπεσθε
1527 634 1583 664 τοῖς
1599 631 1709 662 κακοῖς,

1066 679 1137 711 Χθὲς
1157 679 1326 716 ὲνθρονισταὶ
1343 680 1390 706 καὶ
1407 679 1520 706 διῶκται
1537 678 1666 714 σήμερον.

1066 725 1148 752 Ταῦτ’
1165 727 1291 760 ἐκφυγὼν
1302 746 1310 757 ,
1328 726 1371 758 τίς
1388 726 1522 761 στήσομαι
1537 725 1585 750 σὺν
1595 721 1729 758 ἀγγέλοις.

1068 772 1136 799 1955
1158 772 1240 808 Ἐμοῦ
1256 772 1289 804 δ’,
1301 773 1374 804 ὅπως
1393 771 1459 807 ἔχει,
1478 772 1520 803 τὶς
1538 771 1567 797 οὐ
1583 769 1679 805 βλάψει
1695 767 1762 803 βίον.

1073 817 1142 843 Ἀλλ’
1157 818 1210 844 οὐδ’
1226 818 1329 853 ὀνήσει.
1343 817 1549 852 Συσταλήσομαι
1561 814 1631 850 Θεῷ.

558 897 708 932 qttidquam
724 895 1036 932 vehementiusromnino
1048 896 1175 932 cogitent,

480 933 531 959 Mei
544 931 636 960 amore
651 938 678 959 ct
692 932 873 966 improbitatis
889 931 961 958 odio.

479 968 634 1002 Palpabam.
656 967 809 996 laudabam,
825 974 886 993 cum
904 966 1035 1000 improbis
1054 966 1234 993 conciliabant

479 1003 548 1030 1910
568 1003 736 1031 Sacrarium.
749 1006 907 1031 extraneos.
922 1002 1010 1036 grcgis
1025 1002 1119 1033 duces,

477 1037 614 1071 Quidquid
628 1037 769 1071 antiquum
784 1041 811 1064 et
823 1037 956 1071 quidquid
968 1044 1063 1064 recens
1078 1037 1204 1067 ascitum,

477 1072 536 1100 Non
551 1072 642 1100 ferens
656 1072 708 1099 sibi
725 1075 829 1106 patrem
844 1072 934 1102 avelli,

477 1107 511 1134 Et
527 1115 560 1135 ex
577 1107 713 1142 episcopis
726 1114 774 1134 eos
786 1107 833 1141 qui
845 1106 923 1142 valde
938 1106 1055 1142 perculsi
1078 1110 1166 1133 erant.

476 1142 552 1170 Multi
566 1141 652 1174 enim,
666 1141 712 1169 ubi
733 1149 842 1169 sensere
857 1141 922 1176 quid
937 1141 1045 1176 consilii
1062 1145 1218 1175 caperetur,

477 1177 548 1205 1915
567 1176 647 1205 Velut
659 1178 744 1204 ictum
757 1175 918 1204 fulmineum
938 1175 1071 1211 fugientes
1085 1177 1207 1207 abibant,

477 1213 599 1240 Auribus
612 1212 772 1244 obstructis,
787 1212 967 1246 manibusque
979 1212 1138 1246 complosis.

477 1247 513 1275 Ut
528 1255 665 1282 nunquam
681 1247 770 1274 oculis
785 1247 843 1274 suis
857 1254 914 1273 rem
933 1247 1014 1273 talem
1032 1251 1198 1281 spectarent,

476 1283 630 1315 Quemlibet
645 1283 727 1309 alium
740 1283 767 1309 in
785 1289 872 1310 meam
887 1282 978 1309 sedem
992 1287 1125 1309 evectum.

505 1318 558 1353 76
575 1318 654 1352 777
674 1317 749 1345 Finis
762 1318 897 1344 sermonis
914 1325 919 1342 :
933 1317 1029 1343 adsum
1048 1321 1172 1353 ιιιρτιιιυε
1192 1315 1321 1352 spirans:

494 1351 551 1380 920'
567 1351 660 1379 Victus
683 1353 751 1386 (rem
769 1353 896 1385 miraml)
916 1359 1017 1378 corona
1033 1351 1185 1385 redimitus,

477 1388 587 1414 Habens
606 1387 689 1414 Deum
705 1391 731 1414 et
748 1387 851 1414 amicos
870 1386 926 1414 Deo
941 1387 1036 1421 plenos

478 1422 544 1449 Vico
566 1423 657 1449 throni
676 1427 702 1450 et
713 1422 802 1449 inanis
817 1422 956 1456 strepitus.

513 1457 687 1492 Exprobrate,
703 1457 827 1492 gaudete.
846 1457 963 1490 exsilite,
975 1464 991 1483 ο
1002 1457 1149 1491 sapientes,

477 1492 505 1520 In
520 1491 682 1520 cantilenam
695 1491 789 1520 vertite
805 1499 849 1519 res
865 1499 939 1520 meas
956 1491 1096 1523 adversas,

478 1528 547 1555 1925
566 1527 595 1555 In
616 1527 805 1558 conventibus,
833 1527 860 1553 in
876 1527 1020 1558 conviviis,
1049 1526 1076 1553 in
1098 1526 1237 1558 sacrariis,

477 1563 604 1593 Cantate,
624 1567 654 1589 ut
670 1563 799 1594 victores,
811 1562 943 1597 gallorum
959 1562 987 1589 in
1005 1562 1128 1594 modum,

476 1598 584 1625 Cubitis
599 1598 683 1624 latera
695 1598 847 1632 pulsantes,
859 1597 955 1627 erecti,

477 1631 613 1660 Verticem
629 1631 756 1659 tollentes
769 1632 796 1658 in
812 1632 901 1659 medio
920 1631 1118 1667 insipientium.

476 1667 567 1694 Unum
584 1667 717 1694 volentem
736 1674 830 1694 omnes
849 1667 970 1700 vicistis;

476 1702 548 1731 1950
565 1702 594 1729 Si
609 1702 718 1737 quidem
736 1702 881 1733 volentem,
896 1710 913 1738 ο
927 1702 1045 1738 invidia!
1067 1702 1118 1729 hac
1137 1709 1179 1730 me
1193 1710 1299 1738 quoque
1310 1702 1389 1729 laude

477 1738 617 1772 Spoliatis,
629 1737 779 1772 gloriantes
794 1737 873 1771 quasi
883 1737 987 1771 eiectus
1004 1737 1100 1764 fuerim
1117 1747 1123 1764 :

477 1773 554 1806 Quod
571 1772 595 1800 si
613 1773 759 1804 nolentem,

794 1772 875 1799 udeat
887 1780 936 1799 vos
948 1773 1094 1803 malorum,

476 1808 541 1834 ﬂeti
562 1815 604 1834 me
617 1808 644 1834 in
660 1808 724 1835 sede
740 1807 918 1839 collocautes,
930 1807 1010 1835 hodie
1022 1810 1222 1842 persecutores.

477 1842 540 1869 Haec
554 1841 665 1877 fugienti
681 1842 747 1877 quid
763 1842 808 1869 fiet
820 1842 831 1868 ‘2
842 1842 920 1869 stabo
933 1849 995 1869 cum
1008 1841 1122 1877 angelis.

477 1877 547 1904 1955
564 1876 649 1904 Meam
670 1876 771 1910 autem,
785 1882 815 1904 ut
829 1885 858 1904 se
874 1877 965 1909 habet,
982 1876 1066 1904 vitam
1079 1884 1159 1904 nemo
1171 1876 1260 1908 lmdet.

479 1911 532 1940 Sed
547 1919 597 1939 nec
608 1912 723 1947 juvabit.
737 1911 900 1940 Contractus
914 1919 976 1939 cum
988 1912 1044 1940 Deo
1065 1913 1204 1940 versabar.

264 1988 333 2016 1910
350 1989 495 2024 Κτίιπουςη
506 1988 599 2024 Schol.
619 1988 765 2024 ἡγεμόνας.

265 2024 330 2051 1921
347 2024 467 2056 Φίλους.
487 2023 526 2050 ita
535 2023 711 2059 rCoileEdit.
726 2024 820 2059 φίλων.

264 2058 332 2086 1923
350 2058 510 2086 Πάλλεσθ.
529 2058 574 2086 Sic
588 2059 672 2087 Coisl.
688 2059 757 2086 Edit.
778 2059 824 2085 καὶ
837 2058 973 2086 πάλλεσθ’.

266 2093 333 2120 1925
349 2094 463 2127 Πότοις.
480 2093 526 2121 Sic
539 2094 651 2129 legimus
668 2101 729 2121 cum
745 2094 832 2122 schol.
853 2100 878 2121 et
894 2095 1010 2121 arbitra-

227 2135 291 2154 mur
311 2128 471 2164 Gregorium
496 2129 527 2155 ad
548 2128 605 2156 haec
630 2129 727 2164 psalmi
752 2136 848 2160 vant,
870 2129 912 2160 15,
929 2130 1010 2156 verba

229 2163 348 2199 alludere
363 2163 375 2191 εν
395 2163 429 2191 1η
454 2168 495 2191 me
515 2163 662 2198 psallebant
690 2166 735 2199 qui
762 2163 882 2191 bibebant
910 2165 1008 2191 riuum.

228 2197 300 2224 Edit.
316 2198 415 2230 πόνοις.

265 2233 334 2261 1926
345 2233 511 2264 Κοκκύζετ’.
525 2233 570 2261 Sic
581 2233 666 2262 Coisl.
679 2234 725 2269 qui
737 2233 820 2261 etiam
837 2234 918 2261 habet
932 2234 1011 2261 ἁλεκ-

1062 1989 1164 2029 τόρειον
1175 1996 1225 2024 pro
1237 1988 1401 2025 ἀλεκτόρων,
1412 1993 1438 2016 et
1452 1990 1676 2025 περικροτοῦντες
1688 1998 1738 2025 pro
1749 1991 1848 2026 ἐγκρο-

1067 2032 1219 2087 ﬂigi:de
1234 2058 1292 2093 μὲν
1306 2058 1456 2092 θέλοντος,
1474 2066 1526 2087 etc.
1543 2060 1581 2087 Ita
1598 2059 1652 2087 fere
1673 2059 1744 2086 infra
1759 2067 1847 2088 carm.

1062 2102 1118 2126 xw,
1134 2103 1205 2122 vers.
1220 2094 1263 2121 26.
1282 2094 1350 2121 lbid.
1364 2094 1410 2120 τοῦ
1427 2095 1542 2129 φθόνουι
1563 2094 1786 2124 Subaudiendum
1805 2101 1849 2122 est

1062 2129 1085 2156 ὤ
1101 2135 1163 2156 ante
1177 2129 1234 2156 τοῦ.

1101 2135 1163 2156 ante
1177 2138 1234 2156 του.

1099 2165 1162 2191 1951
1186 2165 1387 2200 Ἀπζωσμέιόυ.
1402 2164 1463 2191 Vat.
1477 2165 1647 2200 ἀπωσμένον.

1099 2200 1167 2236 19ζρι1
1187 2199 1268 2226 Ήιῦτ“
1285 2199 1432 2236 ἐκφυγὼν,
1451 2200 1499 2232 τι’;
1514 2199 1597 2228 Coisl.
1618 2202 1693 2228 ταυτ¹
1717 2199 1848 2236 ἐκφυγών

1064 2243 1106 2269 γε.
1124 2234 1186 2261 Ilwc
1201 2240 1288 2261 autem
1304 2235 1439 2270 effugiens,
1454 2236 1529 2262 stabo
1549 2244 1607 2262 cum
1623 2236 1731 2271 angelis.

879 2291 1044 2321 METRICA
1060 2291 1207 2321 VERSIO.

227 2354 284 2382 Nec
298 2353 420 2391 cogitare
432 2357 580 2391 contumax
593 2351 741 2391 quidquam
752 2372 759 2385 ,
776 2353 829 2391 mei

228 2388 344 2421 Amore;
359 2393 386 2416 et
399 2389 439 2415 ira
453 2389 590 2415 concitum
604 2388 736 2415 adversus
750 2388 849 2415 malos.

228 2425 334 2456 Fovco,
349 2423 471 2458 vehoque
483 2424 609 2451 laudibus
619 2443 628 2456 ,
643 2422 778 2458 applaudo
793 2422 889 2458 malis,

228 2461 268 2487 Ac
281 2457 481 2494 praesidesque,
496 2462 522 2486 et
537 2457 666 2494 exteros,
680 2458 770 2494 gregis
785 2463 811 2484 et
825 2457 908 2484 duces
919 2478 926 2489 ,

230 2493 395 2529 Veteresque
409 2495 493 2524 solor,
509 2494 583 2520 solor
596 2498 623 2520 et
637 2493 718 2519 simul
734 2493 851 2529 advenas
861 2512 869 2524 ,

229 2530 312 2564 IEgre
327 2528 444 2557 ferentes
462 2529 582 2556 abstrahi
599 2532 703 2564 patrem
719 2528 771 2554 sibi
786 2537 793 2564 ς

229 2563 446 2599 Αιιίἰδῑὶιθειιυε,
462 2568 601 2598 carpserat
615 2569 690 2599 quos,
701 2563 766 2599 hinc
780 2563 868 2590 dolor.

228 2599 355 2634 Plerique
368 2598 504 2634 siquidem
521 2603 599 2633 capta
617 2598 731 2626 consilia
748 2599 884 2634 utstatim

230 2632 361 2666 Sensere,
380 2632 486 2668 fugiunt
501 2632 588 2665 illico,
606 2634 689 2661 ictttm
705 2637 734 2659 ut
751 2632 890 2664 fulminis,

227 2669 336 2697 Aurem.
346 2669 535 2703 obstruentcs,
552 2668 633 2703 atque
649 2668 777 2695 ferientes
791 2675 902 2699 manus,

229 2703 295 2731 Tam
310 2704 390 2732 triste
404 2713 439 2732 ne
454 2705 504 2739 ipsi
519 2707 663 2731 cernerent
677 2703 862 2737 spectaculum
872 2723 878 2734 ,

227 2740 317 2765 Alium
336 2738 498 2767 insidentem
513 2739 618 2766 scilicet
634 2738 737 2766 nostris
752 2739 869 2765 thronis.

228 2773 327 2801 Vivum
342 2774 457 2802 cadaver
473 2774 555 2809 (ﬁnis
573 2774 617 2800 hic
634 2773 724 2809 verbis
740 2773 792 2800 erit
806 2774 831 2809 ),

228 2810 346 2844 gﬁsum,
363 2813 444 2844 atque
457 2809 526 2836 mire
540 2809 629 2844 victus
645 2811 672 2835 et
689 2808 870 2844 victorsimul
885 2818 890 2835 :

228 2843 368 2878 Dextinque
400 2842 505 2871 amicos
519 2847 546 2871 et
560 2842 614 2871 Deo
629 2843 728 2870 charos
744 2842 847 2870 habens

1028 2360 1049 2388 Β
1064 2352 1163 2388 Fastus
1177 2353 1267 2380 inanis
1283 2356 1310 2379 et
1325 2352 1417 2380 throni
1434 2353 1501 2380 celsi
1516 2353 1586 2381 loco.

1097 2386 1201 2414 Jactatc
1216 2388 1315 2421 probra
1325 2409 1331 2420 ,
1347 2392 1374 2414 et
1388 2387 1502 2422 gaudio,
1516 2396 1532 2415 ο
1546 2388 1607 2416 sciti
1621 2389 1688 2422 viri,

1062 2421 1140 2449 Nunc
1152 2423 1260 2450 exsilite
1269 2443 1276 2455 ,
1291 2423 1380 2450 canite
1391 2421 1438 2450 res
1451 2423 1535 2450 duras
1550 2431 1640 2456 meas,

1063 2458 1092 2493 in
1108 2458 1224 2485 coitibus
1235 2477 1242 2490 ,
1257 2458 1402 2489 sacrariis.
1421 2458 1492 2485 inter
1508 2459 1602 2493 dapes.

1064 2492 1099 2520 Ut
1114 2493 1228 2520 laureati
1243 2494 1347 2525 canite,
1364 2493 1498 2528 gallorum
1512 2492 1680 2526 in’modum,

1063 2527 1209 2563 Qubitique
1226 2529 1334 2563 pulsent
1351 2527 1437 2555 latera
1448 2548 1456 2560 ,
1475 2528 1544 2555 colla
1560 2533 1586 2555 et
1601 2529 1709 2563 turgida

1065 2562 1200 2598 Surrigite
1210 2583 1217 2595 ,
1227 2562 1335 2590 tuentis
1349 2564 1420 2591 inter
1435 2567 1560 2591 exsortes
1576 2562 1663 2591 bonas.

1063 2597 1124 2633 Uno
1143 2597 1250 2625 volente
1267 2599 1382 2633 contigit
1400 2599 1489 2633 palma
1508 2599 1655 2627 omnibus:

1063 2632 1204 2669 §ii|uideni
1221 2632 1481 2668 volente.’quantus
1496 2634 1541 2660 hic
1556 2634 1626 2661 livor
1636 2654 1643 2665 ,
1658 2634 1731 2669 quod
1747 2634 1820 2668 hoc,

1062 2665 1132 2695 Dum
1147 2676 1190 2695 me
1203 2669 1335 2702 rejectum
1349 2665 1441 2696 dicitis
1451 2689 1458 2700 ,
1474 2669 1570 2703 rapitis
1588 2669 1654 2696 mihi
1667 2665 1673 2697 Ξ

1063 2703 1112 2730 Sin
1129 2707 1156 2730 at
1172 2708 1268 2731 coacto
1279 2725 1286 2735 ,
1301 2703 1367 2738 quiti
1383 2705 1465 2738 pudet
1480 2711 1530 2730 vos
1543 2704 1689 2731 criminis?

1062 2738 1127 2765 Heri
1143 2739 1256 2769 locastis
1273 2740 1300 2765 in
1317 2739 1435 2772 throno,
1452 2746 1525 2766 nunc
1543 2739 1655 2772 pellitis.

1062 2772 1132 2809 [line
1148 2781 1230 2809 porro
1248 2774 1354 2809 fugiens
1365 2795 1372 2807 ,
1389 2774 1520 2809 quidnam
1535 2774 1637 2808 agam?
1654 2775 1727 2802 Inter
1741 2778 1849 2803 cautes

1062 2807 1175 2843 negarit.
1192 2807 1347 2843 Meam’jam
1363 2807 1442 2836 nemo
1456 2809 1538 2835 vitam
1555 2807 1672 2843 laeserit,

1064 2842 1164 2872 εἷλκε
1177 2843 1294 2879 juvabit.
1313 2844 1445 2879 Colligam
1460 2851 1503 2871 mc
1519 2844 1566 2871 uni
1585 2843 1651 2872 Deo.
