1955 3042
70 126 135 154 1165

69 184 186 210 Γλῶσσαι
203 183 230 210 δέ
251 191 295 218 μοι
313 183 454 218 ῥείτωσαν,
469 183 506 215 ὡς
519 180 601 220 αὖραι
617 186 703 211 κεναί.

70 230 120 256 Καὶ
134 229 188 256 τῶν
198 229 278 265 κόρος
291 238 345 264 μοι,
363 228 447 255 πολλὰ
461 229 508 264 μὲν
520 229 687 265 δυσφημίαις

69 273 209 308 Βληθέντι,
225 273 310 300 πολλὰ
321 273 342 299 δ’
357 273 460 308 ὲξόχοις
474 274 632 308 εὐφημίαις.

70 319 135 346 1940
147 318 224 354 Ζητῶ
239 320 290 345 τιν’
307 319 391 345 οἰκεῖν
405 320 437 345 ὲκ
449 319 542 346 κακῶν
561 319 690 354 ἐρημίαν,

70 362 104 392 Οὖ
122 374 165 400 μοι
178 365 209 391 τὸ
223 364 292 391 θεῖον
306 364 344 400 νῷ
358 365 431 400 μόνῳ
445 364 620 401 ζητούμενον,

75 410 163 442 Ἐλπίς
175 419 205 436 τε
219 409 305 445 κούφη
319 410 372 436 τῶν
387 410 457 441 ἅνω,
478 410 658 446 γηροτρόφος.

76 455 245 491 Ἐκκλησίαις
258 456 285 482 δὲ
298 456 324 482 τί
338 455 474 491 δώσομενς
491 456 521 483 τὸ
534 457 661 492 δάκρυον.

69 502 114 533 Εἰς
126 501 204 528 τοῦτο
217 501 271 536 γάρ
287 510 320 536 με
337 501 384 528 καὶ
398 502 549 536 συνήγαγεν
563 502 628 534 Θεὸς
640 522 647 534 ,

71 548 136 576 1945
150 547 264 579 Πολλαῖς
278 548 390 574 ἑλίσσων
407 547 455 583 τὴν
466 548 535 583 ἐμὴν
554 548 625 583 ζωὴν
641 549 779 584 στροφαῖς.

72 595 106 620 Ἢ
119 595 166 620 ποῖ
176 593 339 629 προϐήσετ⁷;
361 594 429 620 Εἰπέ
450 602 506 629 μοι,
517 593 585 620 Θεοῦ
603 594 686 628 Λόγε·

69 639 114 670 Et;
124 639 172 674 τὴν
184 639 307 665 ἄσειστον
318 637 431 674 εὔχομαι
449 638 599 669 κατοικίαν,

73 685 155 712 Ἔνθα
169 684 252 720 me;
270 692 321 720 μου
335 684 383 710 καὶ
399 684 429 710 τὸ
444 683 594 720 σύγκρατον
611 683 704 716 σέλας,

593 125 714 153 SECTIO
730 126 749 154 1.
770 126 932 154 ΡΟΕΜΑΤΑ
951 127 994 155 DE
1015 127 1143 156 SEIPSO.

1621 131 1689 160 1166

862 194 887 222 Α
902 183 955 219 Ἷῐς
969 187 1016 214 νῦν
1028 187 1163 223 ἀμυδραῖς
1176 188 1236 219 ταῖς
1254 188 1342 219 σκιαῖς
1360 187 1508 224 ὑψούμεθα.

1007 255 1054 281 IB'.
1068 256 1119 288 Εἷς
1134 255 1243 282 ἑαυτὸν
1257 255 1305 281 καὶ
1319 254 1385 289 περὶ
1400 254 1584 283 ἐπισκόπων.

939 322 1018 353 Ἴσως
1033 321 1082 357 μὲν
1096 321 1180 358 ἐχρῆν
1191 341 1198 352 ,
1214 321 1252 353 ὡς
1267 321 1435 356 κακούμενον
1454 321 1545 358 φέρειν

905 366 970 398 Ταῖς
980 365 1027 392 τοῦ
1043 366 1175 397 παθόντος
1192 365 1313 397 ἐντολαῖς
1329 365 1508 401 τυπούμενον,

903 410 981 437 Οὕτω
995 410 1114 437 παθόντα
1130 412 1273 446 καρτερεῖν
1287 410 1334 437 καὶ
1351 410 1395 436 τὸν
1414 410 1502 445 λόγον,

909 457 952 487 Ὠς
961 477 968 488 ,
985 457 1018 483 ἂν
1031 456 1130 488 τελείως
1148 454 1223 492 ὦμεν
1237 456 1427 491 ἠγωνισμένοι,

904 502 920 528 5
933 501 987 528 Καὶ
1004 501 1098 537 μισθὲιν
1119 501 1272 537 ὲλπίζωμεν
1286 502 1484 538 ἐντελέστερον.

904 543 953 572 Ὧν
970 546 1024 582 γὰρ
1039 547 1140 578 τέλειος
1157 547 1255 582 μόχθος
1267 567 1275 579 ,
1289 547 1488 583 ὲντελέστερος·

903 591 954 619 Ὧν
968 593 988 620 δ”
1002 594 1032 620 οὐ
1045 593 1145 625 τέλειος
1155 614 1162 625 ,
1178 594 1225 620 καὶ
1238 594 1268 620 τὸ
1282 592 1362 621 ἆθλον
1376 594 1493 626 ἐλλιπές.

911 639 954 670 Ὠς
968 638 1000 665 ἃν
1014 639 1043 665 δὲ
1063 639 1100 674 μὴ
1116 639 1220 671 δόξαιεν
1240 639 1265 665 οἱ
1279 639 1358 666 κακοὶ
1375 641 1484 675 κρατεῖν

906 684 946 710 Τὰ
961 684 1063 717 πάντα,
1086 684 1146 719 μηδ’
1197 684 1265 716 λεῖος
1277 686 1368 717 αὐτοῖς
1380 686 1394 712 ὁ
1406 685 1520 721 δρόμος,

317 761 428 796 Linguae
444 764 533 788 autem
548 761 624 794 mihi,
643 765 672 787 ut
687 761 781 789 inanes
800 768 873 788 aurae
888 761 1008 789 effluant.

318 796 421 837 [locum
437 804 479 823 me
493 796 606 837 satietas
621 797 704 837 capit,
718 797 936 837 sape-conviciis

317 830 447 863 Petitum,
465 839 537 866 saepe
551 830 663 859 eximiis
675 830 831 866 praeceniis.

319 865 387 893 1940
406 865 509 898 Quaero
521 866 639 900 aliquam
654 865 687 893 ab
706 867 838 899 improbis
854 866 1030 894 solitudinem
1048 867 1180 896 incolere.

319 900 369 937 Ubi
387 901 453 928 mihi
470 901 542 928 Deus
559 905 648 937 mente
663 902 722 929 sola
742 902 900 937 inquisitus,

319 936 442 971 Spesque
458 937 546 964 dulcis
565 936 729 967 ccelestium,
749 936 899 964 senectutis
914 937 1015 964 nutrix.

318 971 449 1007 Ecclesiis
463 975 554 998 autem
581 971 646 1007 quid
664 971 808 1007 dabimus?
823 971 979 1007 Lacrymas.

318 1006 358 1032 Ad
374 1006 428 1041 hoc,
441 1007 513 1033 enim
529 1014 573 1033 me
588 1006 691 1041 redegit
704 1006 788 1038 Deus,

320 1041 389 1076 1945
411 1040 496 1068 Vitam
511 1048 598 1068 meam
613 1042 757 1076 permultis
774 1042 915 1068 involvens
931 1041 1180 1070 vicissitudinibus.

319 1075 442 1111 Quonam
455 1080 543 1103 autem
557 1075 718 1111 perveniet?
733 1076 781 1103 Dic
794 1077 870 1108 mihi,
883 1076 929 1103 Dei
945 1076 1073 1103 Verbum.

318 1110 466 1147 ᾔθεοι-,ιιι
481 1111 508 1138 in
527 1110 719 1139 inconcussam
735 1112 807 1147 illam
823 1112 1014 1139 habitationem
1030 1112 1204 1147 (perveniat),

320 1145 370 1173 Ubi
385 1145 466 1173 Trias
486 1153 545 1173 mea
562 1150 589 1174 ct
608 1147 719 1174 unicum
733 1146 799 1173 illud
821 1147 923 1177 lumen,

318 1180 404 1216 Cujus
417 1181 543 1208 obscuris
562 1182 665 1209 umbris
680 1189 755 1208 nunc
770 1182 933 1209 exaltamur.

441 1238 620 1274 778-779
636 1238 692 1265 XII.
705 1238 743 1265 De
762 1246 788 1265 se
805 1239 862 1272 ipso
877 1242 901 1264 et
915 1237 946 1264 de
960 1238 1106 1271 episcopis‘.

355 1282 489 1310 Debebam
503 1283 630 1315 fortasse,
643 1287 673 1310 ut
687 1283 831 1318 patienter,
852 1291 914 1310 cum
930 1283 995 1309 mihi
1009 1283 1084 1310 fieret
1098 1282 1208 1316 injuria,
1225 1283 1334 1317 pertuli,

319 1318 395 1345 Illius
416 1318 461 1352 qui
488 1326 586 1353 passus
602 1324 654 1349 est,
667 1318 811 1353 prmceptis
831 1319 994 1352 obsequens,

321 1353 371 1385 Ita,
385 1357 528 1388 postquam
545 1353 615 1380 facta
631 1357 685 1385 est,
704 1354 786 1381 etiam
800 1354 882 1383 verba
899 1360 1038 1384 coercere,

324 1389 367 1418 llt.
381 1388 531 1422 perfectum
547 1393 684 1416 certamen
706 1389 728 1416 si
741 1388 909 1420 sustinuero,

322 1423 338 1449 5
356 1423 508 1451 Mercedem
522 1424 603 1450 etiam
618 1424 705 1458 magis
721 1423 870 1458 perfectam
890 1426 1058 1457 exspectem.

322 1458 370 1485 Est
386 1458 458 1485 enim
475 1458 622 1493 perfectior
641 1457 758 1490 merces,
776 1466 893 1493 quorum
909 1457 1047 1492 perfectus
1061 1457 1137 1485 lahor
1151 1466 1158 1484 ε

322 1493 443 1526 Quorum
456 1491 545 1520 autem
560 1493 698 1528 perfectus
713 1491 793 1520 labor
803 1501 854 1520 non
872 1491 924 1523 est,
943 1494 1083 1527 prmmium
1101 1493 1183 1520 etiam
1195 1491 1393 1527 imperfectum.

323 1529 376 1555 Sed
390 1536 424 1556 ne
441 1529 584 1555 videantur
600 1529 663 1555 mali
683 1536 813 1563 superare
827 1529 930 1560 omnia,

322 1563 362 1590 Ac
375 1571 408 1591 ne
421 1563 488 1591 levis
508 1564 544 1590 sit
558 1564 592 1591 iis
611 1569 638 1590 et
649 1564 790 1598 expeditus
805 1571 914 1595 cursus,

109 1639 119 1650 ‘
136 1639 271 1675 Scriptum
287 1647 331 1667 an.
350 1641 412 1668 581.
429 1656 464 1661 -
475 1641 549 1669 Alias
567 1641 637 1669 Toll.
654 1642 680 1672 I,
697 1649 758 1677 pag.
776 1642 803 1669 Δ.

107 1729 177 1765 1918
193 1729 373 1765 Σύγκρατρν.
390 1729 482 1757 Schol.
501 1730 633 1764 συμφυὲς,
651 1730 811 1765 ὁμόκρατον.

108 1764 178 1792 1949
195 1764 360 1800 Ἀμυδραῖς.
373 1765 411 1791 Ita
425 1765 549 1800 legimus,
563 1769 592 1791 ut
602 1764 758 1792 habeturin
770 1773 853 1800 marg.

69 1796 143 1826 Edit.
160 1796 299 1834 ἀμυδρῶξ.

86 1840 89 1844 '
108 1834 165 1861 XII.
179 1835 377 1861 ARGUVIENTUH.
399 1834 499 1861 Poema
519 1834 590 1861 istud
608 1834 709 1861 videtur
727 1843 782 1862 esse
807 1843 856 1868 ap—

68 1870 167 1904 pendix
180 1874 204 1896 et
223 1870 384 1896 continuatio
405 1869 585 1903 prrvcedentis,
602 1871 669 1904 quod
686 1870 717 1896 de
734 1871 786 1896 vita
807 1879 856 1896 sua

69 1905 225 1938 conscripsit
240 1904 390 1938 Gregorius.
405 1906 442 1931 ita
457 1910 485 1930 ut
500 1913 581 1930 unum
593 1905 672 1931 veluti
683 1913 745 1938 opus
758 1906 856 1932 censeri

68 1940 234 1976 possittimo
256 1941 357 1976 debeat.
375 1939 450 1966 Nihil
474 1941 502 1976 in
521 1940 570 1966 isto
592 1940 801 1976 [φίλαι-,Νηρῆα
822 1939 854 1976 de

69 1974 215 2010 ﬂigi/pnis,
229 1983 308 2009 neque
321 1974 351 2001 de
366 1976 398 2001 iis
413 1983 471 2009 qua’
486 1975 715 2008 Constantinopoli
727 1975 753 2000 in
767 1975 854 2010 conci-

70 2011 107 2037 lio
122 2009 195 2044 gesta
219 2011 340 2044 luerunt;
364 2011 430 2036 nihil
448 2010 478 2037 de
501 2011 668 2042 imperatore,
687 2009 753 2036 nihil
774 2009 805 2035 de
821 2010 853 2036 iis

68 2053 129 2081 quia
151 2046 270 2081 gesserit.
293 2045 428 2081 Nimirum
450 2045 505 2072 lucc
532 2045 590 2081 [use
614 2050 724 2081 narrata
749 2044 854 2078 fuerant

65 2079 96 2107 in
110 2080 193 2114 priori
205 2080 322 2106 carmine
333 2080 370 2106 De
385 2081 440 2107 vita
456 2087 514 2106 sua.
532 2079 572 2105 Eu
586 2080 702 2113 profecta
717 2088 767 2106 non
788 2080 855 2106 omi-

69 2117 158 2146 sisset,
170 2115 192 2141 si
204 2115 308 2149 injuriis
321 2114 406 2141 adhuc
417 2114 573 2143 recentibus.
586 2114 718 2141 calamum
729 2115 854 2147 sumpsis-

69 2155 121 2181 set,
138 2155 162 2176 et
178 2151 210 2175 ab
224 2151 272 2176 hoc
285 2155 402 2184 poemate
414 2151 520 2176 initium
536 2149 638 2176 doloris
652 2149 795 2176 enarrandi
814 2149 854 2184 [e—

69 2186 159 2212 cisset.
179 2184 266 2211 Unum
280 2185 369 2212 deerat
382 2185 536 2219 praecedenti
546 2193 554 2216 ,'
567 2193 656 2219 nempe
667 2193 711 2212 nec
723 2184 855 2211 malorum

69 2228 129 2254 qua:
146 2221 196 2253 ipsi
211 2225 359 2252 evenerant,
376 2228 495 2250 causam,
513 2228 558 2246 nec
573 2228 631 2254 qua:
651 2220 711 2246 huic
727 2220 789 2246 vitio
806 2219 856 2246 ad-

69 2255 183 2282 hibenda
202 2260 276 2282 erant
288 2255 411 2287 remedia,
427 2260 578 2289 prosecutus
592 2255 696 2289 fuerat;
713 2255 739 2281 id
753 2255 856 2289 quidem

69 2291 221 2326 exsequitur
230 2292 257 2318 in
268 2291 402 2324 prwsenti.
414 2290 556 2326 Utrumque
567 2288 630 2325 opus
642 2288 768 2324 scriptum
779 2288 857 2322 paulo

909 1734 966 1764 post
984 1730 1106 1756 reditum.
1129 1729 1198 1757 Sunt
1213 1730 1305 1764 quibus
1323 1731 1348 1756 in
1371 1731 1421 1758 ista
1438 1730 1556 1757 carmine
1574 1730 1689 1758 videatut

909 1766 987 1791 nimis
1009 1773 1068 1792 acer
1089 1764 1240 1799 Gregorius,
1266 1771 1290 1791 et
1310 1766 1383 1791 ultra
1406 1765 1487 1799 legem
1501 1765 1605 1792 tendere
1615 1774 1691 1800 opus.

910 1800 966 1827 Hos
985 1802 1053 1826 inter
1074 1800 1187 1826 Tollius.
1203 1800 1269 1827 Vide
1286 1801 1366 1831 infra,
1384 1805 1442 1826 not.
1457 1800 1486 1827 in
1501 1808 1572 1827 vers.
1586 1800 1612 1827 1.

944 1836 956 1861 1
977 1835 1065 1867 Ἴσως
1084 1835 1142 1869 μὲν
1164 1835 1267 1869 ἐχρῆν.
1289 1845 1298 1860 ι
1322 1834 1421 1863 Verum
1447 1834 1508 1868 hoc,
1531 1835 1618 1870 inquit
1632 1835 1695 1863 Tol-

908 1870 978 1902 lius;
997 1874 1092 1904 estque
1113 1871 1142 1897 in
1158 1870 1234 1896 hisce
1249 1870 1289 1896 vir
1309 1870 1499 1898 sanctissimus
1519 1870 1621 1904 aliquid
1643 1871 1694 1897 hu-

909 1905 980 1931 mani
1001 1913 1117 1938 passus;
1138 1905 1232 1939 optimi
1250 1905 1359 1939 quidem
1373 1905 1480 1932 consilii
1499 1909 1580 1939 atque
1597 1906 1695 1932 volun-

907 1940 981 1971 tatis,
999 1940 1046 1966 sed
1067 1939 1216 1966 inferendis
1234 1939 1341 1974 injuriis
1353 1940 1502 1975 aliquanto,
1516 1947 1596 1975 quam
1617 1948 1694 1975 opor-

908 1975 989 2005 tebat,
1003 1975 1119 2005 mollior,
1142 1975 1286 2008 minusque
1312 1982 1326 2001 ιι
1343 1974 1474 2002 conviciis
1491 1974 1692 2008 et’acerbitatc,

907 2017 967 2044 qua:
984 2010 1304 2045 Christianumdedccet,
1321 2014 1483 2044 temperans.
1497 2010 1549 2037 Sed
1564 2010 1622 2037 haec
1634 2011 1694 2045 ejus

908 2043 1082 2071 imbecillitas
1093 2043 1200 2071 caeteris
1212 2044 1297 2078 ipsius
1318 2043 1551 2079 praestantissimis
1567 2043 1693 2074 donanda

907 2079 1053 2106 virtutibus
1071 2083 1113 2106 est
1153 2086 1185 2105 ac
1209 2080 1331 2112 meritis;
1356 2080 1583 2114 cogitandumque
1613 2081 1695 2108 nimis

907 2122 988 2148 quam
1007 2114 1113 2141 difficile
1128 2121 1199 2146 esse,
1214 2122 1275 2141 eum
1289 2114 1369 2141 homo
1385 2118 1466 2141 natus
1489 2115 1537 2147 sis,
1556 2115 1692 2142 hominem

907 2157 1016 2176 exuere.
1035 2159 1043 2174 ι
1062 2148 1099 2175 Ita
1112 2148 1225 2178 Tollius.
1240 2149 1287 2176 sed
1309 2149 1368 2176 vide
1383 2154 1448 2176 tom.
1463 2148 1485 2180 l,
1510 2148 1631 2183 Prmfat.,
1648 2150 1695 2179 ubi

908 2184 1062 2246 lie-tunditur
1075 2184 1159 2211 nimia
1181 2183 1259 2211 Tollii
1278 2184 1307 2211 in
1321 2189 1446 2212 sanctum
1462 2185 1601 2213 doctorem
1617 2193 1695 2213 acer-

933 2223 994 2246 ltas.

933 2220 994 2247 itas.

947 2255 962 2280 7
987 2254 1137 2287 Ἐλλιπές.
1149 2253 1277 2286 Βοείκηοῑ
1292 2254 1438 2289 Gregorius
1451 2255 1605 2284 mercedem
1618 2263 1694 2283 man-

912 2297 981 2323 cam,
997 2298 1057 2325 quae
1072 2290 1105 2317 de
1118 2289 1281 2324 Purgatorio
1295 2293 1385 2324 potest
1402 2290 1526 2325 intelligi.

700 2368 865 2398 METRICA
877 2367 1023 2398 VERSIO.

68 2451 105 2477 At
122 2449 221 2484 linguzc
237 2451 333 2477 inanes
346 2449 402 2485 jam
418 2449 520 2482 ﬂuant,
537 2458 610 2477 aurae
624 2451 708 2478 velut.

69 2485 175 2512 Harum
194 2490 270 2513 satur
285 2493 345 2512 sum
355 2505 362 2516 ,
381 2493 453 2520 saepe
463 2505 470 2517 ,
485 2493 559 2512 nunc
574 2486 702 2520 gravibus
717 2485 826 2520 probris

69 2520 192 2547 Affectus
209 2521 283 2555 ipse,
301 2521 427 2547 maximis
444 2528 518 2547 nunc
534 2521 672 2548 laudibus.

69 2555 143 2591 [.oca
157 2555 214 2582 sola
228 2563 336 2591 quaero.
351 2557 442 2590 pervia
460 2555 531 2582 haud
548 2564 608 2591 qua:
625 2557 680 2583 sint
695 2555 773 2583 malis
783 2575 791 2588 ,

70 2589 124 2617 Ubi
139 2594 229 2625 mente
247 2590 305 2617 sola
321 2589 433 2618 sedulus
446 2589 567 2625 quaeram
583 2590 668 2618 Deum
682 2610 691 2622 ,

69 2624 218 2659 Dulcisque
232 2625 294 2652 caeli
309 2633 372 2659 spes
386 2624 464 2653 meos
478 2633 563 2653 canos
579 2627 643 2653 alet.

71 2659 204 2686 Ecclesiis
221 2663 248 2686 at
264 2660 329 2694 quid
345 2661 439 2687 dabo?
452 2660 545 2688 Fletus
562 2661 642 2688 dabo.

70 2694 132 2731 Iluc
144 2702 262 2731 namque
277 2701 366 2722 rector
379 2697 502 2723 coalitum
519 2703 560 2723 me
575 2695 722 2731 compulit,

70 2730 147 2765 Dumr
155 2730 261 2765 vicibus
276 2738 361 2758 aevum
376 2731 500 2765 plurimis
515 2737 607 2758 versat
623 2738 723 2757 meum.

69 2764 149 2797 Quod
161 2784 168 2794 .
185 2764 308 2801 Uhriste,
323 2764 431 2801 quaeso,
447 2766 534 2801 pande
545 2785 553 2797 ,
572 2766 618 2792 ubi
635 2767 701 2792 mihi
715 2765 840 2793 desinet?

69 2800 153 2836 get-te
167 2798 202 2826 ad
217 2800 304 2828 ruinae
316 2798 458 2832 n'csciam'.
476 2806 505 2828 ut
520 2809 600 2836 spero
611 2801 746 2836 ,7domum
759 2811 765 2828 :

71 2833 126 2862 Ubi
140 2841 198 2861 mea
210 2854 219 2869 ,
237 2835 295 2864 luce
309 2836 451 2874 fulgurans
470 2845 522 2864 una
536 2833 544 2869 ξ
561 2841 603 2864 est
620 2835 716 2870 Trias,

874 2455 895 2483 Β
909 2450 1011 2485 Exigua
1030 2450 1109 2484 cujus
1125 2450 1220 2476 umbra
1237 2457 1287 2477 nos
1302 2449 1379 2477 effert
1391 2450 1482 2477 modo.

1005 2493 1054 2512 XII.
1076 2493 1108 2512 DE
1129 2492 1220 2511 SEIPSO
1238 2492 1272 2511 ET
1294 2492 1428 2512 ADVERSUS
1445 2492 1596 2514 EPISCOPOS.

1092 2519 1145 2555 (Α.
1166 2520 1199 2546 Β.
1210 2519 1329 2555 rCaillau
1347 2521 1495 2554 interprete.
1507 2521 1516 2555 )

944 2554 1074 2582 Fortasse
1085 2575 1092 2586 ,
1112 2555 1186 2590 passi
1201 2554 1260 2581 dira
1276 2554 1361 2589 jussis
1379 2554 1533 2589 obsequens
1543 2576 1551 2588 ,

910 2589 945 2616 Ut
962 2597 1044 2624 prava
1062 2591 1167 2624 patiens
1184 2589 1286 2624 pertuli
1300 2589 1394 2616 mundi
1410 2592 1498 2624 mala,

910 2624 956 2652 Sic
970 2629 997 2651 et
1011 2629 1104 2652 tenere
1119 2626 1202 2652 verba
1219 2632 1317 2659 passus
1332 2624 1413 2651 debui
1426 2645 1434 2657 ,

908 2659 1009 2695 Fidelis
1027 2663 1056 2686 ut
1069 2659 1189 2695 perfecta
1202 2659 1272 2686 bella
1287 2659 1427 2687 sustinens
1439 2679 1447 2691 ,

907 2694 1060 2721 Perfectius
1074 2702 1172 2729 queam
1186 2694 1290 2721 referre
1306 2694 1458 2728 prazmium.

906 2729 1028 2757 Perfecta
1043 2728 1164 2761 merces,
1181 2729 1290 2763 quando
1308 2728 1445 2764 perfectus
1460 2730 1556 2758 labor:

909 2765 936 2792 Si
952 2765 1022 2792 desit
1039 2770 1066 2792 at
1083 2765 1169 2796 labor,
1186 2765 1264 2791 deest
1278 2769 1302 2792 et
1321 2765 1473 2799 praemium.

909 2800 962 2827 Sed
976 2801 1085 2827 vincere
1099 2800 1185 2826 malos
1199 2803 1299 2826 cuncta
1314 2807 1349 2826 ne
1366 2799 1462 2827 credas
1478 2800 1564 2834 male,

907 2836 964 2863 Nec
979 2837 1076 2864 cursus
1093 2835 1137 2864 bis
1151 2835 1187 2862 sit
1199 2834 1342 2870 expeditus
1359 2839 1386 2862 et
1399 2835 1482 2871 lens,
