1955 3042
66 152 136 181 “69

73 211 171 243 Ἀσπὶς
185 210 244 246 τάχ’
260 210 292 237 ἄν
305 219 334 237 σε
349 211 396 238 καὶ
412 210 492 246 φύγοι
503 211 650 241 δεδοικότα.

65 257 103 285 55
122 257 169 283 Ἒν
187 257 321 292 ἐκτρέπου
335 265 394 292 μοι,
411 257 475 290 τοὺς
494 258 595 292 κακοὺς
615 260 797 295 ὲπισκοπους,

65 302 161 338 Μηδὲν
175 302 303 337 φοϐηθεὶς
316 302 363 329 τοῦ
380 302 476 338 θρόνου
489 302 538 338 τὴν
554 303 641 336 ἀξίαν.

67 348 182 375 Πάντων
195 347 225 374 τὸ
240 347 306 383 ὕψος
317 367 325 380 ,
342 349 402 383 οὐχὶ
417 348 525 375 πάντων
538 349 561 376 δ’
573 351 590 386 ἡ
606 350 693 387 χάρις.

67 393 106 420 Τὸ
118 393 215 421 κώδιον
229 394 346 430 πάρελθε
359 415 366 427 ,
385 394 429 421 τὸν
440 393 520 421 λύκον
535 395 627 430 βλέπε.

68 440 114 475 Μὴ
127 441 182 472 τοῖς
197 439 287 474 λόγοις
304 448 337 475 με
352 440 438 472 πεῖθε,
454 441 512 472 τοῖς
526 440 554 467 δὲ
567 441 721 478 πράγμασι.

69 486 105 513 40
119 486 201 513 Μισῶ
212 486 365 522 διδάγμαθ’,
383 484 424 519 οἷς
441 486 561 519 ἐναντίος
581 487 648 522 βίος.

68 532 91 558 Τ
93 532 110 558 ὰ
123 531 245 568 χρώματ⁷
260 532 342 559 αινῶν
353 532 398 559 τοῦ
413 532 510 567 τάφου,
526 532 700 570 βδελύττομαι

68 578 125 614 Τὴν
139 578 213 605 ἔνδον
232 579 317 614 ὀδμὴν
331 579 384 606 τῶν
399 578 557 614 σεσηπότων
573 579 670 614 μελῶν.

69 623 133 655 Πῶς
144 623 246 657 caiisa;
260 625 307 651 καὶ
321 625 346 652 τί
359 625 445 652 ταῦτα
457 633 463 657 ;
478 625 537 657 πῶς
552 626 648 661 λόγους
664 628 708 654 ἀεὶ

68 669 160 696 Κινῶν
174 670 301 705 ἀμείνους
311 691 319 702 ,
333 672 393 707 οὐχὶ
407 673 454 699 καὶ
469 673 516 700 νῦν
534 674 675 708 εὐστομεῖς
687 683 694 706 ;

67 716 104 743 65
121 716 277 750 Ἀλγοῦντός
292 718 380 748 ἐστιν.
395 717 586 755 ἐξερεύγεσθαι
603 719 687 751 πάθος

68 761 147 798 Θεῷ,
166 763 267 797 φίλοις,
286 763 412 798 γονεῦσι,
428 765 547 799 γείτοσι.
564 765 664 798 ξένοις,

68 807 102 835 Et
114 808 138 835 δ’
153 806 199 836 οὖν
210 829 218 843 ,
235 809 324 846 κρίνῳ
339 819 368 837 τε
382 810 429 837 καὶ
448 811 498 846 βιῳ
512 812 567 843 τοῖς
582 810 704 847 ὕστερον.

588 153 723 191 >SECTIO
742 155 761 184 Ι.
782 156 943 186 ΡΟΕΜΑΤΑ
966 159 1009 188 DE
1029 158 1157 188 SElPSO.

1623 165 1692 194 "70

870 223 891 250 Α
942 220 1047 256 Μικρὸν
1059 221 1082 247 δ’
1097 220 1196 248 ἀνοισω
1212 221 1256 247 τὸν
1273 221 1350 255 λόγον
1363 222 1539 258 πορρωτέρω.

908 264 1011 300 Μηδεὶς
1021 265 1080 291 ποτ’
1095 265 1158 301 εἴπῃ
1174 266 1231 297 τοῖς
1251 265 1361 293 πονοῦσί
1373 275 1398 293 τι
1415 266 1495 294 πλέον

909 310 943 337 50
964 309 1103 338 Ἐντεῦθεν
1119 308 1197 338 εἶναι.
1213 310 1334 343 Παίζεθῆ
1350 312 1379 344 ὃς
1398 314 1490 348 φρονεῖ
1502 313 1576 340 τάδε.

909 356 1024 382 Ἅπαντ⁵
1038 357 1068 384 ὲν
1080 358 1158 384 νυκτὶ
1177 357 1223 384 καὶ
1235 356 1310 393 ζόφῳ
1326 358 1480 393 πορεύεται.

908 402 978 434 Τοὺς
994 402 1042 437 μὲν
1062 404 1143 438 πυροῖ
1158 403 1213 440 γὰρ
1224 424 1232 436 ,
1247 405 1310 436 τοὺς
1326 404 1350 431 δ’
1368 405 1492 440 ἐπτζοφοῖ
1503 404 1569 437 Θεὸς
1579 425 1587 437 ,

909 448 982 479 Ἕως
992 448 1022 474 τὸ
1035 448 1090 484 πῦρ
1105 449 1211 476 ἅπαντα
1229 450 1340 484 φωτίζοι
1356 450 1430 477 τάδε.

910 493 1005 526 ¹Ἄλλος
1020 494 1069 529 μὲν
1084 494 1229 530 ὲξήντλησε
1247 495 1382 532 μοχθηρὸν
1402 495 1469 531 βίον,

908 538 942 565 55
956 538 1060 565 Στένων
1070 560 1077 571 ,
1094 539 1216 571 ἁῡπνῶν,
1232 540 1363 576 δάκρυσιν
1376 541 1468 576 τήκων
1485 546 1569 578 μελη,

907 584 1049 619 Χαμευνίᾳ
1062 593 1091 611 τε
1109 586 1156 612 καὶ
1175 587 1260 622 τροφῇ
1278 586 1472 622 στενούμενος,

908 629 963 656 Καὶ
980 629 1026 656 νοῦ
1042 630 1186 666 μερίμναις
1197 651 1204 662 ,
1224 632 1252 658 ἐν
1268 631 1454 664 θεοπνεύστοις
1467 632 1598 668 Γραφαῖς,

908 674 1026 708 Μάστιεί
1043 675 1068 701 θ’
1082 675 1162 702 αὑτὸν
1174 677 1234 707 ταῖς
1249 677 1302 704 ἔσω
1317 677 1413 709 ξαίνων
1427 677 1480 704 ἀεί.

908 719 940 744 Τι
955 727 1000 753 μοι
1013 721 1156 755 παρεῖται;
1176 720 1213 757 μὴ
1229 721 1288 747 δέον
1301 722 1326 748 τι
1341 722 1364 748 τ’
1381 721 1497 758 ἔδρασας

907 765 943 792 60
954 765 1049 798 Ἀλλος
1068 768 1103 793 τὰ
1116 767 1219 802 τερπνὰ
1232 767 1285 794 τῶν
1299 767 1366 794 νέων
1385 767 1526 803 septem,

910 812 1055 846 Ἐπαιξεν,
1068 811 1114 849 ᾖδε
1123 833 1130 845 ,
1146 813 1264 850 γαστρὸς
1275 813 1391 851 ἔπλησεν
1404 815 1492 848 νόσον,

324 899 406 936 aspis
421 900 580 936 exterritum
593 903 620 928 te
636 899 728 928 forsan
742 900 824 927 etiam
838 900 932 936 fugiet.

323 935 364 971 {15>
378 935 468 971 linum
485 935 551 971 mihi
565 939 671 967 caveto.
686 936 773 963 malos
788 935 941 971 episcopos,

323 969 400 1006 lflihil
412 970 544 998 reveritus
559 971 621 997 solii
638 969 807 1006 dignitatem.

323 1003 449 1042 anium
467 1005 591 1042 superior
608 1003 695 1042 locus,
715 1009 808 1042 atnon
825 1006 947 1034 omnium
962 1006 1060 1042 gratia.

322 1038 423 1075 Pellem
435 1038 552 1075 praeteri,
569 1041 662 1075 lupum
679 1040 793 1075 inspice.

322 1074 362 1101 Ne
376 1082 419 1101 me
435 1075 527 1103 verbis
539 1076 665 1103 suadeas.
681 1074 729 1102 sed
744 1075 834 1104 factis.

323 1110 367 1146 74707
377 1108 427 1136 Odi
442 1109 583 1146 doctrinas
597 1111 697 1146 quibus
711 1111 766 1138 vita
778 1115 820 1138 est
831 1110 982 1138 contraria.

321 1145 433 1180 Colores
444 1144 560 1172 laudans
577 1144 708 1180 sepulcri,
722 1146 866 1173 abominor

322 1179 480 1206 lnteriorem
496 1179 616 1208 odorem’
642 1180 837 1208 utrefactorum
855 1180 1050 1208 membrorum.

322 1214 464 1243 Quomodo
479 1216 553 1242 haec?
566 1188 698 1243 ouitfsibi
716 1215 827 1242 volunt?
845 1216 982 1243 duomodo
998 1215 1044 1243 aui

321 1214 464 1247 Quomodo
479 1216 553 1242 haec?
566 1216 610 1250 qui

646 1215 698 1243 sibi
716 1215 827 1242 volunt?
845 1216 982 1251 quomodo
998 1215 1044 1278 qui
1056 1215 1158 1252 optima
1170 1223 1284 1252 quaeque

649 1259 664 1277 n
677 1251 758 1278 etiam
772 1257 845 1278 nunc
858 1251 998 1278 benedicis

322 1250 435 1286 Semper
448 1250 594 1286 el0querls.
610 1258 664 1278 non
677 1251 758 1278 etiam
772 1257 845 1286 nunc
854 1250 998 1279 'benedicis

321 1285 356 1312 45
376 1283 552 1313 Dolentis'est
561 1286 683 1313 dolorem
698 1293 778 1313 suum
792 1285 931 1313 elIundere

319 1319 387 1356 Qeo,
405 1320 511 1356 amicis,
526 1320 696 1355 parentibus,
711 1321 818 1350 vicinis.
840 1321 1004 1356 hospitibus,

322 1353 372 1392 Sin
389 1355 490 1392 minus.
503 1353 599 1392 saltem
614 1356 728 1390 tempori
746 1360 772 1383 et
786 1353 962 1391 saeculo'quae
980 1358 1111 1392 deinceps
1128 1361 1221 1385 erunt.

356 1390 441 1417 Paulo
453 1394 543 1418 autem
555 1391 637 1418 altius
653 1396 773 1426 repetam
787 1390 952 1418 sermonem.

319 1424 405 1461 Nemo
419 1433 533 1461 prorsus
544 1425 617 1461 dicat
629 1424 691 1458 eos,
704 1426 752 1461 qui
769 1426 904 1459 laborant,
928 1425 1047 1454 fructum
1067 1428 1095 1455 in
1111 1427 1163 1455 hac
1179 1428 1234 1455 vita

320 1460 355 1496 ξο
372 1459 525 1495 Percipere.
543 1459 848 1496 Ludificatur'quisquis
862 1461 914 1488 hoc
934 1463 1028 1494 sentit.

320 1494 418 1522 Omnia
435 1494 462 1522 iri
478 1499 557 1523 nocte
572 1499 599 1523 et
617 1494 740 1524 tenebris
753 1494 909 1523 versantur.

318 1531 394 1566 Alios
407 1531 480 1558 enim
491 1531 553 1566 igne
572 1531 679 1566 probat,
698 1531 766 1558 alios
782 1531 809 1558 in
823 1531 940 1566 caligine
949 1530 1065 1561 collocat
1084 1532 1167 1566 Deus,

318 1564 411 1593 Donec
425 1566 495 1601 ignis
505 1564 673 1594 ’haac'omnia
689 1567 840 1594 collustret.

318 1601 396 1628 Alius
413 1601 521 1636 quidem
542 1601 706 1629 laboriosam
717 1602 866 1629 exanllavit
879 1601 973 1636 vitam,

318 1636 353 1672 {$5
369 1635 495 1672 Gemens,
513 1644 611 1671 expers
621 1637 721 1670 somni,
735 1637 863 1672 lacrymis
875 1635 1044 1664 labefaciens
1058 1635 1191 1667 membra,

318 1669 454 1705 Humique
464 1669 579 1702 cubans.
601 1676 628 1699 et
642 1676 719 1699 arcto
740 1669 819 1699 utens
836 1672 908 1704 cibo,

317 1705 407 1742 {lente
421 1707 556 1734 sollicitus
571 1708 598 1734 in
611 1707 714 1734 divinis
732 1707 884 1742 Scripturis
901 1706 1072 1737 scrutandis,

319 1740 408 1777 §eque
420 1742 508 1776 ipsum
525 1742 704 1770 interioribus
713 1740 828 1777 ﬂagellis
840 1749 948 1777 semper
963 1745 1094 1777 atterens.

317 1775 571 1816 gnidiprietermisi.
587 1777 719 1816 ‘aut‘quid
737 1775 788 1805 feci
800 1777 873 1812 quod
890 1775 944 1816 non
956 1776 1070 1804 deceat?

317 1813 352 1838 60
368 1811 445 1839 Alius
457 1812 609 1846 juventutis
624 1811 824 1840 oblectamenta
839 1812 952 1845 carpsit.

317 1846 406 1879 Lusit,
423 1847 556 1879 cantavit,
572 1848 676 1875 ventris
692 1848 814 1882 implevit
831 1847 967 1879 morbum,

53 1948 90 1954 ’-
102 1942 138 1970 58
154 1942 188 1970 Τὸ
201 1942 318 1970 κώδιον.
336 1943 381 1970 Sic
397 1951 482 1970 carm.
498 1950 554 1977 seq.
570 1950 640 1969 vers.
656 1943 726 1969 162:

66 1978 181 2013 ᾼιπλόος
192 1979 265 2005 ἐστὶν
279 1978 403 2010 ἕκαστος,
418 1978 458 2009 ὁῖς
472 1978 553 2004 λύκον
570 1978 796 2013 ἀμφικαλύπτων.

67 2012 298 2057 Duﬂleiquisque
312 2014 440 2057 segnem-st
447 2013 712 2057 tu-punticoopﬁrjetia.

101 2048 133 2075 Μ
153 2048 190 2074 Τὰ
205 2048 342 2083 χρώματ“.
359 2048 405 2076 Sic
415 2048 510 2075 Matth.
524 2056 601 2080 xxtn,
617 2048 663 2076 2'7.

100 2083 135 2110 45
154 2082 326 2118 Ἀλγὸῦντός
342 2084 436 2111 ἐστιν.
451 2083 489 2110 lta
511 2091 596 2110 carm.
622 2091 679 2117 seq.
708 2090 778 2110 vers.
794 2082 848 2110 26:

101 2118 248 2153 Φάρμακον
259 2118 355 2152 ἄλγεός
369 2120 426 2146 ἐστι
441 2119 487 2145 καὶ
502 2118 564 2153 ὴέρι
580 2118 663 2153 μῦθον
675 2118 804 2145 ὲνῐσπειν.

102 2152 210 2180 Doloris
225 2153 355 2180 medicina
368 2158 405 2181 est
417 2154 455 2180 vel
469 2152 524 2181 aeri
539 2152 614 2180 verba
630 2154 725 2187 facere.

100 2188 134 2215 ‘7
155 2188 218 2221 Τοῖς
230 2188 368 2223 ὕστερον.
382 2189 510 2220 Posteris,
525 2190 682 2223 posteritati.

101 2223 135 2251 {)5
151 2221 278 2254 Φωτίζοι.
296 2221 335 2250 Ita
353 2225 436 2252 Coisl.
457 2221 529 2251 Edit.
547 2224 666 2259 φωτίζει.
687 2223 759 2259 Ignis
778 2223 852 2251 scili-

903 1945 946 1968 cet
959 1941 1004 1969 ille
1020 1940 1208 1977 Purgatorius,
1223 1941 1256 1968 de
1267 1948 1321 1976 quo
1334 1948 1421 1977 supra
1435 1949 1506 1969 vers.
1522 1941 1566 1977 ll,
1580 1941 1595 1967 ὃ
1609 1941 1688 1968 πάντ’

902 1977 1017 2017 ξλέγχει.
1033 1975 1116 2003 Sic’et
1131 1976 1211 2009 infra,
1225 1975 1297 2004 vers.
1310 1975 1516 2012 58οξπύρωσις,
1529 1976 1561 2003 de
1569 1977 1688 2004 examine

994 2048 1116 2087 "sugq.
1135 2046 1170 2074 Se
1181 2046 1269 2086 ipsum
1283 2046 1544 2087 innuitﬁregorius.
1556 2045 1636 2087 Quod
1647 2050 1689 2074 at-

902 2083 972 2118 tinet
995 2083 1029 2109 ad
1054 2083 1114 2108 vitae
1137 2083 1255 2118 purioris
1278 2083 1480 2118 austeritatem,
1501 2083 1606 2118 praeivit
1630 2083 1688 2116 ipse

903 2117 973 2148 suis,
989 2125 1042 2144 non
1059 2123 1138 2144 secus
1154 2123 1185 2143 ac
1204 2116 1307 2146 docuit.
1322 2116 1388 2144 Vide
1410 2116 1594 2152 carmfprzec.
1615 2124 1694 2149 vers._

905 2152 984 2184 1220,
1004 2157 1058 2179 etc.

941 2188 975 2215 59
992 2188 1023 2214 Τί
1033 2187 1068 2213 τ’.
1085 2187 1222 2215 Ιιιιιϐοίεὶ.
1234 2186 1305 2214 Edit.
1321 2187 1347 2213 τί
1360 2187 1392 2214 δ’.

938 2223 974 2250 60
987 2224 1103 2256 Ἄλλος.
1120 2222 1187 2250 Vide
1198 2230 1281 2250 carm.
1296 2230 1378 2258 prec.
1392 2229 1463 2250 vers.
1476 2221 1540 2254 214,
1555 2225 1608 2250 etc.

714 2327 880 2363 METRICA
897 2327 1046 2357 VERSIO.

66 2421 105 2450 Te
118 2420 202 2457 fugiet
218 2421 294 2457 aspis
310 2430 381 2457 saepe
396 2422 522 2449 territum
538 2426 670 2450 tremens.

67 2457 155 2485 Unum
169 2461 281 2490 caveto;
297 2465 353 2484 non
367 2458 466 2492 probos
483 2457 641 2492 episcopos,

67 2492 154 2520 Decus
169 2493 268 2519 sacrati
283 2493 385 2527 grande
400 2492 436 2518 nil
452 2493 573 2527 pendens
588 2492 692 2521 throni.

66 2527 198 2554 Omnibus
215 2534 298 2562 apex,
314 2531 342 2554 at
354 2527 483 2556 omnibus
495 2535 549 2554 non
564 2528 650 2562 gratia
665 2538 673 2562 ;

67 2562 166 2590 Omitte
179 2561 276 2596 pellem
286 2583 293 2594 ,
308 2562 356 2590 sed
372 2562 464 2597 lupum
481 2569 559 2590 caute
570 2561 689 2597 inspice.

65 2597 123 2624 Non
136 2604 183 2624 ore
200 2601 304 2624 tantum
322 2605 380 2627 me.
398 2597 445 2625 sed
459 2604 520 2625 actu
536 2597 674 2631 suadeas;

66 2632 202 2665 Praecepta
215 2633 279 2660 nolo
289 2652 296 2664 ,
311 2633 365 2659 vita
382 2632 460 2667 queis
476 2641 530 2660 non
546 2638 689 2660 consonat.

66 2667 173 2696 Tnmuli
188 2668 294 2695 colores
310 2667 407 2700 laudo,
425 2669 471 2695 sed
490 2668 640 2696 fmdilatem

67 2704 141 2732 Mens
156 2703 249 2730 horret
265 2703 338 2730 intus
355 2704 478 2737 corporis
491 2703 547 2737 jam
563 2703 674 2737 putridi.

66 2739 128 2766 Haec
141 2738 300 2773 quomodo?
315 2738 385 2771 Quid

67 2773 124 2801 lluc
138 2780 238 2808 usque,
256 2774 393 2808 quomodo
410 2773 529 2809 profaris
543 2781 596 2800 non
612 2773 692 2801 bona.

67 2809 185 2836 nolentis
197 2812 238 2836 est
251 2816 331 2837 suum
345 2809 466 2836 dolorem
481 2809 592 2836 fundere

68 2843 137 2876 Deo,
151 2845 315 2876 comitibus,
330 2844 461 2879 proximis
471 2865 478 2877 ,
497 2845 672 2879 parentibus,

68 2879 225 2915 Hospitibus
234 2900 241 2913 ,
255 2885 302 2908 aut
314 2880 411 2908 saltem
427 2880 520 2908 futuro
532 2881 657 2916 tempori.

421 2739 480 2765 aee?
494 2738 613 2766 Locutus
627 2739 727 2773 optima

864 2427 886 2455 Β
905 2421 1076 2458 "Narranda
1094 2427 1214 2458 repetam
1233 2422 1319 2455 facta,
1335 2429 1409 2449 nunc
1425 2422 1508 2458 paulo
1523 2421 1616 2449 altius.

903 2457 962 2494 gon
979 2459 1025 2494 qui
1041 2457 1163 2494 laborat,
1182 2459 1225 2485 hic
1238 2457 1338 2494 habere
1353 2457 1494 2494 pramiium

903 2492 1035 2525 Dicatur;
1053 2493 1105 2520 ista
1122 2493 1225 2520 fallitur
1239 2493 1285 2527 qui
1303 2492 1414 2527 cogitat.

903 2527 1054 2555 Versantur
1070 2529 1097 2554 in
1113 2532 1193 2555 nocte
1203 2531 1230 2555 et
1244 2527 1363 2555 tenebris
1376 2527 1487 2559 omnia;

903 2562 958 2598 llos
974 2563 1043 2598 urit,
1055 2563 1117 2591 illos
1131 2563 1224 2598 dejicit
1239 2563 1266 2589 in
1283 2562 1396 2598 umbras
1406 2562 1490 2594 Deus,

902 2597 971 2625 Dum
984 2597 1092 2627 vindice
1105 2597 1176 2633 ignis
1193 2602 1292 2625 cuncta
1309 2597 1370 2625 luce
1382 2597 1499 2633 detegat.

902 2633 993 2661 Hicin
1010 2633 1103 2661 labore
1119 2633 1201 2661 traxit
1217 2633 1356 2668 improbos
1372 2633 1441 2663 dies.

903 2669 1037 2696 Insomnis
1055 2673 1082 2696 et
1095 2676 1215 2704 gemens,
1226 2668 1349 2704 fatigans
1366 2668 1468 2696 sedulis

900 2704 1020 2731 Membra
1036 2703 1173 2738 lacrymis,
1189 2703 1292 2730 cubans
1306 2703 1390 2734 humi,
1403 2706 1499 2738 pastus
1513 2703 1575 2730 cibo

900 2740 1031 2773 l’aupere.
1050 2742 1172 2766 sacratas
1187 2746 1272 2773 usque
1283 2739 1388 2765 rimans
1401 2739 1529 2770 Litteras,

900 2774 933 2800 Et
948 2781 978 2801 se
992 2774 1104 2808 ﬂagellis
1118 2781 1224 2809 semper
1240 2774 1314 2809 intus
1327 2777 1457 2801 atterens.

900 2809 923 2835 A
939 2817 982 2836 me
996 2809 1061 2844 quid
1074 2808 1222 2836 omiSsuiu?
1237 2808 1306 2841 Quid
1321 2809 1363 2844 egi
1381 2816 1435 2836 non
1452 2808 1572 2837 decens?

898 2844 974 2880 alter
984 2845 1102 2879 juventtc
1117 2844 1213 2871 blanda
1222 2844 1325 2879 carpsit
1339 2844 1451 2880 gaudia;

899 2878 1023 2908 Cantavit
1039 2883 1064 2908 et
1083 2880 1161 2914 lusit;
1178 2880 1246 2915 gula:
1260 2878 1380 2915 implevit
1394 2880 1506 2914 febrem,
