1955 3042
275 151 341 178 H71

274 209 380 240 Πάσσιις
396 208 498 244 ἐφῆκεν
513 210 618 245 ἡδοναῖς
631 229 638 240 ,
656 210 798 245 αἰσθήσεσι

272 254 384 290 Κλεῖθρ’
396 255 445 281 οὐκ
458 254 538 290 ἔθηκε
549 275 556 287 ,
574 255 662 286 πῶλος
672 255 750 290 ἡνίας
763 255 838 291 ἄτερ.

272 301 399 327 Κᾶπειτα
413 301 458 327 τὸν
478 302 526 336 μὲν
544 302 682 337 συμφοραὶ
697 302 882 338 κατέδραμον·

273 346 308 373 65
320 347 358 372 Οὺ
372 347 509 382 συμφοραὶ
525 347 573 382 μέν
585 356 592 361 '
604 348 634 373 οὐ
650 348 704 383 γὰρ
716 347 830 374 ἅπτεται
847 348 936 381 σοφῶν

274 392 357 419 Τῶνδ’
375 393 461 419 ἐνθάδ’
479 393 564 426 οὐδὲν,
580 394 618 425 ὡς
634 394 706 420 δοκεῖ
724 395 779 425 τοῖς
795 394 914 420 πλείοσιν

280 439 340 472 Ὑφ’
351 435 388 465 ὧν
403 439 503 465 ὀλεῖται
522 440 568 465 καὶ
584 439 612 465 τὸ
623 439 763 473 φαίνεσθαι
776 439 865 474 σοφόν.

279 485 309 510 '0
323 484 344 510 δ’
361 484 500 519 εὐδρομῶν
513 485 634 518 ἅπαντα,
647 486 693 512 καὶ
709 486 762 512 τόδ’
782 486 908 521 εὐδρομεί
919 507 926 519 ,

273 529 425 564 Κράτιστος
437 528 505 555 εἶναι
520 530 569 565 τὴν
582 530 680 566 ἀρετὴν
697 531 844 565 νομίζεται,

273 574 308 602 70
323 575 408 609 Λόγου
422 575 450 601 δὲ
467 574 571 611 μάρτυς
586 575 675 607 αὐτὸς,
692 575 720 606 ὃς
733 576 806 610 λέγει
820 577 892 602 τάδε.

311 619 383 645 Ι’Λνω
402 619 553 654 καθήμενόν
571 628 604 654 με
617 619 670 646 τῶν
685 621 839 655 ὁρωμένων,

274 667 329 693 Καὶ
342 665 404 692 νοῦν
421 666 510 701 μόνοις
530 665 661 701 μιγνύντα
674 668 729 697 τοῖς
744 667 906 702 νοουμὲνοις,

280 713 408 747 Ῥίψαντα
421 712 509 744 δόξαν,
527 713 630 747 κτῆσιν,
647 712 764 745 ἐλπίδας,
777 713 881 747 λόγους,

274 759 311 785 Τὸ
327 759 363 794 μὴ
378 760 482 794 τρυφᾷν
497 757 651 793 τρυφῶντα,
669 759 716 784 καὶ
737 758 811 794 μάζῃ
827 760 905 793 στενῇ

273 805 308 831 75
321 805 381 831 Βίον
400 805 579 839 γλυκαίνονο“,
594 805 698 840 ὕϐρεως
712 804 866 839 ἐλεύθερον,

274 846 321 886 ΓΗ
338 851 424 878 πάντα
437 852 477 878 δεῖ
494 860 523 878 σε
540 851 701 886 προσδοκᾷν,
719 850 769 877 κᾶν
786 848 818 886 ᾗς
835 850 936 885 σοφὸς),

609 151 637 178 S.
659 151 822 180 GREGORII
842 152 966 180 TllEOL.
987 152 1171 182 CARMINUM
1191 155 1294 183 LIBER
1314 155 1345 182 ll.
1368 153 1552 182 HISTORICA

1828 152 1892 180 11Ἰὲ

1075 217 1095 243 Α
1112 213 1181 249 Παρ¹
1197 213 1306 245 ἐλπίδας
1320 222 1363 244 τις
1378 213 1432 239 τῶν
1447 212 1537 239 καλῶν
1551 210 1712 242 ἀποσπάσας

1112 258 1251 293 Ἐκδημον
1265 258 1351 293 ἤγαγε
1362 265 1368 271 ·
1389 257 1473 289 ὅστις,
1488 256 1538 282 οὐκ
1551 255 1604 290 ἔχω
1615 255 1712 288 λέγειν.

1110 301 1166 330 Εἶτ’
1183 301 1229 330 οὖν
1240 303 1271 329 τὸ
1286 303 1358 329 θεῖον
1371 302 1492 337 Πνεῦμα,
1510 299 1560 327 εἷθ’
1577 299 1743 335 ἀμαρτάδες,

1109 349 1143 376 80
1164 349 1208 380 Ὠς
1221 349 1253 375 ἆν
1272 347 1349 380 δίκας
1365 348 1472 383 τίσαιμι
1485 348 1534 382 τῆς
1554 346 1714 381 ὲπάρσεωςς

1111 394 1147 420 Τὸ
1164 394 1187 420 δ’
1205 391 1251 420 οὖν
1266 393 1408 430 πρόδηλον,
1425 392 1548 426 σύλλογοι
1565 401 1593 418 τε
1608 391 1743 426 ποιμένων

1110 439 1165 465 Καὶ
1182 439 1246 470 λαὸς
1258 439 1408 474 ὀρθύδοξος,
1424 438 1481 465 ἀλλ’
1494 438 1574 477 ρῠπω
1587 437 1700 468 πλατὺς,

1112 485 1190 520 Ἀρτι
1206 484 1273 519 πρὸς
1290 485 1376 518 αὐγὰς
1391 484 1464 519 ἡλίου
1480 483 1576 519 μικρὸν
1592 482 1697 517 βλέπων

1116 529 1160 560 Ὠς
1179 530 1211 556 ἄν
1224 539 1266 560 τις
1283 529 1354 556 ἔλθοι
1370 529 1408 563 τῷ
1425 529 1496 564 λόγῳ
1512 528 1660 564 παρρησία,

1111 575 1145 602 85
1159 576 1264 610 Μικρὸν
1276 576 1299 601 τ’
1314 575 1503 601 ἀναπνεύσωσι
1516 574 1570 600 τῶν
1585 573 1676 608 κύκλῳ
1694 571 1797 602 κακῶν,

1111 621 1205 648 Λάλων
1218 629 1247 646 τε
1262 620 1401 654 γλωσσῶν,
1418 620 1464 646 καὶ
1480 618 1654 654 πολυσχιδοῦς
1670 618 1782 653 πλάνης,

1117 666 1178 701 Ὑφ’
1191 663 1228 693 ὧν
1249 667 1366 701 ἔκαμνον
1381 667 1430 692 οὐκ
1444 665 1550 700 ἔχοντές
1564 674 1589 691 τι
1610 665 1722 699 σκέπης,

1112 712 1174 740 Οἷόν
1186 722 1212 739 τι
1223 713 1337 747 τερπνὸν
1350 713 1377 738 ἐν
1391 713 1465 747 μέσῳ
1483 712 1571 746 βάτων
1586 711 1670 746 ῥόδον,

1113 759 1150 785 Ἦ
1166 767 1207 790 τις
1223 758 1334 793 μέλαινα
1351 758 1401 793 pag
1417 759 1445 784 ὲν
1460 756 1540 792 ἀώρῳ
1555 756 1658 791 βότρυῖ,

1112 804 1147 831 90
1163 804 1240 830 Οὒτω
1255 805 1303 839 μὲν
1315 802 1361 830 οὖν
1376 803 1491 838 ἐπῆλθον
1507 802 1620 837 εὐσεϐὴς
1637 801 1720 833 ξένος,

1113 851 1225 884 Ὃρκοις
1236 858 1265 875 τε
1285 849 1433 884 καμφθεὶς,
1445 848 1492 874 καὶ
1505 847 1591 878 λιταῖς
1606 846 1793 882 πολυτρόποις,

526 927 658 955 Omnibus
670 928 784 956 indulsit
795 928 989 962 voluptatibus,
1007 929 1135 956 sensibus

527 964 654 990 Claustra
669 971 726 990 non
740 963 882 998 imposuit,
904 963 996 998 pullus
1007 964 1112 998 absque
1128 965 1205 991 l'reno
1218 974 1223 990 :

527 998 606 1024 Hunc
621 1006 717 1025 rursus
736 999 904 1025 calamitates
920 1006 1057 1032 aggressa:
1076 1003 1151 1030 sunt,

526 1034 561 1069 ςξῦ
580 1032 816 1069 Quanquamnon
831 1033 1018 1066 calamitates;
1035 1041 1097 1060 nam
1110 1034 1248 1068 sapientes
1261 1041 1316 1061 non
1330 1034 1417 1069 tangit

526 1068 676 1095 Terrenum
690 1068 849 1102 quidquam,
865 1071 895 1094 ut
911 1068 989 1094 multi
1010 1069 1170 1103 opinantur,

525 1103 576 1135 Qui
595 1103 622 1129 in
634 1110 716 1130 causa
733 1106 808 1134 sunt,
828 1111 877 1129 cur
887 1103 933 1137 qui
946 1104 1054 1137 sapiens
1068 1109 1121 1135 est,
1136 1112 1197 1131 esse
1215 1111 1270 1130 non
1286 1104 1465 1130 existimetur.

526 1139 572 1165 Ille
588 1145 718 1171 prospero
737 1138 764 1164 in
786 1137 912 1164 omnibus
926 1142 1005 1164 utens
1019 1146 1113 1171 cursu,
1132 1139 1182 1165 hoc
1197 1140 1277 1165 etiam
1294 1139 1472 1173 consequitur

526 1173 705 1207 782-783
717 1173 752 1200 Ut
767 1172 868 1199 virtute
879 1173 1121 1206 praestantissimus
1137 1174 1307 1201 existimetur

525 1208 559 1235 70
575 1208 660 1242 Hujus
676 1208 811 1235 sermonis
827 1209 905 1234 testis
921 1209 978 1242 ipse
992 1213 1045 1240 est,
1063 1209 1108 1242 qui
1125 1209 1182 1236 haec
1193 1209 1268 1235 dicit.

562 1242 694 1270 Sedebam
707 1250 789 1277 supra
805 1250 848 1275 ea,
861 1250 922 1277 quae
937 1244 1024 1270 oculis
1038 1243 1177 1276 videntur,

526 1277 697 1313 ﬂentemque
710 1278 753 1304 his
768 1278 845 1308 solis.
860 1285 921 1312 qum
938 1278 1137 1313 intelliguntur,
1153 1279 1314 1310 miscebam;

525 1312 696 1348 Proieceram
712 1312 837 1347 gloriam,
848 1312 1050 1347 possessiones,
1065 1321 1139 1348 spes,
1154 1314 1258 1341 litteras
1271 1322 1278 1346 ;

526 1347 634 1383 Delicize
649 1351 727 1383 erant
741 1348 848 1383 deliciis
860 1354 969 1383 carere;
987 1353 1063 1375 arcto
1079 1347 1148 1383 pane

525 1383 558 1418 75
575 1381 635 1409 Vita
650 1382 842 1414 dulcescebat;
859 1382 927 1418 liber
939 1390 1013 1410 eram
1035 1383 1069 1410 ab
1080 1381 1189 1418 injuriis

524 1417 579 1454 (Nil
592 1422 666 1445 certe
680 1421 731 1448 est,
751 1418 823 1452 quod
836 1424 892 1454 non
899 1417 952 1454 tibi
966 1417 1177 1454 exspectandum
1191 1418 1236 1450 sit,
1253 1419 1359 1445 etiamsi
1371 1419 1481 1454 sapiens
1495 1419 1555 1451 sis);

523 1453 591 1479 Cum
607 1460 649 1479 me
668 1456 766 1486 praeter
781 1460 854 1487 spem
870 1453 969 1487 aliquis
984 1453 1017 1480 ab
1033 1453 1076 1480 his
1091 1455 1215 1480 avulsum
1235 1454 1313 1480 bonis
1405 1453 1408 1454 ⁷
1447 1463 1451 1469 ·

523 1487 639 1527 Εᾳτβετε
652 1487 731 1527 duint
742 1497 756 1527 :_
767 1488 831 1522 quis
848 1488 893 1515 ille
907 1488 953 1520 sit,
968 1487 1040 1514 haud
1055 1488 1141 1516 debeo
1156 1489 1254 1516 dicere.

522 1522 674 1549 Divinusne
687 1523 816 1557 Spiritus,
835 1530 868 1549 an
882 1526 993 1556 peccata
1007 1530 1077 1554 mea,

524 1557 558 1584 80
579 1557 614 1584 Ut
628 1557 748 1592 suscepti
764 1558 875 1585 honoris
889 1566 983 1592 punias
997 1558 1107 1585 darem?

523 1592 615 1628 Qausa
638 1596 727 1619 autem
749 1592 893 1620 manifesta
908 1594 1045 1624 exstitere,
1065 1598 1216 1622 conventus
1233 1599 1384 1628 pastorum,

524 1625 557 1662 [Et
585 1627 701 1662 populus
720 1628 907 1657 orthodoxus,
933 1628 980 1654 sed
1001 1628 1120 1655 nondum
1142 1631 1194 1657 late
1216 1625 1342 1661 dimisus,

523 1660 630 1700 ﬁet-ens
655 1662 747 1700 radios
769 1663 836 1700 solis
855 1662 994 1700 paululum
1011 1663 1137 1700 intuitus.
1166 1664 1232 1700 (liis
1246 1660 1414 1700 proposnum

524 1695 604 1731 Fuit)
627 1702 656 1724 ut
672 1697 762 1731 aliqua
774 1695 906 1725 doctrinm
926 1698 1038 1725 libertas
1051 1695 1204 1731 accederet,

524 1731 559 1767 s5
577 1731 774 1767 Paululumque
790 1733 926 1767 respirent
945 1741 960 1760 a
975 1733 1148 1761 circumfusis
1172 1735 1262 1767 malis,

524 1766 557 1802 Et
582 1775 597 1793 a
623 1767 783 1801 loquacibus
802 1766 902 1802 linguis
926 1776 958 1795 ac
980 1768 1123 1802 multiplici
1147 1777 1250 1800 errore,

607 1802 705 1839 quibus
734 1801 1014 1839 [aliseebant,rnihil»
1033 1801 1163 1831 habenles
1188 1804 1325 1839 praesidii,

525 1835 605 1863 Velut
615 1835 711 1864 suavis
726 1838 816 1871 aliqua
830 1839 856 1864 in
870 1838 960 1865 medio
973 1837 1104 1864 ruborum
1119 1835 1190 1870 rosa,

523 1871 578 1907 ᾼμι
597 1871 674 1907 niger
700 1872 800 1907 aliquis
823 1873 919 1899 acinus
947 1874 974 1899 in
998 1880 1106 1900 racemo
1127 1875 1242 1901 necdum
1271 1878 1386 1901 maturo.

524 1905 560 1943 Ψ)
585 1905 639 1933 Sic'
650 1907 733 1943 igitur
747 1905 846 1934 adveni
866 1908 1010 1943 religiosus
1029 1908 1139 1942 hospes,

526 1940 759 1970 Obtestationibus
776 1940 929 1977 permotus,
946 1940 1088 1978 variisquew
1101 1944 1240 1979 precibus,

305 2018 339 2045 67
355 2017 414 2052 Ὑφ’
428 2015 471 2045 ὧν
486 2018 606 2055 ὀλεῖται.
623 2018 707 2046 Leuv.
725 2019 778 2052 ραε
795 2019 936 2054 perfectum
951 2021 1055 2055 sapien-

271 2058 322 2080 tem
340 2062 392 2080 non
405 2062 437 2080 ea:
453 2054 573 2088 opinione
586 2055 758 2081 constituunt.

307 2089 339 2116 70
349 2089 455 2122 Αὐτός.
471 2089 586 2124 lpsemet
601 2089 757 2124 Gregorius.

305 2124 335 2150 Ἡ
356 2124 444 2155 Ἀνω,
459 2129 512 2151 etc.
527 2123 595 2152 Vide
611 2123 679 2151 Infra
695 2132 780 2151 carm.
796 2133 852 2157 xix,
870 2133 941 2152 vers.
956 2126 999 2153 41.

309 2159 343 2195 Ῐῤ
361 2159 396 2195 Τὸ
410 2159 464 2195 μή.
482 2159 587 2186 Tollius
601 2160 742 2195 legendum
758 2163 836 2194 putat
853 2160 891 2195 τῷ
910 2161 958 2195 μή.

307 2194 342 2234 77
361 2194 418 2226 Τίς.
435 2194 565 2221 Basilium
588 2194 722 2230 intelligit,
739 2195 786 2229 qui
803 2203 864 2222 eum
878 2194 1053 2223 'Sasimorum

270 2235 430 2264 episcopum
442 2234 591 2258 creaverat.

307 2263 340 2291 79
354 2263 416 2290 Εἶτ’
432 2261 498 2292 οὖν.
515 2263 554 2291 lta
569 2271 654 2292 carm.
671 2264 785 2300 pmced.
800 2273 871 2293 vers.
886 2266 948 2294 595.

1144 2021 1177 2048 80
1198 2021 1376 2055 Ἐπάρσεως,
1395 2020 1528 2047 elationis.

1141 2057 1175 2083 85
1188 2054 1303 2089 Κύχλῳ.
1330 2055 1433 2082 Tollius
1461 2056 1524 2089 legit
1549 2054 1665 2085 κυκλῶν,
1689 2058 1716 2081 et
1738 2058 1895 2082 conventus

1106 2091 1268 2118 Arianorum
1285 2095 1311 2118 et
1326 2091 1581 2125 Apollinei-istarum
1597 2090 1744 2124 signiﬁcari
1760 2094 1850 2125 putat.

1141 2126 1175 2152 86
1191 2125 1298 2152 Λάλιυν
1312 2123 1359 2158 τε,
1369 2130 1423 2153 etc.
1439 2124 1505 2153 Vide
1518 2133 1603 2152 carm.
1616 2123 1743 2160 praeced”
1756 2123 1830 2153 vers.
1844 2123 1897 2152 {15

1106 2165 1132 2188 et
1147 2162 1207 2187 601.

1141 2196 1175 2222 88
1192 2193 1262 2222 οἶόν
1279 2204 1314 2221 τι.
1330 2194 1498 2230 ὃυῃννὶδδίηιιι
1523 2198 1550 2222 et
1563 2195 1765 2230 elegantissima
1780 2202 1896 2230 compa-

1106 2231 1186 2292 :latio,
1203 2237 1257 2271 qua
1271 2231 1357 2258 nescit
1369 2229 1484 2264 Tollius,
1503 2237 1538 2257 an
1560 2230 1701 2258 delicatior
1716 2229 1898 2258 venustiorvc

1126 2274 1165 2292 an
1185 2270 1280 2292 oosstt.

1126 2266 1165 2292 ari
1185 2266 1280 2300 possit.

912 2325 1078 2356 METRICA
1098 2325 1247 2356 VERSIO.

271 2387 357 2415 Haesit
371 2387 514 2422 voluptati,
530 2386 774 2422 atqueIpessulum,
788 2394 885 2414 carens

271 2422 366 2450 Pullus
381 2421 517 2457 capistris,
532 2421 658 2450 sensibus
673 2429 728 2448 non
742 2421 857 2449 abdidit.

271 2457 350 2485 Hune
365 2458 464 2485 damna
480 2465 577 2485 rursus
593 2458 708 2485 obruere
721 2457 819 2488 tristia,

271 2492 337 2526 Quae
351 2493 450 2520 damna
468 2501 522 2520 non
538 2497 618 2526 sunt;
638 2499 755 2526 namque
767 2499 820 2518 non
841 2492 926 2527 tangit
939 2491 1055 2527 sophum

271 2529 422 2555 Terrenum
435 2528 576 2563 quidquid,
596 2528 717 2555 sentiunt
730 2531 759 2553 ut
774 2527 894 2563 plurimi,

272 2563 378 2598 Quibus
391 2563 419 2589 ﬁt
434 2561 463 2590 ut
479 2561 592 2598 sophus,
609 2563 712 2597 sophus
722 2570 777 2598 non
795 2561 897 2598 audiat.

273 2597 321 2625 Ille
337 2599 406 2625 bene
420 2596 535 2625 currens
550 2596 667 2632 semper,
682 2601 709 2624 et
724 2597 752 2623 in
767 2596 817 2623 hoc
834 2597 935 2631 optime

272 2634 376 2665 Currit,
392 2633 465 2667 quod
479 2631 618 2660 excellens
627 2632 734 2659 videtur
748 2631 880 2660 moribus.

273 2667 415 2695 Sermonis
427 2668 485 2703 ipse
497 2668 584 2699 testis,
601 2668 653 2696 ista
665 2668 712 2702 qui
721 2667 833 2703 loquor.

308 2702 500 2738 Ponebaripse
512 2711 557 2730 rcs
573 2711 655 2738 super
667 2702 798 2738 visibiles,

274 2737 391 2773 Mentem
408 2738 534 2773 supernis
546 2737 670 2766 inserens
684 2737 809 2773 negotiis.

274 2772 450 2808 Erojeceram
462 2781 534 2807 spes,
550 2773 673 2808 gloriam,
692 2772 906 2808 bona,litteras,

276 2807 403 2842 Gaudens
417 2815 511 2835 carere
525 2807 632 2842 gaudiis
644 2816 651 2840 ;
667 2808 734 2834 levis
750 2807 839 2838 cibus,

276 2841 332 2877 Nec
344 2843 401 2869 vita
414 2843 501 2870 tristis
511 2852 518 2870 ε
528 2841 604 2870 liber
615 2850 630 2868 a
641 2842 748 2877 probris
765 2849 838 2868 cram

279 2876 372 2912 (Nulla
387 2878 436 2907 tibi
448 2884 504 2907 non
516 2875 659 2913 speranda,
672 2884 827 2912 quanquam
841 2877 879 2905 sis
890 2875 1020 2912 sophus);

1068 2389 1093 2419 Β
1107 2385 1148 2422 Me
1164 2387 1274 2421 quando
1285 2391 1384 2422 praeter
1397 2395 1471 2422 spem
1486 2387 1584 2421 aliquis
1601 2387 1644 2414 his
1662 2387 1768 2422 privum
1782 2387 1816 2415 bo
1844 2388 1849 2399 ⁷

1107 2421 1189 2448 Duxit
1204 2421 1316 2457 peregre
1331 2432 1337 2449 :
1355 2421 1419 2457 quis
1431 2423 1466 2450 sit
1482 2422 1545 2449 ille?
1561 2422 1620 2448 Non
1634 2421 1696 2449 licet
1726 2452 1732 2457 ‘

1105 2456 1227 2492 licierre.
1244 2456 1370 2484 Sanctus
1379 2457 1507 2492 Spiritus,
1525 2465 1558 2484 an
1573 2465 1650 2484 error
1664 2456 1751 2490 meus,

1106 2491 1141 2527 Ut
1154 2492 1293 2525 dignitatis
1309 2491 1416 2527 poenam
1430 2492 1533 2526 adepta:
1546 2492 1705 2519 redderem?

1105 2525 1168 2554 Haec
1184 2532 1273 2560 certa;
1289 2525 1331 2554 nie
1343 2527 1473 2561 impulere
1482 2525 1624 2561 pastorum
1637 2527 1714 2554 chori

1105 2561 1255 2597 Mariusque
1270 2562 1355 2597 plebis
1371 2562 1529 2589 orthodoxae
1543 2562 1641 2593 rarior,

1105 2595 1179 2624 Solis
1192 2595 1315 2624 récen'ter
1333 2597 1470 2631 paululum
1485 2597 1596 2623 intuens
1608 2597 1689 2631 jubar
1704 2606 1709 2623 :

1105 2631 1224 2659 Verbum
1239 2637 1267 2658 ut
1279 2639 1376 2659 sonare
1388 2637 1479 2666 posset
1491 2632 1609 2665 undique
1622 2632 1747 2664 liberum,

1107 2665 1242 2701 Gravibus
1254 2668 1365 2694 daretur
1380 2665 1395 2693 εἰ
1410 2667 1489 2693 malis
1503 2667 1613 2700 paulum
1626 2666 1714 2701 quies,

1106 2700 1253 2736 Diﬂugeret
1268 2709 1355 2733 error,
1373 2702 1462 2736 lingua
1476 2705 1595 2728 cessaret
1609 2700 1707 2736 loquax
1719 2710 1726 2735 ;

1107 2735 1165 2763 Sub
1178 2737 1256 2770 queis
1274 2735 1447 2767 fatiscebant,
1460 2737 1573 2771 juvante
1590 2735 1707 2767 nemine,

1106 2771 1144 2798 Ut
1158 2779 1240 2798 verna
1256 2771 1332 2799 duris
1345 2772 1371 2798 in
1388 2772 1464 2798 rubis
1480 2779 1552 2804 rosa,
1569 2771 1609 2798 vel
1623 2771 1699 2805 nigra

1105 2806 1201 2833 Adhuc
1215 2807 1313 2833 acerbo
1328 2807 1411 2833 bacca
1428 2806 1548 2840 pendens
1559 2814 1574 2832 a
1587 2806 1674 2833 botro.

1107 2841 1153 2867 Sic
1166 2848 1242 2875 ergo,
1254 2842 1294 2868 sic
1309 2850 1370 2868 vere
1384 2842 1482 2876 hospes
1498 2841 1593 2868 adveni
1609 2841 1681 2875 pilis,

1106 2876 1182 2904 Votis
1197 2882 1318 2911 coactus,
1331 2881 1357 2904 et
1372 2883 1467 2911 preces
1484 2877 1584 2904 multas
1599 2884 1728 2912 sequens,
