1955 3042
83 164 154 193 1177

83 227 190 261 Ὥσπερ
201 226 250 253 τιν’
264 226 345 260 δγκον
360 226 391 252 ὲκ
408 225 475 256 νεὼς
490 224 660 260 βαρουιιένης

89 271 242 306 Ῥίψαντες.
259 269 314 297 Ἦν
328 270 382 306 γὰρ
399 270 496 305 φόρτος
513 270 650 306 εὑφρονῶν
670 274 773 302 κακοῖς.

86 318 192 344 Ἔπειτ“
208 317 304 353 ἀροῦσι
317 318 421 352 χεῖρας.
437 316 474 348 ὡς
490 316 577 349 ἁγνοὶ,
595 316 665 351 Θεῷ,

84 363 138 390 Καὶ
152 363 226 399 δῶρα
242 363 375 398 πέμψουσ*
392 363 424 389 ὲκ
439 363 536 398 φρενὸς
551 362 697 398 καθάρσια,

85 409 138 436 150
154 409 208 435 Καὶ
224 409 286 435 λαὸν
301 409 438 443 ὰγνίσουσι
457 410 596 443 μυστικοῖς
611 409 709 442 λόγοις,

85 455 117 482 Οἳ
134 455 200 490 κᾶμ’
216 455 341 490 ἔπεμψαν
355 455 430 481 ἐνθεν
445 455 476 480 ὲκ
493 455 632 489 πονηρίας,

85 502 123 528 Οὐ
142 502 232 537 σφόδρ’
248 501 357 529 ἄκοντα.
376 501 430 527 Καὶ
442 501 496 536 γὰρ
510 499 543 536 ἦν
561 499 653 535 αἶσχος
670 500 750 535 μέγα,

86 546 194 573 Τούτων
207 547 257 572 τιν’
270 544 338 572 εἶναι
353 545 405 572 τῶν
418 545 548 580 καπήλων
564 545 690 577 πίστεως.

85 589 137 618 ’Ὧν
154 592 178 617 οἱ
197 591 245 626 μὲν
261 591 336 623 ὄντες
352 591 457 625 ἔκγονοι
472 591 661 626 φορογράιρων,

87 638 140 665 155
156 637 238 665 Οὐδὲν
254 637 414 673 φρονοῦντες
428 636 473 663 τοῦ
491 637 696 672 παρεγγράφειν
713 637 803 671 πλέον,

87 685 120 711 Οἱ
135 684 156 710 δ’
171 685 202 710 ὲκ
218 684 369 720 τραπέζης,
382 683 437 710 τῶν
453 684 476 709 τ’
492 684 574 709 ὲκεῖσ¹
587 683 764 719 ἀγαλμάτων,

87 732 119 758 Οἱ
133 731 156 757 δ’
169 731 200 763 ἐξ
213 731 345 766 ἀρότρων.
363 730 428 765 ἡλίῳ
446 729 618 764 κεκαυμένοι,
638 731 643 734 ⁴

88 778 120 804 Ol.
134 777 156 804 δ’
171 778 203 803 ἐκ
217 776 340 812 δικέλλης
353 776 400 802 καὶ
413 775 529 810 σμινύης
543 783 717 810 πανημερου·

90 823 182 851 Ἄλλοι
195 823 224 850 δὲ
239 823 344 858 κώπην,
357 822 374 857 ἢ
392 821 505 856 στρατὸν
518 821 681 853 λελοιπότες,

617 164 739 192 SECTIO
758 165 778 192 1.
799 165 964 193 ΡΟΕΜΑΤΑ
985 166 1028 193 DE
1049 166 1176 195 SEIPSO.

1649 167 1718 194 1178

889 230 911 258 Α
930 228 978 255 160
994 228 1104 254 Ἀντλον
1119 227 1255 260 πνέοντες,
1271 228 1287 263 ἢ
1301 227 1331 254 τὸ
1347 228 1415 264 σῶμ’
1432 228 1596 264 ὲστιγμὲνοι,

928 268 999 300 Λαοῦ
1017 274 1181 310 κυϐερνῆταί
1195 283 1233 305 τε,
1249 275 1296 301 καὶ
1312 275 1494 310 στρατηλάται

928 320 1064 354 Πεφήνασ¹
1079 321 1128 347 οὐκ
1143 320 1243 353 εῖξουσι
1255 321 1303 346 καὶ
1318 320 1415 356 μικρόν
1433 329 1511 347 ποτε·

930 364 1019 391 Ἀλλοι
1033 365 1062 391 δὲ
1078 365 1179 400 τεχνῶν
1194 365 1324 401 ἐμπύρων
1340 366 1389 401 τὴν
1402 366 1518 402 ἀσϐόλην

928 411 1011 438 Οὓπω
1025 410 1135 443 τελείως
1149 411 1249 447 σαρκὸς
1261 411 1449 446 ὲκνενιμμένοι

929 457 980 484 165
995 458 1143 491 Μαστιγίαι
1158 466 1197 486 τε,
1218 457 1265 483 καὶ
1282 457 1410 492 μυλώνων
1425 457 1505 488 ἄξιοι,

930 503 996 538 Πρὶν
1008 503 1055 528 καὶ
1070 502 1100 528 τὸ
1112 502 1209 537 τίμημ’
1225 503 1388 536 εἰσενεγκεῖν
1401 501 1553 533 δεσπόταις,

928 548 1037 583 Μικράν
1053 549 1104 575 τιν’
1118 548 1151 575 ἂν
1168 547 1268 583 εὕρωσι
1288 547 1392 574 παῦλαν
1403 548 1456 574 τῶν
1470 547 1567 580 πόνων,

930 593 1034 620 Ἔπειθ’
1049 593 1237 629 ὑπερμαζῶσι.
1252 594 1299 621 καὶ
1310 594 1396 630 δήμου
1409 593 1486 625 τινὰς

928 641 1095 675 Κλέψαντες,
1111 640 1128 675 ἦ
1144 640 1295 673 πείσαντες,
1311 640 1328 676 ἢ
1346 639 1523 676 τυραννικῶς,

930 685 981 712 170
997 685 1069 712 Ἀνω
1087 686 1223 721 τρέχουσι,
1243 685 1371 722 κάνθαροι
1385 686 1453 722 πρὸς
1467 685 1589 721 οὐρανὸν,

930 731 1013 758 Πύλον
1027 731 1197 766 στρέφοντες,
1213 732 1244 758 οὐ
1257 731 1302 758 τὸν
1318 732 1351 758 ὲκ
1361 732 1471 767 κόπρων
1484 731 1535 764 ἔτι,

929 777 990 802 Οὐδ’
1006 777 1157 810 ἐξόπισθεν,
1174 777 1212 809 ὡς
1227 777 1258 804 τὸ
1277 778 1352 813 πρὶν,
1370 778 1536 809 νενευκότες,

929 822 1023 848 Αὐτῶν
1042 822 1064 849 δ’
1082 822 1154 857 ἔχειν
1171 821 1312 854 δοκοῦντες
1327 823 1380 850 τῶν
1393 823 1449 849 ἄνω
1462 823 1570 858 κράτος,

339 879 429 916 Υειιιιί
445 879 668 916 onusquoddam
682 887 717 906 ex
733 883 846 916 gravata
866 887 935 907 nave
951 881 1140 916 projieientes.

338 915 418 941 Eram
434 916 506 942 enim
524 915 656 949 improbis
670 915 747 941 oneri
764 919 837 942 recta
854 916 986 943 sentiens.

337 949 436 977 Postea
451 950 683 985 manusattollent
699 949 765 980 Deo,
782 954 812 976 ut
827 950 888 984 puri
900 958 931 977 ac
948 952 1052 985 sancti,

341 985 374 1010 Et
385 985 455 1012 dona
471 985 514 1019 pie
527 984 642 1012 oderent
653 985 816 1019 expiatoria,

338 1020 390 1047 150
410 1020 597 1055 Populumque
611 1021 701 1047 verbis
713 1020 836 1055 mysticis
851 1020 1074 1054 sanetilicabunt,

340 1055 392 1088 Qui
405 1063 447 1082 me
462 1055 536 1082 illinc
551 1056 720 1082 demiserunt
737 1056 871 1089 improbe,

337 1089 397 1126 Non
414 1090 492 1117 valde
508 1091 632 1117 invitum.
653 1092 716 1126 brat
731 1092 803 1117 enim
821 1098 950 1126 maguum
963 1091 1083 1122 dedecus

338 1125 411 1153 Inter
425 1126 476 1153 hos
493 1127 630 1152 numerari
648 1125 707 1152 iidei
724 1133 872 1159 caupones.

339 1160 499 1197 ﬂorumralii
512 1166 624 1194 nepotes
637 1168 743 1197 eorum,
757 1161 803 1195 qui
820 1161 917 1188 scriba:
933 1167 1011 1189 erant
1023 1165 1200 1197 tributorum,

339 1196 391 1222 155
407 1195 480 1222 Nihil
493 1197 578 1230 magis
594 1196 684 1223 studio
700 1196 841 1227 habentes,
856 1204 938 1230 quam
954 1201 982 1223 ut
995 1199 1063 1226 falsa
1078 1201 1103 1226 in
1117 1195 1238 1226 rationes
1253 1197 1405 1229 referrem;

338 1231 390 1267 Alii
407 1235 572 1267 amensa‘et
589 1239 603 1257 a
619 1232 727 1262 statuis.
743 1238 804 1265 qum
822 1231 878 1258 illic
895 1237 970 1265 sunt,
985 1239 1128 1267 venerant.

338 1265 391 1292 Alii
407 1266 442 1293 ab
457 1265 567 1297 aratris,
585 1267 688 1300 perusti
706 1267 774 1298 sole,

338 1301 391 1337 Alii
408 1308 423 1327 a
440 1301 529 1336 ligone
543 1301 584 1328 vel
596 1301 704 1328 bidente
717 1309 857 1335 nunquam
872 1301 1006 1337 feriante;

339 1336 392 1362 Alii
405 1337 487 1363 remis
499 1339 545 1362 alit
560 1337 681 1363 exercitu
699 1337 814 1368 relictis,

340 1371 392 1409 itit)
410 1370 550 1409 sentinam
563 1371 726 1409 redolet-tes,
744 1377 790 1409 aut
808 1371 910 1399 foedum
928 1373 1105 1402 cicatricibus
1121 1382 1221 1409 corpus
1233 1373 1344 1406 habent;

339 1406 413 1441 Adeo
429 1406 576 1433 insolentes
590 1411 618 1432 ιιι
633 1407 724 1440 populi
739 1407 981 1441 gubernatoribus,
998 1413 1044 1436 aut
1060 1406 1179 1437 militum
1192 1409 1310 1437 ducibus

339 1440 483 1476 Nunquam
495 1441 637 1468 videantur
649 1443 703 1468 ulla
718 1440 746 1468 in
763 1450 792 1468 re
807 1445 966 1470 concessuri
981 1453 989 1476 ',

340 1476 394 1514 ᾼΙίἱ
413 1476 449 1514 ab
461 1476 560 1514 artium
574 1476 663 1514 ignem
677 1477 853 1504 tractantium
868 1477 982 1514 fuligine

343 1511 468 1546 Nondum
486 1512 564 1546 plene
581 1512 665 1538 abluti
679 1519 772 1545 carne,

344 1546 396 1582 165
415 1545 585 1573 Verberones
601 1550 628 1572 et
647 1547 770 1581 pistrinis
786 1547 870 1582 digni,

344 1581 394 1621 Qui
408 1585 552 1616 antequam
566 1582 688 1621 pretium
703 1581 823 1610 dominis
838 1583 896 1621 suis
909 1585 1101 1618 persulverint,

345 1617 372 1652 Si
391 1624 472 1651 quam
485 1617 622 1651 reperiant
639 1618 762 1644 laborum
779 1618 912 1652 requiem,

345 1651 441 1687 Statim
455 1652 610 1682 laseiviunt.
641 1657 667 1679 et
682 1661 713 1679 ex
728 1653 805 1687 plebe
818 1651 925 1687 aliquos

345 1686 545 1725 Sphripientes,
566 1691 612 1713 aut
623 1686 784 1725 suadentes,
796 1692 842 1714 aut
856 1689 1001 1723 tyrannide
1012 1696 1178 1725 prementes,

344 1722 395 1758 170
411 1721 526 1749 Sursum
542 1727 669 1753 currunt,
688 1727 716 1749 ut
730 1721 878 1751 crabrones
895 1726 921 1751 in
939 1721 1050 1758 eceluin,

343 1756 427 1783 Axem
446 1761 583 1784 vertentes
600 1765 652 1784 non
667 1757 723 1791 jam
738 1758 849 1790 luteum,

342 1791 397 1826 Nec
411 1791 509 1826 capite,
527 1796 556 1818 ut
571 1796 661 1822 antea,
678 1793 704 1819 in
723 1796 822 1819 terram
836 1794 967 1825 demisso.

344 1825 476 1854 Videntur
491 1826 542 1853 sibi
555 1828 637 1853 etiam
653 1827 804 1854 caelestium
818 1829 960 1863 imperium
977 1834 1081 1864 tenere,

126 1884 177 1912 149
191 1884 245 1911 Kal
260 1883 347 1918 δῶρα.
364 1885 392 1911 ld
404 1889 456 1916 est,
472 1885 616 1912 oblationes
631 1885 738 1920 facient,
752 1889 776 1912 et
789 1893 876 1920 preces

91 1922 126 1947 ad
139 1920 223 1946 Deum
236 1927 283 1954 pro
294 1921 379 1947 salute
393 1921 494 1954 populi.

128 1955 175 1982 151
196 1955 246 1981 Ἐκ
271 1953 432 1988 πονηρίας(
458 1954 591 1988 Improbe.
619 1953 756 1990 lnterpres
787 1955 877 1983 minus

92 1994 174 2021 recte,
193 1990 285 2023 procul
297 1995 325 2016 ut
338 1999 418 2017 essent
433 1999 448 2016 ιι
462 1990 576 2016 malitia.

127 2025 179 2052 155
193 2024 342 2057 Humilem
358 2026 495 2057 πίστεως.
518 2025 622 2059 Quippe
637 2026 682 2060 qui
702 2031 769 2052 auro
787 2033 802 2051 a
819 2025 876 2052 Ma-

91 2060 165 2087 ximo
179 2060 300 2093 corrupti
316 2062 431 2092 fuerant,
449 2068 572 2095 quasque
589 2068 674 2087 carui.
694 2068 787 2095 praec.,
801 2069 873 2087 vers.

93 2095 171 2126 1756,
187 2095 411 2130 Χριστεμπὸρους
426 2096 552 2130 appellat.

128 2130 179 2157 155
196 2130 251 2156 Τοῦ
263 2132 489 2164 παρεγγράφειν.
507 2130 533 2156 Id
550 2134 602 2162 est,
617 2130 678 2164 plus
697 2138 777 2165 quam
793 2138 875 2164 opor-

93 2168 140 2198 tet,
159 2166 185 2192 in
202 2165 287 2191 libros
313 2167 448 2192 rationum
465 2165 575 2197 inferre,
591 2166 632 2192 vel
655 2166 725 2200 quod
742 2166 774 2192 ad
798 2174 874 2193 sum-

92 2208 163 2227 mam
188 2200 325 2234 vectigalis
346 2201 479 2235 impositi.
495 2202 536 2227 vel
560 2201 632 2234 quod
652 2202 684 2228 ad
700 2201 810 2228 nomina
827 2202 876 2227 lio-

92 2235 195 2297 {pinum
220 2237 266 2270 qui
284 2235 467 2270 descriptione
489 2236 655 2262 tributorum
679 2245 732 2263 non
749 2236 875 2263 contine-

112 2275 201 2297 antur.

112 2275 201 2298 alitur.

129 2306 179 2333 157
188 2307 219 2332 Ol
229 2305 295 2338 δ’ἐξ
301 2306 443 2340 ἀρότρων.
451 2306 490 2333 ita
500 2313 586 2333 carm.
593 2314 664 2342 seq.,
671 2314 743 2334 vers.
751 2306 814 2338 100,
821 2310 872 2333 etc.

966 1888 1017 1916 160
1037 1889 1071 1915 Τὸ
1089 1888 1163 1923 σῶμ’
1180 1890 1360 1924 ἐστιγμένοι.
1382 1890 1428 1917 Dei
1443 1889 1538 1917 Martis
1558 1888 1585 1915 hi
1604 1888 1719 1923 stigma-

931 1923 1084 1960 tireﬂfuere,
1103 1924 1203 1959 quibus
1223 1923 1323 1959 corpus
1346 1925 1470 1960 plurimis
1491 1924 1665 1960 cicatricibus
1688 1924 1717 1950 in

929 1957 1007 1985 bellis
1020 1967 1050 1985 ac
1063 1957 1173 1993 prailiis,
1188 1957 1371 1992 veluti—notis,
1387 1964 1592 1994 compunctum.
1608 1958 1692 1985 ToLL.

965 2015 1016 2040 £62
1034 2015 1197 2049 Περήνησᾚ
1213 2015 1258 2043 Sic
1279 2016 1362 2044 Coisl.
1379 2016 1450 2043 Edit.
1475 2016 1582 2051 πεφήν’.
1602 2014 1661 2041 Mox
1677 2015 1717 2041 ετ-

930 2049 1014 2081 ξουσι.
1028 2051 1100 2084 quod
1116 2052 1194 2077 metri
1214 2058 1297 2078 causa
1312 2051 1428 2086 positum
1442 2049 1558 2081 videtur,
1573 2051 1618 2077 sed
1636 2050 1715 2076 male.

930 2085 958 2120 lu
977 2093 1042 2112 mss.
1059 2087 1146 2119 prima
1164 2094 1245 2112 manu
1266 2088 1398 2120 scriptum
1417 2087 1523 2113 videtur
1538 2086 1663 2118 εῐξοντες.
1682 2099 1716 2120 έ-

928 2119 1009 2146 Forte
1023 2119 1548 2157 legeruntBenedictiniquﬁepvﬁ-ratg...
1565 2119 1716 2156 στρατηλά-

928 2163 999 2186 ταις,
1018 2156 1089 2190 quod
1104 2161 1193 2182 tamen
1207 2164 1261 2183 non
1275 2158 1423 2183 innuerunt
1441 2157 1466 2183 in
1484 2156 1567 2183 notis.
1584 2158 1713 2182 (mutu.

964 2202 1015 2228 170
1030 2200 1176 2235 κάνθαροι
1198 2201 1272 2236 πρὸς
1298 2203 1437 2236 οὐρανόν.
1462 2202 1531 2229 Nota
1557 2201 1646 2228 fabula
1673 2203 1715 2227 est

928 2237 1058 2263 scarabaei
1085 2237 1112 2263 in
1128 2237 1204 2265 Jovis
1227 2238 1317 2264 sinum
1346 2238 1471 2269 volantis,
1502 2237 1573 2264 unde
1600 2243 1715 2263 excussa

928 2276 989 2311 post
1015 2271 1112 2307 aquilae
1132 2280 1192 2299 Ova.
1212 2272 1279 2300 Vide
1296 2273 1400 2300 Erasm.
1424 2273 1495 2300 Cliil.
1514 2272 1600 2299 tertia:
1619 2275 1714 2299 centu-

927 2314 967 2333 l'm
983 2314 1030 2333 VII.

745 2365 911 2395 METRICA
925 2365 1073 2394 VERSIO.

93 2427 129 2455 Ut
145 2436 177 2455 ex
189 2432 300 2462 gravata
314 2435 382 2454 nave
395 2427 532 2461 jactanles
549 2436 620 2454 onus
636 2437 641 2454 :

91 2464 158 2490 Nam
175 2465 280 2497 pondus
291 2464 422 2497 improbis
437 2471 511 2488 erant
526 2463 593 2490 bene
605 2464 735 2491 sentiens.

93 2498 126 2525 lli
142 2496 247 2532 postea,
261 2496 373 2531 ut'puri,
392 2498 446 2524 Deo
459 2499 554 2524 tollent
566 2507 673 2530 manus,

92 2533 126 2560 Et
140 2534 209 2559 dona
226 2534 278 2559 ritu
296 2533 409 2559 lustrico
420 2533 533 2560 olTereul
545 2534 599 2568 pia,

92 2568 254 2602 Plebemque
266 2568 356 2595 verbis
371 2568 575 2595 consecrabant
590 2568 725 2603 mysticis,

92 2603 143 2636 Qui
160 2611 203 2629 me
218 2603 315 2630 nefasti
333 2603 396 2630 hinc
411 2604 575 2637 expulerunt
594 2604 728 2636 exsulem,

93 2639 147 2665 Nec
164 2646 277 2672 prorsus
289 2638 412 2665 invitum.
430 2638 502 2664 Nihil
520 2639 591 2665 enim
604 2639 721 2673 turpius,

92 2675 178 2706 Quam
197 2673 257 2700 ﬁdei
273 2674 367 2708 iniquo
384 2674 477 2700 adesse
495 2680 648 2707 cauponum
665 2675 758 2701 choro.

93 2709 195 2736 Horum
212 2709 237 2734 hi
251 2714 363 2742 nepotes
376 2709 422 2743 qui
438 2709 540 2735 tributa
553 2709 695 2743 colligunt,

91 2744 134 2770 Nil
154 2744 230 2778 prius
245 2743 387 2773 habentes.
405 2744 470 2770 t’alsa
485 2751 565 2777 quam
581 2745 745 2777 rescribere;

92 2779 131 2806 Illi
147 2787 161 2805 a
177 2779 269 2812 ﬁguris
289 2783 370 2812 atque
386 2786 479 2806 mensa
495 2783 643 2812 venerant;

92 2815 207 2847 Quidam
223 2821 254 2840 ex
268 2815 378 2845 aratris,
391 2814 458 2840 solis
470 2814 560 2840 exusti
571 2814 629 2840 l’ace
639 2835 646 2846 ,

93 2849 208 2882 Quidam
219 2857 234 2875 a
246 2849 336 2883 ligone
351 2850 392 2876 vel
410 2849 518 2875 bidente
532 2856 584 2875 non
604 2850 700 2884 pigro;

96 2886 164 2912 Sunt
179 2885 225 2920 qui
242 2885 344 2912 relictis
358 2884 473 2912 navibus
486 2884 526 2912 vel
544 2884 654 2919 praehis,

926 2427 1069 2455 Sentinam
1080 2427 1164 2459 olent,
1178 2433 1226 2455 aut
1238 2428 1359 2455 membra
1377 2427 1448 2455 foede
1465 2428 1563 2462 saucii,

928 2463 999 2489 Nulli
1016 2463 1146 2490 videntur
1163 2464 1280 2489 militum
1295 2467 1341 2489 aut
1358 2464 1445 2497 plebis
1456 2464 1519 2490 duci

927 2498 1030 2525 Cedere
1045 2498 1132 2532 parati
1152 2497 1187 2524 ob
1203 2499 1301 2525 utentis
1316 2499 1490 2525 insolentiam
1510 2508 1517 2532 ;

927 2533 967 2560 Ab
980 2533 1120 2567 iguearum
1137 2533 1176 2559 illi
1193 2533 1292 2559 artium
1307 2533 1429 2567 fuligine,

927 2568 985 2594 Non
1002 2568 1073 2594 l'uzda
1088 2575 1201 2602 prorsus
1214 2568 1333 2595 membra
1349 2569 1475 2595 sordibus
1491 2568 1586 2602 abluti,

926 2604 982 2630 (Zeu
1000 2603 1176 2633 vcrberoues,
1192 2608 1274 2637 atque
1290 2604 1415 2637 pistrinis
1433 2611 1523 2637 pares,

926 2638 979 2671 Qui
991 2638 1084 2665 debito
1100 2637 1233 2668 nondum.
1251 2643 1279 2664 ut
1293 2639 1381 2670 decet,
1397 2639 1515 2665 dominis
1531 2639 1605 2670 dato,

929 2674 958 2700 Si
970 2673 1036 2708 quid
1050 2673 1136 2699 labori
1151 2672 1221 2700 forte
1235 2673 1314 2699 detur
1325 2675 1421 2705 otium,

927 2708 1098 2739 Lasciviunt,
1114 2709 1241 2742 vulgique
1256 2713 1396 2743 captantes
1411 2709 1484 2736 viros

929 2743 1006 2776 Dolo,
1019 2744 1157 2776 suasione,
1171 2745 1211 2770 vel
1230 2744 1382 2777 tyrannide,

927 2778 1043 2805 Sursum
1056 2779 1157 2811 volant,
1173 2783 1322 2813 petuntque
1333 2780 1478 2806 crabrones
1494 2779 1597 2813 polum,

926 2814 984 2849 Non
995 2814 1050 2847 jam
1065 2817 1186 2841 rotantes
1201 2821 1233 2840 ex
1251 2815 1307 2840 luto
1321 2815 1436 2849 amplius
1449 2815 1570 2848 globum,

926 2848 980 2876 Nec
991 2849 1024 2875 ad
1039 2849 1126 2876 solum
1139 2849 1262 2881 demissi,
1280 2853 1310 2874 ut
1324 2848 1413 2881 antea,
1428 2854 1520 2884 caput,

926 2884 1031 2912 Tenere
1046 2884 1108 2912 cwli
1123 2884 1305 2920 principatum
1319 2884 1456 2920 iudicant,
