1955 3042
88 170 90 173 -
122 153 190 181 “85

119 212 182 240 Τῶν
198 212 247 248 μὲν
261 211 336 245 λύοις
349 211 399 248 τὴν
414 212 550 247 γλῶσσαν,
563 211 586 240 ὦ
596 214 664 241 Θεοῦ
677 215 756 249 Λόγε,

122 255 200 282 Ὅσοι
214 255 340 283 λαλοῦσιν
355 256 459 288 ἔνδικα,
475 257 530 284 τῶν
544 258 572 284 δὲ
587 259 633 284 καὶ
651 259 738 294 βάρει,

119 300 173 328 260
188 301 265 328 Ὅσοι
277 301 398 337 φυσῶσιν
409 302 528 330 ἀσπίδων
544 305 708 339 συρίγματα,

122 347 266 382 Πέμπουσί
280 348 304 375 τ’
319 347 357 374 ἱὸν
372 347 479 375 ἔνδοθεν
494 349 696 383 ἀδελφοκτόνον.

157 393 234 420 Οὖτω
250 393 300 429 μὲν
315 391 362 420 οὖν
376 394 408 420 σύ
417 402 424 408 ·
437 393 478 425 τίς
491 393 514 421 δ’
531 395 694 422 ἀπαιδεύτου
708 395 785 430 λόγος

123 440 219 472 ’Ἄλλος
233 440 331 474 γένοιτ’
344 441 394 473 ἇν;
408 440 446 473 ὡς
459 440 487 467 δέ
502 441 525 467 τ’
539 441 637 477 ἀληθὲς
650 441 717 477 ἔχει,

121 487 231 522 Φρονεῖν
247 487 270 513 τ’
281 487 402 522 ἄμεινον,
419 487 557 523 συντόμως
574 486 628 522 ἐγὼ
643 488 748 524 φράσω.

120 532 174 560 265
181 530 270 559 τηςάν
283 533 352 565 ποτ’,
365 530 434 568 ἦσαν
446 533 585 568 εὐμαθεῖς,
599 533 678 570 εἴπερ
695 543 776 565 τινες.

120 580 177 605 Οὐκ
188 578 317 614 εὐμαθεῖς
330 579 359 606 δὲ
372 579 418 606 τὸν
435 579 561 615 εὐπρεπῆ
574 579 681 611 πάντως
696 579 784 614 λόγον.

122 625 198 660 Ἔχει
211 625 266 659 γὰρ
283 625 370 657 οὕτως
379 634 386 641 ⁸
401 625 489 658 διττὸς
502 627 567 662 ἡμῖν
583 627 637 656 πᾶς
651 626 740 661 λόγος,

119 670 214 702 Λέξεις
224 679 264 703 τε,
279 671 327 698 καὶ
340 671 416 704 νοῦς·
432 673 459 699 at
475 673 535 708 μὲν,
549 670 604 699 οἷον
621 672 730 699 ἔκτοθεν

121 717 249 752 Ἔσθημ“,
262 718 276 744 ὁ
291 717 314 745 δ’
329 717 402 745 ἔνδον
417 718 497 754 σῶμα
512 719 711 754 ἠμφιεσμένον.

119 761 172 788 270
189 762 240 789 Καὶ
253 764 309 794 τοῖς
326 763 375 798 μὲν
390 763 473 798 ἄμφω
488 763 567 796 καλὰ,
579 766 635 796 τοῖς
646 763 673 790 δὲ
687 763 800 799 θάτερον
810 772 816 778 ·

121 808 157 834 Ἢ
172 808 284 844 αἰσχρὸν
299 806 386 841 αὖθις,
399 808 436 840 ὡς
450 808 578 844 μάθησις,
591 809 607 844 ἢ
629 808 719 843 φύσις.

647 154 768 183 SECTIO
787 156 806 183 I.
825 155 986 183 POEMATA
1007 155 1050 183 DE
1071 155 1199 183 SEIPSD.

1682 157 1751 186 H86

923 218 945 243 Α
967 215 1046 249 Ἡμῖν
1059 215 1098 246 δὲ,
1112 213 1158 241 τοῦ
1181 214 1231 249 μὲν
1245 214 1322 246 ἐκτὸς
1335 215 1365 240 οὑ
1381 214 1465 246 πολὺς
1479 215 1572 249 λόγος,

965 259 1059 290 Ὅπως
1074 259 1134 286 ποθ’
1145 259 1201 292 ἕξει
1213 268 1219 274 ”
1235 259 1282 286 τοῦ
1294 260 1316 286 δ’
1334 260 1387 286 ἔσω
1401 260 1460 287 λίαν
1479 261 1570 293 πολύς.

970 303 1014 329 Ἐν
1028 303 1066 338 νῷ
1079 304 1132 339 γάρ
1147 305 1220 330 ἐστιν
1237 305 1301 339 ἡμῖν
1317 305 1333 340 ὴ
1354 305 1485 340 σωτηρία,

963 349 1015 377 275
1032 349 1104 385 Πλὴν
1122 350 1313 385 ὲκλαλουμένῳ
1322 359 1362 381 τε,
1377 351 1423 377 καὶ
1434 350 1600 387 δηλουμένῳ.

963 395 1058 430 Πηγῆς
1075 395 1100 422 τί
1115 396 1209 432 κέρδος
1229 397 1302 422 ἐστὶν
1318 396 1569 432 ἐμπεφραγμένηςς

963 442 995 467 Τι
1014 442 1035 468 δ’
1053 442 1167 477 ἡλιακῆς
1184 442 1303 474 ἀκτῖνος,
1319 443 1353 478 ἣν
1370 443 1485 478 κρύπτει
1500 442 1597 478 νέφοςς

963 487 1088 514 Τοιοῦτόν
1103 488 1161 514 ἐστι
1175 487 1237 519 νοῦς
1254 488 1333 522 σοφὸς
1350 488 1509 523 σιγώμενος,

963 531 1026 560 Οἷον
1043 533 1118 568 ῥόδου
1134 534 1165 560 τὸ
1181 533 1289 565 κάλλος.
1306 534 1320 560 ὃ
1337 533 1421 566 κάλυξ
1436 534 1529 560 σκέπει

962 580 1014 606 280
1029 580 1085 606 υὺκ
1098 580 1252 616 εὐπρεπής·
1269 580 1299 606 τὺ
1313 579 1427 614 τερπνὸν
1440 579 1564 614 ἐκφαίνει
1575 580 1608 612 6‘,
1623 581 1688 607 ὅταν

961 624 1065 660 Αὖραις
1081 626 1196 660 ραγείσα
1211 625 1257 651 τὸν
1276 625 1355 652 τόκον
1373 625 1511 660 θεατρίσῃ.

962 671 993 697 Εἰ
1010 671 1033 697 δ’
1050 669 1084 706 ἦν
1100 671 1143 697 ἀεὶ
1159 671 1189 697 τὸ
1205 671 1302 703 κάλλος
1321 670 1536 706 ὲσκεπασμένον,

961 716 1021 742 Οὐδ’
1035 717 1067 743 ἄν
1079 725 1120 748 τις
1135 715 1201 752 ἦρος
1214 715 1247 752 ἦν
1262 718 1341 752 χάρις
1355 717 1403 744 τοῦ
1418 716 1519 752 τιμίου.

997 762 1079 788 Οὐδὲν
1093 762 1173 789 πλέον
1187 760 1333 798 ζητοῦμεν,
1346 762 1383 795 ὡς
1395 762 1465 789 οὕτω
1480 761 1580 794 λαλεῖν,

961 807 1015 834 285
1036 808 1079 839 Ὠς
1091 806 1115 834 οἳ
1131 807 1256 836 δοκοῦσιν
1269 809 1387 841 εὐτελεῖς
1406 809 1440 835 τὰ
1458 807 1504 834 τοῦ
1517 808 1607 842 λόγου.

370 888 406 914 At
424 887 532 914 illorum
548 887 623 915 solve
637 887 767 922 linguam.
780 893 797 912 ο
811 885 858 914 Dci
872 884 1006 922 Verbum.

370 923 532 956 Quicunque
549 922 667 956 legitima
680 920 824 956 proferunt
844 929 850 953 ;
871 921 979 948 illorum
999 925 1089 949 autem
1108 922 1190 949 etiam
1203 930 1317 957 aggrava

369 957 422 985 260

439 957 601 992 Quicunque
617 957 712 984 inﬂant
728 957 854 991 aspidum
874 956 965 985 sibila.

369 992 403 1020 Et
420 991 738 1019 venenumfratricidam
756 992 838 1019 corde
856 992 994 1018 emittunt.

407 1026 452 1054 Sic
466 1032 494 1054 tu
509 1028 602 1063 igitur,
618 1032 645 1054 et
657 1027 719 1062 quis
734 1027 835 1063 indocti
850 1034 940 1053 sermo

369 1064 446 1090 Alius
461 1062 528 1090 esse
539 1063 647 1097 possit?
663 1062 800 1097 quomodo
816 1065 905 1097 autem
923 1062 1024 1088 veritas
1040 1070 1069 1088 se
1082 1062 1192 1094 haheat,

369 1098 403 1125 Et
419 1098 483 1134 quid
499 1095 601 1126 sentire
614 1095 700 1134 satius
718 1098 770 1134 sit,
785 1095 903 1134 breviter
923 1104 972 1134 ego
987 1098 1147 1134 edisseram.

368 1131 524 1161 265'Fuere
537 1134 612 1165 olim,
628 1132 703 1160 fuere
716 1132 806 1167 periti,
822 1132 844 1159 si
857 1131 977 1166 quipiam
990 1132 1046 1164 alii,

368 1169 428 1196 Non
441 1174 531 1196 tamen
550 1169 629 1203 periti
646 1168 796 1203 splendida:
810 1167 922 1203 omnino
938 1167 1109 1202 eloquentia.

370 1204 416 1231 Sic
427 1204 499 1231 enim
514 1202 602 1231 seres
618 1204 707 1230 habet.
725 1203 826 1237 Duplex
842 1202 921 1229 nobis
933 1207 974 1229 est
986 1211 1086 1235 sermo,

368 1239 507 1266 Dictiones
520 1243 547 1265 et
566 1239 716 1266 sententiae.
732 1238 786 1265 Illae
799 1237 909 1272 quidem
923 1237 995 1264 velut
1011 1237 1130 1265 exterior

369 1275 439 1301 Sunt
454 1274 570 1301 amictus
584 1283 592 1301 :
610 1274 660 1301 ista
679 1277 707 1300 ut.
725 1280 825 1307 corpus
842 1272 956 1299 interius
970 1273 1043 1307 quod
1059 1273 1186 1300 vestitur.

366 1309 420 1336 270
436 1309 476 1336 Ac
491 1308 536 1335 alii
551 1308 660 1343 quidem
679 1309 705 1335 in
724 1313 840 1343 utroque
856 1307 962 1343 laudem
979 1313 1129 1340 merentur,
1143 1309 1187 1335 alii
1207 1308 1233 1335 in
1247 1309 1379 1336 alterutro
1394 1316 1401 1335 :

367 1344 422 1372 Aut
441 1352 538 1372 rursus
551 1342 649 1371 vitiosa
666 1348 719 1374 est.
737 1348 763 1370 ut
779 1342 924 1373 institutio,
939 1343 976 1369 ita
996 1348 1022 1370 et
1035 1348 1142 1370 natura.

366 1379 453 1407 Nobis
470 1383 560 1406 autem
574 1379 718 1406 exterioris
732 1377 868 1405 sermonis
883 1385 937 1404 non
954 1385 1051 1412 magna
1064 1384 1105 1406 est
1122 1384 1199 1409 cura,

367 1415 427 1446 Quo
441 1415 549 1441 tandem
563 1414 644 1441 modo
659 1422 689 1441 se
704 1413 820 1447 habeat;
835 1417 862 1439 at
875 1413 1014 1449 interioris
1033 1414 1177 1449 plurimam
1193 1414 1324 1449 gerimus.

367 1449 396 1476 lu
411 1449 545 1477 sententia
559 1450 632 1476 enim
647 1450 699 1476 sita
717 1449 796 1476 nobis
809 1452 852 1476 est
868 1448 943 1475 salus
956 1458 961 1475 :

366 1484 420 1512 275
433 1484 486 1512 Sed
503 1489 593 1511 tamen
611 1485 637 1511 in
653 1484 787 1512 sententia
807 1490 868 1518 qua
879 1484 1016 1517 profertur
1031 1487 1058 1511 et
1073 1483 1239 1511 declaratur.

368 1520 434 1553 ρυω
450 1521 532 1547 fontis
547 1520 679 1547 obstructi
695 1519 816 1547 utilitas?

368 1555 435 1588 Quze
450 1555 516 1582 radii
530 1556 640 1585 solaris.
655 1562 735 1589 quem
755 1555 898 1583 abscondit
912 1554 1021 1581 nubes?

369 1590 435 1618 Tale
445 1590 583 1625 quidpiam
598 1595 639 1617 est
656 1590 766 1624 sapiens
779 1591 913 1618 sententia
928 1598 988 1624 qua?
1003 1594 1119 1619 lacclllr.

369 1625 464 1658 Qualis
480 1631 522 1653 est
536 1633 604 1652 rosae
619 1625 793 1660 pulchritudo
811 1634 893 1660 quam
909 1625 1046 1652 folliculus
1060 1626 1125 1660 tegit

367 1661 421 1688 280
433 1660 491 1688 Non
509 1661 626 1688 decorus
640 1670 646 1687 :
663 1668 740 1688 suam
757 1664 848 1688 tamen
862 1661 1023 1689 suavitatem
1040 1662 1153 1694 profert,

367 1696 436 1723 Cum
453 1696 578 1731 zephyris
591 1700 681 1730 rupta,
698 1695 782 1731 fetum
799 1697 891 1724 educit
910 1697 937 1722 in
954 1696 1054 1722 Incerti.

368 1731 422 1766 Sed
440 1731 462 1758 si
477 1730 584 1765 semper
599 1731 625 1758 id
643 1730 715 1766 quod
732 1730 876 1765 pulchrum
892 1737 934 1758 est
947 1735 1094 1765 tegeretur,

367 1765 447 1792 Nulla
461 1766 516 1799 jam
532 1771 605 1793 esset
621 1768 703 1795 veris.
715 1765 788 1800 quod
802 1767 870 1792 tanti
887 1766 1011 1793 facimus.
1026 1766 1122 1799 gratia.

404 1800 477 1827 Nihil
492 1801 610 1835 amplius
623 1802 781 1835 quaerimus.
799 1802 850 1828 nisi
872 1805 900 1828 ut
917 1802 952 1828 ita
970 1801 1102 1834 loquaris,

368 1836 422 1863 285
439 1836 474 1864 Ut
493 1836 510 1862 ii
527 1837 573 1871 qui
592 1843 718 1864 sermone
734 1836 873 1871 simplices
887 1836 1088 1864 existimantur.

152 1915 205 1942 265
222 1913 377 1954 Εὺέιιιθεῖς.
397 1913 424 1954 ιει
441 1917 495 1954 est,
514 1913 654 1954 prophetae
671 1913 735 1954 olim
751 1918 778 1954 et
789 1914 904 1954 apostoli

116 1948 194 1977 fuere
210 1948 320 1981 eruditi,
341 1949 415 1976 omni
432 1948 558 1976 doctrina
575 1956 653 1975 sacra
680 1949 787 1980 imbuti,
807 1953 834 1975 at
851 1955 905 1975 non

119 1986 231 2012 omnino
245 1992 276 2012 ea
298 1985 436 2015 facundia.
456 1991 542 2019 eaque
570 1983 712 2019 splendida
737 1983 905 2018 eloquentia,

117 2023 169 2055 qua
183 2026 306 2047 oratores
323 2023 479 2055 consistitur:

151 2056 203 2082 266
219 2054 348 2088 Πάντωςζ
361 2054 406 2082 Sic
419 2055 447 2081 in
459 2054 544 2082 Coisl.
559 2055 691 2090 scriptum
704 2053 822 2081 videtur.
834 2053 905 2080 Edit.

117 2091 228 2122 πάντες.

153 2126 205 2153 269
220 2125 354 2159 Ἕσθημ“.
373 2124 487 2151 Mentem
512 2125 594 2152 verbis
618 2125 734 2156 amiciri,
759 2129 788 2151 ut
810 2131 904 2158 corpus

117 2162 286 2193 vestimentis,
301 2162 338 2187 ait
360 2159 491 2195 Synesius
510 2161 544 2187 de
566 2159 750 2187 Providentia.
777 2159 834 2186 Mox
854 2161 867 2186 ό
881 2159 904 2185 δ’

117 2196 199 2223 ἔνδον.
218 2196 300 2222 Leuv.
321 2196 356 2222 ita
372 2196 451 2222 vertit
465 2205 472 2222 :
495 2195 557 2222 ch
574 2203 632 2222 vero
649 2196 779 2222 internum
798 2200 837 2222 est
852 2195 906 2221 ali-

117 2231 183 2266 quid
198 2231 284 2258 simile
299 2232 411 2264 corpori.
433 2231 501 2266 quod
515 2231 613 2266 ainjcm
626 2231 746 2257 vestitur.

152 2267 200 2293 271
223 2268 256 2294 Ἢ
279 2263 410 2300 αἰσχρὸν
427 2263 523 2298 αὖθις.
550 2265 654 2294 Tollius
679 2265 822 2302 legendum
849 2265 906 2292 vult

117 2301 171 2328 ἔστ’
185 2302 305 2338 αἰσχρόν,
323 2309 373 2329 nec
385 2301 466 2328 male.

992 1914 1046 1941 275
1061 1913 1147 1948 Πλὴν
1174 1914 1395 1949 ἑκλαλουμένῳ.
1419 1914 1493 1942 Scire
1512 1920 1585 1941 tuum
1609 1915 1674 1942 nihil
1697 1918 1747 1948 est,

957 1949 1009 1975 nisi
1025 1955 1049 1976 te
1061 1950 1128 1976 scire
1138 1949 1186 1975 hoc
1201 1950 1268 1976 sciat
1283 1951 1360 1976 alter.
1381 1949 1464 1977 TOLL.

992 1984 1044 2011 279
1061 1985 1095 2010 Ὃ
1109 1983 1216 2016 κάλυξ.
1235 1985 1272 2011 Ita
1284 1985 1367 2013 Coisl.
1381 1984 1453 2012 Edit.
1474 1987 1507 2013 εί.

993 2019 1042 2046 281
1063 2019 1218 2053 Θεατρίσῃ.
1236 2019 1301 2047 Cum
1322 2020 1350 2046 in
1369 2020 1504 2047 calathum
1523 2020 1647 2055 funditur
1664 2020 1746 2051 orbis,

958 2058 982 2080 et
996 2056 1051 2080 lata
1074 2054 1222 2080 rubenlt'um
1237 2056 1363 2088 [oliorum
1387 2054 1687 2089 paudilurrambitimre,
1718 2060 1746 2082 nt

959 2091 997 2116 ait
1011 2089 1040 2115 D.
1058 2089 1169 2116 llieron.
1187 2089 1221 2116 ad
1239 2090 1450 2117 Parumne/tium.

991 2124 1044 2152 282
1058 2125 1093 2151 El
1111 2123 1137 2151 δ’
1153 2122 1193 2160 ἦν
1206 2124 1261 2152 ἀεί.
1277 2124 1314 2152 Ita
1329 2125 1413 2152 Coisl.
1430 2122 1532 2153 Vrrsus
1549 2125 1594 2152 hic
1610 2126 1747 2153 eiamlit-ut

957 2159 984 2186 in
1000 2161 1091 2196 editis,
1104 2168 1159 2187 uno
1170 2160 1237 2195 pede
1248 2160 1367 2194 brevior,
1384 2161 1457 2196 quod
1471 2162 1569 2188 mirum
1586 2170 1640 2188 non
1652 2163 1746 2188 obscu—

957 2202 1035 2222 vasse
1052 2195 1179 2222 Tollinm.

992 2230 1046 2266 285
1065 2231 1113 2263 Ὠς
1127 2230 1164 2258 οἵ.
1183 2230 1229 2257 Sic
1251 2230 1357 2258 Tollius
1380 2231 1578 2259 emendandum
1601 2230 1745 2266 judicavd,

958 2265 1031 2301 quod
1046 2266 1073 2292 in
1089 2267 1150 2293 cod.
1166 2266 1265 2302 legitur
1278 2267 1344 2294 ὅσοι.

762 2359 930 2390 METRICA
950 2358 1100 2390 VERSIO.

117 2422 157 2450 Tn
175 2422 250 2450 solve
263 2422 382 2457 linguas,
395 2422 491 2457 optimi
508 2429 524 2448 ο
537 2421 655 2449 Verbum
670 2421 730 2453 Dei,

119 2458 200 2485 Recte
214 2458 393 2492 loquentium,
407 2458 454 2484 sed
467 2457 576 2484 illorum
593 2465 710 2491 θείῃ-ενδ

119 2494 169 2526 Qui
186 2493 265 2520 sibila
281 2492 375 2519 inﬂant
387 2493 522 2527 aspidum.
536 2498 561 2519 et
578 2493 612 2519 de
625 2498 734 2526 pectore

117 2528 226 2555 Lethale
247 2528 377 2555 fratribus
389 2527 557 2562 profundunt
577 2527 763 2561 pharmacum.

153 2564 198 2589 Sic
214 2571 278 2597 ergo
294 2568 339 2593 tu;
360 2571 422 2589 nam
438 2563 498 2597 quis
514 2562 565 2589 viri
582 2570 672 2590 sermo
688 2563 764 2590 rudis

118 2598 246 2625 Diversus
261 2598 352 2625 essu?
369 2598 433 2630 Qum
447 2599 483 2625 sit
498 2602 588 2625 autem
601 2598 711 2627 veritas.

117 2633 222 2666 Quidve
236 2633 334 2660 melius
350 2634 385 2660 sit
399 2633 514 2664 creditu,
530 2633 620 2660 brevis
632 2633 754 2668 eloquar.

118 2668 203 2695 Fuere
222 2669 359 2702 quondam
373 2673 486 2696 austeros
502 2676 594 2702 super,
613 2668 663 2694 viri

118 2677 203 2695 ruere
222 2677 359 2729 quondam
373 2677 486 2696 υξιξιιξνοδ
502 2677 594 2702 super,
613 2677 663 2694 Vll'l

118 2703 205 2730 Fuere
219 2712 226 2728 ι
238 2704 302 2735 ocli,
320 2711 369 2730 nec
385 2709 474 2730 tamen
491 2709 544 2730 tam
561 2703 709 2737 splendida:

119 2738 263 2766 Facundia:
279 2740 368 2773 periti.
390 2738 476 2766 Habet
491 2746 521 2766 se
534 2746 577 2766 res
594 2739 641 2765 ita.

117 2774 201 2801 Nobis
216 2772 315 2808 duplex
330 2779 370 2801 est
388 2782 477 2802 sermo
491 2783 497 2800 :
512 2773 594 2800 verba
607 2772 711 2800 scilicet

119 2810 339 2850 Sententiaeque:
357 2810 441 2836 vestis
459 2809 515 2850 haec
532 2809 604 2850 velut
616 2813 717 2839 extera,

118 2845 170 2872 Ista
185 2845 257 2871 vt-lut
270 2844 406 2871 internum
421 2845 491 2879 quod
509 2844 630 2870 induitur
641 2852 749 2878 corpus.

118 2879 164 2908 llis
177 2883 335 2916 competunt
347 2880 438 2914 ambo,
455 2880 501 2908 sed
517 2881 676 2907 alteruttum
697 2879 805 2908 alteris:

922 2430 944 2458 Β
957 2420 1116 2458 improbave
1127 2428 1224 2449 rursus
1238 2428 1316 2449 mens
1331 2426 1358 2448 et
1371 2421 1518 2448 institutio.

956 2457 1011 2483 Nos
1023 2457 1105 2484 verba
1120 2462 1195 2484 certe
1210 2461 1322 2484 externa
1341 2458 1416 2491 parvi
1433 2458 1575 2492 pendimus

955 2492 1016 2525 Quo
1035 2500 1065 2519 se
1080 2492 1161 2518 modo
1177 2492 1306 2524 habeant,
1322 2492 1431 2527 plurimi
1449 2499 1515 2519 Vero
1527 2493 1633 2521 intima.

957 2527 1104 2554 Sententiae
1121 2527 1200 2554 nobis
1217 2527 1332 2554 salutent
1348 2527 1505 2559 conferunt,

956 2562 1021 2595 Quae
1032 2561 1208 2597 proferuntur
1225 2568 1251 2589 et
1266 2563 1354 2596 palam
1370 2563 1479 2590 emissae
1493 2569 1602 2591 sonant.

956 2597 1032 2630 Quod
1048 2597 1129 2624 fontis
1141 2598 1287 2633 obstructi,
1306 2605 1412 2633 precor,
1428 2599 1481 2625 erit
1494 2600 1667 2626 commodum
1679 2601 1690 2626 7

955 2632 1003 2659 list
1017 2633 1070 2660 tale
1083 2631 1213 2667 quiddam
1229 2640 1289 2667 quae
1307 2631 1370 2660 latet
1388 2635 1534 2665 sententia.

955 2667 1049 2705 Qualis
1062 2675 1135 2705 prosa:
1155 2669 1254 2705 fulgor,
1271 2669 1348 2705 rudis
1363 2676 1443 2705 quem
1458 2671 1579 2705 contegit

955 2702 1102 2729 Folliuulus
1116 2711 1124 2736 ;
1140 2708 1167 2730 at
1187 2704 1267 2730 terris
1283 2704 1336 2731 olet
1350 2702 1481 2737 suaviter,

954 2737 1023 2773 Cum
1036 2742 1115 2773 rupta
1128 2738 1253 2773 zephyris
1264 2738 1321 2773 jam
1339 2746 1419 2766 suum
1435 2741 1536 2767 emittit
1552 2740 1646 2769 decus.

955 2772 1007 2809 Sed
1025 2772 1095 2800 tecta
1112 2772 1218 2808 semper
1233 2774 1255 2801 si
1266 2772 1405 2801 'venustas
1424 2781 1575 2809 permanet.

956 2807 1033 2845 Nulla
1052 2807 1235 2843 ampliusierit
1249 2809 1307 2836 laeta
1324 2810 1399 2838 vl-ris
1411 2807 1509 2845 gratia.

992 2843 1048 2869 Hoc
1064 2845 1235 2882 petiuius_,»nt
1255 2845 1376 2879 loquaris
1395 2843 1502 2873 illorum
1523 2851 1614 2882 modo,

957 2878 1086 2906 Sermone
1099 2880 1146 2915 qui
1162 2878 1368 2910 videnturrcssc
1378 2881 1533 2916 simplices;
