1955 3042
258 125 328 161 i203

258 194 356 229 Κρίσει
369 192 479 221 δικαίων
493 194 539 220 καὶ
552 194 640 228 σοφῶν
657 194 812 221 ἐπισκόπων
828 203 834 208 ·

257 233 312 271 Οὓς
327 240 423 267 θᾶττον
442 238 518 275 οἶμαι
534 241 581 266 τοῦ
599 241 701 275 μύσους
714 249 740 267 τι
755 241 914 276 λαμϐάνειν,

259 278 312 314 510
333 287 368 313 ’Ἡ
387 287 437 321 τῆς
454 287 558 313 ἑαυτῶν
578 286 768 322 λαμπρότητος
784 288 958 322 προσνέμειν.

265 333 344 369 Ῥᾷον
361 333 447 360 κακοῦ
465 334 518 369 γὰρ
537 334 553 368 ἢ
567 333 649 360 καλοῦ
668 334 814 368 μετουσία·

259 379 354 416 Γνώσῃ
370 380 392 406 δ’
407 380 522 411 ἐκεῖθεν,
544 379 582 411 ὡς
596 379 722 414 ἀληθεύει
738 380 826 413 λόγος.

261 425 353 461 Κρέας
370 425 423 460 γὰρ
442 427 466 452 εἰ
480 425 608 460 ψαύσειεν
623 426 786 460 ἡγιασμένον

259 471 358 502 Ποτοῦ,
373 471 494 506 Μιχαίας
506 471 597 506 φησὶν,
613 471 629 506 ἢ
644 471 748 506 βρωτοῦ
761 480 842 503 τινος,

259 517 311 544 515
324 517 380 544 Οὐκ
394 518 426 544 ἄν
443 517 502 543 ποθ’
519 517 663 551 ἁγνίσειεν,
678 513 709 543 οὗ
725 517 830 551 ψαῦσαν
847 517 938 552 τύχοι·

264 563 312 589 Ἐκ
327 563 381 588 τῶν
397 562 419 589 δ’
431 562 554 596 ἀνάγνων
572 561 641 596 ἁγνὰ
655 561 860 597 κοινωθήσεται.

258 602 340 637 Ταῦτ’
351 607 397 636 οὖν
413 611 427 636 ὁ
443 609 512 640 θεῖος
529 609 635 640 Παῦλος
650 607 679 635 εὖ
696 609 887 644 πεπεισμένος,

264 656 309 682 Ἐν
324 654 364 688 οἷς
379 657 458 682 τυποῖ
472 655 603 690 Τιμόθεον
619 655 649 688 ἐξ
668 655 836 690 Ἐπιστολῆς,

258 701 349 736 Νόμον
365 701 464 736 τίθησι,
482 701 518 736 μὴ
530 700 683 736 προχείρως
698 700 747 731 τὰς
760 701 843 735 χέρας

257 738 311 773 820
323 747 416 781 Ἄγειν
429 747 472 772 ἐπ’
489 746 578 777 ἄλλον,
595 746 662 781 μηδὲ
675 745 829 772 κοινοῦσθαι
846 746 945 781 τρόπον
955 753 962 759 ·

264 792 371 827 ’Δρκείν
383 792 437 828 γὰρ
451 793 517 828 ἡμῖν
533 792 630 827 φόρτον
643 791 749 818 οἰκείων
764 791 866 818 κακῶν.

596 133 625 161 S.
646 132 809 161 GREGORII
831 132 956 161 THEOL.
976 130 1159 162 CARMINUM
1178 130 1279 158 LIBER
1298 130 1330 158 II.
1349 126 1544 159 HISTORICA.

1823 130 1890 159 1204

1135 194 1225 220 Ἔστω
1235 193 1264 220 δὲ
1278 194 1400 229 λουτρὸν,
1411 194 1436 220 ει
1450 194 1534 224 δοκεῖ,
1553 192 1600 219 καὶ
1613 191 1692 219 τοῦτό
1708 200 1759 218 σοι.

1105 240 1152 272 Τίς
1165 241 1298 274 ἐγγυᾶται
1312 240 1357 267 τὸν
1371 240 1483 274 τρόπον,
1498 239 1594 274 χρόνον
1605 239 1676 274 δίχα,

1104 286 1274 319 Δεικνύντος,
1285 286 1323 318 ὡς
1339 285 1440 321 ἔσμηξε
1455 286 1502 312 καὶ
1519 285 1599 319 βάθος
1613 284 1711 320 χάριςῆ

1104 332 1157 359 5‘25
1179 331 1249 358 Ἀλλ’
1266 332 1316 358 οὐκ
1331 331 1472 366 ἐπιπολῆς,
1485 331 1523 362 ὼς
1540 331 1612 366 βαφή
1629 340 1669 363 τις
1681 332 1713 357 ὲκ
1726 330 1795 361 πόας

1109 377 1140 402 Ἡ
1153 377 1323 412 λαμπρότης,
1339 375 1372 412 ἧς
1389 376 1436 403 καὶ
1449 377 1480 402 τὸ
1494 376 1575 403 καλὸν
1592 376 1741 408 ἕκπλυτον;

1104 423 1196 450 Ἔστω
1208 424 1236 450 δὲ
1248 425 1295 450 καὶ
1305 423 1379 450 τοῦθ’
1393 426 1409 459 ἡ
1425 424 1559 460 κάθαρσις
1571 423 1705 458 παντελής
1714 431 1721 438 ·

1108 471 1137 496 '0
1153 470 1256 505 βαομὺς
1270 470 1387 506 ἥμειψέν
1402 479 1431 497 σε
1443 478 1449 484 ·
1475 469 1591 504 ἄγγελον
1604 469 1705 504 βλέπω.

1101 515 1179 542 Τοῦτ’
1194 514 1240 542 οὖν
1253 517 1268 541 ὁ
1283 516 1388 548 πιστὸς,
1405 516 1451 542 καὶ
1467 516 1554 542 σέϐων
1570 515 1654 551 ἐμοὺς
1669 514 1777 549 νόμους,

1101 563 1153 590 550
1170 563 1256 589 Adiciet
1274 563 1432 598 προθύμως,
1450 562 1566 593 ἐνδιδοὺς
1579 561 1618 596 τῷ
1629 561 1751 596 δόγματι.

1108 609 1138 634 Ὀ
1150 609 1172 634 δ’
1187 609 1265 639 ἐκτὸς
1280 608 1364 634 οὐδέν’
1379 605 1444 638 οἶδε,
1458 607 1526 642 πλὴν
1539 606 1669 639 εὐδοξίας,

1102 655 1185 690 Ὄρον
1197 653 1319 680 τίθεσθαι
1333 654 1380 680 τοῦ
1395 652 1479 680 καλοῦ
1493 653 1542 687 τῆς
1559 652 1676 684 πίστεως
1685 660 1692 668 ·

1103 699 1151 730 Ὃς
1166 699 1220 725 τῶν
1234 699 1284 734 μὲν
1297 698 1380 725 αὑτοῦ
1397 698 1464 734 μηδὲ
1477 698 1506 724 ἓν
1517 697 1665 732 λογίζεται,

1100 745 1160 772 Τῶν
1172 745 1226 772 σῶν
1239 745 1267 772 δὲ
1282 745 1379 781 πικρὸς
1394 745 1498 771 ἵσταται
1511 745 1660 780 κατήγορος
1669 752 1676 758 ·

1100 791 1152 818 555
1167 791 1229 822 Πῶς
1242 790 1346 823 τοῦτον,
1363 791 1433 822 εἰπὲ,
1449 790 1579 824 πείσομεν
1595 789 1673 821 δόξαν
1685 789 1776 817 λαϐεῖν

516 869 623 897 Iudicio
633 869 770 903 jUStorum
783 876 814 896 ac
829 869 992 903 sapientium
1004 869 1204 904 episcoporum.

517 904 571 932 Sed
584 906 674 940 potius
689 904 809 931 futurum
825 905 952 937 arbitror,
968 909 999 931 ut
1012 905 1111 939 piaculi
1128 905 1228 939 aliquid
1243 904 1363 936 trahant,

517 940 569 967 510
585 940 671 973 Quam
685 944 714 966 ut
727 941 761 967 de
772 947 823 967 suo
838 941 959 974 ipsorum
974 940 1118 974 splendore
1129 940 1297 975 impertiant.

515 974 633 1002 Facilior
647 980 688 1002 est
701 976 773 1003 enim
789 975 853 1001 mali
870 976 1082 1002 communicatio
1097 983 1178 1010 quam
1189 975 1263 1002 boni.

515 1010 601 1043 Quam
612 1010 639 1037 id
651 1018 745 1037 verum
761 1011 806 1043 sit,
823 1010 885 1037 inde
897 1017 1056 1045 cognosces.

599 1046 694 1081 -807
708 1045 775 1072 Nam
788 1046 812 1072 si
827 1053 892 1073 caro
904 1046 1073 1072 sanctiﬁcata
1088 1045 1206 1080 tetigerit

537 1080 630 1113 ortum;
644 1082 732 1115 inquit
746 1080 882 1113 Michzeas,
896 1084 942 1107 aut
958 1081 1048 1108 cibum
1063 1081 1219 1115 quemdam.

580 1116 724 1156 Nunquam
738 1115 929 1148 sanctiﬁcabit,
952 1116 979 1142 id
993 1117 1067 1156 quod
1081 1117 1198 1156 tetigerit
1213 1126 1219 1142 :

512 1152 546 1187 At
558 1151 760 1187 impuris,rquae
775 1159 844 1187 pura
858 1155 932 1183 sunt,
950 1151 1220 1187 contaminabuntur.

511 1186 570 1214 Hoc
583 1186 665 1222 igitur
680 1186 796 1222 divinus
805 1186 906 1213 Paulus
922 1187 1161 1221 persuasissimum
1177 1186 1289 1218 habens,

511 1222 586 1249 Inter
598 1221 644 1252 ea,
661 1222 760 1256 quibus
777 1221 950 1248 Timotheum
965 1222 1093 1249 informat
1109 1222 1136 1248 in
1153 1221 1286 1256 Epistula,

510 1256 608 1292 Legem
625 1258 650 1284 ei
666 1257 826 1292 praescribit,
842 1265 875 1284 ne
891 1257 970 1284 facile
990 1265 1087 1284 manus

510 1291 562 1319 520
578 1291 701 1327 Imponat
712 1293 799 1323 alteri,
814 1293 930 1327 ejusque
945 1292 1068 1319 moribus
1083 1292 1301 1324 contaminetur;

511 1327 584 1363 Satis
599 1328 670 1355 enim
687 1336 748 1355 esse
760 1328 839 1354 nobis
854 1327 960 1361 pondus
977 1328 1151 1363 propriorum
1165 1328 1310 1354 malorum.

547 1362 599 1390 Sed
616 1367 692 1394 esto;
707 1364 742 1390 sit
759 1363 811 1389 hoc
825 1363 906 1390 etiam
923 1363 982 1394 tibi,
997 1363 1020 1390 si
1029 1362 1121 1393 ’voles,
1137 1363 1288 1390 lavacrum.

509 1397 725 1434 Quisispondeat
739 1405 840 1430 mores,
859 1399 917 1425 sine
933 1399 1064 1434 temporis
1082 1398 1234 1434 intervallo,

510 1433 588 1464 Quod
605 1434 730 1461 ostendat
744 1434 831 1468 gratia
845 1433 983 1460 abstersos
1000 1442 1032 1460 ex
1051 1436 1105 1460 imo
1125 1433 1219 1465 fuisse,

511 1468 563 1504 525
575 1467 629 1495 Nec
642 1467 923 1503 tantum’superﬁciei,
942 1469 1024 1495 veluti
1045 1470 1078 1496 iis
1093 1477 1154 1503 qua:
1169 1469 1260 1496 herbis
1274 1468 1426 1504 tinguntur,

510 1503 603 1531 Inesse
615 1504 798 1538 splendorem,
814 1504 892 1538 cujus
908 1504 1083 1538 pulchritudo
1100 1505 1178 1531 facile
1191 1504 1310 1531 eluitur?

512 1538 565 1574 Sed
581 1544 641 1566 esto
657 1549 662 1566 :
677 1539 713 1567 sit
726 1541 807 1566 etiam
823 1539 850 1566 id
867 1539 985 1574 perfecta
1000 1540 1129 1574 expiatio.

510 1573 667 1601 Immutavit
681 1579 708 1601 te
721 1575 820 1608 gradus
837 1584 843 1601 :
860 1573 983 1608 angelum
1001 1573 1088 1602 video.

511 1607 540 1635 Id
555 1609 637 1644 igitur
653 1607 750 1642 ﬁdelis,
764 1613 790 1637 et
803 1610 850 1644 qui
866 1607 940 1637 meas
955 1611 1026 1643 leges
1045 1610 1119 1641 colit,

511 1644 563 1680 5350
579 1644 660 1672 Dabit
678 1645 803 1677 libenter,
817 1648 951 1679 prtecepto
966 1653 1068 1672 morem
1080 1653 1187 1680 gerens.

510 1678 663 1707 Extrancus
684 1685 775 1706 autem
794 1678 866 1706 nulla
884 1678 913 1707 re
932 1680 994 1712 alia,
1010 1680 1064 1708 nisi
1083 1678 1153 1708 bona
1176 1681 1257 1713 fama,

511 1713 570 1749 Scit
584 1715 683 1742 bonum
699 1715 760 1742 ﬁdei
774 1715 924 1749 diiudicare
939 1725 945 1742 :

511 1748 574 1784 Qui,
589 1758 650 1777 cum
667 1750 793 1777 vitiorum
802 1748 920 1778 suorum
934 1751 1038 1778 nullum
1052 1751 1219 1784 consideret,

511 1783 630 1811 Tuorum
652 1786 767 1812 acerbus
782 1791 823 1812 CSI
836 1790 990 1813 accusator.

510 1819 563 1846 555
576 1820 656 1853 Iluic,
671 1820 765 1853 dicito,
778 1821 914 1856 quomodo
926 1821 1113 1856 suadebimus,
1127 1826 1156 1850 ut
1168 1823 1248 1850 aliam
1262 1823 1388 1850 admittat
1400 1822 1566 1858 opinionem,

292 1910 341 1947 §Il
365 1909 461 1944 Ῥᾷον.
483 1910 725 1947 Ιιδνείιτηῖφτθοίλ,
738 1921 809 1941 vers.
829 1914 907 1941 1759.

292 1945 345 1974 5M
358 1947 494 1980 Μιχαίας.
508 1946 566 1974 Νοη
580 1945 705 1980 Michaaz’e,
719 1949 765 1976 sed
779 1949 879 1984 Aggaai,
891 1949 974 1976 verba
986 1948 1043 1976 haec

255 1983 419 2021 sunthquond
439 1983 522 2021 miror
542 1991 595 2021 non
616 1984 790 2010 observatum
807 1983 891 2011 fuisse
908 1986 983 2018 (Agg.
1010 1991 1041 2016 ll,

257 2017 303 2048 15,
316 2017 360 2054 14)
371 2027 376 2043 :
389 2017 419 2044 Si
435 2018 523 2044 tulerit
539 2018 615 2044 homo
626 2027 732 2045 carnem
744 2017 985 2054 sanctiﬁcatum?”
996 2027 1043 2045 ora

256 2053 402 2089 aestimanti
422 2054 474 2084 sui,
489 2058 514 2079 et
539 2054 650 2088 tetigerit
665 2054 696 2081 de
704 2056 854 2082 summitate
866 2055 922 2089 ejus
935 2062 1039 2088 panem,

257 2087 304 2113 'aut
321 2088 491 2121 pulmentum,
513 2093 559 2114 aut
573 2087 671 2120 vinum,
696 2095 741 2116 aut
756 2090 852 2121 oleum,
873 2087 918 2116 aut
936 2087 1041 2116 omnem

258 2122 355 2159 cibum,
377 2125 492 2158 nunquid
507 2124 763 2159 sancti/ictibuntur?
786 2125 977 2159 Respondentex
997 2133 1043 2151 sa-

257 2157 372 2196 rerdotes
390 2157 532 2196 dixerunt:
545 2157 616 2186 Non.
634 2159 668 2186 Et
683 2161 750 2187 dixit
764 2157 876 2196 Aggaius
890 2169 899 2187 :
914 2160 945 2196 Si
955 2160 1043 2194 tetige-

257 2193 295 2230 rit
308 2193 423 2230 pollutus
438 2194 464 2230 in
477 2195 566 2220 anima
578 2202 610 2220 ex
623 2196 741 2222 omnibus
754 2193 813 2226 liis,
821 2195 937 2230 nunquid
952 2193 1043 2221 conta-

257 2227 420 2254 miuabitur?
438 2229 473 2255 Et
485 2229 672 2263 responderunt
683 2231 830 2258 sacerdotes
852 2227 886 2257 ρι’
900 2231 1042 2258 dixerunt:

1097 1913 1338 1941 Contamiuabitur.

1132 1950 1183 1977 516
1201 1950 1297 1984 'Arra'.
1310 1950 1393 1978 Coisl.
1408 1949 1477 1976 λίαν.

1132 1984 1184 2012 5‘20
1200 1985 1283 2019 Μηδὲ
1300 1985 1482 2012 κοινοῦσθαι.
1498 1984 1596 2012 Manus
1617 1985 1668 2012 cito
1686 1985 1783 2012 nemini
1798 1984 1885 2019 impo-

1096 2021 1193 2082 surgatisi
1209 2029 1288 2056 neque
1303 2021 1535 2048 communicaveris
1553 2021 1666 2055 peccatis
1681 2020 1784 2047 alienis.
1800 2020 1884 2056 (Tim.

1097 2064 1122 2082 ν.
1173 2076 1180 2082 .
1872 2074 1884 2082 .

1097 2064 1122 2088 ν,
1135 2057 1193 2088 22.)
1872 2074 1884 2088 ,

1132 2057 1229 2119 ἐξέτι)
1248 2092 1373 2125 βαθμός.
1391 2091 1476 2118 Coisl.
1505 2091 1535 2118 οὐ
1556 2090 1668 2126 βαθμός.
1696 2089 1802 2119 Gradus
1827 2074 1884 2123 ille:

1097 2126 1261 2161 episcopalis
1286 2126 1404 2161 dignitas
1421 2131 1463 2154 est
1481 2135 1488 2152 :
1513 2126 1626 2161 ἄγγελος
1647 2130 1737 2154 autem
1759 2127 1885 2162 angelicis

1096 2162 1221 2196 puritatis
1236 2163 1366 2188 hominem
1380 2163 1424 2188 hic
1439 2162 1583 2196 significat.

1133 2197 1180 2223 551
1206 2198 1232 2222 '0
1249 2197 1275 2223 δ’
1286 2197 1382 2232 suac,
1400 2197 1426 2224 id
1439 2202 1481 2224 est
1495 2198 1603 2232 gentiles
1615 2202 1640 2224 et
1651 2197 1778 2225 hwreti‘ci.

1135 2232 1183 2246 Ηττ

1133 2232 1186 2259 555
1201 2233 1258 2264 Ὃς.
1276 2232 1315 2259 Ita
1330 2231 1412 2260 Coisl.
1432 2231 1502 2259 Edit.
1522 2232 1569 2264 ὡς.

903 2322 1069 2352 METRICA
1086 2322 1234 2353 VERSIO.

253 2402 333 2431 iusta
350 2403 498 2439 sophorum
514 2403 661 2438 praasulum
673 2403 819 2431 sententia.

256 2439 312 2466 Sed
326 2439 378 2467 hoc
389 2438 510 2466 futurum
526 2439 619 2471 credo,
637 2439 774 2473 quoddam
793 2445 822 2465 ut
839 2439 962 2466 sordium

255 2473 309 2509 Ipsi
322 2475 408 2508 magis
421 2476 539 2506 trahant,
551 2482 631 2501 suum
643 2482 723 2508 quam
741 2475 805 2501 dent
818 2475 909 2509 jubar.

256 2509 348 2544 Serpit
361 2510 461 2537 etenim
475 2511 575 2536 malum
593 2509 700 2536 facilius
717 2517 797 2544 quam
811 2509 922 2536 bonum.

254 2544 343 2578 Quam
357 2553 420 2572 vera
432 2545 487 2571 sint
498 2545 566 2578 haec,
582 2544 645 2572 inde
662 2552 759 2571 nosces
775 2545 890 2579 plenius.

254 2581 326 2607 Audi
342 2579 459 2607 Michaeaz
474 2581 556 2606 verba
570 2590 575 2606 :
592 2580 620 2606 Si
636 2579 779 2614 quemdam
794 2580 886 2607 cibum

254 2614 384 2650 Purgata,
398 2616 474 2644 dicit.
490 2615 594 2649 tangat,
611 2619 659 2641 aut
677 2619 769 2650 potum
788 2623 863 2648 caro,

254 2650 314 2678 Non
330 2658 396 2685 pura
409 2650 503 2678 reddet
519 2651 562 2676 illa
580 2654 707 2677 contactu
723 2650 784 2682 sui;

254 2688 289 2720 At
299 2694 367 2720 pura
382 2686 537 2720 polluentur
551 2686 666 2720 impuris
683 2686 774 2713 simul.

255 2718 313 2748 Iloc
328 2718 407 2748 divtis
424 2729 488 2755 ergo
505 2718 607 2747 Paulus
622 2721 745 2755 apprime
761 2722 862 2752 sciens,

255 2757 329 2784 Inter
341 2764 373 2783 ea
388 2764 449 2791 qua:
464 2763 512 2790 per
524 2757 626 2790 scripta
640 2755 812 2783 Timotheum
831 2758 921 2790 docet,

254 2791 345 2825 Vetat,
362 2792 467 2826 prolata
481 2792 549 2826 lege,
566 2799 600 2817 ne
617 2791 672 2817 cito
688 2798 797 2818 manum

254 2827 390 2863 Emporiat,
408 2829 583 2861 externisque
600 2826 743 2863 participet
758 2828 846 2855 malis.

254 2861 330 2890 Satis
342 2869 453 2890 suorum
471 2862 568 2897 cuique
584 2861 689 2897 j'oudus
704 2861 859 2890 criminum.

1058 2408 1080 2437 Β
1131 2404 1184 2432 Sed
1204 2408 1264 2432 esto
1282 2415 1287 2432 :
1306 2405 1355 2433 tibi
1374 2405 1472 2433 sithoc
1487 2405 1638 2438 lavacrum,
1658 2406 1681 2434 si
1697 2407 1776 2433 velis.

1093 2439 1283 2477 Qumsponsio
1292 2448 1416 2477 morum,
1429 2441 1533 2476 absque
1550 2442 1628 2476 lapsu
1643 2442 1773 2477 temporis

1093 2476 1172 2507 Quod
1186 2477 1259 2503 intus
1274 2476 1383 2503 ablutos
1398 2477 1497 2503 revelet
1512 2477 1611 2511 gratia,

1092 2511 1159 2542 Nec,
1172 2511 1256 2537 tincta
1272 2511 1346 2546 velut
1359 2511 1462 2543 herbis,
1478 2513 1571 2539 linitbs
1585 2512 1703 2546 desuper

1094 2545 1255 2580 Splendore,
1270 2545 1349 2573 facile
1361 2546 1440 2581 cujus
1453 2547 1554 2574 eluitur
1566 2545 1661 2574 decus.

1094 2582 1147 2617 Sed
1164 2586 1223 2608 esto
1237 2591 1243 2607 :
1256 2582 1306 2608 tibi
1319 2582 1354 2617 sit
1369 2582 1474 2617 integra
1489 2582 1619 2617 expiatio.

1094 2616 1215 2653 Mutatus
1231 2625 1261 2653 cs
1278 2616 1364 2653 gradu
1380 2626 1385 2643 :
1401 2616 1466 2644 ec‘ce
1477 2616 1563 2644 miror
1574 2617 1711 2653 angelum.

1094 2652 1161 2679 Illud
1179 2651 1276 2681 ﬁdelis.
1291 2651 1337 2686 qui
1353 2659 1427 2678 meas
1441 2653 1515 2687 leges
1532 2653 1606 2685 colit,

1096 2687 1175 2714 Dabit
1190 2687 1314 2719 libenter,
1333 2687 1452 2721 dogmati
1467 2695 1568 2715 morem
1585 2687 1685 2717 ferens.

1096 2722 1149 2750 Sed
1163 2722 1208 2757 qui
1222 2722 1290 2749 foris
1305 2726 1379 2753 sunt,
1395 2730 1459 2753 non,
1474 2723 1526 2749 nisi
1540 2722 1608 2749 fama
1624 2724 1705 2756 bona,

1095 2759 1266 2792 Cognoscere
1280 2757 1341 2784 ﬁdei
1358 2758 1436 2784 bonae
1449 2758 1575 2784 meritum
1593 2759 1696 2792 sciunt,

1096 2793 1147 2825 Qui
1167 2801 1221 2819 non
1237 2793 1358 2820 videntes
1370 2792 1478 2826 propria
1490 2793 1555 2820 caeci
1567 2793 1692 2826 crimina,

1097 2828 1169 2855 'l'uos
1182 2829 1278 2855 acerba
1297 2835 1363 2854 voce
1382 2828 1476 2862 lapsus
1488 2832 1615 2863 arguunt.

1095 2863 1154 2896 Qua
1174 2865 1322 2898 potcrimus
1342 2863 1432 2896 talem,
1453 2869 1559 2898 precor,
1575 2863 1739 2892 sententiam
