1953 3042
225 124 291 152 1211

223 182 278 217 Γῆς
293 181 339 208 καὶ
347 181 484 216 Θαλάσσης
499 181 745 216 καρποφορούντων
761 182 882 217 ἐντέροις

225 228 286 263 (Ἐξ
299 225 336 256 ὧν
351 229 365 255 ὁ
376 228 438 259 νοῦς
456 227 605 262 βαπτίζετ“,
619 228 674 254 οὐδ’
687 227 743 262 ἔχει
759 228 880 264 πλάτος),

224 274 340 310 Μύροις,
356 274 465 309 γέλωσι,
477 273 627 308 ψαλμάτων
642 275 805 308 συνονλίαις,

225 317 273 352 οἷς
290 320 436 355 κυμϐάλων
451 319 490 346 δεῖ
507 320 554 348 καὶ
567 320 646 351 ποδὸς
656 320 837 355 ψοφημάτων.

225 366 277 394 620
288 366 380 392 Ἀλλοι
395 366 423 392 δὲ
439 366 540 401 λύσσης
558 366 670 401 ἔμπλεοι
682 366 732 401 τῆς
746 367 897 402 συμρύτου,

225 412 385 444 Νοσοῦντες,
398 413 568 444 οἱδαίνοντες,
584 412 777 447 ὲστιλϐωμένοι

226 458 361 491 Γυναιξὶν,
376 459 437 494 ἄρτι
454 459 575 494 νυμφίοι,
592 459 622 485 τὸ
638 459 759 494 μέτριον,

225 504 308 532 Οὔπω
324 505 454 537 λύσαντες
470 506 610 537 παστάδας
624 506 786 540 γαμηλίους,

229 551 262 577 Ἦ
279 552 326 578 καὶ
339 551 431 583 πόθοις
448 552 583 584 συζῶντες
595 551 706 586 ἁζύγοις
721 552 772 585 ἔτι,

225 596 278 623 62Ξὶ
293 597 360 632 Πρὶν
371 598 417 623 καὶ
429 597 556 632 παρειὰν,
572 597 690 632 ἀνδρικῷ
706 598 874 633 κοσμήματι,

225 642 318 678 Θριξὶν
329 642 456 676 καλύψαι,
473 642 612 674 παντελῶς
630 642 777 678 ἁρτίχνοοι,

225 689 290 714 Νέοι
302 689 332 715 τὸ
351 689 440 724 σῶμα,
457 689 502 715 τὸν
516 690 616 724 τρόπον
636 689 774 725 νεώτεροι,

227 734 264 759 ’Ἠ
278 734 325 760 καὶ
340 734 459 761 παλαιῶν
474 734 594 769 ἡμερῶν,
617 734 731 769 πλήρεις
745 734 837 760 κακῶν
851 743 856 749 ·

228 773 333 806 Ἔπειτ’
345 780 474 815 ἀσάρκων
488 781 541 806 εἰσὶ
554 781 656 807 τέκνων
673 781 836 815 προστάται,

225 825 277 853 650
295 826 328 852 "A
339 826 446 862 πνεῦμα
460 827 544 853 τίκτει
559 827 659 862 σαρκὸς
673 826 848 862 ἐξενωμένον.

562 123 590 150 S.
608 120 773 151 GREC-Oilll
792 123 916 150 THEOL.
939 123 1124 160 CARMINUM
1144 123 1244 151 LIBER
1263 124 1296 152 ll.
1317 122 1512 152 IllSTORlCA.

1788 123 1858 152 1212

1029 187 1050 214 Α
1067 183 1154 218 Τιμᾷν
1172 183 1246 218 πάθη
1260 183 1401 218 μαθόντες,
1418 181 1459 215 οἷς
1472 182 1632 215 πεπόνθασι,

1065 229 1212 264 Συνήγοροι
1229 229 1303 262 σφῶν
1320 231 1348 256 ὲν
1363 230 1458 259 κακοῖς
1472 229 1631 264 ἀλλοτρίοις.

1064 269 1196 305 Διδόντεὲ,
1212 273 1305 310 ὥσπερ
1321 275 1498 309 λαμϐάνουσ“,
1515 274 1649 306 ἐξουσίαν.

1099 316 1178 346 Οὗτοι
1197 320 1245 355 μὲν
1258 319 1357 352 οὕτως·
1376 321 1423 346 καὶ
1435 320 1495 355 τάχ’
1515 320 1547 347 ἂν
1564 321 1611 346 καὶ
1628 319 1749 354 βελτίους

1064 367 1116 394 633
1125 367 1220 393 Αὐτῶν
1234 367 1384 403 γενόμενοι,
1397 367 1547 394 κωλύονται
1562 368 1618 398 τοῖς
1628 366 1744 402 θρόνοις.

1064 413 1101 440 Τὸ
1114 414 1168 449 γὰρ
1185 415 1295 449 κρατεῖν
1312 414 1358 441 τὸν
1372 414 1476 449 ἄφρονα
1495 415 1567 440 ποιεῖ
1582 413 1701 449 χείρονα.

1069 460 1098 485 '0
1111 460 1132 486 δ’
1149 460 1285 496 ἐγκρατὴς
1296 459 1412 494 ἕστηκεν
1423 458 1605 494 ἠτιμωμένος,

1064 505 1146 531 Κάτω
1160 504 1304 536 νενευκὼς,
1319 505 1385 540 πρὸς
1398 504 1463 530 Θεὸν
1478 503 1557 538 μόνον
1572 503 1687 538 βλέπων,

1064 552 1188 588 Στὲργων
1206 551 1325 587 μαθητοῦ
1341 550 1442 586 χώραν.
1457 547 1487 576 οὗ
1503 549 1562 584 μηδ’
1577 549 1650 582 ἄξιος

1063 598 1116 624 (MO
1134 599 1213 629 Ἴσως
1229 597 1362 632 μαθητὴς,
1375 593 1453 626 οὗτος
1465 596 1479 622 ὁ
1494 595 1542 622 νῦν
1557 594 1725 626 διδάσκαλος.

1064 644 1150 680 Εἴπερ
1161 643 1191 670 τὺ
1204 644 1313 679 κρατεῖν
1325 643 1354 669 οὺ
1367 642 1441 676 τόπῳ
1455 640 1626 676 γνωρίζεται.

1064 690 1172 717 Τοιαῦτ⁷
1187 690 1215 715 ὲν
1228 690 1293 724 ἡμῖν
1312 688 1412 723 ἰσχύειν
1426 687 1471 713 τὸν
1489 686 1642 722 βάσκανονῑλ

1064 736 1142 762 Οὕτω
1158 734 1276 769 σοφίζετ’
1290 734 1428 769 εὐστόχοις
1441 732 1593 767 πονηρίαις,

1065 781 1149 806 Ὂταν
1163 779 1247 815 δῆμόν
1261 781 1322 811 τιν’,
1343 780 1359 814 ἢ
1378 778 1453 805 πόλιν
1468 777 1567 812 πλῆξαι
1581 777 1654 813 θέλῃ.

1064 826 1116 854 645
1132 827 1203 862 Πρὸς
1219 824 1259 858 οἷς
1274 826 1388 852 ἑκάστου
1403 826 1540 862 πειρᾶται,
1554 825 1600 852 καὶ
1614 825 1745 862 σύντομον

480 904 545 937 Qum
560 906 644 932 maris
663 908 690 932 ct
707 908 786 932 terrm,
804 904 908 932 fructus
926 905 1063 932 intestinis
1078 905 1194 933 all'erunt

479 940 594 974 (Quibus
610 948 688 968 mens
702 940 739 966 ita
755 940 932 975 demergitur,
946 945 975 966 ut
991 941 1144 974 explicandi
1159 949 1188 968 se
1203 940 1320 975 spatium
1333 947 1386 966 non
1401 937 1508 974 habeat)
1521 947 1528 972 ;

478 975 634 1009 Unguenta,
648 976 730 1006 risus,
750 975 949 1002 cantilenarum
969 981 1129 1006 concentus.

477 1009 528 1042 Qui
542 1012 665 1045 cymbala
681 1015 707 1037 et
718 1011 816 1045 pedum
832 1012 964 1045 strepitus
980 1011 1134 1045 requirunt.

477 1045 530 1072 6:20
550 1046 602 1072 Alii
618 1046 699 1073 insito
719 1046 838 1073 libidinis
854 1051 938 1073 cestro
954 1047 1043 1080 pleni,

476 1080 655 1116 812-813
675 1080 768 1108 Morbo
785 1081 837 1107 hoc
856 1081 1021 1113 laborantes,
1040 1086 1190 1116 turgentes.
1205 1081 1360 1110 renidentes

477 1116 649 1148 Mulieribus,
667 1123 763 1143 recens
775 1116 879 1150 sponsi,
897 1120 927 1143 ut
941 1117 1080 1144 moderate
1103 1117 1209 1150 loquar,

476 1150 601 1190 i‘iondum
619 1151 721 1186 apertis
737 1151 865 1190 thalamis
878 1151 1056 1190 nuptialibus,

459 1207 463 1210 .
478 1185 528 1223 Yet
538 1186 619 1223 etiam
639 1185 701 1213 cum
718 1186 775 1213 suis
788 1185 1063 1223 innuptisamoribus
1076 1187 1165 1215 adhuc
1179 1187 1320 1223 degentes.

477 1221 530 1248 625
545 1221 706 1256 Priusquam
727 1229 816 1256 genae,
843 1221 915 1248 virili
941 1227 1113 1253 ornamento.

476 1256 542 1293 Bilis
557 1259 660 1284 vestitae
672 1257 736 1288 sitit,
754 1256 884 1293 inprima
899 1265 1012 1291 prorsus
1026 1258 1163 1293 lanugine,

476 1291 596 1327 (Sci-pore
607 1293 732 1326 juvenes,
749 1292 796 1319 sed
812 1293 898 1326 magis
914 1293 1046 1325 moribus,

476 1326 622 1359 Veteliam
640 1328 758 1361 antiquis
775 1327 871 1354 diebus
887 1327 970 1361 pleni,
985 1328 1032 1355 sed
1051 1328 1146 1360 malis;

476 1361 573 1389 Postea
594 1363 710 1389 tiliorum
727 1369 782 1388 non
795 1363 944 1388 carnalium
963 1363 1091 1397 przesides
1108 1363 1184 1395 liunt,

476 1398 528 1424 650

547 1398 620 1430 Quos
642 1398 756 1432 spiritus
770 1405 867 1431 expers
882 1398 972 1424 carnis
988 1398 1069 1432 parit.

476 1432 616 1468 llonorare
628 1433 737 1460 discunt
752 1439 849 1466 pravas
860 1432 1026 1464 affectiones,
1041 1441 1074 1460 ex
1087 1433 1129 1461 his
1140 1440 1208 1468 quas
1224 1433 1326 1468 experti
1344 1436 1409 1460 sunt
1419 1453 1427 1465 ,

477 1467 525 1494 Sui
542 1468 663 1502 ipsorum
678 1468 706 1495 in
721 1467 817 1495 alienis
834 1468 912 1494 malis
928 1468 1046 1502 patroni,

477 1503 626 1530 Licentiam
642 1503 739 1530 dantes
755 1510 787 1529 ac
801 1503 922 1530 vicissim
938 1503 1111 1537 accipientes.

515 1539 602 1572 Atque
617 1538 652 1564 ita
667 1538 775 1573 quidem
790 1537 828 1564 illi
850 1546 855 1563 :
877 1545 1033 1573 quanquam
1048 1539 1116 1566 forte
1131 1538 1255 1566 meliores

480 1573 532 1600 655
551 1573 670 1606 Fiercnt,
687 1573 734 1600 sed
748 1573 857 1600 obstant
869 1573 970 1600 throni.

480 1609 655 1643 lnsipientem
669 1609 740 1636 enim
764 1612 883 1642 potestas
901 1608 981 1635 ellicit
1000 1609 1171 1636 deteriorem.

481 1643 532 1676 Qui
549 1651 613 1670 vero
627 1643 794 1670 continentia
809 1643 938 1677 praeditus
953 1647 1003 1676 est.
1023 1648 1161 1678 permanet
1177 1643 1289 1671 honoris
1303 1651 1410 1679 expers,

481 1679 575 1706 Oculis
590 1679 618 1705 in
632 1683 731 1705 terrain
742 1678 848 1711 deﬁxis,
863 1679 951 1706 solum
967 1679 1052 1706 Deum
1065 1680 1223 1714 respiciens,

480 1715 583 1740 Amans
591 1714 717 1748 discipuli
734 1714 833 1744 locum,
849 1714 928 1748 cujus
950 1722 983 1742 ne
997 1715 1095 1749 dignus
1109 1714 1218 1749 quidem

481 1749 534 1785 (540
553 1749 600 1776 Est
619 1749 772 1785 discipulus
788 1749 849 1782 iste,
865 1749 1004 1785 quiﬂnunc
1020 1751 1149 1785 magister
1163 1753 1215 1777 est.

483 1783 620 1818 Siquidem
636 1788 754 1818 potestas
768 1784 826 1810 loco
837 1792 890 1811 non
903 1783 1079 1818 dijudicaturl

482 1818 599 1846 Tantum
618 1819 687 1854 apud
708 1827 759 1846 nos
774 1827 854 1854 posse
873 1819 1010 1846 invidum!

483 1854 529 1890 Sic
545 1854 689 1882 insidiatur
701 1859 762 1890 apte
776 1855 887 1882 structis
907 1855 1045 1889 nequitiis,

483 1889 697 1925 Cumrpopulum
717 1889 844 1924 aliquem,
859 1893 904 1916 aut
920 1891 1014 1917 urbem
1034 1891 1090 1917 vult
1106 1894 1257 1925 percutere.

482 1924 535 1952 645
553 1924 654 1952 Praeter
671 1933 719 1952 eas
732 1926 905 1958 tentationes,
927 1933 994 1960 quas
1008 1924 1211 1961 cuique’infert,
1231 1926 1461 1962 compendiariam

264 2004 316 2031 620
335 2004 451 2030 Ἀλλοι.
466 2003 505 2030 Ita
519 2003 602 2032 Coisl.
620 2003 692 2031 Edit.
713 2005 800 2032 ἄλλαι.

265 2039 313 2065 621
333 2039 528 2072 οἰδαινοντες.
556 2040 640 2067 Coisl.
665 2040 740 2066 οὐδὲν
759 2041 857 2071 ἒοντες.
875 2039 1012 2073 lnterpres

229 2073 336 2101 videtur
352 2075 389 2101 ita
405 2074 511 2106 legisse,
529 2075 574 2108 qui
594 2075 712 2109 jungens
739 2075 813 2101 οὐδέν
829 2083 891 2102 cum
905 2074 1013 2101 νοσοῦν-

228 2117 274 2140 τες
285 2130 292 2138 .
308 2110 388 2136 vertit
402 2119 408 2136 :
422 2109 515 2136 Morbo
529 2110 602 2144 nullo
618 2110 778 2137 laborantes.

264 2144 316 2171 628
336 2145 373 2171 Ἢ
398 2145 446 2171 καὶ
464 2145 607 2171 παλαιῶν.
633 2145 720 2172 Tullio
741 2145 848 2172 vidctttr
870 2145 1014 2172 obscurior

228 2178 402 2207 Lenvenclaii
416 2181 515 2212 versio,
529 2185 556 2208 et
573 2181 630 2215 ipse
647 2181 735 2208 reddit
753 2190 759 2207 :
779 2180 848 2213 Quin
862 2181 951 2214 potius
967 2188 1013 2207 ne-

228 2214 314 2249 quitia
328 2223 411 2247 senes,
426 2215 555 2242 scelerum
570 2214 650 2250 pleni.

1101 2005 1149 2032 651
1165 2003 1256 2039 Τιμᾷν
1265 2004 1352 2038 πάθη.
1369 2004 1452 2032 Divus
1464 2004 1618 2039 Hieronym.
1630 2002 1754 2030 adversus
1764 2001 1850 2030 Joan-

1065 2048 1122 2066 nem
1143 2039 1414 2074 Hierosolymitanum
1439 2048 1449 2067 :
1479 2039 1585 2065 Natura
1609 2039 1741 2065 hominum
1766 2046 1850 2073 prona

1065 2080 1103 2102 est
1118 2075 1152 2101 ad
1170 2075 1349 2107 clementiam;
1363 2080 1386 2102 et
1402 2076 1429 2102 in
1445 2076 1531 2102 alieno
1556 2079 1660 2108 peccato
1682 2074 1723 2101 sui
1741 2074 1850 2109 quisque

1066 2111 1215 2137 miseretur.
1233 2110 1317 2137 Τοιι...

1101 2145 1154 2172 654
1172 2146 1280 2178 Οὕτως.
1298 2145 1382 2173 Coisl.
1398 2144 1477 2171 οὕτω.

1102 2181 1154 2207 642
1176 2182 1230 2208 Τὸν
1246 2180 1416 2213 βάσκανον.
1433 2179 1585 2208 Diabolum.

876 2292 1040 2322 METRICA
1061 2291 1209 2322 VERSIO.

229 2366 304 2400 Quos
320 2371 392 2394 terra
409 2367 524 2401 fructus,
537 2369 578 2396 vel
596 2367 693 2396 fretum
711 2368 853 2396 stomacho
872 2369 962 2396 ferunt

242 2402 324 2440 Queis
337 2403 468 2440 mergitur
477 2411 565 2436 mens,
581 2412 630 2431 nec
645 2404 731 2431 locutu
743 2410 832 2431 motus
847 2405 953 2440 habet);

257 2442 384 2472 nguenta,
402 2438 485 2471 risus,
504 2440 698 2466 cantilenarum
713 2439 785 2470 soni,

226 2473 280 2509 Qui
292 2473 424 2508 cymbala.
438 2476 621 2509 strepitusque
635 2475 785 2508 deposcunt
798 2475 907 2509 pedum.

228 2508 362 2536 Libidinis
379 2509 425 2535 alii
443 2508 560 2536 calentes
576 2508 694 2544 ignibus,

229 2544 318 2579 Egri,
331 2548 413 2578 atque
425 2544 537 2579 turgidi,
553 2545 671 2572 nitentes
688 2543 808 2575 feminis,

231 2578 329 2614 Sponsi
349 2578 482 2611 recentes,
493 2583 522 2606 ut
535 2580 649 2614 loquens
665 2585 770 2606 teneam
785 2580 907 2613 modum,

229 2613 354 2650 Nondum
367 2616 474 2641 reclusa
490 2613 603 2650 nuptiali
620 2615 714 2648 janua,

230 2649 326 2676 Adhuc
340 2649 379 2677 vel
393 2650 514 2684 innuptis
528 2649 667 2677 amoribus
683 2650 750 2681 dati,

230 2683 310 2711 Prius
325 2684 423 2712 decore
437 2692 517 2719 quam
540 2685 609 2712 virili
625 2685 680 2712 sint
695 2692 770 2719 gena:

230 2719 349 2754 Pilisque
364 2720 476 2751 vestitae,
491 2727 561 2746 nova
578 2720 716 2754 lanugine,

229 2753 351 2792 Corpore
367 2755 489 2792 quidem,
507 2756 552 2782 sed
566 2753 686 2792 moribus
697 2756 812 2792 juvenes
828 2756 923 2792 magis,

229 2789 316 2824 Annis
334 2789 374 2816 vel
387 2790 507 2824 antiquis
519 2790 624 2824 repleti,
644 2791 690 2817 sed
706 2791 795 2818 tnalis.

229 2823 288 2860 [Son
305 2831 387 2851 carne
398 2825 469 2851 natis
485 2823 580 2852 deinde
596 2830 715 2860 praesunt
737 2825 808 2857 tiliis,

231 2858 305 2891 Quos
319 2860 410 2888 carnis
424 2867 521 2895 expers
534 2858 646 2895 spiritus
663 2861 724 2888 vitae
736 2861 818 2896 parit.

1031 2374 1052 2402 Β
1066 2369 1131 2405 Quae
1145 2375 1228 2405 prava
1242 2367 1532 2405 suntrpassi,rcolenda
1548 2372 1718 2405 computant,

1066 2403 1273 2431 l’atrocinantes
1285 2404 1336 2431 sibi
1350 2404 1429 2431 malis
1441 2404 1468 2431 in
1489 2405 1600 2436 exteris,

1065 2439 1215 2466 Licentiatn
1234 2439 1340 2471 dantes,
1356 2443 1386 2465 ut
1403 2439 1539 2473 accipiant
1553 2439 1654 2467 datam.

1101 2473 1181 2501 Tales
1196 2473 1305 2508 quidem
1319 2473 1458 2510 illi;rt‘orte
1479 2474 1525 2501 sed
1541 2475 1601 2508 puri
1623 2473 1708 2510 magis

1064 2508 1226 2542 Evaderent,
1245 2509 1272 2536 ni
1290 2509 1418 2544 splendor
1432 2510 1554 2536 obstaret
1567 2510 1670 2538 throni.

1065 2543 1132 2570 Nam
1150 2544 1226 2579 pejor
1241 2543 1354 2571 insanus
1373 2546 1401 2570 lit
1411 2552 1444 2571 ex
1457 2545 1585 2578 potentia.

1066 2580 1183 2606 Honoris
1195 2587 1292 2614 expers
1302 2579 1349 2606 sed
1364 2580 1508 2607 continens
1522 2584 1673 2614 permanet,

1064 2613 1138 2642 Fixis
1152 2613 1338 2645 humi’oculis,
1354 2614 1392 2640 nil
1408 2615 1502 2642 videns
1518 2613 1614 2649 praeter
1631 2615 1728 2648 Deum,

1065 2649 1196 2684 Discipuli
1208 2657 1303 2676 amans
1316 2650 1415 2680 locum,
1431 2650 1537 2676 videtur
1548 2650 1592 2677 cui
1602 2651 1691 2678 minor

1066 2684 1221 2719 Discipulus
1237 2685 1292 2716 ille,
1306 2685 1527 2719 qui‘magistrutn
1538 2693 1567 2712 se
1581 2686 1650 2720 gerit
1666 2696 1672 2713 :

1066 2719 1205 2755 Siquidem
1222 2724 1341 2754 potestas
1356 2727 1410 2746 non
1436 2720 1494 2747 loco
1521 2721 1707 2755 cognoscitur.

1065 2754 1172 2789 Ergone
1187 2755 1321 2790 malignus
1339 2759 1411 2782 tanta
1423 2762 1473 2782 nos
1488 2754 1672 2790 interpolesti

1067 2789 1112 2816 Sic
1136 2789 1246 2824 perfidis
1263 2790 1340 2817 dolos
1365 2791 1446 2817 struit
1459 2789 1598 2822 versutiis,

1064 2826 1132 2860 tium
1145 2830 1278 2859 prmparat
1296 2825 1401 2860 plebem
1417 2825 1457 2852 vel
1473 2825 1567 2852 urbem
1584 2825 1708 2860 perdere.

1065 2859 1124 2888 Non
1135 2867 1270 2896 quemque
1286 2859 1388 2898 Solum“
1399 2863 1494 2895 tcntat,
1515 2865 1544 2888 at
1560 2859 1669 2890 brevem
1684 2860 1772 2897 magis
