1953 3042
187 148 254 177 1219

186 208 218 234 Εἰ
235 206 263 232 δὲ
279 203 437 240 κράτιστος,
452 200 528 233 αὖθις
546 203 575 228 ὲν
589 201 677 236 στόλῳ
692 201 777 237 πυρὸς

186 253 240 280 725
261 249 420 285 Ἦγουμένῳ
435 248 558 284 πορεύετ*
581 247 689 283 Ἰσραὴλ
709 247 796 282 μέγας

186 297 259 332 Πρὸς
275 297 308 331 ἥν
323 295 442 326 ἅπαντες
458 293 607 328 σπεύδομεν
626 293 678 327 γῆν
694 292 816 324 ἐλπίδος,

187 341 247 368 Κᾶν
265 341 302 376 μὴ
322 338 428 366 κυκλῶν
444 347 485 369 τις
495 358 502 369 ,
521 337 582 372 μηδ’
596 337 724 372 ἀγοραῖος
742 337 779 362 ὣν
795 336 880 371 τύχοι,

188 386 317 422 Πρωτεὺς
333 384 461 419 σοφιστὴς
474 384 514 414 εἰς
525 382 627 414 κλοπὰς
641 383 841 417 μορφωμάτων,

189 432 224 458 Ἦ
238 432 283 458 καὶ
299 431 483 465 Μελάμπους,
498 430 515 464 ἣ
534 437 576 460 τις
590 428 668 459 ἄλλος
684 428 799 460 data-.0;
811 448 818 459 ,

190 477 242 504 750
255 478 340 504 Πᾶσιν
354 476 388 502 τὰ
400 476 487 502 πάντα
505 474 604 510 ῥᾳδίως
618 473 787 508 τυπούμενος
797 492 804 505 ,

190 524 262 558 Πρὸς
277 523 326 558 τὴν
345 522 471 548 ἁπάντων
481 520 582 555 ἁθρόαν
595 519 797 554 καταστροφήν.

191 567 254 598 Πῶς
266 565 312 592 οὖν
325 566 458 600 ἄχρηστον
469 585 476 596 ,
494 564 553 590 εἰπέ
571 573 615 599 μοι
628 584 635 595 ,
653 563 746 590 τοῦτον
759 563 851 595 καλεῖς
862 583 869 595 ,

191 612 264 648 Πρὸς
276 612 305 638 ὃν
319 611 462 646 βλέποντες
479 610 598 645 βελτίους
617 608 752 643 γενοίμεθ’
769 609 818 641 iv;

193 659 227 685 Ἦ
240 658 298 690 πῶς
309 658 419 693 ἄριστον
436 656 592 692 προστάτην
606 656 653 682 καὶ
667 655 764 688 δεξιὸν,

192 705 244 732 755
258 705 328 740 Πρὸς
348 704 376 731 ὃν
394 703 499 739 βλέπων
514 702 546 728 σὺ
560 722 567 733 ,
583 702 645 733 τοὺς
658 702 740 737 εμοὺς
751 701 907 732 διαπτύεις;

192 751 229 777 τό
248 759 288 779 τοι
303 750 428 786 περιττὸν
443 749 490 776 καὶ
506 747 657 784 πρόσαντες
668 748 726 778 τοῖς
741 747 832 782 σοφοῖς
845 755 851 761 ·

521 145 549 172 S.
570 143 735 172 GREGORll
754 142 878 170 TllEOL.
897 141 1078 171 CARMINUM
1097 141 1198 170 LIBER
1229 142 1260 170 ll.
1279 142 1473 170 HISTORICA.

1749 142 1820 173 12Ξο

987 203 1009 231 Α
1025 199 1061 226 Τὸ
1076 199 1099 226 δ’
1115 200 1224 234 εὐγενὲς
1241 200 1356 235 μάλιπα
1370 199 1566 226 πιθανώτατον.

1034 247 1041 255 1
1098 247 1109 253 ι-
1181 245 1191 253 II
1261 245 1273 253 α
1414 245 1419 254 1
1497 241 1510 253 ’1
1590 243 1596 252 ν
1650 243 1656 253 Ι

1043 246 1153 277 Εκεινος
1165 253 1239 281 ειης,
1256 255 1294 277 ως
1310 254 1356 271 σου
1373 254 1444 280 φρην
1457 265 1465 276 ,
1482 253 1559 275 ουτος
1574 244 1588 270 δ
1608 244 1672 278 ἐγω.

1027 289 1064 317 Ἦ
1082 292 1129 317 καὶ
1142 291 1269 326 γραφέων
1283 291 1394 326 ἄριστος
1410 288 1487 321 οὗτός
1504 298 1546 316 σοι
1559 290 1646 320 δοκεῖ,

1028 337 1080 363 ’ΜΟ
1092 338 1147 372 Οὐχ
1168 337 1197 368 ὂς
1211 337 1310 372 γράφει
1325 337 1461 371 κινούμεν¹
1475 336 1568 367 ἁπλοῖς
1578 336 1714 371 χρώμασι,

1029 382 1122 415 Ζεῦξίς
1137 391 1195 414 τις,
1213 383 1229 418 ἢ
1246 382 1431 416 Πολύκλειτος,
1447 383 1463 417 ἡ
1478 391 1521 413 τις
1540 382 1699 417 Εὐφράνωρ,

1035 429 1104 455 Ἀλλ’
1119 429 1147 460 ὃς
1166 429 1214 464 μὲν
1226 429 1358 464 ἀνθηραῖς
1374 438 1403 455 τε
1420 429 1467 455 καὶ
1483 428 1658 459 παντασκὶοις

1030 475 1133 509 Baga-ti;
1143 476 1253 510 ἄμορφα
1272 475 1373 510 σώματ’
1386 474 1572 510 ἐξεργάζεται,

1028 517 1080 547 Ὧν
1093 521 1266 556 Καλλίμαχος
1280 542 1287 551 .
1304 522 1350 548 καὶ
1365 521 1468 552 Κάλαϊς
1484 521 1569 556 ἧττην
1580 539 1587 551 ,
1600 520 1636 551 ὡς
1651 519 1732 551 δοκῶ,

1030 567 1082 594 745
1095 568 1182 602 tum;
1193 567 1345 602 γράφοντες
1359 566 1465 598 εἰκόνας
1480 566 1534 593 τῶν
1548 566 1675 598 εἰκόνωνς

1030 613 1155 644 Τοιοῦτός
1169 613 1226 639 ἐστι
1239 614 1292 643 πᾶς
1307 612 1376 647 ἀνὴρ
1391 611 1567 647 πολύτροπος.

1066 657 1148 684 Ταῦτ’
1167 655 1212 684 οὖν
1227 657 1298 693 ὀρῶν
1309 657 1425 692 ἕκαμνες
1438 657 1527 692 εὑρεῖν
1541 655 1664 690 ποιμένα.

1036 701 1080 733 Ὧς
1096 702 1193 737 μικρὸν
1206 701 1394 732 ἐσπούδακαςῑ
1414 700 1629 736 ἐγκαλύπτομαι.

1031 746 1137 782 ’Ὠσπερ
1149 747 1277 782 λογιστὴν
1291 747 1418 778 ὲσκόπεις
1433 747 1478 773 τὸν
1490 746 1654 782 προστάτην.

442 825 521 858 Quod
537 825 559 852 si
572 825 701 859 optimus,
716 831 811 851 rursus
824 824 950 851 columna
966 823 1037 859 ignis

444 861 495 887 725
510 859 789 894 Ρι-ιξῑοιιιιιε,σιιιίιεηυε
804 859 885 886 Israel
902 859 1092 893 proficiscitur,

442 895 483 922 Ad
499 903 580 929 quam
595 901 690 921 omnes
702 902 880 930 properamus
895 898 996 930 terram
1009 896 1078 930 spei,

443 930 574 966 Quamvis
591 938 650 966 non
659 930 695 956 sit
710 929 863 966 in_circuli's
879 933 909 966 et
925 929 951 956 in
969 929 1026 956 foro
1040 930 1154 956 multum
1167 933 1303 961 versatus,

443 963 564 992 Proteus'
574 964 696 998 sophista
716 964 749 990 ad
768 964 882 991 furtivas
898 963 1045 991 formarum
1064 965 1237 994 mutationes.

442 1000 631 1035 διε-819
649 999 702 1035 Aut
714 999 795 1026 etiam
811 999 1112 1035 M_elampl.ls.iautalius
1125 1000 1274 1033 instabilis,

445 1033 496 1062 πῖ)
504 1033 652 1062 ’ῖιιέιῆίεε
667 1034 700 1061 ad
715 1041 811 1061 omnes
827 1033 928 1061 formas
942 1034 1082 1069 efﬁngens,

444 1070 619 1104 Quaecunque
634 1069 756 1097 evenerit
772 1069 862 1096 subita
875 1077 965 1095 rerum
982 1071 1106 1097 mutatio.

444 1105 586 1138 Quomodo
601 1112 677 1139 ergo.
696 1104 740 1131 dic
754 1104 831 1136 mihi,
848 1104 970 1131 inutilem
986 1104 1062 1132 illum
1077 1113 1170 1138 vocas,

444 1140 475 1167 In
488 1148 568 1176 quem
581 1140 723 1176 intuentes
733 1139 836 1167 erimus
850 1139 997 1166 meliores?

445 1175 503 1202 Aut
516 1175 652 1210 quomodo
669 1175 804 1210 optimum
818 1179 845 1202 et
859 1182 978 1209 gnavum
996 1175 1158 1207 antistitem,

445 1211 500 1239 755
518 1209 559 1237 Ad
570 1218 651 1245 quem
665 1214 694 1237 tu
709 1209 966 1245 respicienstmeos
980 1210 1112 1244 despuis?

446 1245 535 1272 Nimia
552 1244 674 1280 profecto
691 1245 837 1280 garrulitas
852 1244 946 1272 odiosa
959 1249 1000 1272 est
1010 1245 1197 1280 sapientibus;

447 1279 566 1315 lngenua
577 1285 667 1308 autent
678 1280 766 1315 oratio
779 1280 812 1306 ad
826 1279 1049 1314 persuadendum
1062 1281 1196 1315 apposita.

449 1314 493 1343 Sis
504 1316 550 1342 ille
563 1320 604 1348 tu,
619 1319 648 1342 ut
661 1319 724 1342 tuus
737 1314 789 1341 fert
800 1315 918 1346 animus,
935 1322 985 1349 ego
1002 1316 1045 1342 hic
1060 1314 1118 1343 ero.

448 1352 490 1378 An
506 1351 640 1385 pictorum
656 1350 961 1385 tibi'prrestantissimus
975 1350 1021 1377 ille
1033 1351 1150 1382 videtur,

449 1383 577 1421 ἨθξΝοιι
589 1385 636 1421 qui
647 1386 708 1412 viva
718 1383 993 1421 'pingit_simplicibus
1005 1386 1154 1417 coloribus,

451 1420 487 1448 Ut
502 1418 606 1448 Zeuxis
614 1418 736 1454 quidam}
751 1418 797 1446 aut
812 1418 976 1455 Polycletus,
992 1425 1039 1447 aut
1049 1421 1218 1456 Euphranor.

451 1455 505 1483 Sed
520 1457 566 1490 qui
585 1455 688 1482 ﬂoridis
700 1459 727 1482 et
744 1462 879 1489 nusquam
895 1456 1032 1483 umbrosis

450 1490 598 1518 Coloribus
612 1491 739 1518 informia
751 1490 880 1526 exprimit
895 1497 1023 1526 corpora,

450 1525 550 1559 Quales
565 1525 747 1554 Callimachus
761 1529 788 1552 et
802 1525 891 1553 Calais
907 1525 994 1556 fuere.
1010 1530 1038 1552 ut
1050 1525 1116 1552 mihi
1128 1526 1238 1560 quidem
1255 1525 1372 1558 videtur,

451 1561 503 1588 745
522 1562 574 1593 Qui
590 1561 635 1588 vix
649 1561 782 1595 imagines
794 1560 943 1594 imaginum
959 1561 1128 1589 efliciebant?

450 1595 524 1622 Talis
541 1601 584 1623 est
599 1596 689 1623 omnis
702 1596 785 1623 homo
799 1600 937 1623 versutus.

486 1630 550 1658 Haec
563 1631 586 1658 si
602 1631 802 1662 considerares,
818 1630 846 1666 in
858 1631 1022 1658 inveniendo
1037 1631 1158 1659 antistite
1175 1631 1296 1659 laborem
1313 1631 1476 1666 susciperes.

449 1666 484 1701 1}}
495 1673 576 1700 quam
589 1674 686 1701 parum
702 1665 848 1692 laborasti!
870 1666 1013 1693 erubesco.

452 1699 540 1728 Veluti
560 1699 782 1729 ratiocinatorem
799 1707 861 1729 esse
875 1701 1027 1729 antistitem
1041 1702 1225 1729 existimares.

239 1788 289 1815 727
310 1787 448 1824 ιέυκλῶν.
470 1788 517 1816 Sic
539 1788 625 1816 Coisl.
643 1793 671 1816 et
691 1789 897 1821 Leuvenclaius,
925 1797 988 1824 pro-

203 1823 303 1855 batque
318 1822 431 1851 Tollius.
445 1824 518 1851 Edit.
531 1823 633 1855 κυκῶν,
651 1824 826 1852 turbulentus.

239 1858 292 1886 729
307 1858 502 1893 Μελάμπους,
518 1859 570 1891 Qui
588 1862 615 1894 et
634 1859 693 1894 ipse
715 1861 751 1892 in,
760 1860 851 1887 varias
871 1867 901 1887 se
921 1859 990 1894 ﬁgu-

204 1901 250 1922 ras
265 1899 371 1922 mutare
385 1898 509 1926 noverat,
525 1899 554 1920 ut
565 1894 592 1920 in
606 1893 705 1921 fabulis
713 1899 766 1922 est.
781 1894 866 1923 TOLL.

205 1929 292 1992 ⁷1350
312 1928 410 1956 Πᾶσιν
428 1929 463 1956 τὰ
478 1929 584 1956 πάντα.
605 1928 645 1955 Ita
663 1936 748 1956 carm.
774 1930 902 1965 praeced.,
918 1937 990 1957 vers.

242 1999 293 2026 756
314 1999 353 2026 Τό
363 1999 511 2027 tot.Coisl.
525 2000 552 2026 τί
569 2009 619 2028 τοι.
633 1999 722 2032 Quid?
739 1999 811 2027 Num
823 2001 906 2027 nimia
922 2009 991 2035 gar—

205 2034 313 2066 rulitas,
327 2042 385 2069 qua:
399 2035 561 2069 sapientibus
576 2041 614 2062 est
632 2035 736 2065 odiosa.
749 2044 784 2062 an
801 2044 860 2063 vero
878 2034 991 2070 ingenua

207 2070 294 2105 gratio
315 2069 349 2096 ad
363 2070 572 2104 persuadendum
589 2071 672 2105 magis
687 2071 781 2097 idonea
808 2071 856 2098 tibi
872 2071 993 2098 videtur?

207 2103 275 2132 Vide
287 2103 368 2136 infra,
381 2113 453 2132 vers.
469 2105 530 2137 765,
546 2110 600 2133 etc.
614 2103 698 2133 ToLL.

243 2139 472 2184 333599913712.
492 2139 585 2184 tloisl.‘
597 2141 639 2184 at}:
659 2140 822 2184 Suspicatur
841 2145 868 2184 et
881 2140 991 2184 qnidem

206 2179 281 2210 recte
297 2174 399 2206 Tollius
414 2175 555 2210 legendum
578 2177 680 2208 ἐκεῖνος
696 2174 739 2210 εἴη
750 2195 758 2208 ,
772 2176 811 2208 ὡς
827 2177 859 2203 σὺ
876 2176 940 2210 φῆς,
957 2176 991 2202 sit

207 2209 253 2238 ille
266 2209 370 2244 qualem
389 2209 451 2237 curri
464 2210 603 2244 prwdicas.

243 2219 253 2236 ε
266 2219 370 2244 quatem
389 2219 448 2237 eum
482 2219 603 2238 rwaicas.

243 2245 295 2271 742
313 2219 522 2279 Παντασκῆης.
536 2246 639 2280 Apricis
659 2245 801 2273 coloribus.
819 2245 903 2274 Leuv.

243 2280 295 2308 745
308 2281 446 2315 Ἀμορφα.
461 2281 559 2308 Anima
570 2282 698 2313 carentia,
716 2288 776 2316 quae
793 2282 918 2316 corporis
934 2280 990 2308 for-

1042 1797 1086 1816 ma
1101 1793 1143 1816 est
1158 1793 1185 1816 et
1205 1789 1270 1821 vita,
1292 1796 1345 1823 qua
1366 1788 1552 1815 destituuntur
1568 1788 1670 1819 εἰκόνες
1685 1787 1738 1814 τῶν
1751 1788 1823 1814 εἰκό-

1042 1833 1106 1852 νων.
1122 1824 1205 1851 Τοιι..
1215 1822 1465 1858 ΕοίδΙῘάμόρφωτα
1480 1823 1583 1857 σώματ’
1598 1822 1750 1858 ἐργάζεται.

1077 1859 1130 1886 7M
1149 1857 1349 1893 Καλλίμαχοςί.
1364 1857 1438 1891 Vide,
1457 1859 1480 1885 si
1496 1859 1548 1890 vis,
1561 1857 1678 1884 Plinium
1694 1858 1721 1885 in
1736 1859 1826 1885 Minoa

1043 1895 1084 1920 ria
1101 1894 1229 1926 naturali,
1243 1895 1288 1921 ubi
1304 1894 1364 1920 fuse
1382 1894 1415 1921 de
1440 1894 1590 1929 pictoribus
1612 1897 1712 1920 tractat
1728 1898 1754 1920 et
1768 1895 1826 1921 dis-

1043 1931 1120 1956 serit.

1076 1965 1128 1992 746
1147 1965 1348 1999 Πολύτροπος.
1369 1964 1458 1991 Protei
1474 1965 1562 1992 instar
1583 1963 1733 1996 mutabilis,
1751 1971 1824 1990 nun-

1041 2007 1123 2034 quam
1138 2000 1219 2033 idem,
1233 1998 1398 2028 cbamzeleon
1414 2000 1517 2034 passim
1537 1998 1642 2026 colores
1655 2003 1778 2032 mutans,
1797 2003 1825 2026 ut

1042 2035 1123 2070 paulo
1141 2041 1203 2062 ante
1218 2035 1295 2062 dixit.
1315 2036 1398 2063 ToLL.

1079 2069 1132 2097 748
1149 2071 1397 2105 Ἐγκ(ι.1ύπτομαι.
1414 2070 1491 2102 Quod
1507 2069 1631 2098 solebant
1646 2069 1665 2096 ii
1679 2068 1769 2097 facere
1780 2069 1828 2104 qui

1044 2106 1148 2140 pudore
1163 2106 1359 2133 adiciebantur.
1375 2105 1458 2133 TOLL.

1080 2141 1131 2168 749
1149 2141 1264 2174 Ὥσπερ
1276 2141 1431 2176 λογιστήν.
1448 2141 1476 2168 Id
1491 2145 1543 2173 est,
1553 2140 1603 2176 qui
1620 2144 1721 2176 tantum
1734 2147 1827 2176 curant

1042 2180 1140 2211 gereret
1169 2176 1301 2203 redimunt
1329 2175 1454 2203 Ecclesia:
1478 2185 1488 2203 :
1514 2175 1668 2210 cujusmodi
1704 2175 1829 2211 homines

1043 2210 1149 2247 astutos
1170 2215 1197 2238 et
1211 2211 1303 2238 vafros
1317 2219 1377 2238 esse
1386 2215 1506 2247 reportet,
1528 2215 1557 2238 ut
1572 2211 1664 2246 supra,
1679 2217 1749 2238 vers.
1766 2210 1828 2247 709,

1044 2246 1208 2281 εὐστρόφους
1221 2247 1249 2273 ὲν
1266 2248 1321 2278 τοῖς
1338 2246 1508 2282 πράγμασιν.

849 2359 1014 2392 METRICA
1033 2359 1180 2389 VERSIO.

211 2440 264 2468 Sed
283 2440 306 2468 si
322 2440 411 2468 bonus
424 2439 512 2472 adest,
528 2447 624 2467 rursus
639 2439 671 2466 ad
683 2440 771 2467 lucem
786 2447 862 2467 nova:

210 2475 284 2511 Ignis
297 2476 441 2507 columnae,
457 2476 532 2503 vadit
547 2476 642 2510 ingens
658 2475 750 2506 Israel,

209 2509 250 2538 Kd
264 2518 345 2545 quam
360 2511 435 2538 citati
447 2509 587 2545 pergimus
599 2515 699 2537 terram
717 2509 784 2545 spei,

209 2545 288 2574 Licet
304 2547 330 2573 in
347 2545 406 2573 foro
421 2546 463 2573 vel
481 2545 592 2573 circulis
611 2553 665 2573 non
680 2546 716 2573 sit
731 2547 871 2579 frequens.

210 2581 325 2608 Proteus
339 2581 462 2615 sophista
476 2580 590 2608 formam
607 2579 641 2607 ad
655 2587 762 2607 omnem
776 2580 896 2612 mobilis,

211 2616 360 2651 Melampus
373 2617 451 2647 alter,
466 2617 533 2643 alter
550 2619 597 2641 aut
619 2615 765 2651 instabilis,

211 2650 332 2679 Mutatus
348 2651 466 2678 alternas
482 2651 581 2686 figuras
600 2650 728 2682 induens,

211 2687 280 2714 Cum
295 2686 384 2714 subita
400 2693 491 2713 rerum
503 2685 613 2713 "venerit
631 2685 784 2713 conversio.

211 2721 274 2755 Qui,
292 2721 336 2748 dic
350 2721 428 2752 mihi,
444 2721 534 2747 virum
545 2728 627 2747 voces
643 2720 776 2752 inutilem,

211 2757 272 2789 Quo
284 2756 400 2791 quisque
413 2756 472 2783 viso
487 2756 515 2782 fit
529 2756 620 2782 statim
638 2755 828 2790 praestantior?

211 2791 366 2819 Gnarumve
382 2791 449 2818 dicis
466 2791 653 2825 optimumque
667 2791 821 2825 prresulem,

211 2826 298 2859 Quem
314 2830 342 2853 tu
358 2826 462 2857 Videns.
475 2829 586 2860 repente
601 2830 709 2852 nostros
726 2825 857 2859 despuis?

210 2859 280 2893 Nam
295 2861 376 2890 nimia
389 2859 515 2900 displicet
527 2861 676 2897 loquacitas
689 2860 785 2897 sopho,

1013 2444 1034 2471 Β
1050 2439 1168 2476 Simplex
1183 2440 1229 2468 sed
1245 2444 1286 2467 est
1298 2440 1405 2476 loquela
1420 2440 1550 2468 suadendi
1566 2445 1672 2475 potens.

1050 2475 1128 2502 Hunc
1142 2483 1202 2502 esse
1216 2477 1362 2507 contendo,
1381 2476 1425 2503 ille
1439 2476 1477 2503 sis
1492 2480 1531 2506 tu.
1547 2477 1569 2503 si
1582 2477 1659 2503 velis.

1049 2511 1090 2546 An
1107 2511 1156 2537 tibi
1171 2510 1278 2537 videtur
1291 2519 1352 2538 esse
1370 2511 1458 2546 pictor
1474 2511 1602 2545 inclytus,

1049 2545 1108 2581 μοι]
1126 2545 1173 2580 qui
1189 2546 1278 2573 colore
1293 2547 1353 2573 viva
1370 2546 1458 2581 pingit
1471 2546 1601 2580 simplici,

1049 2580 1215 2616 Polycletus.
1232 2585 1278 2607 aut
1295 2580 1467 2616 Euphranor,
1488 2587 1535 2607 aut
1553 2581 1652 2609 Zeuxis
1663 2589 1769 2616 notus;

1049 2615 1100 2648 Qui
1118 2616 1222 2643 floridis
1238 2624 1314 2647 vero,
1329 2615 1526 2643 iiec‘uuibrosis
1540 2617 1649 2650 quidem

1050 2651 1167 2678 biforme
1185 2659 1284 2686 corpus
1298 2652 1424 2686 exprimit
1435 2651 1584 2683 coloribus.

1050 2686 1237 2721 Callimachus
1253 2688 1322 2714 alter
1334 2692 1361 2713 et
1372 2687 1472 2718 Calais,
1491 2690 1521 2713 ut
1538 2687 1638 2721 sentio,

1049 2720 1100 2756 Qui
1118 2721 1160 2748 vix
1176 2722 1308 2756 imagines
1320 2722 1420 2748 dabant
1437 2722 1605 2756 imaginum?

1051 2754 1126 2783 Talis
1141 2754 1263 2790 profecto
1277 2757 1323 2791 qui
1337 2757 1391 2783 ibet
1408 2757 1448 2783 vir
1464 2754 1591 2783 callidus.

1087 2791 1149 2818 Hmc
1162 2792 1296 2826 cogitans,
1311 2791 1403 2819 labore
1416 2792 1500 2818 multo
1516 2799 1652 2826 qumreres

1051 2827 1217 2853 Antistitenl.
1233 2826 1286 2854 Sed
1300 2827 1367 2861 proh
1384 2827 1486 2861 pudor!
1502 2826 1567 2858 Quae
1578 2826 1722 2861 tarditasl'

1051 2861 1281 2893 Ratiocinatorcm
1295 2869 1356 2891 esse
1368 2861 1457 2891 credis
1472 2862 1625 2901 praesulem,
