1953 3042
199 100 264 128 1231

551 98 578 125 S.
599 95 761 125 GR'EGORll
781 97 904 126 TllEOL.
925 97 1108 125 CARMINUM
1129 96 1227 123 UBE“
1249 96 1281 125 Il.
1302 96 1496 124 IllSTORlC.\.

1750 99 1821 128 1232

205 162 291 194 ’ἰᾷξέτι
305 159 352 186 τοῦ
369 160 412 186 ὅτε
429 157 536 194 πρῶτον
556 158 640 193 Ἀδὰμ
658 158 737 193 βάλεν
759 159 790 185 ὲκ
806 159 980 194 παραδείσου,
997 160 1018 188 Α
1034 156 1137 191 Βλάψεν
1151 157 1255 192 ἀῖδρείη
1270 157 1448 192 σημάντορος.
1465 155 1555 182 Εἱδὸσι
1571 155 1654 190 μῦθος

195 206 233 234 45
251 206 327 240 Ζωῆς
342 206 365 232 τ’
377 204 521 235 ἀθανάτου,
539 204 639 238 κλέψας
652 205 781 239 δηλήμονι
797 205 903 240 καρπῷ,

197 253 253 280 Καὶ
270 252 377 283 πολλοῖς
392 251 534 286 κρατεροῖς
547 258 576 276 τε
593 250 754 285 τινάγμασιν
771 251 827 277 αἰὲν
844 251 960 282 ἁτάζων,

197 297 236 325 Οὐ
253 297 356 328 σθένεν,
370 296 407 328 ὼς
424 295 578 326 ποΟέεο-κεν,
593 295 652 321 ὅλον
669 295 755 329 γένος,
773 293 825 321 οἷσι
842 295 944 330 δήλοισι

197 343 266 374 Γνὺξ
277 342 382 377 βαλέειν
397 340 526 375 (σπινθὴρ
540 341 568 367 δὲ
582 340 672 374 λόγου,
687 341 733 366 καὶ
744 341 846 376 πυρσὸς
859 341 977 376 ἁερῦεὶς,

198 390 291 415 Πᾶσαν
304 388 441 423 ἐπέδραμε
457 388 536 421 γαῖαν
554 387 683 421 ἀοίδιμος,
698 388 721 412 οἱ
740 386 768 412 δὲ
783 387 894 414 διῶκται

198 435 231 462 50
251 434 305 461 Καὶ
319 434 398 460 πλέον
413 432 555 468 ἐστήριξαν
570 432 756 467 ἁεθλοφόροισι
770 433 928 467 παγέντας),

197 480 326 515 Δεύτερον
339 478 437 514 εὕρατο
453 478 537 514 μῆχος
551 478 706 504 ἐπίκλοπον.
717 478 759 509 Ὦς
778 479 891 513 στρατὸν
913 479 982 513 ἔγνω

197 525 348 561 Καρτερὺν,
365 524 517 560 ήγητῆρσιν
532 523 628 550 ὀλοίῖον
644 523 760 558 ἔμϐαλεν
774 523 860 558 ἔχθος.

196 572 252 599 Καὶ
262 573 326 606 γὰρ.
336 570 403 605 ὀιγοῦ
412 570 565 601 πίπτοντος,
573 570 631 600 ὅλος
643 569 756 604 στρατὸς
769 569 797 600 ἐς
807 569 887 604 χθόνα
897 570 978 596 νεύει.

196 617 364 652 Ποντοπόρον
375 617 403 643 δέ
419 625 448 642 τε
466 616 518 651 νῆα
533 616 616 647 κακὸς
633 615 761 650 πρήνιξεν
778 617 873 651 ἀήτης,

196 663 231 690 55
249 663 284 689 ’Ἡ
301 662 470 689 σκοπέλοισιν
484 661 556 694 ἔαξε,
572 661 772 697 κυϐερνητῆρος
790 663 910 698 ἄτερθεν,

199 709 278 741 Ὦςδὲ
286 709 381 744 δόμους
390 718 430 741 τε,
440 708 530 739 πόλεις
538 716 578 742 τε,
589 708 695 743 χόρους,
705 707 778 742 βόας,
791 709 910 744 ἅρματα,
922 710 979 737 πῶῦ

1040 203 1191 237 Ἥμετέρην
1211 203 1320 237 κακίην,
1337 202 1430 229 ὁπόσοι
1442 202 1516 228 λαοῖο
1532 202 1668 237 πρόεδροι.

1071 248 1175 284 Πρόσθε
1185 248 1234 283 μὲν
1243 248 1427 284 ἁνδροφόνοισι
1437 249 1525 283 φυγῆς
1538 248 1684 284 πτολίεθρα
1695 249 1793 277 τέτακτ

1033 294 1067 321 60
1087 295 1141 322 Καὶ
1157 295 1244 330 χῶρός
1257 303 1297 326 τις
1313 295 1360 330 ἕην
1375 295 1580 330 ἀποπομπαίοις
1595 295 1714 328 θυέεσσι,

1033 341 1086 367 Καί
1101 350 1141 373 τις
1158 342 1205 368 καὶ
1220 342 1332 377 πικρίης
1348 342 1394 369 καὶ
1407 342 1523 377 αἵματος
1538 342 1704 370 ὑστατίοισιν

1034 388 1165 423 ’Πμασιν,
1183 386 1211 415 οἷ
1224 389 1349 424 Χριστοῖο
1364 389 1531 424 κακόιρρονες
1548 389 1715 422 ἐξεχένωσαν

1030 433 1133 461 Μισοὸν
1150 434 1293 469 ἀτιμήτοιο
1312 434 1395 461 κακὸν
1409 434 1456 460 καὶ
1473 434 1568 460 τυτθὸν
1582 434 1699 470 ἔχοντες,

1031 478 1068 504 Οὖ
1081 488 1106 505 τι
1119 479 1168 514 μὲν
1183 480 1211 512 ἐξ
1229 481 1365 512 ἀέκοντος,
1381 480 1441 506 ἐπεὶ
1457 480 1522 512 Θεός
1534 481 1606 507 ἐστιν
1619 481 1737 514 ἄληπτος

1031 524 1066 551 65
1076 525 1210 560 Χείρεσιν,
1223 524 1278 552 εὖτ’
1288 525 1426 561 ἐϐέλῃσιν’
1441 526 1510 562 ἀτάρ
1530 535 1561 560 γε
1578 526 1626 562 μὲν
1642 525 1816 559 ἐξεκέιιωσαν.

1032 571 1088 598 Νῦν
1105 572 1126 598 δ’
1139 572 1186 598 ἕνα
1200 573 1288 608 χῶρον
1305 573 1392 599 ἴσασιν
1406 573 1572 609 ἀτασθαλίης
1586 582 1614 600 τε
1635 573 1718 608 μόρου
1735 582 1765 600 τε

1033 619 1146 651 Πάντες,
1162 620 1217 646 ὅσοι
1236 618 1317 650 ξεῖνοί
1330 628 1359 646 τε
1382 620 1428 646 καὶ
1443 619 1537 655 ἕρκεος
1549 620 1701 655 ἡμετέροιο,

1034 665 1069 691 Τὸ
1086 665 1183 691 σεπτὸν
1196 665 1339 700 τοπάροιθε
1356 665 1445 701 σοφῶν
1462 666 1530 697 ἕδος,
1548 666 1628 702 ἕρκος
1643 665 1772 700 ἀρίστων,

1033 711 1111 746 Βῆμα
1128 711 1179 737 τόδ’
1190 711 1350 746 ἁγγελικῇσι
1367 711 1556 748 χηροστασίῃσι
1573 711 1695 746 τεθηλὸς,

458 786 496 813 Ex
511 795 565 821 quo
583 786 698 821 primum
715 786 799 814 Adam
817 788 895 821 ejecit
912 796 927 815 c
941 789 1066 821 paradiso

457 823 492 858 747.5
509 822 541 849 Et
556 824 609 849 vita
622 827 732 854 aeterna,
745 823 861 858 exitiose
877 824 966 850 fructu
981 825 1128 858 decipiens,

457 857 508 893 llic
520 866 580 884 cum
599 858 690 884 multis
703 861 730 884 et
751 857 848 886 validis
863 866 968 892 semper
987 857 1135 887 assultibus
1154 864 1320 893 concuteret,

456 892 511 933 ᾕρεε
527 897 628 933 posset,
643 897 670 919 ut
688 892 995 933 cupiebat,_universum
1013 902 1103 933 genus
1111 895 1179 933 dolis
1197 897 1253 922 suis

457 927 536 954 Humi
550 932 673 954 sternere
687 927 760 961 (nam
777 928 852 955 verbi
866 929 984 956 scintilla
999 927 1025 956 et
1038 929 1079 956 fax
1097 930 1123 956 in
1142 931 1226 957 altum
1239 930 1346 958 sublata

456 962 553 998 Totum
566 963 659 998 orbem
673 962 788 997 gloriose
804 964 947 997 percurrit,
963 971 989 991 et
1004 969 1192 998 persecutores

456 997 490 1035 ξι)
501 997 593 1035 Robur
609 997 770 1035 addiderunt
785 998 828 1035 iis,
847 1006 916 1032 quos
928 997 1075 1035 martyrum
1089 1001 1214 1035 triumphi
1230 1000 1422 1033 firmaverant),

457 1032 609 1060 Secundam
622 1033 724 1060 invenit
743 1033 869 1060 furtivam
887 1032 1124 1062 machinationem.
1143 1032 1178 1062 Ut
1194 1036 1260 1063 vidit
1270 1036 1419 1063 exercitum

457 1067 569 1095 Viribus
584 1067 740 1102 pollentem,
758 1067 874 1096 ducibus
885 1069 976 1102 injecit
991 1070 1135 1097 exitiosum
1152 1071 1255 1098 odium.

455 1102 534 1140 Nam.
551 1102 619 1130 duce
633 1102 756 1140 cadente.
778 1107 852 1140 totus
862 1105 1000 1140 exercitus
1016 1104 1041 1131 in
1062 1109 1162 1132 terram
1178 1107 1271 1140 vergit.

455 1138 529 1173 Mare
546 1143 682 1165 secantem
695 1138 815 1164 carinam
832 1138 890 1165 sine
905 1139 1085 1173 gubernatore
1102 1141 1198 1168 noxius
1212 1138 1308 1169 ventus

456 1174 492 1210 {3‘5
505 1172 673 1210 Prgcipitcm
687 1173 775 1210 dedit,
785 1179 831 1200 aut
848 1172 968 1210 scopulis
982 1174 1080 1201 illisam
1099 1174 1186 1210 fregit.

457 1207 502 1245 _Sic
515 1207 599 1245 etiam
610 1207 716 1245 domos,
735 1208 946 1245 urbes7._choros,
963 1210 1055 1240 boves,
1066 1207 1176 1242 cumis,
1189 1219 1284 1245 greges

456 1243 538 1281 bmsit
553 1242 661 1270 inscitia
673 1243 796 1281 rectoris.
812 1243 874 1270 Haec
887 1244 958 1281 dicta
970 1248 1035 1271 sunt
1050 1245 1083 1272 iis
1094 1242 1202 1280 quibus“
1211 1242 1350 1281 perspecta
1366 1249 1409 1272 est

455 1278 578 1305 Pravitas
589 1282 693 1309 nostra,
707 1279 861 1313 quicunque
881 1279 951 1313 plebi
969 1278 1130 1313 prmsuniiis.

493 1313 641 1350 Il_omicidis
655 1313 719 1350 olim
739 1313 852 1348 perfugii
868 1315 947 1350 urbes
957 1314 1095 1350 dispositm
1111 1320 1199 1350 erant,

456 1348 491 1376 60
502 1348 534 1374 Et
548 1355 613 1383 ager
625 1348 733 1383 quidam
749 1354 805 1375 erat
823 1349 975 1377 emissariis
988 1348 1124 1383 victimis;

457 1383 568 1420 Exstitit
581 1383 661 1420 etiam
679 1383 829 1420 postremis
841 1383 936 1411 diebus
949 1391 1013 1420 ager
1032 1385 1130 1420 aliquis
1145 1386 1303 1414 acerbitatis

457 1418 497 1456 Et
509 1418 660 1456 sanguinis,
674 1418 718 1446 ubi
730 1418 831 1456 Christi
844 1418 1055 1454 contemptores,
1070 1418 1183 1455 pravum
1198 1426 1224 1448 et
1235 1423 1360 1456 exiguum

459 1453 543 1485 Illius,
558 1454 603 1488 qui
619 1461 701 1488 supra
719 1454 834 1488 pretium
843 1459 896 1487 est,
907 1453 1023 1488 pretium
1042 1453 1182 1487 habentes,
1195 1453 1358 1486 effuderunt,

458 1488 517 1515 Non
535 1489 620 1515 invito
633 1489 741 1523 quidem
757 1489 883 1522 Christo;

922 1497 971 1527 eus
984 1491 1083 1526 quippe
1098 1492 1262 1527 apprehendi
1279 1500 1332 1519 non
1350 1495 1438 1527 potest

459 1523 494 1551 65
507 1523 640 1555 Manibus,
655 1524 708 1550 nisi
723 1523 760 1550 ita
772 1523 905 1557 voluerit;
925 1525 974 1552 sed
993 1523 1082 1552 tamen
1099 1523 1264 1554 elfudcrunt.

458 1558 537 1595 l‘lunc
548 1562 637 1595 autem
651 1566 735 1585 unum
750 1563 851 1586 norunt
869 1567 965 1588 omnes
979 1560 1160 1595 improbitatis
1172 1565 1199 1588 et
1211 1562 1306 1590 mortis

458 1593 570 1625 Locum,
582 1594 736 1628 quicunque
751 1595 884 1626 extranei,
900 1599 927 1621 et
943 1603 977 1622 ex
994 1593 1087 1622 nostro
1101 1597 1175 1628 ovili,

459 1628 722 1666 Yenerapdaniphm
736 1629 1003 1666 sapientumsedem,
1015 1634 1120 1666 septum
1132 1631 1308 1666 optimorum,

457 1663 636 1699 828-829
649 1664 805 1691 Sacrarium
824 1664 953 1700 angelicis
965 1663 1056 1693 choris
1071 1663 1181 1699 ﬂoreus,

230 1721 260 1748 5t
273 1718 394 1754 Εῦράτο.
409 1719 467 1747 Duo
479 1719 564 1756 Begg7.7
576 1724 602 1747 et
613 1719 694 1747 Coisl.
711 1719 814 1756 εὓρετο.

225 1756 264 1800 756
283 1755 524 1796 'Appata,7:tdit).
549 1755 649 1791 Regius
670 1755 755 1782 codex
787 1755 840 1783 992
866 1755 976 1792 ἅρματα

194 1799 651 1866 “‘E"3‘{i§%?z£f’li}"‘éogaLm,.
666 1825 767 1866 ιειῖδριῃἰ
785 1860 793 1866 7
819 1861 826 1866 _
928 1861 944 1866 __

230 1861 263 1888 59
284 1861 416 1888 Τέτακτο.
446 1861 510 1888 Reg.
528 1861 580 1888 993
603 1860 725 1887 τέτυκτο.
744 1860 884 1888 Habebam
909 1861 974 1888 olim

194 1895 279 1923 Judaei
310 1896 433 1924 civitates
462 1895 496 1922 ad
519 1903 587 1930 quas
613 1895 754 1931 homicida:
773 1896 972 1931 perl'ugiebant.

194 1931 260 1958 Erat
279 1932 359 1959 etiam
375 1931 515 1966 rejectitiis
528 1930 647 1966 victimis
661 1938 727 1958 suus
746 1930 822 1958 locus
839 1930 971 1958 constitu.

195 1972 251 1997 tus,
266 1970 296 1993 ut
311 1966 386 1994 hirco
402 1965 545 1993 emissario
554 1965 691 2001 desertum
709 1975 716 1992 :
735 1969 762 1992 at
776 1973 848 1993 nunc
862 1967 971 2001 episco-

214 2002 263 2029 alis
289 2001 366 2029 sedes
393 2001 585 2036 sceleratorum
611 1999 732 2028 omnium
755 2007 788 2027 ac
805 1999 972 2036 perditorum

214 2009 263 2029 aus
289 2009 366 2029 sedes
393 2009 574 2028 sceleratorun

191 2009 335 2064 Bominum
349 2036 426 2064 sedes
442 2039 494 2063 cst.
511 2035 574 2062 Bill.

229 2071 261 2098 61
277 2071 398 2105 Πικρίης
407 2070 455 2098 καὶ
470 2071 602 2105 αἵματος.
621 2070 689 2106 Ager
701 2071 852 2098 acerbitatis
869 2076 893 2099 et
911 2079 973 2098 san-

1027 1722 1126 1759 guinis.
1137 1722 1239 1758 Agrum
1251 1722 1327 1750 illum
1339 1723 1477 1759 intelligit,
1489 1723 1535 1759 qui
1544 1723 1652 1759 triginta
1663 1725 1812 1759 argenteis,

1027 1765 1095 1790 quos
1107 1758 1182 1794 impii
1199 1759 1356 1786 sacerdotes
1373 1758 1450 1786 Judaa
1465 1758 1514 1794 pro
1532 1759 1637 1787 nefario
1648 1758 1811 1794 proditionis

1026 1793 1136 1826 praemio
1148 1794 1349 1830 persolverunt!
1372 1794 1400 1821 in
1419 1793 1590 1830 sepulturam
1605 1793 1810 1830 peregrinorum

1025 1827 1223 1864 eruptus'fuit.
1244 1828 1307 1855 Bill.
1335 1827 1538 1864 Longus—vero
1567 1827 1728 1862 allegorice.
1756 1830 1812 1858 imo

1025 1862 1116 1924 iﬁiflpte
1134 1862 1191 1891 haec
1215 1862 1421 1899 interpretatur,
1437 1872 1518 1900 quem
1537 1865 1653 1900 castigat
1667 1869 1695 1892 et
1711 1864 1812 1893 refellit

1049 1905 1055 1923 l
1080 1905 1131 1925 lllS.

1059 1917 1149 1960 ξξόι.
1165 1932 1210 1959 Sic
1224 1932 1306 1968 Regg.
1318 1933 1369 1961 990
1378 1937 1405 1962 et
1419 1933 1502 1969 Coisl.
1516 1933 1587 1961 Edit.
1603 1934 1626 1961 δ.
1643 1933 1810 1963 1bid.xaxd-

1024 1975 1143 2001 φρονες,
1157 1968 1276 1996 scelerati
1295 1969 1411 1996 homines
1419 1968 1487 1997 :duo
1501 1969 1584 2005 Bcgg.
1596 1973 1623 1996 et
1631 1969 1714 1998 Coisl.
1729 1972 1812 1998 κακό-

1026 2010 1196 2074 φοξξὶῖήμιις
1214 2036 1311 2074 Deerat
1328 2036 1372 2064 hic
1385 2044 1482 2064 versus
1493 2037 1521 2064 in
1537 2046 1662 2066 versxone
1679 2040 1807 2074 metrica,

1026 2072 1099 2107 quod
1114 2073 1213 2100 italicis
1225 2072 1382 2100 distinctum
1403 2073 1598 2107 supplevimus.
1624 2074 1754 2103 Catum.

841 2132 1007 2163 METRICA
1024 2132 1172 2163 VERSIO.

191 2197 259 2224 Inde
273 2204 306 2232 ex
319 2204 374 2232 quo
391 2197 508 2232 primum
521 2196 641 2230 paradisi
656 2195 720 2224 sede
735 2196 824 2228 beata,

193 2230 445 2259 Pestifero’elusum
465 2230 565 2260 fructu.
580 2231 689 2265 vitaque
700 2232 813 2265 perenni

194 2267 303 2301 Depulit
321 2267 456 2294 infelicent
469 2265 603 2301 7Adainum
615 2286 623 2297 ,
637 2274 699 2293 cum
717 2270 837 2300 tempore
854 2265 880 2292 in
901 2266 975 2293 omni

194 2300 402 2336 lmiumerisque
416 2300 503 2328 modis
513 2308 564 2328 nos
573 2301 768 2336 exagitansque
783 2308 973 2335 premensque,

195 2336 334 2363 Mortalem
350 2340 407 2362 arte
418 2343 466 2362 sua
480 2343 594 2370 prorsus
609 2339 698 2362 tamen
712 2336 771 2370 ipse
786 2336 921 2370 nequiret.

194 2371 222 2398 Id
239 2372 301 2398 licet
314 2371 442 2398 ardenter
458 2374 580 2405 cuperet,
597 2375 769 2405 prosternere
783 2376 908 2405 gentem:

194 2407 265 2439 Quin
284 2407 374 2440 potius
389 2405 449 2432 fidei
462 2405 608 2440 igniculus.
624 2405 786 2440 sublataque
801 2405 829 2432 in
841 2405 926 2432 altum

194 2441 249 2468 Fax
263 2440 342 2467 Verbi
360 2445 443 2468 totum
456 2441 571 2468 celebris
586 2443 756 2475 percurreret
768 2440 861 2467 orbem

194 2477 327 2510 (Namque
333 2477 415 2503 etiam
425 2475 531 2502 hostilis
541 2476 626 2506 furor.
635 2480 715 2510 atque
723 2475 851 2502 immania
860 2483 973 2510 quazque

195 2512 332 2546 Supplicia
350 2511 510 2537 addiderant
531 2511 629 2537 animis
648 2518 717 2537 nova
738 2510 835 2546 robora
858 2511 971 2541 nostris.

192 2544 403 2580 Ttirineiitisque
422 2545 488 2573 lides
510 2545 640 2581 gravibus
660 2552 739 2581 mage
759 2544 826 2572 fulta
842 2546 970 2580 vigebat),

191 2580 343 2608 Confestim
358 2579 422 2608 ’arte
438 2580 490 2607 alia
507 2579 550 2607 est
567 2588 642 2607 usus.
659 2579 830 2607 Firmissima
844 2579 912 2608 vidit

193 2615 228 2643 Ut
238 2621 340 2646 castra,
356 2616 525 2649 invictasque
536 2616 620 2646 acies,
633 2615 741 2642 funesta
755 2616 866 2642 dolosus

192 2651 239 2677 llle
252 2651 313 2677 odia
332 2651 425 2684 injecit
439 2650 554 2677 ducibus
567 2651 695 2685 rixasque
710 2649 842 2677 furentes.

191 2685 258 2712 Nam
273 2686 379 2712 labente
394 2686 466 2712 cadit
482 2689 568 2712 totum
582 2685 651 2712 duce
664 2685 788 2719 protinus
802 2693 897 2720 agmen
912 2696 919 2712 :

191 2722 231 2747 Ac
246 2721 325 2747 facile
336 2721 433 2748 evertit
449 2728 562 2748 vacuam
576 2725 682 2747 rectore
701 2720 835 2752 carinam,

192 2758 245 2782 Aut
255 2756 318 2782 εωνί
329 2755 415 2782 allidit
427 2756 548 2790 scopulis
559 2756 600 2783 vis
610 2763 706 2789 aspera
723 2755 795 2782 venti
811 2762 817 2780 :

192 2791 279 2824 Atque
286 2790 391 2822 deities,
399 2791 631 2824 urbesqueetiam,
640 2797 800 2824 currusque,
809 2790 970 2824 chorosque,

192 2825 394 2860 Lanigerosque
409 2833 514 2861 greges,
525 2829 703 2860 armentaque
717 2825 826 2861 pinguia
839 2826 936 2860 perdit,

992 2203 1013 2230 Β
1027 2195 1079 2229 Qui
1099 2204 1192 2232 regere
1209 2196 1266 2224 bzec
1287 2195 1384 2224 nescit.
1401 2195 1510 2231 Loquor
1527 2196 1571 2224 his
1593 2195 1695 2231 quibus
1717 2197 1808 2232 agnita

1623 2235 1716 2258 nostra
1731 2236 1775 2259 est

1025 2265 1310 2302 lmprohitas,7populi
1332 2266 1476 2302 imperium
1498 2231 1807 2302 quicundtltlgsgftefisdis.

1059 2301 1129 2328 Ante
1154 2301 1274 2336 quidem,
1288 2301 1388 2328 caedem
1401 2301 1447 2336 qui
1465 2301 1660 2336 commisisset,
1676 2301 1806 2334 habebat,

1024 2335 1053 2363 In
1066 2335 1294 2371 quibusexigeret
1308 2335 1439 2371 profugus
1455 2336 1547 2366 vitam.
1563 2335 1661 2371 oppida
1673 2336 1806 2371 quatdam.

1023 2370 1119 2399 Certus
1136 2376 1196 2399 erat
1207 2370 1295 2398 sacris
1311 2370 1405 2402 etiam,
1422 2377 1482 2405 qute
1494 2370 1587 2405 prisca
1598 2370 1703 2398 solebat

1022 2406 1077 2433 Lex
1099 2414 1257 2437 removere,
1281 2406 1357 2434 locus
1372 2415 1378 2433 :
1395 2410 1486 2433 certus
1505 2406 1581 2432 locus
1597 2410 1679 2440 atque
1700 2406 1808 2435 cruoris

1022 2441 1123 2468 Christi
1139 2446 1275 2475 postremo
1291 2449 1372 2476 quem
1390 2441 1458 2468 fudit
1475 2444 1594 2474 tempore
1613 2448 1708 2469 vecors

1022 2476 1061 2503 Ac
1078 2476 1208 2504 scelerata
1231 2483 1338 2508 manus,
1367 2477 1483 2511 pretium
1496 2483 1663 2510 parvumque
1691 2476 1807 2546 rqalum-

1026 2545 1041 2546 γ
1498 2545 1501 2546 7
1526 2545 1529 2546 7
1564 2545 1568 2546 7
1719 2519 1772 2546 que

1739 2519 1772 2539 ue

1023 2545 1087 2580 Ejus
1104 2545 1218 2578 habens,
1235 2549 1277 2574 est
1294 2546 1340 2580 qui
1358 2546 1444 2580 pretio
1461 2545 1604 2572 sublimior
1617 2546 1690 2572 omni
1706 2519 1736 2572 :lq

1021 2580 1080 2616 Non
1104 2586 1193 2608 tamen
1210 2582 1284 2608 inviti
1298 2581 1444 2616 (nolentem
1462 2581 1560 2614 quippe
1571 2585 1663 2616 tenere

1022 2615 1098 2643 Haud
1118 2623 1214 2643 manus
1225 2617 1279 2643 ulla
1294 2621 1375 2651 queat
1392 2615 1559 2649 Dominum),
1579 2615 1626 2642 sed
1643 2620 1740 2677 sRiontle
1758 2623 1805 2643 ca-

1685 2659 1718 2677 en
1734 2658 1767 2677 Is.

1685 2655 1767 2678 enus.

1022 2686 1055 2712 At
1064 2690 1158 2713 contra
1170 2693 1264 2713 omnes
1282 2686 1365 2718 hunc,
1379 2693 1426 2713 seu
1445 2689 1542 2716 nostri,
1555 2685 1612 2713 sive
1630 2679 1750 2720 profani,

1023 2721 1120 2748 Sedctn
1135 2729 1214 2747 unam
1237 2721 1293 2747 vitii
1310 2725 1410 2748 norunt
1423 2724 1450 2747 et
1467 2720 1563 2747 mortis
1583 2721 1696 2751 acerbat.

1023 2755 1106 2787 llanc,
1122 2764 1182 2789 qme
1196 2756 1336 2782 doctorum
1353 2756 1432 2782 sedes
1443 2760 1501 2783 erat
1518 2759 1580 2782 ante
1594 2756 1725 2787 virorum,

1024 2790 1056 2816 Et
1073 2792 1194 2825 gravium
1211 2791 1307 2824 pietate
1326 2791 1477 2820 hominum.
1495 2790 1611 2824 vitaque
1623 2791 1752 2824 probatae,

1022 2826 1202 2861 Angelicisque
1215 2826 1301 2853 charis
1315 2825 1412 2859 ﬂorens
1428 2825 1529 2859 insigne
1539 2825 1675 2860 sacellum,
