1953 3042
144 157 212 184 1357

146 215 194 247 ὐς
206 213 303 250 μοῦνος
315 212 427 248 νεφέλης
440 212 504 240 εῐσω
519 212 584 239 Θεὸν
599 212 711 248 ἔδρακεν
729 213 821 248 ἄντην,

143 260 212 291 Τοὺς
223 259 245 286 δ’
261 258 355 290 ἄλλους
368 258 508 286 ἐκέλευσεν
523 258 575 285 ὑπὸ
586 259 747 293 προπόδεσσι
761 259 899 294 μένοντας,

144 305 195 333 120
213 305 389 339 ’Δγνοτάτους
405 305 524 338 ἀγνοίσιν
539 304 566 330 ἐν
581 304 674 339 εἵμασι
694 305 740 330 καὶ
762 304 926 340 τρομέοντας

143 351 252 387 Μούνης
265 350 375 377 εἰσαέειν
390 350 464 385 θείης
482 349 556 382 ὀπός.
571 350 606 377 Οὐ
624 350 678 384 γὰρ
695 350 805 385 ἄμεινον

144 397 205 423 Οὐδ’
222 397 311 428 αὐτοῖς
324 395 434 431 θήρεσσι
446 396 541 421 πατεῖν
554 395 632 422 πέδον
651 395 795 430 οὐρανίοιο,

144 442 189 477 Μὴ
203 441 249 468 καὶ
261 440 467 476 ρηγνυμένοισιν
481 440 533 467 ὑπὸ
545 439 698 467 σκοπέλοισι
710 440 831 476 δαμεῖεν.

144 487 232 514 Δείδια
247 487 268 513 δ’
285 485 318 513 αὖ
339 486 440 513 παίδων
459 486 564 522 Ἀαρὼν
583 487 675 522 μόρον,
690 487 716 513 οῖ
725 488 761 522 ῥα
773 486 873 522 θυηλὰς

145 531 197 558 125
208 531 304 563 Θέντες
318 532 363 558 ἐπὶ
375 531 469 564 ξείνοιο
484 531 578 567 πυρὸς,
593 531 686 564 ξείνως
703 532 749 558 καὶ
767 531 857 559 ὄλοντο

144 578 256 609 Λύτίκα,
272 578 318 604 καὶ
332 577 416 605 θυέων
429 578 515 614 χῶρος
529 578 652 605 θανάτοιο
663 578 787 614 τελέσθη,

145 623 199 649 Καὶ
210 624 303 655 παῖδές
315 633 367 659 περ
382 624 469 656 ἐόντες
494 623 578 660 Ἀρὼν
595 624 733 660 μεγάλοιο,
748 624 894 659 δάμασθεν.

147 669 194 700 ’Ὡς
206 669 234 695 δὲ
249 670 294 696 καὶ
313 670 460 707 Ἡλείδῃσιν
472 670 590 706 ὲπέχραε
609 670 706 705 λυγρὸς
722 670 841 706 ὄλεθρος,

150 714 292 747 Ἦλείδαις,
310 715 350 742 ὅτι
365 715 467 751 μάργον
479 715 538 750 ἔχον
552 716 620 742 νόον.
632 713 670 741 Ἦ
683 715 736 751 γὰρ
753 715 863 742 ἔϐαλλον

145 760 196 786 150
206 760 261 795 Οὐχ
276 760 349 796 ἱερὰς
363 761 490 796 παλάμας
507 761 586 796 ἱερῶν
601 759 755 796 καθύπερθε
769 760 899 796 λεσήτων.

145 804 211 831 Οὐδὲ
226 805 275 840 μὲν
289 806 342 833 οὐδ’
357 806 430 833 Ἠλεὶ
441 805 517 841 χόλον
533 805 661 841 ἔκφυγεν,
674 805 742 833 ἀλλὰ
754 806 801 833 καὶ
813 805 893 832 αὑτὸν

655 155 775 184 SEC'I'IO
805 156 826 183 l.
843 156 1004 185 ΡΟΕΜΑΤΑ
1024 157 1067 184 DE
1089 156 1208 186 Slt'lPSO

1687 159 1755 188 H38

941 219 961 248 Α
977 214 1032 249 Οὐχ
1047 215 1106 250 ὁσίη
1120 214 1225 249 γαστὴρ
1243 213 1344 241 παίδων
1361 213 1474 249 ἐχάλεψε
1489 213 1600 252 δίκαιονη

974 259 1029 286 Καί
1045 268 1097 295 περ
1112 260 1154 286 ἀεὶ
1168 259 1300 295 βρίσαντα
1313 259 1449 291 ὀνειδείοις
1463 260 1596 287 ἐπέεσσιν.

1009 305 1040 331 Εἰ
1055 304 1083 331 δὲ
1097 305 1161 340 τόση
1173 305 1277 341 τοὶῃσιν
1289 305 1426 340 ἁμαρτάσι
1442 305 1521 340 μῆνις
1532 305 1650 338 ἔπεστιν,

976 348 1027 376 155
1047 349 1191 384 Ὀσσατιης
1204 349 1263 380 δέος
1279 349 1352 375 ἐστὶν
1367 349 1412 375 ἐπὶ
1425 349 1564 375 πλεόνεσσι
1578 349 1703 377 κακοῖσιί

975 394 1026 422 Καὶ
1044 394 1083 427 σὲ,
1096 394 1208 422 κιΰωτδν
1220 395 1348 427 ἄνασσαν,
1368 394 1397 427 ὃς
1405 394 1506 430 ἠδρασε
1523 396 1594 432 χειρὶ
1609 395 1713 432 βεὸήλῳ
1729 403 1735 408 ’

975 441 1148 477 Κλινομένην,
1167 441 1245 468 θάνεν
1263 439 1339 475 αἶψα.
1358 440 1424 467 Θεοῦ
1440 441 1468 467 δέ
1479 449 1509 467 τε
1526 441 1589 476 νηὸν
1603 441 1699 477 ἔθηκεν

976 486 1128 520 ’Δψαυστον
1140 486 1306 522 παλάμῃσιν,
1324 486 1472 522 ἐρείσματα
1482 487 1590 514 τᾶκτοθι
1604 487 1710 522 τοίχων.

975 531 1105 558 Τοῦνεκεν
1120 531 1216 565 αἰάζω,
1232 533 1323 559 πίπτω
1340 532 1362 558 δ’
1380 532 1432 559 ὑπὸ
1447 533 1502 558 σεῖο
1511 532 1631 565 πόδεσσι,

976 578 1026 605 MO
1043 578 1143 612 Χριστὲ
1155 578 1232 611 ἄναξ,
1246 579 1282 614 μή
1302 578 1346 614 μοί
1361 587 1403 610 τις
1418 579 1596 613 ἀπαντήσειεν
1612 578 1673 613 ἀνίη

976 623 1133 659 Χαζομένῳ.
1150 624 1284 659 Κέκμηκα
1298 624 1388 656 λύκοις
1400 625 1530 660 δηλήμοσι
1544 625 1670 660 ποίμνης,

977 669 1090 704 Ποιμέσι
1103 670 1272 705 μαρνάμενος
1287 670 1367 706 δηρὸν
1381 670 1486 706 χρόνον.
1504 671 1551 697 Ἕκ
1565 660 1667 706 μελέων
1682 670 1711 697 δὲ

984 713 1095 742 Ῥικνῶν
1105 714 1204 742 ἔπτατο
1223 715 1316 751 θυμὸς,
1337 715 1472 743 ἀναπνείω
1483 716 1504 742 δ’
1513 716 1601 751 ὀλίγον
1614 725 1638 743 τι

977 760 1138 796 Τειρόμενος
1152 761 1315 796 καμάτοισι,
1330 762 1375 788 xatl.
1390 762 1511 798 αἴσχεσιν
1525 762 1705 798 ἡμετέροισιν.

978 806 1029 832 MS
1044 803 1104 840 Ὧν,
1117 808 1141 834 οἱ
1154 808 1202 843 μὲν
1215 807 1309 835 θὼχων
1323 808 1403 845 ἱερῶν
1417 809 1481 844 πέρι
1495 809 1570 845 δῆριν
1583 808 1698 844 ἔχοντες,

391 926 442 959 Qui
455 926 530 954 solus
540 926 610 953 intra
620 926 718 954 nubem
733 925 816 954 Deum
833 934 926 954 coram
938 927 1017 959 vidit,

391 962 509 989 Caeteros
525 965 614 988 autem
626 961 709 995 jussit
725 961 759 988 ad
773 961 891 989 radicem
909 966 1062 996 manentes,

392 996 443 1023 120
457 996 543 1023 Puros
557 996 585 1023 in
598 997 674 1030 puris
692 997 813 1024 vestibus
823 1002 850 1024 et
866 1001 1017 1025 trementes

393 1031 483 1059 Solam
500 1031 545 1058 Dei
557 1038 649 1058 Vocem
666 1031 771 1058 audire.
788 1030 846 1058 Non
861 1032 933 1059 enim
951 1036 1040 1059 tutum
1054 1036 1124 1064 erat,

392 1065 440 1094 Vel
452 1066 518 1100 ipsis
534 1065 598 1093 l‘eris
613 1066 700 1093 solum
718 1065 764 1093 Dei
779 1067 900 1094 caelestis
913 1067 1032 1100 calcare,

392 1100 430 1137 ge
446 1102 497 1128 sub
510 1101 641 1137 disruptis
661 1101 781 1137 seopulis
796 1102 927 1137 perirent.

392 1135 486 1163 Timeo
499 1140 526 1163 et
546 1136 661 1162 liliorum
677 1135 931 1169 Aaronis'mortem,

947 1137 994 1171 qui
1012 1136 1138 1164 victimas

392 1170 445 1207 125
453 1170 626 1207 νΙιῐιροηεηιβδ
636 1171 694 1207 igni
709 1171 830 1204 insolito,
843 1170 983 1198 insolituin
1001 1176 1028 1199 et
1045 1172 1094 1207 ipsi
1111 1173 1192 1199 Ictum
1204 1171 1296 1200 subito

393 1205 516 1237 Subiere,
533 1213 564 1232 ac
579 1206 748 1232 victimarum
764 1206 840 1233 locus
857 1214 949 1233 eorum
962 1211 1048 1234 morte
1055 1205 1238 1234 consecratus
1248 1227 1255 1237 .

392 1240 425 1276 Et
438 1240 562 1276 quamvis
573 1241 632 1276 "lilii
646 1246 737 1276 essent
752 1242 840 1275 magni
855 1241 981 1272 Aaronis,
999 1243 1121 1276 percussi
1135 1246 1208 1269 sunt.

393 1275 439 1311 §ic
449 1279 476 1302 et
490 1275 559 1311 lilios
572 1275 630 1302 lleli
645 1275 769 1303 funestus
782 1277 918 1311 oppressit
930 1275 1056 1303 interitus
1067 1297 1074 1307 ,

394 1310 562 1347 Filio_s_lleli,
581 1311 710 1347 quoniam
729 1310 852 1347 voracem
867 1311 1001 1347 habebant
1018 1316 1147 1339 mentem.
1165 1311 1323 1347 lnjiciebant
1339 1311 1412 1340 enim

393 1346 445 1373 I30
460 1345 555 1372 Manus
571 1345 698 1380 profanas
713 1346 800 1373 sacris
820 1346 963 1373 lebetibus.

392 1380 485 1416 Neque
504 1388 566 1407 vero
582 1380 639 1408 Heli
657 1381 725 1416 iram
740 1380 843 1414 effugit.
856 1381 904 1408 sed
921 1386 948 1409 et
965 1381 1052 1411 illum,

393 1416 460 1452 Qum
473 1415 565 1452 justus
575 1420 657 1452 esset,
669 1415 891 1452 ﬁliorumrventer
908 1424 961 1443 non
974 1421 1088 1444 sanctus
1103 1416 1229 1452 perdidit,

393 1450 522 1486 Quamvis
538 1451 729 1485 objurgatoriis
740 1451 830 1478 verbis
847 1459 901 1478 non
916 1451 1091 1486 pepercisset.

430 1485 478 1512 Sin
492 1489 580 1512 autem
597 1486 695 1513 talibus
711 1485 799 1519 culpis
816 1487 879 1513 talis
891 1485 931 1513 ira
946 1485 1028 1518 inest,

395 1520 446 1556 [55
457 1519 563 1553 Quanto
576 1521 662 1556 magis
678 1521 823 1548 metuenda
834 1525 876 1549 est
891 1522 918 1548 in
933 1522 1108 1550 uberioribus
1123 1523 1202 1550 malis
1215 1523 1222 1549 !

398 1555 436 1592 Ie
447 1563 565 1591 quoque,
584 1555 677 1590 regina
693 1563 767 1589 arca,
784 1557 831 1592 qui
844 1558 1007 1585 sustentavit
1022 1565 1103 1584 manu
1115 1558 1228 1592 profana

397 1589 686 1628 putante’mmrotiinus
697 1589 849 1628 periit.'Dei
866 1599 931 1620 vero
939 1593 1069 1628 templum
1089 1589 1234 1620 servabant

397 1624 669 1662 [ptaeturn‘njanibus
680 1624 816 1654 citeriora
829 1634 970 1654 murorum
983 1624 1119 1662 praesidia.

397 1660 573 1721 83%;833
589 1661 691 1688 ldcirco
704 1662 852 1696 ingemisco
863 1666 889 1689 et
904 1663 958 1690 tuis
974 1660 1087 1697 pedibus
1106 1663 1216 1695 accedo,

400 1695 451 1721 MU
494 1704 525 1721 ex
543 1696 662 1721 Christe.
678 1704 712 1721 ne
731 1704 784 1721 nua
801 1697 866 1721 mihi
882 1702 1007 1721 occurrat
1021 1699 1161 1721 calamitas

400 1695 525 1731 μυἹῖεχ
543 1696 662 1731 Christe,
678 1704 712 1724 ne
731 1695 784 1731 (ius
801 1697 866 1724 mihi
882 1695 1007 1725 occurrat
1021 1699 1161 1725 calamitas

397 1729 426 1757 ln
439 1737 498 1757 meo
514 1737 633 1758 secessu.
647 1729 777 1760 Lassat'us
791 1739 851 1759 sum
865 1740 927 1760 cum

946 1733 1017 1768 lupis
1036 1741 1143 1768 gregem
1158 1733 1338 1766 vastantibus,

397 1764 555 1792 Pastoribus
568 1766 614 1792 diu
630 1766 783 1794 decertans.
801 1766 822 1793 E
836 1767 965 1794 membris
976 1764 1074 1795 'autém

397 1799 495 1838 gurvis
506 1800 620 1838 evolavit
631 1801 748 1833 animus,
764 1809 803 1838 aeq
812 1803 950 1836 paululum
966 1805 1071 1838 respiro

398 1834 511 1871 Fractus
525 1835 662 1863 laboribus
675 1840 701 1863 et
715 1834 821 1871 probris
835 1838 946 1865 nostris.

399 1869 450 1898 M5
469 1869 590 1903 Quorum
607 1871 652 1898 alii
668 1871 702 1898 de
715 1869 803 1899 sacris
818 1871 924 1900 tbronis
939 1872 1086 1908 litigantes,

146 1983 389 2021 ᾲργαξλέοςᾼΙοι
406 1983 533 2012 ἄκουσα.
549 1983 595 2013 Sic
615 1989 669 2014 tres
688 1985 771 2021 Bcgg.
791 1985 881 2021 Chig.,
901 1987 928 2013 et

171 2024 208 2046 at.
225 2019 294 2045 Etlit.
312 2018 373 2046 ἓκου
378 2028 420 2046 σα.

182 2054 233 2081 1:25
251 2054 375 2081 Ξείνοιο.
390 2054 496 2090 llatres
508 2055 593 2090 Regg.
607 2060 635 2083 et
649 2054 734 2082 Coisl.
745 2054 817 2082 Edit.
835 2054 926 2088 ξένιοι.

183 2090 233 2116 154
249 2090 336 2123 Τόση.
360 2089 405 2117 Sic
426 2089 494 2125 Tyres
508 2089 591 2125 Regg.
613 2095 640 2118 et
656 2090 739 2118 Coisl.
754 2090 827 2118 Edit.
843 2091 926 2117 τόσοι.

183 2125 233 2151 156
250 2125 411 2160 Ἀνασσανκ
436 2124 474 2152 Eo
493 2124 631 2160 quod’Dei
657 2125 845 2157 simulacrum,
858 2129 884 2153 et
901 2126 929 2152 in

147 2167 179 2187 ea
194 2159 316 2188 residens
331 2159 402 2188 Deus
412 2159 562 2188 colebatur.

184 2195 229 2222 Ml
246 2194 412 2230 Χαζομένῳ.
429 2195 514 2223 Coisl.
529 2204 589 2231 sup.
604 2195 652 2223 lin.
670 2195 865 2232 ἀναχωροῦντι.

1016 1985 1068 2013 142
1083 1985 1218 2026 ’Ποιμέσιι
1231 1985 1431 2026 μαρνᾴμενος.
1453 1984 1521 2012 Cum
1539 1984 1651 2026 lupisnet
1672 1989 1764 2026 pasto-

981 2020 1056 2048 ribus
1074 2020 1237 2048 decertando
1256 2029 1286 2048 se
1310 2021 1450 2055 fatigatum
1469 2028 1530 2048 esse
1550 2020 1586 2047 ait
1602 2020 1762 2056 Gregorius,

982 2055 1008 2082 id
1027 2061 1080 2088 est,
1097 2063 1159 2083 cum
1177 2056 1312 2083 haereticis
1327 2060 1354 2083 et
1373 2056 1425 2082 illis
1438 2056 1584 2090 episcopis,
1603 2056 1649 2090 qui
1662 2055 1764 2083 invido

981 2095 1008 2117 et
1024 2090 1132 2118 infenso
1147 2091 1173 2117 in
1193 2098 1255 2118 eum
1282 2091 1372 2117 animo
1395 2094 1483 2117 erant.
1513 2090 1550 2118 Ita
1567 2090 1714 2126 Gregorius
1735 2093 1761 2117 in

982 2126 1106 2153 oratione
1124 2125 1216 2152 habita
1230 2132 1321 2152 coram
1339 2126 1476 2177 episcopis
1488 2133 1531 2159 CL,
1549 2131 1570 2153 t.
1586 2125 1607 2158 Ι,
1622 2125 1682 2161 pag.
1699 2126 1764 2154 702.

1019 2161 1070 2177 1‘1
1087 2161 1184 2177 Ωι-,ιΛη
1213 2159 1250 2177 In!
1281 2160 1335 2177 Rau
1357 2160 1407 2177 υος)
1431 2161 1506 2177 ιιιιυόκ

1019 2161 1071 2188 H3
1087 2161 1193 2196 Θυμός.
1213 2159 1263 2188 lnt.
1280 2160 1345 2196 Reg.
1357 2160 1418 2193 992,
1431 2159 1519 2196 ψυχή.

798 2275 964 2305 METRICA
982 2274 1133 2305 VERSIO.

147 2356 207 2392 Ipse
225 2356 328 2385 etenim
340 2356 427 2389 solus,
445 2359 586 2392 penetrata
602 2355 683 2392 nube,
700 2354 851 2392 Tonantem

146 2391 293 2426 Conspexit
307 2401 313 2419 :
331 2391 453 2426 reliquos
467 2395 555 2418 autem
571 2391 708 2418 radicibus
719 2391 782 2418 imis

148 2427 256 2459 Montis,
277 2430 303 2454 et
319 2427 345 2454 in
356 2434 424 2460 puro
439 2427 569 2454 lustratos
580 2426 664 2460 jussit
677 2426 778 2453 amictu

149 2462 239 2489 Solam
249 2462 342 2489 audire
355 2461 400 2489 Dei
410 2461 589 2488 tremebundo
603 2465 713 2495 pectore
729 2468 838 2488 vocem:

148 2497 213 2523 Nam
222 2498 370 2531 neimpune
376 2496 485 2531 quidem
492 2495 787 2531 bobusqueovibusqne
795 2497 926 2528 futurum,

148 2532 202 2559 Sed
218 2530 371 2567 promptum
384 2530 509 2567 exitium,
523 2534 631 2566 pareret
648 2530 722 2567 quod
737 2538 817 2558 saxea
830 2531 927 2564 moles,

149 2568 176 2594 Si
194 2566 246 2602 qua
260 2567 306 2594 Dei
320 2571 444 2595 sanctum
458 2566 591 2601 tetigisset
607 2566 696 2602 bestia
708 2570 836 2594 montem.

149 2600 303 2635 Quinetiam
318 2603 406 2629 sancti
422 2600 517 2636 proles
526 2609 568 2627 me
583 2604 666 2628 terret
683 2600 795 2632 Aronis,

148 2639 223 2670 Qum,
240 2638 303 2671 quia
316 2644 368 2664 non
387 2635 496 2664 solitum
512 2635 599 2663 sacris
614 2635 767 2662 admoverat
782 2637 882 2672 ignem,

148 2672 275 2700 Protinus
286 2672 394 2699 insolita
407 2672 493 2706 jacuit
505 2678 613 2706 quoque
629 2674 717 2698 morte
724 2676 877 2707 perempta,

150 2707 351 2742 Sacrorumque
370 2707 446 2734 locus
464 2707 559 2742 mortis
574 2707 651 2742 locus
661 2706 765 2742 exstitit
779 2706 850 2734 idem
864 2717 871 2734 ι

147 2742 204 2770 Nec
222 2746 296 2778 pater
307 2740 410 2778 anatis
426 2746 528 2778 pestem
541 2740 674 2778 depellere
690 2741 786 2778 quivit.

148 2775 302 2811 Quinetiam
319 2775 430 2804 llelidas’
440 2775 582 2803 horrenda
592 2779 678 2802 morte
695 2775 808 2810 profana

150 2814 267 2840 Sustulit
284 2813 426 2848 ingluvies,
437 2812 509 2848 quod
525 2819 579 2848 non
595 2811 747 2848 dubitasset
759 2815 874 2848 uterque

147 2848 216 2875 Ollis
231 2845 352 2883 impuris
366 2845 456 2883 sacris
466 2847 610 2883 immittere
624 2845 744 2883 dextras.

148 2886 183 2909 At
196 2881 281 2918 neque
291 2884 409 2911 divinam
421 2882 514 2917 ell'ugit
532 2885 608 2917 pater
621 2881 741 2916 optimus
754 2882 833 2914 iram,

943 2360 965 2390 Β
981 2354 1033 2391 Sed
1043 2355 1149 2391 justum
1166 2355 1304 2390 Oppressit
1319 2359 1446 2382 natorum
1460 2354 1694 2391 venteriniquns,

981 2390 1136 2424 Quamlibet
1144 2390 1195 2417 hos
1206 2391 1335 2425 gravibus
1345 2390 1454 2417 solitum
1470 2390 1652 2424 perstringere
1663 2390 1761 2418 verbis.

1016 2426 1094 2458 Quod
1103 2426 1126 2453 si
1143 2424 1217 2452 tanta
1236 2426 1308 2452 leves
1323 2432 1409 2452 noxas
1425 2428 1468 2451 est
1484 2424 1522 2450 ira
1535 2428 1639 2456 secuta,

981 2460 1075 2494 Qualis
1085 2461 1147 2493 erit,
1159 2467 1262 2494 quaeso,
1278 2467 1340 2487 cum
1350 2460 1414 2494 quis
1426 2459 1496 2485 mala
1512 2466 1580 2493 pura
1595 2460 1729 2494 patrarit?

980 2496 1040 2523 1am
1051 2497 1098 2530 qui
1113 2495 1261 2529 suppositis
1276 2502 1367 2521 arcam
1381 2494 1525 2530 sustollere
1539 2494 1636 2529 palmis

982 2528 1126 2558 Labentem
1140 2528 1255 2562 studuit,
1269 2537 1332 2557 mox
1347 2533 1389 2556 est
1404 2528 1575 2556 dimissus’in
1587 2537 1693 2556 orcum.

982 2566 1070 2600 Atque
1083 2567 1164 2593 etiam
1178 2568 1309 2592 externus
1322 2565 1413 2600 paries
1425 2563 1541 2600 faciebat
1560 2569 1590 2590 ut
1603 2569 1676 2592 esset

981 2599 1086 2627 Intacta
1097 2600 1208 2628 omnino
1224 2600 1343 2635 supremi
1358 2599 1482 2626 Numinis
1492 2599 1574 2626 aedes.

979 2635 1050 2671 Ergo
1063 2643 1123 2667 oro,
1142 2638 1169 2671 et
1181 2633 1267 2669 prono
1280 2641 1373 2669 quaeso
1386 2639 1411 2661 te
1422 2641 1551 2671 corpore,
1562 2633 1679 2666 Christe,

978 2668 1078 2705 Ne‘qua
1092 2668 1261 2697 recedentem
1278 2668 1350 2696 noxa
1367 2677 1409 2705 me
1421 2668 1572 2705 infortunia
1586 2674 1694 2696 vexent.

979 2704 1113 2733 Deﬁciunt
1130 2705 1202 2733 vires
1213 2705 1356 2735 miserum,
1372 2704 1435 2731 dum
1451 2704 1542 2739 praelia
1556 2704 1636 2738 longa

979 2742 1101 2768 Conscro
1112 2747 1231 2774 cumque
1242 2740 1324 2774 lupis,
1339 2744 1366 2767 et
1381 2747 1442 2766 cum
1459 2739 1615 2773 pastoribus
1629 2739 1706 2773 ipsis.

979 2776 1069 2802 Curva
1090 2776 1198 2802 animus
1216 2776 1334 2802 volucris
1344 2774 1484 2808 seniojam
1501 2774 1621 2810 membra
1641 2775 1762 2810 reliquit,

979 2811 1018 2846 ᾼο
1029 2811 1158 2846 quiddam
1170 2810 1297 2844 eziguum
1310 2810 1395 2846 spiro,
1413 2813 1470 2846 tum
1483 2809 1552 2846 mole
1568 2809 1689 2846 laborum

979 2844 1104 2878 Fractus,
1116 2849 1173 2872 tum
1185 2846 1257 2872 vitiis
1273 2845 1386 2876 nostris,
1400 2844 1561 2879 probrisque
1573 2844 1717 2877 pudendis.

979 2880 1046 2910 Pars
1055 2880 1166 2914 etenim,
1179 2880 1257 2909 sedes
1270 2881 1305 2908 ob
1320 2887 1413 2908 sacras
1429 2879 1498 2906 bella
1510 2884 1646 2913 gerentes,
