4084 6472
293 385 426 444 1033

307 497 1872 533 __________________..___...____-—-

694 585 777 646 IN
819 583 1199 648 PSALMUM
1239 581 1484 644 LXXX

893 703 1310 765 ENARRATIO.

941 835 1112 878 εειιιιο
1137 817 1236 889 (a).

365 945 414 999 l.
437 939 592 1014 [vers.
622 937 698 1012 L]
741 935 910 1008 Loqui
946 933 1010 988 ad
1035 947 1132 987 vos
1158 930 1226 985 de
1255 927 1500 1000 prmsenti
1531 924 1735 996 psalmo
1763 935 1880 977 sus-

291 1034 530 1103 cepimus
561 1049 576 1084 :
609 1029 822 1100 adjuvet
845 1041 1030 1082 vocem
1071 1031 1306 1078 nostram
1338 1019 1489 1090 quies
1517 1025 1690 1072 vestra
1713 1016 1762 1080 ¹;
1801 1022 1880 1068 ct-

289 1123 432 1178 enim
477 1121 748 1190 aliquanto
785 1125 866 1174 est
892 1113 1206 1170 obtunsior:
1234 1109 1378 1164 dabit
1411 1108 1460 1162 ei
1488 1107 1627 1160 vires
1657 1103 1880 1160 intentio

291 1211 644 1276 audientium,
665 1217 720 1264 et
740 1205 1058 1277 adjutorium
1079 1199 1312 1274 iubentis
1333 1209 1388 1254 ut
1413 1199 1619 1267 loquar.
1646 1193 1880 1250 Titulum

293 1305 456 1361 habet
485 1304 726 1374 psalmus
753 1301 852 1354 iste
877 1317 888 1352 :
921 1297 990 1352 In
1016 1297 1169 1365 ﬁnem
1203 1309 1294 1364 pro
1325 1289 1678 1354 torcularibus,
1706 1287 1882 1358 quinta

301 1395 528 1460 sabbati,
559 1393 800 1448 Psalmus
820 1391 922 1462 ipsi
946 1389 1138 1458 Asaph.
1187 1387 1244 1440 In
1285 1399 1446 1440 unum
1479 1381 1688 1438 titulum
1715 1379 1880 1434 multa

295 1497 424 1542 sunt
447 1493 702 1554 congesta
729 1481 1014 1554 mysteria;
1064 1481 1132 1535 ita
1175 1488 1350 1534 tamen
1392 1483 1450 1530 ut
1496 1475 1654 1528 limen
1685 1471 1882 1526 Psalmi

295 1577 498 1634 iudicet
525 1575 796 1630 interiora.
827 1573 954 1627 Cum
974 1571 1040 1626 de
1059 1569 1410 1626 torcularibus
1427 1563 1651 1622 locuturi
1679 1577 1880 1626 sumus,

299 1686 462 1726 nemo
489 1677 722 1722 vestrum
749 1663 942 1736 aliquid
969 1669 1240 1733 exspectet
1281 1673 1380 1714 nos
1415 1658 1650 1712 dicturos
1675 1669 1794 1710 esse
1818 1651 1886 1709 de

299 1762 440 1824 lacu,
469 1759 540 1814 de
567 1757 738 1830 prelo,
762 1755 828 1811 de
849 1753 1086 1818 ﬁscinis;
1106 1751 1226 1822 quia
1257 1765 1360 1805 nec
1383 1749 1495 1817 ipse
1521 1745 1754 1817 psalmus
1783 1741 1888 1798 hoc

299 1853 482 1918 habet,
525 1861 580 1908 et
625 1849 746 1904 ideo
787 1847 954 1918 magis
1002 1845 1200 1901 indicat
1241 1841 1572 1914 mysterium.
1602 1837 1732 1892 Nam
1759 1841 1814 1890 et
1841 1833 1886 1888 si

299 1943 502 2016 aliquid
526 1941 634 1997 tale
665 1939 860 1995 Psalmi
885 1946 1064 1994 textus
1089 1933 1406 1997 contineret,
1434 1945 1539 1984 non
1568 1927 1775 1984 deesset
1797 1923 1888 1995 qui

301 2044 518 2108 putaret
561 2033 628 2089 ad
671 2033 900 2088 litteram
941 2044 1061 2086 esse
1099 2025 1404 2097 accipienda
1448 2021 1758 2086 toreularia,
1792 2033 1888 2073 nec

301 2127 506 2196 aliquid
527 2126 636 2180 illic
659 2123 885 2194 amplius
907 2119 1306 2191 requirendum,
1333 2131 1432 2172 nec
1453 2114 1674 2186 mystice
1691 2109 1890 2181 aliquid

303 2219 572 2291 positum,
603 2227 658 2272 et
699 2221 906 2271 sacrate
947 2211 1333 2282 signiﬁcatum;
1365 2207 1456 2262 sed
1485 2206 1686 2260 diceret
1715 2221 1727 2256 :
1754 2201 1893 2257 Sim-

304 2311 518 2383 pliciter
555 2309 800 2364 Psalmus
826 2305 892 2360 de
920 2302 1269 2359 torcularibus
1306 2299 1536 2369 loquitur
1556 2339 1570 2363 ,
1599 2305 1654 2351 ct
1683 2307 1734 2348 tu
1763 2291 1892 2348 mihi

307 2403 494 2459 nescio
517 2399 644 2472 quid
673 2397 815 2454 aliud
845 2393 1150 2467 suspicaris.
1194 2392 1333 2448 Nihil
1371 2392 1454 2445 hic
1499 2389 1602 2444 tale
1640 2386 1890 2448 audistis,

309 2509 431 2549 cum
457 2493 748 2562 legeretur.
789 2487 932 2556 Ergo
968 2484 1193 2553 accipite
1229 2480 1508 2536 toreularia
1541 2475 1848 2548 mysterium
1873 2475 1893 2505 '

311 2585 597 2649 Ecclesiae,
629 2580 770 2654 quod
801 2593 940 2634 nunc
959 2579 1156 2648 agitur.
1187 2575 1246 2630 ln
1277 2571 1628 2628 torcularibus
1658 2566 1897 2624 animad-

311 2677 572 2732 vertimus
613 2671 858 2744 qumdam
898 2669 995 2725 tria
1027 2687 1039 2720 :
1071 2679 1402 2736 pressmatn,
1443 2671 1497 2717 et
1541 2661 1608 2716 de
1651 2673 1898 2730 pressura

311 2767 562 2838 qumdam
600 2763 735 2830 duo;
779 2777 939 2817 unum
976 2756 1408 2822 recondendum,
1457 2755 1682 2808 alterum
1731 2749 1898 2822 proji-

313 2859 588 2914 ciendum.
619 2855 704 2910 Fit
731 2869 858 2926 ergo
885 2855 938 2908 in
969 2850 1217 2908 torculari
1237 2847 1587 2910 conculcatio,
1607 2843 1898 2905 tribulatio.

316 2949 568 3022 pondus:
597 2955 652 3002 et
676 2947 730 3001 in
755 2946 838 3000 his
865 2943 1040 2999 oleum
1067 2941 1328 3011 eliquatur
1350 2937 1556 2994 occulte
1575 2936 1630 2991 in
1658 2933 1906 3006 gemella-

317 3042 490 3104 rium;
520 3052 733 3093 amurca
761 3035 970 3109 publice
992 3049 1085 3104 per
1111 3032 1312 3102 plateas
1335 3029 1518 3084 currit.
1549 3025 1807 3082 lntendite
1836 3023 1902 3077 ad

319 3147 576 3204 nutgnum
619 3130 724 3185 hoc
768 3125 1148 3198 spectaculum.
1193 3121 1308 3178 Non
1343 3121 1485 3175 enim
1531 3116 1726 3174 desiuit
1765 3115 1904 3172 Deus

321 3221 531 3278 edere'
559 3220 712 3275 nobis
757 3217 898 3288 quod
936 3231 1058 3271 cum
1095 3227 1288 3284 magno
1324 3209 1516 3282 gaudio
1556 3217 1858 3279 spectemus
1890 3224 1903 3260 :

323 3327 418 3370 aut
455 3315 586 3371 circi
629 3311 834 3368 insania
877 3309 1000 3364 huic
1043 3306 1345 3379 spectaculo
1385 3299 1736 3372 comparanda
1783 3299 1908 3355 est?

325 3407 420 3463 Illa
445 3405 512 3460 ad
539 3419 808 3459 amurcam
829 3401 1076 3472 pertinet,
1101 3399 1200 3453 hoe
1222 3397 1288 3452 ad
1305 3397 1502 3451 oleum.
1534 3393 1754 3463 Quando
1781 3407 1908 3464 ergo

327 3498 524 3554 auditis
551 3493 934 3552 contumaciter
970 3491 1172 3562 garrire
1217 3487 1573 3558 blasphemas,
1615 3493 1668 3540 et
1710 3485 1906 3550 dicere,

327 3588 604 3646 abundare
619 3597 892 3657 pressuras
911 3579 1240 3652 temporibus
1255 3575 1583 3642 Christianis;
1607 3575 1752 3630 scitis
1769 3575 1908 3630 enim

329 3683 452 3753 quia
477 3682 582 3736 hoc
608 3687 788 3734 amant
812 3675 989 3732 dicere
1019 3693 1032 3728 :
1061 3681 1114 3728 et
1144 3681 1293 3726 vetus
1322 3669 1530 3739 quidem
1553 3709 1566 3732 ,
1598 3667 1688 3723 sed
1715 3681 1743 3720 a
1771 3675 1909 3722 tem-

329 3772 551 3843 poribus
579 3767 879 3824 cltristianis
903 3763 1065 3834 coepit
1084 3760 1440 3832 proverbium,
1461 3757 1571 3812 Non
1595 3757 1720 3826 pluit
1749 3757 1908 3822 Deus,

329 3864 436 3918 duc
463 3863 530 3918 ad
557 3861 906 3917 Christianos.
937 3855 1245 3924 Quanquam
1279 3852 1482 3921 priores
1517 3850 1616 3904 ista
1643 3849 1908 3902 dixerunt.

333 3955 424 4010 Isti
468 3963 644 4006 autem
688 3947 850 4004 modo
890 3946 1072 4001 dicunt
1117 3953 1169 3998 et
1209 3942 1328 4011 quia
1355 3939 1488 4010 pluit
1519 3939 1678 4000 Deus,
1713 3937 1820 3991 Duc
1846 3935 1913 3991 ad

333 4043 670 4098 Christianos
702 4058 715 4093 :
749 4053 853 4093 non
895 4037 1030 4108 pluit
1075 4033 1238 4098 Deus,
1269 4045 1370 4085 nou
1400 4029 1756 4093 seminamus;
1783 4026 1915 4097 pluit

335 4137 512 4198 Deus,
555 4149 662 4188 non
707 4132 1012 4186 trituramus
1029 4127 1070 4179 ⁸.
1117 4125 1183 4179 Et
1221 4121 1344 4178 inde
1385 4121 1568 4176 volunt
1615 4121 1912 4191 superbire,

401 4270 418 4300 ⁸
452 4269 526 4318 sic
546 4265 778 4332 meliores
795 4271 915 4332 Mss.
929 4259 1138 4332 At.Fdd.,
1171 4257 1252 4323 qui
1271 4263 1316 4308 et
1339 4263 1560 4306 uestram.

399 4331 422 4361 ³
456 4330 640 4390 aemig.
666 4335 767 4386 Ms,
794 4330 1095 4390 martyrimn.

399 4391 423 4422 ³
453 4377 526 4440 (sic
541 4377 724 4450 Ré’mig.
749 4377 832 4437 iss.
851 4393 904 4436 Αι
921 4377 1060 4444 inid,
1085 4381 1259 4433 deserit
1281 4379 1428 4444 (forte
1452 4393 1564 4442 pro,
1590 4377 1764 4442 deerit)
1791 4387 1920 4430 Deus

337 4453 608 4561 ὀπί-εἶξίὲξὸ
629 4517 702 4559 Er.
727 4511 804 4560 hic
829 4521 842 4558 :
870 4505 950 4557 dic
972 4505 1037 4555 ad
1059 4503 1368 4555 Christianos.
1396 4510 1503 4554 Lov.
1541 4509 1706 4552 autem
1739 4517 1751 4551 :
1789 4501 1920 4552 dicat

339 4574 660 4624 Christianus.
683 4579 736 4621 Et
771 4571 930 4620 altero
965 4567 1088 4628 intra
1111 4567 1233 4628 loco,
1257 4563 1482 4628 pro,_duc
1518 4563 1584 4628 ad
1607 4563 1914 4628 Christianos,

341 4645 550 4698 utraque
573 4635 725 4684 editio
747 4634 922 4698 habet,
938 4627 1102 4680 dicant
1121 4625 1395 4698 christiani.
1420 4627 1618 4698 Quidam
1625 4689 1633 4698 _
1651 4639 1769 4674 vero
1791 4625 1918 4686 libri,

339 4687 526 4747 scilicet
544 4703 726 4744 Gemm.
749 4691 965 4752 Pratell.,
990 4697 1104 4748 ete.,
1129 4689 1224 4738 alio
1245 4687 1503 4752 verborum
1528 4687 1702 4752 _0_t‘dine
1723 4699 1920 4752 prover-

339 4760 474 4808 bium
497 4759 720 4806 relerunt
741 4755 870 4804 hunc
883 4755 932 4802 in
946 4747 1166 4812 modum:
1191 4749 1331 4812 carpit
1349 4747 1668 4812 proverbium,
1685 4747 1784 4798 Non
1801 4747 1922 4810 pluit

339 4827 490 4878 Deus,
513 4831 608 4868 non
639 4815 926 4878 seminanuts
954 4811 1110 4878 :pluit
1137 4809 1280 4878 Deus,
1303 4809 1395 4878 nan
1418 4809 1717 4878 trituramus.
1757 4809 1810 4859 Et
1845 4822 1923 4859 se-

342 4870 524 4942 quitur,
543 4877 812 4942 ,Noaptuat
831 4884 978 4935 Deus,
991 4870 1130 4924 'dicat
1152 4871 1447 4942 christianus
1466 4877 1563 4942 ;._et
1603 4870 1734 4942 pluat
1758 4879 1920 4942 ρεαδ.

339 4930 474 4992 dicat
497 4930 811 4991 i‘hristihnus.
837 4930 1118 4996 Quanquam
1139 4933 1323 4996 prim-es
1351 4932 1444 4983 ista
1466 4930 1694 4996 dixerunt
1715 4947 1726 4980 :
1751 4930 1803 4980 hi
1833 4945 1923 4981 au-

339 5009 438 5052 tem
459 5009 504 5053 et
539 5001 684 5052 modo
705 4993 888 5058 dictat},
913 5006 958 5048 et
983 4993 1098 5048 inde
1127 4993 1284 5046 uolunt
1322 4993 1585 5056 superbire,
1629 5002 1724 5058 etc.
1767 5001 1817 5058 [it
1837 4997 1922 5058 qui

339 5066 556 5112 omnium
577 5055 939 5113 vetustissimus
959 5067 1104 5122 atque
1123 5059 1314 5122 Optimae
1334 5055 1462 5105 neue
1483 5063 1577 5115 est,
1597 5057 1734 5122 corn.
1773 5055 1925 5106 habet

339 5127 448 5189 sic;
474 5124 616 5188 erupit
637 5123 954 5189 proverbium,
993 5116 1089 5171 Non
1135 5116 1254 5189 ptuit
1293 5126 1438 5189 Deus,
1473 5129 1568 5189 non
1604 5116 1920 5189 seminamus;

339 5187 464 5250 ptuit
493 5177 753 5246 Déus,'non
771 5177 1053 5250 tritura'ptus
1078 5177 1164 5250 :_e_t
1200 5192 1292 5250 non
1312 5177 1445 5250 ptuit
1469 5187 1612 5250 Deus,
1636 5177 1766 5250 dicat
1788 5177 1927 5250 chri-

338 5238 544 5298 stianus.
565 5238 854 5308 Quanquam
879 5243 1063 5307 priores
1219 5238 1446 5308 diagermtt
1472 5251 1490 5289 :
1511 5238 1562 5288 hi
1589 5245 1747 5308 autem
1784 5240 1926 5308 modo

339 5308 512 5358 diem:
525 5300 594 5370 et.
613 5300 732 5369 quia
751 5300 890 5370 ptuit'
913 5313 1059 5361 Deus,
1086 5302 1220 5353 dicat
1253 5300 1564 5370 Christianus.
1609 5300 1728 5370 Inde
1767 5300 1926 5370 uottmt

337 5367 610 5428 superbire,
626 5361 726 5418 etc.
749 5361 842 5416 'Sed
864 5373 972 5428 apta
996 5365 1304 5428 praeueteris
1325 5363 1604 5428 faciliorque
1627 5363 1728 5428 visa
1745 5369 1828 5428 est
1853 5361 1926 5428 le-

335 5422 440 5480 ctio
459 5437 566 5480 Mss.
595 5422 710 5492 ᾕρεε.
738 5437 791 5492 et
807 5422 1028 5492 Remigf:
1057 5435 1163 5492 Non
1177 5423 1466 5492 pluit_Deu._s,
1486 5422 1582 5492 diu:
1597 5425 1661 5492 ad
1681 5422 1928 5492 _(.‘hristia~

333 5505 446 5550 suos,
471 5499 590 5550 etc.,
611 5484 794 5550 et'quia
815 5484 1106 5552 plttitA'Deus,
1130 5484 1636 5552 duc_ad_(‘hrist_i(mos;
1649 5484 1930 5552 id_es_t__cau:

335 5545 446 5602 sani
469 5555 520 5602 in
539 5545 832 5602 Christianos
863 5549 1016 5606 refer,
1037 5545 1174 5610 juxta
1211 5547 1328 5596 illud
1353 5547 1480 5610 quod
1507 5549 1652 5610 etiam
1697 5547 1744 5594 in
1777 5545 1860 5594 lib.
1899 5545 1930 5594 2

335 5615 404 5663 de
435 5617 638 5663 civuale
669 5615 770 5666 Dei.
797 5626 842 5660 c.
875 5613 923 5670 5,
957 5607 1060 5659 ait':
1097 5618 1290 5658 «ortum
1329 5607 1441 5658 eSse
1485 5607 1686 5668 vulgare
1728 5621 1928 5668 prover-

344 5697 366 5720 ο
397 5678 546 5732 bsunt,
573 5676 732 5724 Pluvia
753 5673 885 5728 deﬁt,
913 5685 1056 5721 causa
1079 5671 1344 5732 christiani.
1366 5687 1388 5712 ν
1435 5671 1550 5717 niue
1572 5681 1774 5732 quoque
1810 5677 1928 5718 't‘er-

339 5731 578 5788 tullianUs
601 5737 650 5784 in
675 5735 1002 5798 Apologetico,
1027 5746 1070 5780 c.
1095 5731 1158 5780 40
1181 5745 1192 5779 :
1225 5749 1248 5776 et
1268 5734 1314 5780 si
1335 5732 1540 5792 Tiberis,
1565 5731 1738 5794 inquit,
1761 5743 1930 5780 ascen-

405 5819 478 5881 (τι)
505 5818 566 5866 ,ω
593 5815 1244 5880 plcbemCarthaginensem.

541 5899 768 5962 Sutor.
819 5901 1097 5959 Aunus-r.
1147 5895 1252 5956 IV.

1383 368 1776 430 ENARRATIO
1813 365 1878 424 IN
1918 365 2240 426 PSALMUM
2283 365 2496 428 LXXX.

3423 368 3558 424 £05!

1991 479 2129 536 unde
2153 481 2412 538 deberent
2433 481 2658 552 amplius
2684 481 3013 552 supplicare;
3043 481 3298 552 eligentes
3321 482 3562 554 blasphe-

1923 617 1925 620 .
1985 585 2134 628 mare
2157 587 2316 640 quam
2339 588 2514 628 orare.
2543 571 2676 628 Cum
2697 587 2826 644 ergo
2847 573 2948 627 ista
2975 582 3415 640 commemorant,
3437 589 3558 630 cum

1985 662 2086 718 ista
2112 663 2334 734 iactant,
2363 677 2484 718 cum
2515 665 2612 720 ista
2637 664 2836 726 dicunt.
2866 674 2918 720 et
2947 665 3330 720 contumaciter
3356 665 3558 732 dicunt,

1985 769 2092 810 non
2119 769 2238 810 cum
2267 747 2458 810 timore
2479 795 2496 820 ,
2527 755 2623 810 sed
2663 771 2782 812 cum
2811 756 3071 822 elatione;
3101 771 3208 812 non
3231 772 3326 814 vos
3353 767 3561 827 pertur-

1985 844 2134 900 bent.
2181 845 2310 900 Puta
2350 846 2492 900 enim
2531 844 2654 915 quia
2685 861 2946 916 pressurae
2972 846 3274 913 abundant,
3303 856 3358 902 tu
3387 833 3562 904 oleum

1985 943 2120 990 esto.
2168 935 2325 1006 Nigra
2367 934 2602 990 tenebris
2645 935 2957 1008 ignorantia:
2999 951 3214 992 amurca
3249 937 3484 1004 insultet,
3507 951 3564 994 et

1985 1026 2080 1082 illa
2110 1035 2356 1096 tanquam
2389 1042 2483 1096 per
2511 1025 2710 1096 plateas
2735 1026 2967 1096 projecta
2995 1027 3203 1098 publice
3225 1027 3440 1084 insultet
3467 1047 3480 1083 :
3508 1039 3562 1082 ιιι

1984 1117 2122 1187 apud
2156 1129 2204 1174 te
2242 1119 2292 1172 in
2321 1117 2485 1173 corde
2517 1127 2626 1184 tuo,
2659 1117 2749 1174 ubi
2778 1119 2867 1190 qui
2893 1117 3034 1174 videt
3057 1119 3107 1174 in
3139 1119 3352 1176 occulto
3379 1119 3565 1176 reddet

1987 1209 2081 1265 tibi
2112 1208 2340 1283 (Matth.
2369 1225 2442 1276 γι,
2473 1207 2508 1264 6
2527 1209 2567 1280 ).
2589 1209 2794 1280 liquare
2819 1209 2872 1264 in
2897 1209 3286 1279 gemellarium.
3331 1211 3481 1266 Oliva
3509 1212 3562 1266 in

1985 1301 2176 1358 arbore
2225 1301 2538 1372 quibusdam
2587 1300 2800 1372 quidem
2854 1302 3254 1372 tempestatibus
3307 1304 3564 1374 agitatur,

1987 1411 2092 1450 non
2117 1404 2298 1450 tamen
2325 1394 2587 1465 pressuris
2614 1394 2890 1450 torcularis
2913 1395 3189 1460 atteritur;
3221 1394 3340 1450 ideo
3369 1405 3566 1451 utrum-

1987 1501 2090 1557 que
2132 1486 2288 1540 simul
2319 1486 2512 1556 pendet
2538 1501 2603 1540 ex
2627 1485 2857 1551 arbore,
2901 1493 2956 1541 et
2995 1485 3138 1556 quod
3180 1485 3566 1556 projiciendum

1989 1587 2092 1646 est,
2123 1586 2178 1632 et
2203 1577 2345 1648 quod
2387 1577 2781 1634 recondendum
2809 1585 2890 1634 est
2919 1594 2931 1632 :
2959 1585 3016 1632 at
3039 1577 3128 1633 ubi
3158 1575 3224 1632 ad
3254 1577 3484 1632 torcular
3511 1587 3567 1632 et

1989 1685 2268 1740 pressuras
2300 1679 2514 1726 ventum
2553 1669 2731 1736 fuerit,
2762 1679 3047 1741 utcumque
3072 1668 3413 1736 discernitur,
3439 1669 3568 1723 diri-

1989 1761 2180 1828 mitur;
2210 1771 2262 1817 et
2287 1760 2434 1816 aliud
2457 1762 2740 1832 appetitur,
2770 1759 2910 1816 aliud
2935 1761 3222 1832 respuitur.
3249 1759 3421 1816 Vultis
3441 1775 3568 1814 nos-

1991 1869 2050 1910 se
2075 1854 2179 1908 vim
2208 1853 2548 1908 torcularium
2581 1853 2834 1907 istorum?
2859 1851 2930 1909 Ut
2959 1867 3126 1908 unum
3151 1851 3349 1922 aliquid
3374 1851 3568 1916 dicam,

1994 1945 2135 2002 unde
2163 1955 2218 2002 et
2245 1947 2342 2016 ipsi
2371 1953 2702 2000 murmurant
2725 1945 2814 2015 qui
2853 1960 2916 2000 ea
2955 1945 3152 2000 faciunt
3181 1963 3193 1999 :
3221 1944 3464 2012 Quantm,
3489 1945 3567 1998 iu-

1994 2040 2182 2110 quiuut
2202 2081 2216 2105 ,
2255 2039 2454 2108 rapina:
2479 2038 2803 2107 temporibus
2831 2037 3046 2100 nostris,
3074 2045 3284 2108 quantae
3312 2051 3571 2106 pressura:

1997 2133 2398 2200 innocentium,
2439 2139 2647 2200 quanta:
2691 2129 3102 2199 exspoliationes
3155 2143 3337 2184 rerum
3384 2127 3574 2183 aliena-

1995 2225 2144 2280 ruml
2193 2225 2268 2278 lta
2297 2239 2426 2280 sane
2453 2224 2505 2278 in
2541 2237 2811 2278 amurcam
2856 2221 3116 2288 attendis,
3145 2219 3576 2296 quia-rapiuntur

1996 2331 2086 2372 res
2112 2315 2299 2372 alienae
2325 2332 2340 2380 ;
2382 2315 2434 2370 in
2465 2313 2641 2369 oleum
2674 2328 2781 2368 non
2809 2312 3040 2368 attendis
3063 2353 3079 2379 ,
3105 2313 3226 2382 quia
3255 2312 3574 2383 pauperibus

1997 2405 2266 2460 donantur
2303 2413 2358 2460 et
2394 2404 2640 2474 prepriaz.
2669 2402 2782 2458 Non
2835 2401 3064 2458 habebat
3107 2402 3391 2472 antiquitas
3441 2401 3574 2456 tales

1999 2505 2242 2566 raptores
2270 2511 2446 2550 rerum
2473 2494 2800 2558 alienarum;
2839 2493 2937 2548 sed
2965 2508 3069 2548 non
3097 2492 3324 2548 habebat
3351 2493 3578 2564 antiqui-

2003 2599 2083 2644 tas
2111 2589 2242 2644 tates
2265 2587 2550 2644 douatores
2569 2603 2745 2642 rerum
2773 2601 3007 2642 suarum.
3035 2587 3321 2656 Aliquanto
3345 2595 3464 2642 esto
3489 2601 3578 2642 cu-

2002 2681 2193 2736 riosior
2223 2680 2274 2734 in
2302 2679 2582 2746 torculari;
2625 2679 2732 2733 noli
2763 2677 2864 2734 hoc
2889 2677 3062 2732 solum
3092 2677 3272 2732 videre
3299 2677 3442 2748 quod
3479 2694 3580 2747 pu-

2006 2773 2140 2828 blicc
2187 2771 2304 2826 ﬂuit
2351 2788 2364 2824 :
2413 2780 2495 2826 est
2545 2769 2746 2840 aliquid
2797 2768 2940 2839 quod
2987 2768 3274 2838 qumrendo
3321 2768 3578 2824 invenias.

2005 2865 2248 2928 Discute,
2281 2863 2402 2918 audi
2420 2902 2436 2928 ,
2464 2876 2726 2933 cognosce
2763 2847 2920 2930 quam
2948 2859 3101 2914 multi
3131 2859 3326 2913 faciunt
3350 2857 3490 2929 quod
3518 2874 3580 2914 ex

2005 2972 2098 3012 ore
2129 2954 2339 3010 Domini
2365 2970 2485 3010 cum
2508 2953 2744 3008 audisset
2768 2967 2903 3007 unus
2930 2951 3099 3018 dives,
3113 2951 3279 3007 tristis
3305 2951 3578 3008 abscessit.

2008 3051 2086 3106 Ex
2125 3049 2416 3120 Evangelio
2445 3047 2598 3102 multi
2627 3045 2868 3110 audiunt,
2905 3043 3064 3110 Vade,
3094 3044 3249 3098 vende
3282 3045 3451 3098 omnia
3475 3060 3586 3116 quat

2009 3139 2254 3212 possides,
2282 3149 2328 3194 et
2355 3138 2422 3192 da
2451 3137 2772 3208 pauperibus,
2799 3144 2844 3190 et
2874 3135 3074 3189 habebis
3102 3135 3388 3188 thesaurum
3413 3135 3464 3188 in
3485 3151 3581 3188 ca:-

2009 3233 2103 3296 tis;
2142 3239 2188 3284 et
2217 3229 2323 3284 ueni
2343 3269 2360 3296 ,
2387 3244 2590 3300 sequere
2614 3243 2692 3280 me
2721 3224 2845 3296 (Id.
2890 3241 2999 3292 χιχ,
3028 3225 3088 3280 21
3117 3223 3136 3295 )
3168 3242 3180 3278 :
3211 3239 3316 3278 non
3359 3223 3588 3280 attendis

2009 3337 2168 3394 quam
2209 3321 2358 3375 multi
2405 3319 2455 3374 id
2503 3318 2736 3372 faciunt?
2773 3317 2970 3382 Pauci,
3013 3315 3275 3386 inquiunt,
3309 3323 3452 3370 sunt.
3485 3314 3540 3383 lp
3573 3314 3588 3368 i

2011 3421 2188 3469 tamen
2229 3412 2379 3482 pauci
2423 3411 2598 3466 oleum
2634 3416 2788 3476 sunt;
2832 3417 2886 3464 et
2935 3407 3024 3478 qui
3071 3405 3206 3462 bene
3243 3415 3462 3460 tttuutur
3508 3407 3590 3458 his

2011 3505 2168 3561 rebus
2194 3519 2324 3574 quas
2354 3501 2654 3573 possident,
2699 3499 2764 3556 ad
2811 3499 2988 3556 oleum
3034 3499 3338 3570 pertinent:
3366 3498 3590 3567 adjunge

2013 3595 2210 3659 omnia,
2241 3603 2296 3650 et
2322 3592 2524 3648 videbis
2555 3589 2946 3662 patrisfamilias
2971 3589 3044 3644 tui
3078 3588 3259 3658 plenas
3283 3587 3586 3658 apothecas...

2014 3687 2176 3742 Vides
2207 3695 2474 3756 raptorem
2516 3683 2724 3754 qualem
2771 3695 3036 3750 nunquam
3073 3679 3280 3744 vidisti;
3309 3678 3429 3734 vide
3459 3695 3590 3732 Cult-

2015 3789 2330 3850 temptorem
2369 3791 2546 3833 rerum
2591 3789 2806 3830 suarum
2851 3773 3060 3844 qualem
3107 3787 3371 3843 nunquam
3395 3771 3590 3828 vidisti.

2015 3871 2194 3928 Lauda
2222 3869 2526 3934 toreularia,
2556 3867 2804 3936 impletur
2829 3865 3103 3935 prophetia
3129 3865 3196 3919 de
3225 3863 3541 3934 Apocalypsi
3575 3882 3588 3916 :

2014 3959 2192 4016 Justus
2207 3960 2398 4030 justior
2423 3958 2534 4026 ﬁat,
2560 3967 2604 4010 et
2629 3955 2862 4010 sordidus
2890 3953 3143 4008 sordescat
3181 3952 3348 4006 adhuc
3391 3952 3570 4023 (Apoc

2017 4069 2147 4118 xxu,
2182 4049 2306 4122 ll).
2358 4049 2494 4104 Ecce
2521 4046 2800 4102 toreularia
2847 4045 2900 4099 in
2943 4043 3042 4098 hac
3087 4042 3348 4098 sententia
3378 4059 3390 4094 :
3417 4041 3594 4114 Justus

2010 4145 2198 4217 juslior
2225 4143 2336 4210 ﬁat,
2367 4149 2413 4196 et
2439 4139 2674 4194 sordidus
2697 4139 2952 4194 sordescat
2981 4136 3168 4190 adhuc.

2089 4236 2143 4289 2.
2173 4233 2349 4302 Quare
2376 4239 2431 4288 et
2457 4231 2628 4302 quinta
2651 4227 2883 4283 sabbati?
2912 4227 3036 4298 quid
3067 4235 3150 4282 est
3175 4226 3311 4282 hoc?
3337 4226 3598 4282 Recurra-

2021 4343 2140 4382 mus
2165 4324 2232 4380 ad
2261 4323 2426 4394 prima
2453 4336 2614 4391 Opera
2639 4319 2755 4387 Dei,
2783 4335 2852 4374 ne
2876 4317 3010 4373 forte
3037 4317 3108 4372 ibi
3138 4317 3332 4388 aliquid
3361 4309 3598 4374 invenia-

2022 4433 2141 4474 mus
2180 4431 2288 4488 quo
2333 4423 2388 4470 et
2435 4421 2823 4470 sacramentum
2877 4411 3254 4482 intelligamus.
3311 4410 3600 4466 Subhatum

2023 4509 2166 4564 enim
2194 4507 2452 4578 septimus
2475 4505 2591 4560 dies
2617 4513 2700 4560 est
2723 4517 2827 4574 quo
2860 4503 3122 4572 requievit
3165 4503 3303 4558 Deus
3332 4503 3399 4558 ab
3427 4506 3602 4558 omni-

2023 4602 2124 4658 bus
2148 4599 2394 4670 operibus
2416 4597 2525 4651 suis
2554 4593 2716 4667 (Gen.
2740 4609 2796 4658 ll,
2823 4593 2916 4665 2),
2945 4609 3193 4664 magnum
3221 4594 3469 4648 intimans
3492 4610 3602 4664 my-

2024 4693 2246 4750 sterium
2295 4689 2485 4762 quietis
2530 4696 2726 4742 nostra:
2769 4686 2958 4742 futura:
2985 4685 3052 4740 ab
3077 4685 3326 4742 omnibus
3355 4687 3605 4755 eperibus

2027 4786 2242 4844 nostris.
2275 4785 2450 4840 Prima
2481 4782 2686 4839 sabbati
2711 4781 2902 4836 dicitur
2931 4779 3134 4850 primus
3158 4779 3273 4834 dies
3291 4820 3306 4845 ,
3335 4794 3491 4850 quem
3520 4781 3610 4833 do-

2029 4879 2280 4933 minicum
2323 4876 2483 4930 etiam
2536 4873 2871 4928 nominamus
2903 4890 2916 4925 :
2946 4869 3182 4926 secunda
3225 4870 3467 4938 sabbati,
3517 4888 3606 4924 sc-

2028 4969 2232 5026 cundus
2259 4967 2408 5032 dies;
2443 4967 2596 5022 tertia
2626 4964 2848 5029 sabbati,
2877 4963 3064 5018 tertius
3091 4962 3239 5027 dies;
3271 4971 3455 5032 quarta
3481 4965 3607 5016 sah-
3635 5031 3640 5040 .

2028 5062 2156 5128 bati,
2184 5067 2437 5130 quartus;
2469 5059 2642 5128 quinta
2665 5071 2792 5126 ergo
2813 5055 3026 5118 sabbati,
3053 5055 3266 5124 quintus
3291 5071 3320 5108 a
3343 5055 3608 5132 dominico
3639 5121 3644 5136 Ι

2029 5158 2116 5213 die
2145 5175 2158 5210 :
2192 5163 2311 5226 post
2337 5169 2494 5224 quem
2522 5160 2670 5207 sexta
2697 5151 2922 5218 sabbati,
2950 5159 3132 5206 sextus
3171 5150 3313 5210 dies;
3355 5157 3408 5204 et
3437 5129 3608 5218 ipsum

2031 5251 2330 5314 sabbatum,
2353 5245 2610 5316 septimus
2637 5245 2771 5300 dies.
2799 5243 2984 5300 Videte
3011 5243 3186 5311 itaque
3213 5241 3402 5310 quibus
3427 5241 3610 5310 loqua-

2033 5355 2117 5400 tur
2161 5343 2246 5398 hic
2287 5341 2522 5412 psalmus
2553 5357 2564 5394 :
2597 5335 2804 5394 videtur
2825 5336 2967 5393 enim
2999 5335 3128 5390 mihi
3156 5333 3408 5404 quoniam
3436 5333 3612 5404 bapti-

2039 5519 2062 5546 ι
2083 5500 2153 5550 dit
2177 5499 2224 5548 in
2249 5497 2444 5552 mmnia,
2469 5509 2508 5545 SI
2531 5493 2661 5544 Nilus
2679 5505 2772 5542 non
2791 5491 3008 5542 ascendit
3045 5491 3091 5538 in
3114 5501 3246 5548 arva,
3281 5495 3398 5546 etc.,
3433 5490 3612 5552 statim,

2041 5582 2062 5608 ε
2084 5561 2374 5610 christianos
2390 5551 2446 5606 ad
2473 5557 2685 5614 leonem,
2705 5553 3008 5614 acclamatur,
3033 5569 3056 5596 ι»
3089 5558 3142 5600 Et
3155 5553 3416 5614 Cyprianus
3437 5551 3496 5598 ad
3521 5558 3613 5614 Dee

2033 5625 2349 5672 metrianutn:
2385 5638 2406 5664 (ι
2429 5619 2518 5668 Sed
2541 5613 2800 5665 enimcmu
2815 5615 2946 5662 dicas
2961 5613 3199 5674 plurimos
3213 5615 3468 5673 conqueri.
3486 5613 3614 5673 quod

2042 5683 2210 5733 «bella
2253 5683 2474 5730 crebrius
2495 5685 2713 5740 surgant,
2737 5675 2864 5738 quod
2897 5674 3176 5740 lues,_quod
3209 5675 3362 5724 lamcs
3395 5677 3613 5740 saw-inn,

2044 5765 2065 5790 α
2089 5745 2316 5808 quodque
2341 5744 2524 5808 imbres
2549 5735 2605 5788 et
2624 5735 2808 5808 [invias
2829 5749 3006 5786 serena
3031 5735 3172 5800 longa
3212 5735 3506 5801 suspendant
3533 5749 3614 5784 no-

2051 5827 2072 5856 u
2091 5799 2168 5856 liis
2191 5799 2427 5868 imputari,
2450 5799 2761 5852 tacere’ultra
2787 5811 2882 5847 non
2905 5799 3160 5859 Opertae-L5

2779 5879 3268 5961 (Trente—trot's.)
