4048 6482
568 392 588 447 1
600 392 703 449 035

566 508 695 564 zatis
720 506 975 578 loquitur.
1013 499 1209 574 Quinto
1235 503 1374 562 enim
1403 502 1490 559 die
1514 500 1654 558 Deus
1680 515 1742 556 ex
1774 500 1921 571 aquis
1948 502 2149 559 creavit

569 600 847 665 animalia;
881 599 1064 669 quinto
1085 597 1190 664 die,
1212 597 1262 651 id
1282 603 1381 662 est,
1402 596 1574 665 quinta
1598 594 1790 648 sabbati
1816 593 1948 665 dixit
1975 594 2147 649 Deus:

566 691 863 747 Producant
884 707 1027 763 aqua:
1047 689 1248 762 reptilia
1267 689 1551 741 animarum
1572 687 1794 740 vivarum
1814 685 1965 759 (Gen.
1982 685 2142 756 1,20).

567 783 758 841 Videte
785 799 912 855 ergo
942 799 1070 851 vos,
1116 782 1170 837 in
1213 779 1402 851 quibus
1448 779 1559 849 jam
1596 778 1960 849 produxerunt
1998 792 2149 848 aqua:

565 877 774 947 reptilia
800 877 1093 932 animarum
1124 875 1383 928 vivarum.
1422 871 1524 927 Vos
1565 871 1707 927 enim
1755 871 1820 925 ad
1866 870 2147 926 toreularia

566 968 869 1037 pertinetis;
899 976 950 1021 et
980 967 1034 1021 in
1061 965 1213 1020 vobis
1241 979 1372 1034 quos
1400 964 1762 1034 produxerunt
1796 979 1966 1033 aquze,
2004 961 2146 1019 aliud

565 1060 846 1130 eliquatur,
873 1058 1011 1113 aliud
1035 1058 1326 1128 projicitur.
1353 1057 1487 1113 Sunt
1513 1058 1653 1113 enim
1677 1057 1827 1111 multi
1858 1072 1961 1112 non
1988 1057 2145 1128 digne

563 1157 804 1212 viventes
847 1154 1119 1225 Baptismo
1179 1153 1317 1225 quod
1372 1160 1726 1224 perceperunt
1754 1169 1766 1205 :
1794 1166 1952 1223 quam
1996 1151 2144 1206 multi

562 1247 702 1300 enim
731 1246 978 1316 baptizati
1008 1244 1166 1301 hodie
1192 1247 1389 1300 circum
1422 1245 1661 1314 implere,
1689 1260 1842 1314 quam
1868 1245 2020 1299 istam
2052 1245 2144 1300 bac

561 1335 767 1391 silicam
817 1336 1156 1392 maluerunt!
1201 1351 1358 1405 quam
1386 1336 1533 1389 multi
1564 1334 1831 1404 baptizati,
1864 1344 1954 1389 aut
1992 1350 2143 1391 casas

560 1429 613 1483 in
644 1430 773 1484 vicis
798 1429 1018 1496 faciunt,
1048 1436 1139 1483 ant
1167 1444 1270 1484 non
1302 1428 1413 1482 ﬁeri
1445 1428 1871 1497 conqueruntur!
1904 1428 2142 1484 Psalinus

558 1530 737 1579 autem
767 1522 865 1575 iste
895 1538 985 1590 pro
1009 1520 1341 1574 torcularibus
1382 1528 1436 1575 ct
1477 1520 1649 1589 quinta
1674 1519 1884 1585 sabbati,
1915 1520 1967 1573 in
1998 1536 2143 1590 pres-

558 1631 681 1672 sura
704 1616 1059 1679 discretionis,
1085 1623 1137 1669 et
1162 1616 1212 1669 in
1243 1624 1575 1670 sacramento
1600 1614 1877 1683 Baptismi,
1900 1624 2143 1669 cantatur

557 1692 656 1779 ipsi
680 1707 871 1778 Asaph.
905 1704 1083 1776 Asaph
1112 1704 1271 1759 homo
1298 1705 1510 1775 quidam
1550 1704 1644 1759 fuit
1674 1705 1773 1760 hoc
1806 1706 2018 1760 nomine
2047 1721 2138 1774 ap-

556 1801 784 1872 pellatus
808 1841 822 1864 ,
853 1800 987 1855 sicut
1017 1798 1245 1861 ldithun,
1277 1798 1411 1851 sicut
1440 1796 1595 1862 Core,
1629 1797 1763 1851 sicut
1794 1796 1894 1850 alia
1926 1797 2138 1851 nomina

554 1908 675 1963 quae
718 1892 1014 1947 invenimus
1061 1890 1115 1945 in
1163 1890 1328 1944 titulis
1369 1890 1698 1943 Psalmorum
1732 1906 1743 1942 :
1776 1889 2138 1959 interpretatio

553 1992 729 2038 tamen
770 1983 1001 2038 nominis
1050 1983 1359 2053 mysterium
1400 1981 1605 2035 intimat
1634 1983 1854 2036 occulta:
1880 1983 2135 2039 veritatis.

552 2072 735 2142 Asaph
768 2074 962 2143 quippe
1004 2073 1163 2127 latine
1208 2071 1401 2125 dicitur
1442 2070 1811 2142 Congregatio.
1861 2071 2002 2141 Ergo
2045 2089 2137 2141 pro

552 2164 907 2231 torcularibus,
939 2165 1111 2232 quinta
1154 2162 1381 2227 sabbati,
1420 2172 1664 2216 cantatur
1708 2163 1807 2233 ipsi
1850 2163 2054 2232 Asaph;
2086 2163 2136 2217 id

551 2268 654 2323 est,
684 2271 781 2325 pro
808 2270 1056 2325 pressura
1082 2254 1419 2309 discernente
1441 2296 1455 2320 ,
1487 2253 1764 2324 baptizatis
1794 2270 1858 2309 ex
1883 2269 2017 2324 aqua
2049 2270 2134 2309 re-

550 2348 709 2411 natis,
737 2357 981 2402 cantatur
1006 2346 1246 2402 Psalmns
1285 2346 1565 2401 dominicae
1599 2346 2011 2418 congregationi.
2041 2347 2134 2401 Ti-

550 2440 712 2495 tulum
752 2440 805 2495 in
846 2438 1028 2493 limine
1066 2439 1307 2507 legimus,
1338 2446 1391 2492 et
1436 2437 1487 2492 in
1534 2438 1614 2492 his
1657 2439 1857 2509 prelis‘
1885 2439 2007 2508 quid
2034 2438 2133 2492 sibi

549 2533 699 2599 velit,
725 2532 1077 2587 intelleximus
1104 2531 1238 2599 :jam
1268 2531 1311 2585 si
1342 2531 1515 2600 placet
1541 2532 1698 2586 etiam
1726 2531 1895 2599 ipsam
1918 2531 2132 2586 domum

548 2622 749 2692 operis,
794 2622 843 2676 id
890 2631 992 2688 est,
1036 2623 1202 2692 ipsius
1243 2622 1521 2677 torcularis
1562 2623 1811 2678 interiora
1840 2624 2129 2679 videamus.

547 2716 832 2780 lntremus,
866 2715 1227 2784 inspiciamus,
1265 2714 1611 2784 gaudeamus,
1639 2715 1937 2782 timeamus,
1967 2730 2130 2785 appe-

550 2816 746 2873 tamus,
770 2805 1054 2876 fugiamus.
1080 2804 1266 2859 Omnia
1300 2805 1440 2859 enim
1482 2805 1595 2859 haec
1635 2804 1898 2860 inventuri
1920 2808 2048 2860 estis
2079 2808 2129 2862 in

546 2896 647 2951 hac
677 2896 929 2951 interiore
956 2895 1136 2960 domn,
1176 2894 1227 2948 id
1266 2904 1381 2959 est,
1428 2895 1477 2948 in
1520 2904 1664 2948 textu
1709 2894 1873 2963 ipsius
1918 2896 2126 2965 psalmi,

546 3004 666 3044 cum
710 2989 908 3060 legere,
952 2997 1005 3043 et
1044 2988 1327 3057 adjuvante
1376 2987 1618 3053 Domino,
1664 2988 1805 3058 quod
1851 2988 2130 3046 donaverit

546 3078 689 3148 loqui
721 3079 1064 3147 cmperimus.
1678 3085 1689 3091 '

616 3174 667 3227 5.
688 3172 835 3244 [vei-3.
859 3170 938 3242 2.]
961 3171 1095 3225 Ecce
1108 3184 1220 3237 vos,
1245 3184 1277 3223 ο
1304 3169 1501 3240 Asaph,
1531 3171 1868 3241 congregatio
1896 3172 2124 3241 Domini,

554 3263 817 3317 Exsultatc
849 3260 950 3315 Deo
981 3261 1199 3329 adjutori
1228 3259 1530 3313 nastro.V'os
1550 3260 1635 3329 qui
1667 3264 1967 3331 congregati
1997 3262 2125 3318 estis

544 3354 725 3419 hodie,
748 3367 842 3405 vos
862 3351 1014 3405 hodie
1042 3349 1217 3419 Asaph
1235 3348 1461 3413 Domini,
1492 3349 1535 3401 si
1562 3349 1771 3419 quidem
1802 3352 1951 3406 vobis
1977 3355 2124 3407 cani-

544 3455 628 3501 tur
649 3442 909 3507 Psalmus,
937 3441 1033 3511 ipsi
1052 3439 1250 3519 Asaph,
1276 3438 1539 3493 Exsultate
1563 3440 1665 3493 Deo
1686 3442 1911 3511 adjutori
1931 3455 2121 3502 nostro.

542 3536 825 3592 Exsultant
849 3533 937 3586 alii
967 3532 1129 3599 circo,
1161 3545 1255 3585 vos
1288 3531 1431 3585 Deo:
1457 3533 1723 3586 exsultant
1743 3534 1829 3587 alii
1852 3534 2121 3605 deceptori

541 3643 675 3693 suo;
726 3626 987 3680 exsultate
1028 3638 1122 3678 vos
1164 3622 1390 3692 adjutori
1439 3633 1615 3678 vestro
1660 3642 1674 3677 :
1720 3627 1984 3681 exsultant
2027 3629 2116 3683 alii

542 3720 651 3775 Deo
678 3734 773 3773 suo
798 3716 966 3771 ventri
984 3728 1113 3778 suo;
1148 3714 1413 3771 exsultante
1441 3730 1533 3769 vos
1562 3714 1668 3770 Deo
1687 3724 1864 3769 vestro
1890 3716 2118 3785 adjuturi

541 3820 737 3865 vestro.
765 3807 989 3860 anilate
1026 3805 1133 3859 Deo
1173 3805 1329 3858 Jacob
1361 3822 1380 3859 :
1402 3806 1520 3875 quia
1547 3814 1601 3860 et
1625 3821 1718 3860 vos
1750 3806 2025 3875 pertinetis
2053 3808 2117 3863 ad

537 3902 735 3967 Jacob;
766 3901 874 3955 imo
902 3914 996 3954 vos
1019 3898 1145 3953 estis
1170 3897 1350 3959 Jacob,
1385 3897 1559 3951 minor
1588 3898 1814 3968 populus
1842 3899 1925 3953 cui
1951 3901 2119 3956 servit

537 3995 708 4064 major
742 3991 868 4063 (Id.
898 4008 1020 4059 xxv,
1052 3991 1121 4045 25
1142 3990 1183 4059 ).
1228 3988 1453 4043 Jubilate
1498 3988 1603 4044 Deo
1640 3988 1820 4044 Iacob.
1853 3990 2115 4062 Quidquid

536 4084 713 4139 verbis
739 4084 1003 4152 explicare
1034 4097 1137 4135 non
1165 4081 1546 4150 poteritis,non
1574 4079 1692 4135 ideo
1724 4090 1898 4136 tamen
1924 4082 1991 4136 ab
2020 4098 2115 4137 ex-

536 4177 819 4233 sultatione
848 4172 1099 4229 eessetis:
1124 4172 1261 4241 quod
1289 4171 1525 4241 poteritis
1551 4172 1834 4240 explicare,
1854 4173 2111 4239 clamate;

536 4266 673 4338 quod
719 4280 824 4338 non
873 4262 1110 4332 potestis,
1150 4260 1383 4331 jubilate.
1434 4260 1640 4314 Etenim
1683 4275 1748 4313 ex
1794 4259 2113 4316 abundantia

534 4336 863 4432 gaudiorum,
895 4357 976 4411 cui
1007 4357 1166 4410 verba
1196 4354 1441 4409 suflicere
1470 4369 1572 4407 non
1610 4361 1860 4422 possunt,
1894 4354 1943 4407 in
1968 4354 2112 4423 jubi-

533 4452 781 4508 lationem
809 4449 943 4503 solet
964 4461 1243 4518 erumpere
1276 4464 1290 4500 :
1319 4444 1543 4498 Jubilate
1583 4442 1689 4497 Deo
1718 4443 1896 4498 Jacob.

602 4546 656 4599 tl.
691 4541 838 4614 [uers.
870 4540 947 4612 5.]
992 4540 1212 4608 Accipite
1247 4537 1518 4605 psalmum,
1564 4546 1609 4590 et
1645 4537 1759 4589 date
1795 4547 2105 4607 tympanum.

536 4637 602 4692 Et
629 4635 858 4702 accipite.
881 4642 934 4688 et
962 4632 1094 4684 date.
1123 4628 1259 4696 Quid
1287 4628 1534 4698 accipite?
1556 4627 1679 4697 quid
1710 4627 1861 4683 date?
1890 4628 2109 4698 Accipite

514 4717 803 4796 'psalmum,
826 4734 874 4777 et
903 4723 1017 4777 date
1043 4731 1357 4791 tympanum.
1394 4719 1528 4774 Dicit
1563 4718 1790 4789 quodam
1832 4720 1948 4774 loco
1974 4736 2106 4790 apo.

530 4819 697 4872 stnlus
744 4815 964 4878 Paulus,
1003 4810 1399 4880 reprehendens
1443 4817 1496 4865 et
1543 4809 1747 4873 dolens,
1781 4809 1919 4880 quod
1950 4827 2105 4867 nemo

529 4911 602 4965 illi
636 4906 1104 4963 communicaverit
1128 4905 1179 4957 in
1207 4905 1399 4957 ratione
1423 4903 1528 4955 (lati
1554 4912 1599 4955 et
1628 4903 1816 4971 accepti
1845 4901 2101 4975 (Philipp.

527 5018 597 5068 tv,
628 5004 695 5057 15
717 5002 755 5071 ).
786 4998 923 5066 Quid
954 5006 1054 5063 est,
1086 4996 1137 5050 in
1160 4997 1353 5049 ratione
1378 4995 1483 5047 dati
1514 5003 1558 5047 et
1584 4995 1806 5063 accepti,
1839 4992 1939 5048 nisi
1964 4994 2104 5064 quod

526 5094 632 5147 alio
658 5093 774 5146 loco
798 5096 980 5160 aperte
1007 5086 1248 5158 exposuit
1278 5103 1289 5139 :
1324 5085 1384 5141 Si
1412 5101 1503 5138 nos
1537 5085 1670 5138 vobis
1703 5083 1990 5153 spiritualia
2021 5101 2103 5139 se-

525 5186 844 5247 minavimus,
875 5197 1112 5251 magnum
1136 5187 1205 5232 est
1226 5178 1267 5231 si
1292 5193 1383 5230 nos
1406 5186 1565 5231 vestra
1601 5175 1826 5228 carnalia
1861 5184 2103 5228 metamus

526 5279 585 5352 (l
617 5278 736 5333 Cor.
770 5292 845 5343 ix,
876 5276 935 5331 ll
963 5274 1015 5344 )?
1046 5273 1111 5328 Et
1138 5286 1319 5327 verum
1350 5278 1429 5325 est
1457 5268 1597 5339 quod
1629 5277 1935 5338 tympanum
1963 5266 2101 5336 quod

524 5375 592 5439 de
621 5374 767 5428 corio
795 5371 882 5436 (it,
916 5370 979 5424 ad
1004 5382 1217 5423 carnem
1246 5364 1493 5435 pertinet.
1523 5361 1763 5416 Psalmus
1790 5375 1917 5430 ergo
1946 5360 2103 5429 spiri-

524 5466 680 5521 tualis
707 5472 806 5529 est,
838 5470 1141 5534 tympanum
1184 5456 1418 5513 carnale.
1466 5453 1606 5524 Ergo
1647 5452 1797 5527 plebs
1828 5450 1950 5517 Dei,
1977 5466 2105 5505 cou-

525 5558 762 5632 grcgatio
791 5554 917 5620 Dei,
947 5554 1152 5624 accipite
1181 5550 1466 5622 psalmum,
1514 5555 1561 5599 et
1602 5545 1716 5598 date
1763 5554 2053 5614 tympanum
2082 5559 2104 5596 :

524 5650 746 5719 accipite
766 5646 1077 5717 spiritualia,
1101 5652 1155 5699 et
1172 5643 1292 5697 date
1312 5638 1562 5697 carnalia.
1594 5636 1707 5691 Hoc
1731 5646 1813 5692 est
1841 5635 1979 5705 quod
2011 5650 2103 5690 vos

556 5786 572 5814 ι
630 5790 737 5830 Lov.
764 5789 811 5831 et
828 5788 954 5841 1153.,
982 5775 1200 5843 prwcliis.
1222 5773 1390 5824 Melius
1413 5778 1507 5832 En,
1532 5767 1696 5833 prelis.
1724 5768 1771 5819 td
1797 5773 1874 5819 est
1894 5766 2101 5819 torcula-

516 5846 673 5895 ribus.

1799 385 1856 443 s.
1896 385 2259 447 AUGUSTINI
2290 387 2590 469 EPlSCOI’l

3702 416 3833 478 1036

2255 498 2310 563 et
2347 509 2415 565 ad
2452 507 2595 565 illam
2633 526 2871 568 mensam
2898 512 3038 571 beati
3078 515 3323 593 Martyris
3346 520 3427 597 (a)
3456 515 3716 586 exhortati
3747 550 3836 590 sn-

2254 617 2394 669 mus,
2428 611 2485 658 ut
2512 606 2837 675 accipientes
2861 608 3172 680 spiritualia,
3199 613 3400 673 daretis
3427 623 3678 679 carnalia.
3710 626 3835 682 Haec

2254 694 2395 747 enim
2420 709 2537 764 quae
2562 705 2904 754 exstruuntur
2927 700 2994 755 ad
3023 711 3252 774 tempus,
3284 707 3350 764 ad
3380 713 3681 784 recipienda
3708 734 3832 774 cor-

2242 798 2381 853 pora
2406 786 2489 840 vel
2519 787 2754 843 vivorum
2782 790 2867 845 vel
2892 800 3222 850 mortuorum
3249 804 3546 858 necessaria
3569 815 3712 875 sunt,
3735 812 3830 866 sed

2254 881 2491 944 tempore
2534 881 2893 947 praetereunti.
2947 882 3211 955 Numquid
3258 899 3379 958 post
3423 892 3678 960 judicium
3738 900 3833 956 Dei

2252 964 2381 1021 istas
2426 966 2650 1023 fabricas
2688 970 2739 1024 in
2782 972 2975 1028 coelum
3014 974 3343 1035 lcvabimus?
3390 981 3515 1039 Sine
3542 985 3624 1044 his
3653 998 3829 1046 tamen

2251 1055 2351 1150 boc
2384 1066 2619 1130 tempore
2643 1075 2802 1131 agerc
2830 1080 2948 1134 qum
2972 1066 3038 1120 ad
3069 1070 3443 1137 possidendum
3485 1077 3678 1132 cceluni
3709 1094 3828 1150 per-

2251 1148 2420 1203 tinent
2458 1166 2560 1205 non
2591 1154 2902 1221 poterimus.
2936 1155 2992 1213 Si
3020 1172 3147 1229 ergo
3176 1161 3311 1217 avidi
3341 1166 3468 1220 estis
3494 1166 3546 1221 in
3576 1148 3831 1239 spiritua-

2248 1239 2386 1331 libus
2412 1242 2747 1311 accipiendis,
2785 1245 2961 1303 devoti
2991 1257 3161 1306 estote
3188 1252 3239 1305 iu
3268 1256 3567 1313 carnalibus
3595 1274 3827 1331 erogan-

2248 1329 2349 1385 dis.
2383 1332 2606 1403 Accipite
2647 1336 2915 1405 psalmum,
2956 1347 3001 1393 et
3044 1341 3160 1397 date
3201 1354 3496 1415 tympanum
3522 1329 3825 1422 :accipite'

2249 1439 2431 1480 vocem
2463 1436 2718 1498 nostram,
2750 1430 2954 1488 reddite
2979 1447 3165 1491 manus
3190 1448 3412 1496 vestras.

2318 1516 2369 1570 5.
2405 1515 2712 1573 Psalterium
2750 1521 3032 1591 jucundum
3070 1541 3185 1579 cum
3231 1529 3446 1584 cit/tura.
3488 1531 3701 1589 Memini
3729 1551 3829 1595 nos

2244 1606 2526 1676 aliquando
2555 1609 2903 1668 differentiam
2934 1616 3166 1683 psalterii
3207 1629 3261 1673 et
3299 1621 3517 1677 citharae
3554 1624 3827 1685 intimasse

2245 1697 2500 1754 Charitati
2530 1712 2720 1756 vestra:
2751 1719 2763 1755 :
2802 1702 3023 1759 studiosi
3049 1708 3136 1776 qui
3162 1711 3538 1782 meminerunt,
3571 1731 3829 1788 recognoc

2244 1800 2428 1856 scant;
2458 1793 2545 1862 qui
2575 1794 2659 1849 vel
2685 1809 2791 1850 non
2818 1796 3129 1868 audierunt,
3157 1802 3242 1857 vel
3285 1819 3391 1860 non
3432 1810 3785 1866 meminerunt
3805 1854 3825 1881 ,

2242 1881 2468 1938 discant.
2511 1884 2736 1941 Istorum
2767 1886 2993 1945 duorum
3032 1907 3350 1963 organorum
3381 1899 3701 1956 musicorum
3726 1942 3740 1969 ,
3771 1913 3827 1960 et

2242 1977 2477 2045 psalterii
2508 1987 2562 2033 et
2587 1978 2805 2035 cithara:
2845 1979 2959 2037 hinc
2996 1984 3291 2043 dill‘erentia
3317 1998 3420 2056 est,
3446 1992 3585 2061 quod
3623 1995 3825 2064 psalte-

2243 2066 2377 2119 rium
2427 2067 2623 2137 lignum
2671 2069 2802 2125 illud
2850 2084 3173 2138 concavum.
3205 2077 3347 2135 unde
3373 2094 3583 2138 canora:
3605 2084 3825 2141 chordae

2241 2156 2551 2223 redduntur,
2573 2158 2623 2212 in
2655 2161 2928 2230 superiore
2952 2174 3097 2232 parte
3128 2164 3318 2235 habet;
3347 2170 3593 2227 deorsum
3620 2173 3826 2231 feriun-

2244 2253 2327 2298 tur
2369 2245 2611 2315 chordae,
2640 2258 2699 2303 ut
2724 2250 2954 2320 desuper
2978 2266 3167 2311 sonent
3191 2275 3205 2310 :
3236 2261 3286 2312 in
3312 2262 3517 2317 cithara
3540 2280 3667 2319 vero
3707 2266 3827 2321 haec

2240 2336 2425 2392 eadem
2452 2341 2755 2396 concavitas
2781 2341 2904 2411 ligni
2934 2355 3133 2414 partem
3167 2348 3469 2407 inferiorem
3499 2361 3677 2422 tenet;
3707 2366 3827 2413 tan-

2239 2442 2398 2495 quam
2426 2429 2557 2485 illud
2585 2431 2652 2485 sit
2676 2431 2743 2487 de
2772 2433 2911 2489 caelo
2929 2476 2945 2501 ,
2973 2435 3074 2492 hoc
3100 2436 3168 2494 de
3197 2448 3357 2495 terra.
3394 2442 3639 2501 Caelestis
3674 2449 3826 2508 enim

2239 2529 2321 2572 est
2355 2520 2657 2591 praedicatio
2680 2523 2825 2578 verbi
2869 2520 2961 2581 Dei
2994 2544 3007 2580 :
3036 2529 3129 2584 sed
3166 2529 3211 2585 si
3244 2543 3622 2603 exspectamus
3656 2541 3828 2599 easie-

2238 2611 2357 2705 stia,
2390 2629 2496 2667 non
2525 2615 2690 2671 simus
2721 2618 2850 2689 pigri
2878 2620 2943 2675 ad
2965 2624 3230 2691 operauda
3260 2635 3503 2695 terrena;
3524 2634 3644 2702 quia
3674 2639 3825 2705 psal-

2237 2702 2415 2756 terium
2430 2705 2715 2773 jucundum
2735 2750 2748 2774 ,
2781 2707 2875 2764 sed
2902 2726 3016 2765 cum
3036 2716 3248 2771 cithara.
3277 2718 3389 2775 Hoc
3415 2722 3521 2777 alio
3548 2702 3705 2780 modo
3729 2727 3826 2783 di-

2236 2800 2377 2847 ctum
2408 2797 2657 2886 estquod
2685 2814 2862 2869 supra,
2897 2798 3122 2873 Accipite
3152 2808 3432 2875 psalmum,
3464 2823 3512 2866 et
3539 2814 3655 2869 date
3689 2827 3827 2886 tym—

2236 2900 2469 2976 panum:
2501 2885 2585 2941 hic
2633 2904 2729 2958 pro
2784 2889 2985 2960 psalmo
3033 2896 3375 2967 psalterium,
3425 2916 3521 2971 pro
3567 2885 3826 2976 tympano

2235 2974 2436 3030 cithara
2479 2979 2644 3045 posita
2684 2990 2785 3035 est.
2840 2982 2949 3037 lloc
2990 2992 3167 3041 tamen
3213 2988 3464 3047 admoniti
3510 2974 3714 3063 sumus,
3762 3010 3829 3057 ut

2236 3066 2596 3135 prcedicationi
2646 3071 2790 3127 verbi
2845 3070 2937 3129 Dei
2990 3080 3353 3146 corporalibus
3401 3088 3828 3157 respondeamus

2235 3160 2504 3227 operibus.

2303 3252 2355 3307 6.
2392 3252 2541 3324 [vcrs.
2573 3254 2652 3327 4.]
2691 3256 2835 3312 Tuba
2858 3259 3037 3314 canite.
3072 3262 3183 3320 Hoc
3211 3275 3310 3331 est,
3342 3268 3536 3327 clarius
3564 3282 3618 3329 et
3648 3275 3830 3334 [iden-

2233 3342 2335 3397 tius
2376 3345 2693 3412 priedieate;
2750 3364 2815 3405 ne
2857 3352 3161 3408 terreamiui
3208 3373 3220 3408 :
3263 3358 3400 3413 sicut
3442 3363 3516 3418 ait
3559 3368 3829 3436 propheta

2229 3436 2453 3504 quodam
2480 3437 2614 3502 loco,
2640 3438 2906 3507 Exclama,
2932 3453 2979 3496 et
2999 3446 3167 3499 exulta
3188 3448 3316 3503 sicut
3341 3452 3458 3506 tuba
3483 3469 3651 3510 vocem
3678 3468 3825 3517 tuam

2231 3522 2382 3598 (Isai.
2414 3544 2557 3595 Lvut,
2592 3530 2663 3599 l).
2695 3529 2837 3584 Tuba
2856 3535 3016 3587 canite
3040 3537 3091 3589 in
3112 3536 3253 3592 initio
3279 3544 3462 3597 mensis
3493 3545 3644 3599 tubae.
3672 3548 3821 3606 Prie-

2229 3625 2437 3686 ceptum
2456 3627 2570 3673 erat
2594 3628 2648 3674 ut
2679 3622 2730 3675 in
2750 3622 2898 3677 initio
2924 3627 3121 3681 mensis
3151 3629 3606 3704 tubajeaneretur;
3635 3647 3689 3692 et
3718 3641 3821 3699 hoc

2227 3722 2393 3776 usque
2422 3724 2561 3764 nunc
2600 3709 2769 3767 Judaei
2813 3717 3159 3784 corporaliter
3204 3716 3423 3789 faciunt,
3469 3727 3820 3795 spiritualiter

2227 3814 2332 3852 non
2363 3800 2675 3871 intelligunt.
2710 3803 2918 3860 Initium
2946 3808 3085 3863 enim
3116 3813 3315 3868 mensis
3337 3856 3354 3882 ,
3380 3831 3513 3872 nova
3543 3819 3665 3874 luna
3695 3832 3818 3891 est;

2226 3904 2362 3946 nova
2392 3891 2535 3959 luna,
2569 3910 2701 3951 nova
2730 3896 2833 3950 vita
2863 3906 2962 3953 est.
2990 3898 3127 3965 Quid
3156 3911 3239 3957 est
3267 3918 3402 3959 nova
3432 3908 3592 3963 luna?
3622 3909 3685 3965 Si
3714 3929 3819 3982 qua

2224 3983 2376 4053 igitur
2397 3984 2449 4038 in
2469 3984 2666 4041 Christo
2687 4005 2813 4042 nova
2837 4000 3065 4046 creatura
3092 3993 3157 4064 (ll
3179 3994 3295 4049 Cor.
3320 4013 3369 4062 v,
3402 3999 3511 4069 Π).
3541 4001 3679 4067 Quid
3706 4014 3816 4072 est,

2224 4073 2367 4128 Tuba
2395 4078 2557 4130 canite
2578 4079 2628 4131 in
2652 4079 2794 4132 initio
2820 4082 3002 4135 mensis
3028 4084 3159 4138 tubw
3180 4085 3295 4155 (b)?
3320 4088 3451 4142 Cum
3482 4098 3591 4144 tota
3621 4092 3818 4155 ﬁducia

2224 4180 2412 4219 novam
2445 4168 2602 4220 vitam
2630 4170 2940 4238 prindicate;
2971 4175 3248 4243 strepitum
3279 4178 3400 4231 vita:
3429 4182 3621 4237 veteris
3647 4186 3818 4243 nolite

2220 4266 2477 4312 metuere.

2292 4347 2344 4402 7.
2386 4347 2535 4421 [vers.
2569 4349 2645 4422 5.]
2688 4352 2821 4419 Quia
2847 4364 3147 4424 prteceptum
3171 4357 3266 4427 ipsi
3301 4356 3465 4414 Israel
3488 4372 3582 4428 est,
3605 4373 3652 4418 et
3666 4366 3816 4435 fudi.

2218 4443 2351 4496 cium
2394 4442 2502 4499 Deo
2535 4443 2716 4499 Jacob.
2767 4445 2861 4501 Ubi
2908 4459 3226 4517 przreeplum
3249 4492 3265 4516 ,
3294 4451 3364 4507 ibi
3389 4452 3668 4523 judicium.
3702 4460 3810 4526 Qui

2217 4534 2357 4591 enim
2411 4534 2462 4590 in
2503 4536 2622 4605 lege
2669 4547 3035 4605 peccaverunt,
3088 4555 3181 4608 per
3225 4541 3393 4614 legem
3432 4544 3817 4614 judicabuntur

2220 4626 2393 4698 (Rom.
2432 4644 2490 4691 ιι,
2524 4627 2633 4698 12).
2678 4628 2743 4681 Et
2770 4629 2881 4698 ipse
2911 4633 3157 4701 princepti
3188 4633 3342 4689 dator
3367 4635 3622 4693 Dominus
3651 4640 3815 4696 Chri-

2214 4728 2349 4781 stus,
2381 4718 2612 4772 Verbum
2642 4735 2766 4775 caro
2794 4720 2986 4775 factum
3013 4763 3026 4786 ,
3058 4721 3124 4776 In
3146 4725 3429 4791 judicium,
3462 4729 3665 4797 inquit,
3698 4739 3816 4791 reri

2211 4813 2265 4866 in
2284 4813 2416 4864 hunc
2442 4812 2703 4877 mundum,
2731 4822 2784 4864 ut
2809 4814 2894 4881 qui
2917 4830 3014 4867 non
3037 4816 3201 4870 vident
3226 4818 3444 4885 videant,
3464 4830 3511 4874 et
3536 4823 3621 4890 qui
3644 4824 3815 4878 vident

2216 4905 2337 4959 circi
2378 4905 2503 4970 ﬁant
2546 4901 2721 4972 (Joan.
2756 4920 2828 4969 ix,
2857 4904 2976 4971 '59).
3015 4905 3150 4974 Quid
3178 4917 3276 4973 est,
3306 4919 3359 4962 ut
3392 4912 3479 4980 qui
3515 4928 3615 4965 non
3642 4912 3814 4968 viden‘

2211 4996 2427 5058 videant,
2467 4994 2552 5063 qui
2579 4994 2743 5047 vident
2767 4998 2888 5048 cruci
2909 4996 3057 5065 fiunt,
3088 4999 3186 5051 nisi
3226 4998 3454 5054 humiles
3481 5002 3808 5073 exaltentur,

2278 5153 2292 5183 ¹
2323 5149 2660 5215 Mss._plures_:
2690 5150 2910 5213 Exigitis.
2936 5152 3057 5215 Alii:
3100 5150 3327 5215 Iccipitis.

2275 5214 2347 5274 (a)
2370 5212 2558 5261 Scilicet
2581 5213 2640 5261 ad
2664 5225 2879 5275 mensam
2902 5214 3113 5273 (ηρνίυηὶ
3137 5212 3375 5275 martyris,
3398 5228 3519 5264 nom
3529 5219 3680 5265 natim
3714 5218 3807 5267 de-

2212 5272 2402 5341 signati
2428 5282 2614 5335 postea,
2661 5286 2709 5321 u.
2737 5272 2813 5321 23.
2835 5272 3159 5341 nempeatud
3190 5272 3534 5341 carthaginem
3573 5291 3671 5341 quo
3701 5279 3809 5330 locu

2212 5334 2491 5399 martyrium
2522 5335 2871 5399 consummavit
2901 5334 3175 5399 Cyprianus,
3208 5343 3299 5399 {In
3323 5334 3497 5388 eodem
3522 5334 3644 5399 loo'o,
3664 5357 3687 5385 ι
3735 5342 3810 5389 in-

2211 5398 2316 5458 quit
2338 5395 2456 5459 hug.
2481 5403 2632 5444 Serm.
2670 5396 2761 5444 H3
2794 5395 2857 5443 de
2884 5395 3109 5459 Diversis,
3145 5411 3188 5445 c.
3225 5397 3272 5456 2,
3308 5418 3331 5447 ι
3358 5414 3527 5451 mensa
3561 5395 3662 5451 Deo
3693 5414 3808 5451 eou-

2218 5456 2244 5505 ἆ
2261 5456 2441 5507 structa
2466 5465 2572 5516 est;
2598 5470 2709 5524 quae
2730 5469 2897 5524 mensa
2920 5456 3095 5505 dicitur
3111 5462 3349 5524 pypriani,
3375 5476 3471 5510 non
3495 5464 3607 5524 quia
3634 5462 3707 5524 ibi
3729 5472 3810 5514 est

2219 5538 2240 5565 α
2257 5517 2754 5591 unquampypri’anus
2768 5517 3012 5591 epulatus,
3037 5521 3125 5570 sed
3151 5517 3273 5591 quia
3288 5517 3361 5591 ibi
3386 5532 3461 5572 est
3494 5517 3805 5583 immolatus;

2218 5598 2240 5626 ii
2261 5589 2311 5628 et
2334 5578 2446 5641 Quia
2472 5578 2571 5641 ipsa
2597 5578 2923 5629 immolatione
2949 5592 3036 5629 sua
3067 5578 3250 5643 paravit
3288 5586 3407 5632 hanc
3438 5598 3670 5641 mansam,
3706 5578 3805 5635 non

2219 5660 2241 5687 α
2263 5643 2440 5708 inqua
2455 5643 2744 5708 pasea_t.sive
2768 5650 3007 5708 pascatur,
3041 5645 3129 5694 sed
3162 5647 3208 5694 in
3235 5659 3330 5708 qua
3361 5645 3648 5695 sacriﬁcium
3680 5652 3799 5705 Deo,

2217 5720 2241 5747 α
2263 5705 2335 5765 cui
2355 5701 2411 5751 et
2432 5701 2534 5765 ipse
2558 5701 2747 5765 oblatus
2768 5701 2863 5764 est,
2888 5704 3138 5755 offeratur.
3163 5724 3185 5752 ιθ

2268 5762 2493 5875 “(gnum
2516 5766 2564 5826 ᾗ.
2591 5763 2619 5812 4
2652 5762 3064 5828 partemomittlt,
3095 5776 3148 5818 tn
3179 5767 3353 5832 insigni
3379 5766 3459 5819 die
3491 5766 3805 5823 summitati:

2280 5840 2288 5847 ‘
2340 5839 2398 5875 t'.

2212 5839 2398 5875 t‘eSU'tl’.
