4084 6476
300 343 442 402 1037

297 453 516 526 superbi
565 453 925 526 dejicianturi
950 467 1072 518 non
1096 452 1237 520 enim
1265 452 1353 524 qui
1391 451 1572 507 vident
1595 449 1721 506 caeci
1750 449 1896 515 fiant,

291 547 394 604 sed
421 546 512 619 qui
539 546 644 604 sibi
671 545 857 604 videre
898 546 1176 614 videntur,
1207 544 1275 602 de
1301 543 1540 602 caacitate
1577 540 1898 599 convincan-

1409 335 1802 396 ENARRATIO
1840 338 1907 391 ιδ
1947 335 2268 396 PSALMUM
2306 336 2520 394 LXXX.

3445 334 3582 393 i031

2006 449 2218 506 servilia
2259 460 2382 507 sunt
2411 465 2611 522 opera;
2644 450 2766 522 quia
2801 450 2973 505 omnis
2999 449 3088 520 qui
3132 447 3254 504 facit
3298 457 3576 521 peccatum

2006 553 2192 595 servus
2217 548 2299 596 est
2326 541 2557 611 peccati;
2589 550 2644 597 et
2683 540 2728 597 si
2764 554 2856 596 vos
2887 539 3050 595 Filius
3088 540 3424 610 liberaverit,
3451 551 3579 600 tunc

289 655 402 708 ιω.
431 637 545 694 Hoc
564 639 676 711 agit
711 640 1022 711 mysterium
1055 638 1329 694 torcularis
1353 680 1368 707 ,
1400 647 1454 690 ut
1491 636 1577 708 qui
1606 652 1704 690 non
1733 634 1899 690 uident
2003 646 2127 687 vere
2155 631 2308 688 liberi
2351 633 2497 688 eritis
2525 633 2700 705 (Joan.
2729 649 2816 688 vnt
2842 676 2857 702 ,
2890 633 2995 699 51,
3025 635 3141 707 56).
3185 633 3370 692 Merito
3393 647 3446 693 et
3481 639 3579 694 ab-

289 731 497 786 videant
519 772 537 799 ,
567 740 612 787 et
637 732 722 802 qui
751 732 918 786 uident
947 731 1066 786 caeci
1091 732 1236 801 ﬁant.

362 824 420 879 8.
459 821 613 896 [βενε.
639 822 718 895 6.]
744 821 1106 878 Testimonium
1128 823 1181 877 in
1203 819 1395 892 Ioseph
1416 819 1580 892 posuit
1599 818 1746 874 illud.
1773 817 1889 884 Eia,

286 912 516 979 fratres,
548 913 677 984 quid
703 914 824 969 cst?
852 912 1051 983 Joseph
1080 913 1458 982 interpretatur
1492 909 1887 981 Augmentatio.

289 1003 630 1070 Meministis,
685 1003 857 1059 nostis
891 1002 1089 1073 Joseph
1145 1002 1197 1057 in
1246 1001 1533 1073 Egyptum
1572 999 1891 1054 venditum:

285 1094 537 1151 Christus
566 1095 631 1150 ad
677 1095 878 1151 Gentes
909 1095 1193 1149 transiens.
1235 1093 1310 1148 lbi
1355 1091 1551 1162 Joseph
1583 1099 1702 1161 post
1731 1089 1896 1145 tribu-

289 1188 522 1242 lationes
550 1187 812 1243 exaltatus
837 1185 990 1259 (Gen.
1018 1200 1219 1255 xxxvu,
1248 1183 1352 1250 28;
1387 1193 1432 1238 et
1461 1199 1568 1250 xu,
1605 1183 1696 1250 37,
1744 1180 1891 1253 ete.),

288 1289 344 1335 et
367 1280 454 1335 hic
479 1280 724 1334 Christus
749 1288 872 1350 post
898 1277 1196 1349 passionem
1222 1284 1513 1348 martyrum
1541 1273 1888 1346 glorificatus.

288 1369 434 1440 Ergo
463 1369 529 1424 ad
559 1369 756 1440 Ioseph
787 1369 956 1440 magis
976 1367 1176 1424 Gentes
1198 1367 1463 1437 pertinent
1490 1385 1504 1422 :
1533 1374 1588 1421 et
1615 1364 1734 1420 ideo
1759 1379 1892 1435 aug-

290 1462 581 1527 mentatio;
627 1461 751 1532 quia
781 1460 932 1515 multi
961 1459 1054 1514 lilii
1089 1459 1316 1515 desertae
1338 1499 1354 1525 ,
1390 1458 1562 1529 magis
1589 1473 1746 1529 quam
1778 1456 1894 1527 ejus

287 1569 411 1625 quae
436 1553 596 1608 habet
621 1553 792 1608 virum
821 1551 977 1623 (lsai.
1002 1567 1106 1619 Liv,
1138 1549 1213 1624 1).
1241 1549 1602 1605 Testimonium
1626 1549 1677 1602 in
1701 1547 1895 1617 Joseph

287 1646 464 1716 posuit
485 1644 639 1714 illud,
670 1645 791 1722 dum
819 1645 977 1700 exiret
1008 1644 1072 1698 de
1090 1652 1223 1698 terra
1246 1641 1486 1713 Egypti.
1514 1639 1702 1695 Videte
1730 1647 1783 1696 et
1807 1638 1894 1695 hic

290 1736 589 1807 signiﬁcari
633 1736 871 1806 quintam
915 1733 1165 1791 sabbati:
1209 1733 1431 1802 Quando
1474 1730 1601 1787 exiit
1644 1730 1710 1786 de
1754 1738 1891 1784 terra

289 1826 517 1899 Egypti
544 1826 766 1897 Ioseph,
797 1826 850 1880 id
879 1833 984 1892 est,
1013 1825 1240 1896 populus
1268 1822 1647 1892 multiplicatus
1673 1837 1767 1891 per
1795 1819 1890 1875 Jo-

288 1919 449 1988 seph,
499 1932 597 1989 per
624 1931 771 1972 mare
813 1916 1062 1971 Rubrum
1109 1916 1361 1984 trajectus
1405 1921 1488 1968 est
1540 1911 1732 1984 (Exod.
1779 1926 1890 1976 xw,

288 2005 506 2078 22-31).
543 2007 613 2063 Et
653 2016 779 2062 tunc
811 2020 938 2076 ergo
967 2006 1335 2076 produxerunt
1363 2018 1513 2074 aquae
1539 2002 1747 2074 reptilia
1773 2002 1891 2056 ani-

286 2111 502 2152 marum
532 2097 792 2151 vivarum.
823 2095 964 2151 Nihil
994 2094 1136 2149 aliud
1166 2104 1290 2148 tunc
1316 2093 1367 2148 in
1399 2093 1564 2163 ﬁgura
1595 2091 1904 2164 portende-.

285 2189 388 2246 bat
413 2191 666 2246 transitus
693 2189 871 2261 populi
895 2203 992 2259 per
1021 2201 1190 2254 mare,
1222 2186 1325 2242 nisi
1356 2186 1634 2241 transitum
1655 2183 1893 2239 ﬁdelium

287 2295 391 2351 per
419 2281 780 2351 Baptismum;
815 2279 964 2334 testis
984 2285 1064 2333 est
1084 2276 1371 2347 Apostolus
1403 2292 1417 2328 :
1453 2273 1591 2328 Noto
1619 2273 1752 2328 enim
1781 2289 1889 2340 vos,

287 2374 490 2444 inquit,
518 2373 754 2443 ignorare
774 2411 788 2436 ,
817 2372 999 2442 fratres
1022 2409 1038 2436 ,
1067 2368 1185 2437 quia
1213 2376 1380 2438 patres
1406 2365 1568 2419 nostri
1592 2381 1764 2420 omnes
1801 2363 1890 2418 sub

287 2464 426 2518 nube
448 2467 656 2535 {uerunt
682 2499 698 2527 ,
728 2470 772 2515 et
801 2476 972 2514 omnes
996 2473 1088 2529 per
1115 2473 1255 2511 mare
1284 2455 1615 2519 transierunt,
1649 2462 1697 2508 et
1722 2470 1891 2508 omnes

283 2556 350 2610 in
377 2555 593 2626 Moysen
633 2552 870 2620 baptisati
901 2559 1020 2605 sunt
1063 2551 1114 2603 in
1144 2547 1273 2602 nube
1309 2556 1356 2602 et
1385 2547 1437 2600 in
1467 2545 1598 2599 mari
1623 2543 1666 2616 (Ι
1690 2543 1806 2600 Cor.
1835 2560 1888 2606 x,

287 2647 318 2703 1
335 2689 350 2714 ,
374 2647 454 2717 2).
482 2644 626 2700 Nihil
651 2658 778 2714 ergo
797 2641 940 2697 aliud
965 2638 1298 2711 significabat
1327 2637 1580 2692 transitus
1602 2651 1696 2706 per
1722 2651 1887 2701 mare,

283 2735 397 2792 nisi
448 2734 850 2790 Sacramentum
903 2731 1321 2800 baptizatorum;
1367 2727 1501 2783 nihil
1545 2725 1688 2782 aliud
1742 2726 1887 2781 inse-

278 2837 520 2901 quentes
548 2825 805 2897 Egyptii,
836 2822 940 2878 nisi
965 2822 1342 2878 abundantiam
1370 2818 1760 2890 praeteritorum
1787 2817 1885 2872 de-

283 2921 561 2978 lictorum.
585 2919 791 2974 Videtis
817 2915 1214 2973 evidentissima
1241 2921 1572 2969 sacramenta
1599 2929 1612 2966 :
1638 2918 1889 2982 premunt

283 3015 534 3087 Egyptii
561 3055 575 3081 ,
602 3019 821 3083 urgent;
853 3010 1050 3066 instant
1072 3023 1199 3078 ergo
1227 3014 1440 3077 peccata
1467 3045 1482 3070 ,
1511 3003 1603 3060 sed
1633 3018 1797 3074 usque
1821 3001 1888 3058 ad

285 3123 504 3180 aquam.
534 3105 669 3173 Quid
699 3119 827 3174 ergo
851 3103 1010 3158 times
1031 3143 1044 3165 ,
1074 3101 1164 3172 qui
1201 3099 1436 3155 nondum
1465 3096 1679 3161 venisti,
1704 3093 1888 3150 venire

280 3203 358 3257 ad
402 3202 725 3272 baptismum
757 3197 990 3263 Christi,
1026 3194 1250 3249 transire
1295 3207 1388 3263 per
1431 3206 1578 3247 mare
1610 3189 1888 3244 Rubrum?

281 3294 431 3363 Quid
472 3300 560 3349 est
606 3289 863 3348 rubrum?
910 3286 1178 3358 Sanguine
1226 3283 1434 3338 Domini
1491 3289 1884 3336 consecratum.

282 3385 430 3453 Quid
451 3385 609 3440 times
629 3380 846 3437 venire?
867 3376 1202 3434 Conscientia
1223 3375 1358 3429 forte
1377 3373 1676 3443 aliquorum
1701 3370 1888 3424 imma-

286 3481 439 3536 nium
465 3477 778 3533 delictorum
806 3472 1061 3538 stimulat,
1093 3476 1147 3525 et
1173 3467 1439 3524 excruciat
1468 3466 1522 3520 in
1546 3473 1598 3519 te
1626 3463 1883 3528 animum,

285 3581 346 3629 et
377 3571 505 3626 dicit
536 3568 630 3624 tibi
660 3577 767 3623 tam
799 3579 1046 3637 magnum
1074 3577 1194 3619 esse
1217 3560 1348 3617 illud
1375 3557 1516 3630 quod
1550 3555 1882 3622 commisisti,

287 3669 351 3717 ut
374 3661 633 3731 desperes
678 3657 774 3712 tibi
816 3655 1055 3712 dimitti:
1104 3654 1232 3708 time
1267 3665 1334 3706 ne
1377 3655 1652 3704 remaneat
1688 3645 1883 3716 aliquid

286 3762 655 3826 peccatorum,
684 3751 729 3806 si
753 3749 883 3805 vixit
907 3746 1099 3818 aliquis
1122 3741 1518 3815 Egyptiorum.
1550 3739 1684 3796 Cum
1707 3748 1884 3794 autem

286 3844 570 3902 transieris
595 3842 814 3898 rubrum
844 3854 1011 3905 mare,
1039 3851 1160 3892 cum
1183 3836 1405 3891 eductus
1434 3831 1596 3887 fueris
1619 3845 1650 3887 a
1674 3830 1885 3885 delictis

289 3935 398 3991 tuis
419 3935 471 3989 in
501 3947 658 3988 manu
680 3931 880 4004 potenti
895 3939 948 3984 et
965 3927 1184 3983 brachio
1204 3925 1328 3982 forti
1357 3922 1524 3996 (Psat.
1549 3936 1748 3987 cxxxv,
1771 3921 1908 3992 l2),»

292 4035 645 4100 percepturus
681 4039 742 4081 es
777 4021 1027 4095 mysteria
1068 4034 1188 4091 quae
1225 4032 1330 4073 non
1378 4029 1636 4080 noveras;
1666 4014 1785 4084 quia
1827 4021 1883 4067 et

292 4117 413 4185 ipse
459 4113 678 4185 Joseph,
720 4129 833 4166 cum
877 4111 1034 4165 exiret
1085 4108 1148 4162 de
1194 4115 1329 4162 terra
1371 4103 1612 4176 ﬂgypti,
1664 4101 1889 4173 linguam

291 4225 450 4279 quam
471 4223 573 4261 non
608 4213 832 4270 noverat,
859 4201 1068 4256 audivit.
1111 4198 1309 4255 Audies
1336 4197 1568 4268 linguam
1597 4209 1752 4266 quam
1781 4210 1885 4248 non

293 4313 571 4354 noveras:
615 4310 773 4367 quam
812 4293 970 4348 modo
993 4291 1215 4346 audiunt
1261 4297 1316 4344 et
1357 4295 1763 4358 recognoscant,
1806 4293 1888 4340 te-

296 4398 502 4445 stantes
526 4396 581 4443 et
611 4386 846 4442 scientes
869 4384 955 4453 qui
988 4389 1204 4436 norunt.
1231 4379 1431 4436 Audies
1450 4378 1538 4432 ubi
1565 4377 1761 4432 debeas
1789 4375 1887 4429 ha-

296 4480 428 4536 bere
453 4493 547 4533 cor
576 4496 590 4532 :
618 4474 759 4548 quod
781 4473 941 4529 modo
969 4485 1089 4526 cum
1115 4470 1348 4526 dicerem
1377 4510 1393 4536 ,
1426 4466 1580 4522 multi
1610 4465 1889 4521 intellexe-

297 4582 446 4636 runt,
487 4579 545 4627 et
583 4569 1040 4630 acclantaverunt;
1071 4563 1258 4633 reliqui
1286 4561 1416 4616 muti
1445 4567 1727 4625 steterunt,
1767 4559 1888 4628 quia

279 4660 538 4716 ‘nondum
565 4660 796 4730 linguam
827 4667 984 4727 quam
1016 4667 1121 4709 non
1148 4659 1422 4715 noverant,
1445 4650 1745 4706 audierunt.
1780 4649 1886 4703 Ac-

273 4744 541 4810 ‘eclerent
563 4767 710 4822 ergo,
738 4756 1028 4812 transeant,
1060 4746 1268 4802 discant
1300 4760 1314 4806 :
1347 4743 1597 4815 Linguam
1615 4749 1766 4813 quam
1787 4757 1888 4795 non

296 4853 528 4912 noverat,
560 4841 773 4898 audivit.

368 4938 426 4993 9.
469 4935 621 5011 [vers.
653 4933 732 5006 7.]
776 4931 959 4988 Avertit
995 4929 1058 4984 ab
1086 4928 1317 4984 oneribus
1346 4926 1553 4980 dorsum
1593 4926 1722 4996 ejus.
1762 4923 1890 4992 Quis

298 5030 481 5084 avertit
502 5030 565 5082 ab
590 5025 824 5082 oneribus
845 5024 1049 5078 dorsum
1077 5022 1207 5092 ejus,
1248 5018 1354 5074 nisi
1376 5018 1463 5073 ille
1487 5019 1576 5088 qui
1601 5017 1848 5071 clamavit
1873 5034 1887 5072 :

311 5122 486 5178 Venite
531 5120 599 5175 ad
659 5136 739 5174 me
785 5135 955 5174 omnes
1003 5117 1089 5187 qui
1138 5114 1382 5184 laboratis,
1434 5123 1480 5167 et
1527 5111 1734 5192 onerati
1774 5111 1891 5165 estis

302 5213 522 5286 (Matth.
566 5229 658 5277 ειν
691 5211 826 5283 28)?
873 5211 993 5266 Alio
1020 5207 1177 5264 modo
1225 5207 1327 5262 hoc
1367 5205 1506 5261 idem
1545 5204 1888 5275 signiﬁcatur.

301 5304 446 5376 quod
476 5303 701 5359 faciebat
725 5302 982 5358 insecutio
1004 5298 1396 5372 Egyptiorum,
1426 5296 1529 5352 hoc
1551 5296 1749 5351 faciunt
1770 5309 1890 5349 sar-

302 5396 440 5451 cina:
466 5403 829 5466 peccatorum.
869 5392 1055 5447 Avertit
1083 5392 1146 5446 ab
1172 5389 1404 5445 oneribus
1435 5388 1638 5442 dorsum
1664 5387 1790 5458 ejus.
1823 5383 1893 5440 Et

304 5485 456 5557 quasi
478 5485 704 5549 diceres,
728 5483 931 5551 Quibus
951 5481 1236 5538 oneribus?
1264 5479 1450 5535 Manus
1469 5480 1579 5552 ejus
1597 5479 1651 5532 in
1676 5478 1892 5548 cophino

296 5577 600 5631 servierunt.
629 5575 731 5631 Per
756 5573 1043 5644 c0phinum
1073 5571 1438 5644 signiﬁcantur
1462 5585 1623 5641 Opera
1651 5567 1887 5625 servilia.

308 5667 582 5735 Hundare,
633 5665 999 5731 stercorare‘,
1028 5673 1228 5720 terram
1271 5671 1505 5735 portare,
1536 5662 1768 5734 cophino
1795 5660 1886 5728 fit;

371 5802 392 5834 '
416 5801 491 5852 sic
509 5807 616 5850 Mss.
645 5806 700 5851 At
713 5799 849 5861 F.dd.,
873 5797 1111 5850 mundare
1132 5778 1364 5847 stercora.

1995 722 2136 794 jecta
2160 723 2341 778 mundi
2369 726 2516 795 quasi
2544 726 2754 795 c0phini
2782 726 3102 796 deputantur
3145 741 3160 782 :
3188 727 3283 783 sed
3306 737 3360 784 et
3389 730 3576 800 c0phi-

1999 829 2097 871 nos
2124 815 2260 871 Deus
2291 815 2538 872 buccellis
2566 817 2798 888 implevit
2823 835 2836 883 ;
2867 816 3142 873 duodecim
3170 819 3427 888 cophinos
3453 821 3582 877 bue-

1999 906 2250 962 cellarum
2277 907 2513 977 implevit
2534 907 2741 978 (Matth.
2763 924 2874 974 xw,
2895 908 2986 980 20)
3006 925 3020 975 ;
3044 909 3166 978 quia
3187 909 3390 980 abjecta
3418 911 3578 981 hujus

1997 997 2178 1052 mundi
2202 997 2378 1069 elegit,
2411 1007 2467 1052 ut
2485 998 2832 1054 confunderet
2858 999 3008 1055 fortia
3039 1000 3081 1071 (l
3104 1001 3223 1056 Cor.
3253 1017 3290 1069 ι,
3320 1003 3436 1073 27).
3469 1003 3576 1059 Sed

1996 1096 2052 1143 et
2091 1088 2304 1158 quando
2358 1089 2411 1148 in
2451 1089 2681 1159 c0phino
2711 1089 2974 1145 serviebat
3011 1090 3228 1162 Joseph,
3269 1101 3468 1148 terram
3510 1095 3580 1149 ihi

1997 1181 2259 1252 portabat,
2287 1183 2406 1253 quia
2429 1182 2620 1238 lateres
2641 1181 2866 1238 faciebat
2893 1201 2907 1238 :
2935 1183 3124 1239 Manus
3148 1186 3256 1256 ejus
3280 1186 3334 1240 in
3361 1188 3580 1258 cophino

1995 1285 2289 1328 servierunt.

2067 1365 2156 1420 10.
2197 1364 2346 1438 [vers.
2376 1364 2454 1439 8.]
2495 1365 2558 1422 In
2579 1367 3156 1422 tributationeinvocasti
3175 1385 3272 1437 ine,
3301 1379 3349 1424 et
3377 1373 3486 1426 erui
3511 1380 3577 1427 te.

1990 1457 2361 1530 Recognoscat
2388 1476 2448 1516 se
2477 1476 2804 1532 unaquaeque
2828 1461 3154 1518 conscientia
3182 1464 3470 1521 christiana
3488 1508 3503 1534 ,
3531 1470 3577 1522 si

1996 1549 2186 1606 devote
2214 1552 2477 1607 transierit
2507 1568 2655 1609 mare
2691 1554 2930 1620 rubrum,
2961 1553 3005 1609 si
3029 1568 3150 1610 cum
3183 1554 3287 1611 ﬁde
3325 1557 3574 1614 credendi

1995 1648 2051 1696 et
2077 1640 2392 1697 observandi
2422 1643 2650 1714 linguam
2697 1659 2858 1714 quam
2903 1658 3010 1699 non
3049 1653 3290 1712 noverat,
3330 1645 3574 1712 audivit;

1995 1745 2344 1805 recognoscat
2385 1750 2445 1791 se
2485 1736 2536 1790 in
2581 1735 2915 1792 tribulatione
2937 1736 3260 1792 exauditam.
3289 1737 3404 1808 ipsa
3432 1739 3576 1796 enim

1994 1839 2186 1896 magna
2230 1825 2496 1881 tribulatio
2537 1834 2674 1892 erat,
2714 1826 2882 1896 premi
2925 1827 3149 1882 sarcinis
3186 1836 3573 1898 peccatorum;

1996 1925 2249 1986 quantum
2272 1916 2464 1988 gaudet
2482 1918 2706 1972 relevata
2733 1916 3054 1974 conscientia
3079 1919 3092 1973 ι
3121 1919 3261 1976 Ecce
3283 1921 3578 1992 baptizatus

1994 2023 2084 2076 es;
2111 2011 2432 2068 conscientia
2462 2027 2580 2082 qu.e
2606 2010 2717 2066 beri
2751 2011 3090 2082 premebatur
3111 2053 3128 2081 ,
3160 2012 3318 2070 hodie
3343 2015 3578 2086 gratula—

1995 2108 2101 2158 tur.
2132 2103 2421 2158 Exauditus
2443 2117 2501 2158 es
2522 2103 2572 2157 in
2601 2101 2967 2169 tribulatione;
2991 2111 3258 2160 memento
3282 2104 3573 2161 tribulatio-

1995 2192 2078 2246 nis
2108 2200 2232 2247 tuae.
2273 2193 2570 2264 Antequam
2598 2193 2881 2248 accederes
2909 2192 2974 2248 ad
3003 2209 3192 2265 aquam
3217 2235 3232 2264 ,
3271 2195 3397 2266 quid
3426 2184 3595 2253 solli-7

1995 2285 2242 2341 citndinis
2269 2285 2536 2357 gerebas?
2577 2285 2707 2356 quid
2730 2285 3052 2356 jejuniorum
3098 2287 3422 2344 exhibebasi
3450 2290 3575 2360 quid

1997 2377 2394 2434 tribulationum
2424 2377 2476 2432 in
2502 2376 2665 2432 corde
2692 2376 2938 2447 gestabas
2956 2415 2972 2444 ,
3003 2377 3303 2433 orationum
3342 2378 3577 2436 interna-

1995 2484 2204 2534 narum,
2249 2469 2476 2540 piarum,
2507 2466 2857 2522 devotarum?
2904 2465 3074 2522 Occisi
3115 2476 3239 2524 sunt
3268 2468 3448 2526 hostes
3477 2473 3574 2538 tui,

1993 2559 2170 2614 omnia
2202 2569 2416 2629 peccata
2445 2567 2532 2616 tua
2569 2558 2743 2614 deleta
2765 2567 2891 2614 sunt
2928 2574 2942 2612 :
2986 2557 3054 2612 In
3077 2560 3400 2617 tribulatione
3433 2563 3576 2617 inuo-

1991 2652 2116 2707 casti
2142 2668 2238 2716 me,
2260 2661 2306 2706 et
2333 2652 2441 2706 erui
2464 2660 2528 2704 te.

2065 2743 2152 2800 11.
2196 2742 2452 2797 Exaudivi
2500 2751 2548 2796 te
2591 2741 2645 2796 in
2693 2740 2980 2795 abscondito
3041 2742 3345 2811 tempestatis
3392 2761 3411 2797 :
3469 2759 3573 2800 non

1995 2835 2048 2891 in
2113 2843 2429 2904 tempestate
2494 2833 2654 2888 maris
2687 2874 2703 2900 ,
2754 2832 2847 2888 sed
2907 2833 2961 2888 in
3019 2842 3331 2903 tempestate
3374 2837 3572 2893 cordis.

1992 2924 2248 2979 Exaudiui
2301 2934 2348 2979 te
2400 2923 2455 2978 in
2515 2924 2805 2979 abscondito
2857 2925 3162 2994 tempestatis
3197 2940 3219 2990 ;
3269 2927 3477 2998 probaui
3530 2939 3578 2984 te

1992 3017 2046 3072 in
2095 3033 2226 3087 aqua
2272 3015 2704 3071 contradictionis.
2757 3015 2963 3072 Revera
2991 3057 3007 3084 ,
3067 3015 3261 3072 fratres
3287 3059 3302 3082 ,
3349 3035 3572 3086 revera,

1991 3109 2081 3179 qui
2123 3107 2403 3163 exauditus
2441 3115 2524 3162 est
2572 3107 2624 3162 in
2670 3106 2984 3162 abscondito
3015 3107 3380 3176 tempestatis,
3412 3110 3575 3167 debet

1991 3198 2202 3268 probari
2257 3198 2312 3252 in
2367 3213 2503 3268 aqua
2563 3196 3020 3252 contradictionis.
3069 3195 3205 3251 Cum
3249 3197 3392 3254 enim
3449 3214 3571 3256 crc-

1989 3289 2219 3357 diderit,
2263 3303 2383 3345 cum
2412 3289 2708 3359 baptizatus
2756 3287 2956 3353 fuerit,
3004 3301 3125 3342 cum
3152 3288 3290 3342 viam
3332 3289 3426 3346 Dei
3450 3306 3573 3348 car-

1990 3396 2118 3452 perc
2142 3381 2379 3451 carpet-it,
2424 3393 2545 3435 cum
2587 3382 2638 3436 in
2669 3380 3031 3451 gemellarium
3071 3378 3294 3450 eliquari
3335 3381 3576 3439 intende-

1987 3473 2074 3538 rit,
2102 3480 2156 3527 et
2179 3472 2245 3527 ab
2269 3486 2482 3528 amurca
2506 3470 2716 3543 publice
2742 3478 2990 3526 currente
3018 3484 3077 3526 se
3123 3474 3446 3539 extraxerit;
3474 3473 3573 3529 ha-

1988 3569 2136 3636 bebit
2160 3571 2352 3628 multos
2375 3571 2746 3641 exagitatorcs,
2772 3571 2964 3626 multos
2992 3572 3352 3638 insultatores,
3381 3568 3574 3624 multos

1990 3662 2332 3729 detractores,
2359 3661 2748 3728 dehortatores,
2797 3662 3060 3718 minantes
3105 3663 3265 3720 etiam
3312 3663 3400 3720 ubi
3445 3679 3571 3737 pos-

1989 3765 2132 3823 sunt,
2171 3755 2522 3820 deterrentes,
2569 3755 2928 3825 deprimentes
2955 3773 2969 3809 :
2997 3753 3112 3810 hrec
3141 3765 3249 3811 tota
3277 3770 3413 3827 aqua
3439 3770 3573 3812 con-

1991 3845 2318 3902 tradictionis
2345 3855 2447 3902 est.
2475 3845 2610 3901 Puto
2633 3845 2792 3902 hodie
2812 3860 2930 3901 esse
2954 3845 3041 3900 hic
3059 3845 3172 3913 sic;
3203 3846 3433 3904 arbitror
3453 3860 3574 3904 esse

1992 3937 2081 3994 hic
2105 3939 2388 3994 nonnullos
2411 3951 2545 4008 quos
2573 3937 2730 3993 amici
2762 3937 2846 3992 sui
2878 3937 3126 3992 volebant
3149 3952 3339 4007 rapere
3377 3937 3444 3994 ad
3467 3940 3576 3995 cir-

1991 4044 2133 4095 cum,
2168 4039 2224 4084 et
2262 4028 2331 4083 ad
2361 4029 2540 4084 nescio
2569 4043 2699 4098 quas
2727 4027 3000 4083 hodiernze
3036 4026 3336 4084 festivitatis
3361 4044 3530 4099 nugas
3561 4044 3575 4079 :

1993 4122 2127 4197 forte
2158 4121 2256 4191 ipsi
2286 4121 2403 4176 illos
2427 4119 2760 4176 adduxerunt
2789 4120 2856 4175 ad
2880 4119 3180 4175 ecclesiam.
3208 4119 3315 4175 Sed
3337 4120 3450 4177 sive
3474 4122 3574 4193 ipsi

1992 4213 2112 4268 illos
2153 4213 2523 4278 adduxerunt,
2569 4213 2680 4266 sive
2707 4211 2774 4265 ab
2811 4211 2889 4267 eis
2916 4211 2984 4266 ad
3011 4211 3210 4266 circum
3249 4211 3438 4266 abduci
3467 4228 3573 4266 non

1993 4313 2294 4378 potuerunt,
2324 4305 2376 4360 in
2402 4319 2536 4376 aqua
2565 4296 3000 4359 contradictionis
3025 4303 3232 4374 probati
3269 4315 3413 4358 sunt.
3454 4303 3573 4359 Non

1991 4413 2117 4469 ergo
2146 4397 2433 4453 erubescas
2471 4395 2762 4467 przedicare
2798 4394 2942 4465 quod
2985 4395 3144 4459 nosti,
3186 4393 3478 4452 defendere
3521 4405 3576 4450 et

1991 4489 2130 4545 inter
2157 4488 2496 4557 blasphemas
2538 4486 2679 4557 quod
2715 4484 2990 4542 credidisti
3019 4501 3034 4538 ε
3065 4485 3109 4539 si
3134 4485 3277 4540 enim
3308 4485 3576 4540 exaudiris

1993 4581 2044 4636 in
2070 4579 2379 4652 abscondito
2400 4577 2749 4647 tempestatis,
2770 4575 2933 4632 corde
2947 4573 3182 4630 creditur
3205 4575 3538 4645 adjustitiam
3560 4592 3574 4637 ;

1992 4673 2038 4728 si
2068 4669 2308 4742 probaris
2337 4669 2390 4725 in
2421 4683 2554 4740 aqua
2596 4665 3058 4733 contradictionis,
3103 4681 3199 4722 ore
3223 4665 3491 4720 confessio
3521 4664 3579 4718 fit

1992 4764 2060 4820 ad
2087 4763 2308 4819 salutem
2340 4761 2512 4834 (Rom.
2541 4776 2595 4828 x,
2628 4760 2738 4828 10).
2761 4759 2966 4828 Quanta
2995 4765 3076 4812 est
3098 4757 3243 4812 enim
3274 4757 3386 4826 ipsa
3413 4771 3570 4826 aqua,

1992 4851 2464 4910 contradictionis?
2487 4850 2596 4921 jam
2617 4864 2752 4920 pene
2767 4849 2960 4904 siccata
2986 4855 3086 4902 est.
3109 4846 3404 4902 Senserunt
3429 4845 3572 4900 illam

1995 4944 2224 5014 majores
2253 4943 2454 5006 nostri,
2485 4939 2694 5010 quando
2719 4940 2881 4994 verbo
2915 4939 3040 5006 Dei,
3073 4937 3285 5008 quando
3324 4937 3576 5007 mysterio

1994 5036 2190 5093 Christi
2229 5035 2425 5089 acriter
2449 5032 2767 5088 resistebant
2794 5039 3014 5102 gentes;
3063 5028 3371 5084 turbabatur
3399 5041 3567 5096 aqua-
3636 5086 3641 5091 _

1993 5143 2158 5200 aquas
2197 5126 2339 5182 enim
2383 5139 2481 5196 pro
2525 5123 2730 5194 populis
2755 5121 3040 5192 aliquando
3067 5117 3434 5189 intelligendas
3466 5117 3580 5171 evi-
3642 5123 3669 5152 ι

1996 5223 2183 5279 denter
2230 5217 2576 5291 Apocalypsis
2618 5218 2881 5287 scriptura
2935 5215 3284 5280 demonstrat,
3308 5212 3397 5267 ubi
3425 5227 3580 5284 aqua:

1997 5315 2180 5372 multa:
2238 5327 2359 5369 cum
2426 5310 2772 5374 viderentur,
2824 5316 2880 5363 et
2927 5314 3255 5378 quazreretur
3297 5305 3424 5376 quid
3483 5321 3578 5362 es-

1997 5415 2134 5472 sent,
2182 5417 2494 5475 responsum
2537 5409 2640 5469 est,
2686 5398 2879 5470 Paputi
2918 5405 3034 5453 sunt
3074 5395 3256 5469 (Apoc.
3302 5411 3430 5463 xvn,
3463 5395 3580 5465 15).

1997 5499 2338 5559 Pertulerunt
2361 5511 2488 5567 ergo
2522 5495 2596 5550 illi
2627 5508 2818 5564 aquam
2859 5489 3316 5556 contradictionis,
3361 5488 3581 5558 quando

1998 5593 2332 5650 fremuerunt
2371 5597 2576 5659 gentes,
2618 5593 2672 5641 et
2713 5583 2893 5656 populi
2936 5581 3176 5637 meditati
3215 5587 3338 5635 sunt
3364 5579 3575 5645 inania;

1997 5683 2210 5756 quando
2237 5680 2518 5736 astiterunt
2545 5689 2697 5746 reges
2721 5684 2878 5730 terra:
2901 5715 2915 5743 ,
2944 5682 2998 5729 et
3027 5672 3290 5745 principes
3309 5683 3579 5725 convene-

2001 5785 2127 5835 runt
2155 5775 2208 5830 in
2235 5789 2420 5833 unum.
2461 5769 2716 5826 adversus
2744 5767 3027 5824 Dominum
3055 5773 3110 5822 ct
3149 5763 3403 5820 adversus
3426 5757 3584 5816 Cbri«
