4048 6466
558 351 687 407 1039

549 472 689 516 stum
736 464 850 532 ejus
886 462 1052 533 (Psal.
1087 480 1141 532 ιι,
1176 466 1225 531 1,
1258 464 1336 535 2).
1379 463 1597 534 Quando
1623 463 1951 521 fremuerunt
1991 480 2121 537 gen-

552 564 632 609 tes
663 597 677 621 ,
732 564 856 611 tunc
919 558 1002 612 lco
1047 556 1132 611 ille
1173 557 1288 611 viro
1335 557 1453 612 forti
1501 555 1731 612 Samson
1775 556 2005 611 venienti
2056 554 2123 610 ad

549 645 844 701 ducendam
905 647 972 702 de
1014 648 1322 718 alienigenis
1377 663 1617 713 uxorem,
1663 646 1876 703 Christo
1924 647 2125 702 scilicet

544 718 886 792 descendenti
933 739 999 793 ad
1048 738 1337 793 habendam
1386 740 1671 794 Ecclesium
1720 739 1787 793 de
1842 738 2120 801 Gentibus,

550 825 779 883 fremens
808 827 915 883 ibat
944 830 992 883 iu
1024 828 1249 882 obviam.
1292 829 1395 883 Sed
1426 830 1549 900 quid
1578 830 1716 900 egit?
1765 831 1997 898 Accepit,
2047 839 2123 883 te-

550 917 683 982 nuit,
714 916 890 988 fregit,
919 918 1191 988 dissipavit
1220 919 1423 974 leonem
1448 938 1462 986 ;
1510 920 1674 975 factus
1698 929 1778 974 est
1803 921 1853 974 in
1882 920 2123 975 manibus

546 1008 661 1077 ejus
690 1009 830 1064 velut
856 1008 1034 1064 haedus
1061 1024 1360 1079 caprarum.
1387 1010 1523 1079 Quid
1551 1012 1693 1067 enim
1722 1012 1874 1066 ﬁeret
1900 1012 2121 1080 populus

544 1098 799 1163 fremens,
841 1099 943 1154 nisi
991 1100 1266 1170 languidus
1308 1103 1591 1172 peccator?
1619 1100 1803 1156 Occisa
1829 1112 2003 1154 autem
2035 1100 2120 1156 illa

545 1190 772 1257 feritate,
792 1190 900 1259 jam
925 1208 1031 1246 non
1055 1191 1131 1248 sic
1153 1193 1326 1248 fremit
1351 1195 1490 1264 regia
1516 1203 1766 1263 potestas,
1793 1206 1896 1246 non
1922 1194 1997 1247 sic
2020 1191 2123 1247 fre-

544 1282 640 1334 mit
668 1282 891 1351 populus
907 1281 1151 1338 Gentium
1175 1285 1190 1315 ¹
1211 1284 1261 1338 in
1289 1284 1496 1339 obviam
1519 1284 1764 1339 Christo:
1795 1285 1901 1337 imo
1921 1299 2046 1339 vero
2068 1283 2120 1338 in

543 1368 658 1438 ipso
673 1371 1101 1440 regno‘Gentium
1125 1372 1583 1445 invenimusleges
1612 1388 1704 1443 pro
1729 1373 1988 1438 Ecclesia,
2008 1380 2121 1427 tan-

541 1476 697 1531 quam
727 1460 901 1517 favum
920 1463 973 1517 in
993 1478 1084 1519 ore
1103 1463 1187 1519 leo
1208 1463 1289 1517 nis
1314 1462 1507 1533 (Judic.
1542 1462 1811 1534 xiv,5-8).
1836 1464 1972 1533 Quid
1996 1478 2122 1534 ergo

543 1550 650 1619 jam
684 1561 913 1606 metuam
946 1567 1135 1622 aquam
1173 1554 1604 1609 contradictionis
1628 1596 1643 1619 ,
1684 1570 1800 1625 quae
1826 1569 1991 1625 prope
2014 1553 2121 1624 jam

543 1648 649 1695 tota
676 1643 865 1697 siccata
887 1644 1009 1698 est?
1034 1644 1123 1699 Illa
1144 1659 1274 1715 pene
1290 1645 1396 1715 jam
1418 1645 1556 1710 silet,
1575 1646 1617 1701 si
1636 1660 1847 1700 amurca
1871 1660 1974 1701 non
1997 1661 2122 1702 con-

543 1723 782 1788 tradicat.
798 1734 1195 1800 Quantumlibet
1224 1736 1348 1790 mali
1366 1736 1585 1791 saeviant
1600 1736 1779 1804 alieni,
1794 1751 1830 1792 0
1847 1736 1891 1791 si
1907 1751 1999 1795 eos
2017 1752 2120 1792 non

541 1822 791 1892 adjuvent
817 1823 942 1879 mali
970 1826 1167 1881 nostri!
1195 1825 1446 1880 Exaudivi
1475 1837 1521 1881 te
1546 1827 1597 1880 in
1622 1826 1908 1881 abscondito
1930 1836 2120 1897 tempe-

540 1916 702 1981 statis,
731 1915 934 1983 probavi
954 1925 999 1970 te
1018 1917 1070 1970 in
1090 1932 1222 1987 aqua
1246 1916 1673 1970 contradictionis.
1716 1916 1968 1972 Recolitis
1996 1916 2121 1986 quid

539 2005 607 2060 de
627 2004 839 2062 Christo
859 2007 1055 2061 dictum
1078 2007 1166 2073 sit,
1190 2008 1266 2063 sic
1287 2016 1465 2062 natum
1488 2023 1607 2063 eum
1629 2022 1747 2063 esse
1767 2008 1816 2064 in
1836 2008 2119 2063 multorum

541 2097 764 2163 ruinam,
793 2105 846 2151 et
866 2097 1147 2152 multorum
1174 2100 1634 2163 resurrectionem,
1664 2098 1789 2153 etin
1810 2097 2014 2168 signum
2037 2098 2120 2152 cui

539 2185 1086 2257 contradicetur(Luc.
1110 2202 1167 2255 ιι,
1190 2188 1300 2258 54).
1318 2187 1589 2253 Novimus,
1615 2187 1850 2243 videmus
1879 2188 2122 2257 :signum

539 2279 711 2333 crucis
740 2288 972 2335 erectum
1003 2290 1081 2335 est
1099 2320 1113 2346 ,
1145 2288 1201 2336 et
1224 2279 1606 2335 contradictum
1632 2288 1715 2335 est
1742 2280 1811 2335 ei.
1838 2278 2120 2335 Contradi-

540 2379 683 2425 ctum
710 2378 790 2426 est
810 2371 989 2442 gloria:
1008 2371 1210 2437 crucis;
1242 2371 1334 2426 sed
1362 2371 1539 2425 titulus
1565 2380 1679 2426 erat
1704 2386 1864 2440 super
1882 2384 2117 2439 crucem,

541 2461 629 2531 qui
646 2476 745 2515 non
769 2462 1221 2532 corrumpebatur.
1249 2462 1345 2516 Est
1360 2462 1499 2516 enim
1522 2461 1704 2515 titulus
1726 2461 1778 2515 in
1803 2461 2005 2531 psalmo
2026 2480 2036 2514 :
2054 2460 2122 2516 In

544 2550 673 2605 tituli
690 2551 1079 2621 inscriptionem,
1100 2567 1166 2605 ne
1176 2567 1469 2619 corrumpas
1491 2549 1659 2623 (Psat.
1680 2566 1790 2617 ιιι,
1809 2550 1885 2622 1).
1902 2550 2120 2621 Signum

542 2642 758 2696 eratcui
787 2641 1275 2696 contradiceretur:
1304 2640 1553 2695 dixerunt
1588 2640 1730 2695 enim
1759 2639 1925 2695 Judzei
1950 2682 1965 2707 ,
1996 2639 2121 2694 Noti

546 2732 730 2800 facere,
756 2728 866 2786 Rea:
888 2731 1222 2796 Judreorum;
1253 2730 1336 2784 sed
1360 2730 1442 2800 {ac
1460 2730 1593 2801 quod
1621 2731 1729 2801 ipse
1752 2730 1930 2784 dixerit
1956 2747 2120 2802 regem

553 2839 605 2875 se
627 2838 732 2875 esse
757 2821 1073 2877 Juda’orum.
1098 2821 1243 2875 Victa
1280 2828 1363 2876 est
1394 2819 1769 2887 contradictio;
1806 2836 2119 2892 responsum

543 2921 644 2978 est,
655 2912 802 2981 Quod
813 2913 1009 2984 scripsi,
1024 2913 1200 2984 scripsi
1214 2911 1392 2984 (Joan.
1412 2928 1520 2978 xu,
1546 2911 1722 2984 19-22)
1732 2913 2004 2968 .Exaudivi
2014 2916 2120 2969 tein

542 3005 830 3060 abscondito
850 3005 1169 3075 tempestatis,
1193 3003 1398 3076 probavi
1414 3014 1459 3059 te
1473 3005 1523 3059 in
1539 3020 1669 3073 aqua
1691 3007 2117 3062 contradictionis.

613 3098 700 3154 12.
731 3096 1054 3171 [vers.9,10.]
1086 3097 1193 3152 Hoc
1207 3106 1371 3152 totum
1393 3098 1459 3152 ab
1475 3097 1624 3151 initio
1648 3097 1841 3152 Psalmi
1865 3114 2030 3170 usque
2053 3099 2120 3154 ad

544 3190 684 3245 hunc
702 3188 933 3257 versum,
966 3189 1031 3244 de
1049 3189 1168 3245 oleo
1193 3188 1471 3243 torcularis
1496 3188 1812 3244 audivimus.
1846 3191 1997 3257 Quod
2028 3206 2115 3245 re-

542 3290 647 3341 stat
672 3282 841 3353 magis
874 3281 1159 3337 dolendum
1184 3289 1265 3336 est
1302 3288 1355 3335 et
1393 3279 1688 3334 cavendum
1723 3280 1825 3335 :ad
1847 3296 2119 3336 amurcam

542 3374 684 3431 anim
717 3372 995 3427 torcularis
1010 3373 1240 3443 pertinet
1262 3386 1427 3441 usque
1450 3370 1515 3426 ad
1543 3370 1735 3437 finem;
1768 3372 1993 3428 fortasse
2014 3389 2117 3429 non

557 3462 737 3517 lrustra
767 3472 821 3518 et
849 3463 1160 3533 interposito
1183 3462 1548 3532 diapsalmate.
1575 3461 1679 3517 Sed
1704 3464 1864 3518 etiam
1892 3468 1993 3520 hoc
2021 3482 2117 3519 au-

544 3552 657 3607 dire
687 3553 813 3609 utile
850 3563 931 3609 est
952 3595 965 3618 ,
1000 3562 1058 3607 ut
1083 3554 1170 3624 qui
1202 3569 1261 3609 se
1282 3554 1393 3623 jam
1424 3550 1478 3604 in
1504 3555 1623 3609 oleo
1651 3555 1813 3621 videt,
1856 3556 2113 3626 gaudeat;

542 3645 631 3714 qui
660 3646 979 3715 periclitatur
1005 3662 1073 3701 ne
1100 3647 1151 3701 in
1176 3662 1388 3704 amurca
1416 3657 1592 3704 currat
1610 3651 1869 3717 ',caveat.
1899 3649 2115 3705 Utrum-

544 3751 648 3805 que
672 3736 796 3791 audi
818 3753 832 3789 :
858 3752 1017 3791 unum
1043 3736 1221 3808 dilige,
1248 3739 1473 3795 alterum
1503 3740 1649 3795 time.
1681 3740 1850 3804 Audi,
1899 3740 2116 3809 populus

544 3844 684 3881 meus
708 3869 722 3894 ,
750 3837 797 3881 et
822 3829 1018 3899 loquar,
1050 3838 1095 3883 et
1126 3831 1425 3899 testiﬁcabor
1455 3831 1560 3885 tibi.
1597 3830 1710 3885 Non
1744 3832 1883 3885 enim
1924 3832 2116 3900 popqu

544 3918 736 3982 alieno,
768 3931 872 3972 non
901 3919 1039 3972 enim
1070 3920 1260 3989 populo
1287 3936 1391 3976 non
1418 3921 1700 3991 pertinenti
1732 3919 1796 3974 ad
1829 3922 2062 3975 torcular
2100 3940 2112 3975 :

544 4007 795 4072 Judicatc,
826 4008 1008 4077 inquit,
1036 4010 1166 4064 inter
1185 4027 1261 4064 me
1282 4021 1329 4065 et
1355 4012 1551 4066 vineam
1577 4027 1737 4065 meam
1766 4009 1914 4081 (lsai.
1942 4027 1995 4077 v,
2021 4012 2109 4083 5).

544 4098 679 4150 Audi
706 4098 920 4167 populus
949 4115 1086 4153 meus
1105 4140 1119 4161 ,
1149 4110 1195 4154 et
1221 4102 1417 4171 loquar,
1441 4111 1486 4156 et
1522 4102 1821 4171 testiﬁcabor
1839 4102 1945 4155 tibi.

615 4192 701 4245 15.
731 4189 914 4257 Israel,
936 4193 981 4246 si
1008 4209 1085 4246 me
1104 4194 1342 4260 audieris,
1372 4210 1470 4248 non
1501 4195 1595 4248 erit
1622 4195 1674 4248 in
1704 4204 1750 4249 te
1775 4195 1896 4247 deus
1923 4211 2110 4249 recens.

544 4282 682 4338 Deus
712 4298 918 4351 recens,
944 4292 1026 4339 est
1054 4284 1119 4339 ad
1160 4294 1366 4355 tempus
1399 4284 1572 4339 factus
1602 4303 1613 4339 :
1647 4286 1782 4340 Deus
1807 4297 1982 4340 autem
2013 4303 2113 4342 no-

543 4384 653 4431 ster
677 4392 780 4432 non
806 4392 1009 4441 recens,
1046 4377 1137 4432 sed
1165 4377 1232 4431 ab
1260 4377 1551 4431 aeternitate
1574 4377 1630 4430 in
1653 4378 2019 4433 mternitatem.
2050 4380 2114 4433 lit

542 4465 783 4522 Christus
828 4477 1008 4523 noster
1034 4482 1218 4523 recens
1248 4467 1381 4523 forte
1406 4468 1586 4533 homo,
1620 4468 1713 4523 sed
1759 4466 2113 4540 sempiternus

545 4556 700 4613 Deus.
732 4558 864 4627 Quid
884 4559 1026 4612 enim
1052 4568 1174 4612 ante
1204 4558 1551 4628 principium?
1579 4559 1645 4613 Et
1667 4561 1847 4630 utique
1875 4562 1925 4615 in
1959 4563 2073 4631 prin
2092 4593 2109 4604 -

541 4648 679 4717 cipio
705 4656 821 4702 erat
853 4647 1097 4713 Verbum,
1124 4656 1176 4702 et
1224 4647 1449 4703 Verbum
1498 4658 1615 4703 erat
1653 4651 1791 4720 apud
1821 4650 1982 4706 Deum
2010 4696 2023 4717 ,
2058 4663 2113 4708 et

544 4740 681 4794 Deus
709 4748 821 4794 erat
852 4738 1081 4794 Verbum
1108 4748 1192 4794 :et
1217 4740 1328 4810 ipse
1343 4740 1597 4796 Christus
1624 4742 1645 4773 ³
1672 4753 1853 4798 noster
1882 4744 2111 4800 Verbum

539 4846 665 4885 caro
688 4832 898 4895 factum,
926 4829 1252 4885 uthabitaret
1280 4831 1330 4885 in
1359 4830 1509 4885 nobis
1531 4832 1714 4901 (Joan.
1736 4849 1772 4897 ι,
1792 4835 1844 4898 1,
1876 4836 1962 4905 14)
1982 4837 2111 4890 ,Αιιο

538 4922 610 4976 sit
635 4935 762 4991 ergo
788 4930 845 4975 ut
867 4921 939 4975 sit
960 4922 1009 4974 in
1026 4920 1204 4990 aliquo
1229 4920 1361 4976 deus
1386 4936 1568 4977 recens
1601 4942 1613 4977 :
1640 4924 1770 4979 deus
1796 4942 2003 4995 recens,
2023 4939 2111 4984 aut

538 5016 690 5084 lapis.
711 5024 799 5069 aut
825 5014 1130 5084 phantasma
1149 5023 1249 5068 est.
1267 5014 1380 5069 Non
1395 5025 1494 5079 est,
1520 5017 1704 5087 inquit,
1727 5018 1857 5090 lapis
1878 5039 1889 5074 :
1909 5036 2006 5091 ego
2023 5039 2111 5076 ar-

538 5116 780 5175 genteum
806 5104 974 5158 habeo
999 5113 1052 5158 et
1076 5119 1318 5159 aureum.
1347 5105 1533 5161 Merito
1564 5108 1673 5177 ipsa
1697 5112 1925 5178 pretiosa
1948 5114 2112 5169 voluit

536 5198 829 5260 tiu-minare,
859 5195 945 5266 qui
974 5194 1134 5259 dixit,
1164 5195 1316 5251 ldola
1366 5195 1597 5251 Gentium
1622 5210 1881 5270 argentum
1927 5211 1973 5255 et
2016 5220 2112 5257 au-

533 5303 665 5339 rum.
685 5286 862 5355 Magna
889 5294 1028 5349 sunt,
1045 5286 1166 5356 quia
1183 5301 1344 5342 aurea
1362 5295 1414 5343 et
1438 5299 1685 5358 argentea
1704 5300 1859 5355 sunt;
1883 5294 2111 5362 pretiosa

534 5385 686 5443 sunt;
717 5376 889 5431 lucida
915 5386 1039 5431 sunt
1070 5395 1082 5430 :
1129 5377 1222 5432 sed
1249 5388 1421 5433 tamen
1462 5380 1644 5435 oculos
1679 5380 1895 5450 habent,
1922 5393 1977 5439 et
2002 5400 2108 5438 non

597 5530 615 5561 ι
642 5529 829 5591 Aliquot
850 5533 978 5586 Mss,
997 5540 1090 5578 non
1113 5528 1149 5578 it
1166 5528 1216 5591 in
1239 5527 1421 5579 obviam
1441 5528 1645 5581 Christo.

592 5594 612 5622 ²
640 5590 773 5648 ιλιι,
807 5590 857 5655 in
888 5602 1135 5655 amurcam
1166 5590 1402 5655 incurrat.
1443 5598 1495 5639 At
1525 5605 1698 5641 omnes
1731 5600 1860 5655 Mss,
1899 5603 2063 5646 currat
2090 5613 2102 5647 :

530 5661 580 5704 et
606 5666 676 5760 exl
700 5654 727 5699 ιι
744 5667 773 5722 s
790 5649 972 5712 plures,
994 5650 1043 5699 in
1070 5665 1301 5713 amurca;
1323 5653 1371 5701 id
1397 5661 1489 5711 est,
1518 5666 1627 5703 cum
1649 5649 2024 5708 amurca'currat
2042 5659 2106 5709 de

530 5723 660 5760 lOl‘CII
683 5727 773 5760 art.

530 5723 773 5764 torculari.

594 5778 613 5806 ³
637 5780 707 5826 sic
734 5781 840 5825 δικ.
868 5782 919 5823 At
931 5773 1076 5835 Tidd.,
1102 5781 1234 5823 Deus.

1782 354 1835 409 S.
1879 351 2242 410 AUGUSTINI
2282 356 2583 419 EPISCOPI

3665 345 3814 439 1040‘

2232 469 2410 526 vident
2436 472 2605 543 (Psal.
2628 492 2770 544 cxiu,
2798 480 2850 544 4,
2879 481 2962 551 5).
2988 482 3249 544 Reeentes
3269 488 3321 544 hi
3346 490 3439 547 dii.
3462 493 3598 561 Quid
3620 512 3807 557 recen-

2231 561 2332 618 tius
2361 564 2461 619 deo
2484 581 2550 622 ex
2584 569 2792 626 officina
2813 570 2835 624 ?
2860 572 3007 630 Licet
3035 576 3151 632 illos
3184 579 3292 648 jam
3321 594 3557 643 vetustos
3584 603 3805 648 aranea-

2228 669 2345 710 rum
2365 671 2544 714 casses
2568 664 2932 729 contexerint;
2959 670 3047 737 qui
3066 673 3375 739 sempiterui
3407 693 3514 733 non
3546 690 3689 745 sunt,
3714 698 3804 739 re-

2227 755 2409 801 centes
2433 760 2554 804 sunt
2596 768 2610 806 :
2640 753 2741 809 hoc
2779 755 2846 810 de
2886 757 3130 828 Paganis.
3174 762 3363 820 Nescio
3397 769 3513 837 quis
3538 771 3674 827 alius
3701 816 3716 841 ,
3749 774 3802 830 in

2226 837 2509 893 vanitatem
2534 842 2798 911 accipiens
2826 862 3016 903 nomen
3042 852 3249 908 Domini
3285 856 3379 911 Dei
3404 860 3503 925 sui,
3549 862 3674 918 fecit
3700 837 3802 921 sibi

2225 923 2491 1026 Christum
2522 943 2817 989 creaturam
2837 978 2851 1003 ,
2903 937 3170 997 Christum
3201 944 3456 1016 imparem
3482 923 3535 1006 et
3565 953 3801 1026 inaequa-

2228 1012 2330 1069 lem
2357 1023 2665 1086 generanti;
2698 1025 2887 1081 Filium
2925 1030 3015 1085 Dei
3046 1032 3248 1103 dicens,
3278 1012 3334 1092 et
3359 1038 3547 1095 Filium
3582 1012 3804 1103 Deiunc-

2225 1121 2376 1176 gans.
2406 1109 2461 1164 Si
2504 1114 2644 1168 enim
2670 1116 2712 1169 F
2715 1117 2836 1173 ilius
2862 1120 3047 1177 unicus
3072 1133 3170 1191 est,
3214 1126 3315 1183 hoc
3338 1131 3477 1199 quod
3516 1132 3671 1189 Pater
3696 1146 3801 1201 est,

2188 1228 2191 1229 ν
2225 1207 2279 1252 et
2298 1198 2399 1293 hoc
2425 1212 2592 1258 estex
2627 1208 2957 1267 aeternitate:
2990 1222 3043 1268 tu
3069 1224 3246 1272 autem
3273 1198 3453 1277 nescio
3481 1223 3609 1293 quid
3657 1198 3802 1282 aliud

2224 1288 2469 1382 cogitasti
2489 1292 2541 1348 in
2568 1296 2731 1353 corde
2763 1309 2884 1367 tuo;
2914 1302 3070 1359 deum
3092 1318 3359 1366 recentem
3382 1288 3629 1382 posuisti.
3654 1316 3802 1375 Fecit

2226 1380 2323 1436 sibi
2346 1382 2478 1439 alius
2494 1385 2647 1442 deum
2669 1406 2873 1461 pnguau
2882 1402 2987 1450 tem
3003 1407 3183 1455 contra
3196 1380 3414 1471 gentem
3439 1408 3799 1477 tenebrarum,

2227 1475 2499 1533 timentem
2527 1496 2593 1534 ne
2619 1482 2914 1555 invadatur,
2945 1499 3271 1562 satagentem
3306 1512 3374 1553 ne
3390 1475 3800 1573 corrumpatur;

2224 1580 2290 1621 ex
2322 1578 2470 1637 parte
2502 1580 2676 1629 tamen
2708 1592 3037 1649 corruptum,
3076 1594 3134 1639 ut
3174 1598 3356 1655 posset
3380 1605 3499 1649 esse
3527 1602 3665 1650 totus
3692 1597 3803 1651 sal-

2227 1671 2321 1711 vus
2346 1675 2361 1722 ;
2386 1661 2477 1715 sed
2505 1677 2612 1718 non
2655 1674 2813 1733 totus,
2852 1672 2973 1740 quia
3012 1689 3076 1728 ex
3116 1686 3265 1745 parte
3291 1694 3591 1752 corruptus.
3637 1687 3805 1742 Mani-

2223 1747 2358 1804 chzei
2386 1751 2483 1806 ista
2510 1752 2725 1821 dicunt;
2769 1758 2969 1817 faciunt
2994 1764 3093 1820 sibi
3127 1774 3182 1821 et
3206 1768 3291 1823 isti
3320 1774 3371 1825 in
3401 1747 3566 1831 corde
3608 1792 3803 1833 recen-

2226 1846 2330 1940 tem
2357 1841 2534 1940 deum.
2554 1845 2667 1899 Non
2686 1857 2766 1902 est
2783 1850 2900 1906 talis
2922 1853 3058 1909 Deus
3082 1868 3283 1926 noster,
3306 1875 3412 1917 non
3433 1873 3515 1919 est
3536 1866 3652 1924 talis
3674 1884 3804 1940 por-

2226 1929 2299 2027 tio
2327 1938 2411 1986 tua
2432 1932 2594 1990 Jacob
2628 1954 2641 1989 :
2670 1939 2761 1994 sed
2788 1942 2877 2010 qui
2904 1942 3026 1999 fecit
3048 1947 3244 2004 coelum
3267 1959 3321 2006 et
3342 1962 3557 2022 terram,
3582 1929 3694 2027 ipse
3718 1972 3807 2017 est

2226 2020 2364 2077 Deus
2390 2032 2508 2080 tuus
2533 2042 2546 2091 ;
2572 2031 2660 2098 qui
2688 2046 2790 2086 non
2819 2044 2939 2104 eget
2965 2035 3143 2106 bonis,
3157 2043 3246 2111 qui
3274 2060 3379 2099 non
3407 2020 3554 2105 timet
3578 2020 3615 2105 a
3627 2053 3803 2108 malis.

2300 2114 2387 2169 14.
2417 2116 2566 2171 Multi
2593 2135 2721 2190 ergo
2751 2121 2985 2180 hmretici
3010 2144 3130 2184 eum
3154 2131 3379 2203 Paganis
3421 2137 3556 2194 alios
3583 2149 3639 2196 et
3665 2143 3806 2197 alios

2224 2202 2353 2259 deos
2374 2206 2473 2261 sibi
2514 2209 2615 2279 ipsi
2636 2211 2898 2283 fecerunt,
2921 2218 3053 2275 alios
3087 2231 3143 2277 et
3167 2202 3299 2281 alios
3328 2228 3461 2285 deos
3503 2233 3606 2289 sibi
3633 2234 3809 2291 finxe-

2224 2304 2383 2361 runt;
2416 2308 2470 2354 et
2497 2314 2589 2355 eos
2610 2304 2820 2360 etiamsi
2851 2323 2956 2363 non
2980 2310 3036 2365 in
3067 2316 3294 2383 templis,
3330 2328 3505 2375 tamen
3550 2324 3690 2393 quod
3718 2334 3809 2381 est

2224 2388 2376 2459 pejus
2397 2391 2449 2446 in
2470 2408 2568 2448 suo
2592 2395 2751 2452 corde
2773 2412 3080 2469 posuerunt,
3098 2413 3151 2459 et
3168 2404 3421 2463 falsorum
3441 2388 3809 2470 ridendorum-

2223 2493 2327 2548 que
2365 2482 2765 2543 simulacrorum
2806 2492 2999 2560 templa
3046 2493 3145 2563 ipsi
3186 2494 3311 2554 facti
3353 2508 3497 2556 sunt.
3558 2502 3808 2574 Magnum

2222 2583 2356 2639 opus
2383 2582 2484 2637 est,
2516 2576 2654 2631 intus
2679 2578 2794 2633 hzec
2820 2580 2958 2637 idola
2987 2582 3267 2656 frangere;
3296 2598 3348 2644 et
3370 2590 3549 2647 locum
3578 2594 3686 2649 Deo
3712 2597 3798 2649 vi-

2224 2662 2386 2728 venti,
2417 2680 2521 2720 non
2566 2672 2765 2725 recenti
2802 2674 3076 2731 mundare.
3119 2676 3319 2736 Omnes
3364 2684 3505 2739 enim
3542 2685 3625 2740 isti
3658 2687 3809 2743 aliud

2225 2761 2385 2821 atque
2425 2755 2565 2810 aliud
2621 2760 2934 2829 sentientes,
2976 2764 3109 2821 alios
3160 2777 3320 2839 atque
3371 2772 3504 2827 alios
3532 2774 3661 2832 deos
3702 2779 3811 2835 sibi

2224 2843 2517 2913 facientes,
2567 2848 2840 2922 ipsamque
2886 2853 3042 2911 fidem
3095 2857 3324 2915 falsitate
3366 2862 3654 2931 variantes,
3719 2869 3811 2922 vi-

2222 2937 2417 2994 dentur
2442 2941 2755 3007 dissentire;
2794 2946 2887 3000 sed
2916 2962 3101 3004 omnes
3129 2964 3160 3004 a
3203 2952 3428 3007 terrenis
3470 2957 3812 3026 cogitationi-

2222 3027 2322 3083 bus
2349 3046 2453 3084 non
2484 3032 2759 3099 recedunt,
2804 3036 2855 3089 in
2885 3040 3110 3092 terrenis
3145 3041 3555 3110 cogitationibus
3577 3061 3813 3106 consen-

2224 3119 2361 3174 tiunt
2399 3121 2501 3175 sibi
2535 3141 2547 3176 :
2576 3125 2755 3192 opinio
2796 3126 3009 3183 diversa
3047 3139 3148 3194 est,
3189 3133 3396 3187 vanitas
3438 3151 3541 3191 una
3591 3147 3695 3193 est.
3727 3140 3815 3198 De

2223 3210 2329 3264 illis
2368 3212 2417 3266 in
2449 3214 2553 3266 alio
2582 3215 2785 3282 psalmo
2815 3217 3026 3285 dicitur,
3058 3219 3171 3291 Ipsi
3211 3222 3274 3276 de
3306 3226 3527 3281 vanitate
3549 3228 3602 3281 in
3642 3246 3813 3286 unum

2224 3302 2402 3374 (Psat.
2451 3321 2563 3371 ut,
2614 3306 2701 3379 10)
2733 3326 2745 3363 :
2774 3312 3014 3379 quamvis
3055 3314 3364 3383 opinionum
3404 3320 3659 3377 varietate
3687 3322 3816 3379 dEs-

2228 3395 2471 3463 cordent,
2504 3396 2665 3451 simili
2718 3407 2891 3454 tamen
2921 3403 3151 3459 vanitate
3177 3406 3510 3475 colligantur.
3542 3410 3608 3465 Et
3633 3416 3813 3470 nostis

2220 3488 2343 3555 quia
2370 3489 2575 3542 vanitas
2614 3500 2758 3543 retro
2786 3500 2900 3557 cst,
2926 3496 3198 3563 posterior
3239 3506 3322 3552 est
3367 3515 3380 3554 :
3415 3499 3537 3556 ideo
3563 3502 3653 3556 ille
3682 3521 3807 3574 qua:

2206 3587 2361 3637 retro
2391 3580 2603 3645 oblitus,
2634 3582 2781 3636 idest
2827 3585 3111 3640 vanitatem
3138 3586 3354 3656 oblitus,
3381 3589 3432 3645 in
3453 3605 3513 3647 ea
3540 3608 3657 3663 qua:
3676 3607 3805 3651 ante

2218 3680 2362 3736 sunt,
2412 3670 2462 3723 id
2506 3682 2587 3726 est
2617 3673 2668 3726 in
2701 3673 2975 3729 veritatem
3024 3685 3292 3745 extentus,
3320 3681 3560 3751 sequitur
3598 3682 3663 3737 ad
3699 3686 3803 3753 pal-

2221 3776 2358 3814 mam
2388 3777 2630 3831 supermu
2660 3766 2949 3819 vocationis
2997 3768 3089 3822 Dei
3121 3768 3171 3822 in
3212 3769 3426 3826 Christo
3471 3772 3595 3828 .lesu
3625 3774 3801 3843 (ηΡΙιὶο

2219 3852 2346 3922 lipp.
2378 3869 2452 3917 ιιι,
2486 3854 2571 3919 15,
2610 3855 2722 3924 11).
2760 3856 2895 3925 Ergo
2922 3857 2971 3910 iu
2998 3860 3154 3927 pejus
3189 3860 3287 3915 sibi
3320 3862 3405 3916 isti
3428 3863 3800 3932 consentiunt,

2217 3944 2457 4011 quamvis
2478 3944 2758 3999 dissentire
2786 3962 2815 3999 a
2837 3962 2895 4001 se
2922 3948 3147 4004 invicem
3175 3951 3472 4008 videantur.
3498 3953 3618 4009 ldeo
3635 3954 3797 4011 Satn~

2217 4049 2313 4087 son
2337 4036 2531 4090 caudas
2556 4037 2789 4105 vulpium
2829 4040 3097 4110 colligavit
3124 4041 3331 4112 (Judic.
3358 4060 3446 4110 xv,
3479 4046 3567 4110 4).
3601 4046 3802 4118 Vulpes

2218 4122 2519 4189 insidiosos,
2568 4128 2898 4199 maximeque
2939 4130 3220 4187 litereticos
3267 4134 3568 4204 significant
3603 4138 3800 4201 ;dolo-

2217 4227 2324 4278 sos,
2360 4212 2742 4283 fraudulentos,
2782 4222 3087 4275 cavernosis
3130 4221 3458 4278 anfractibus
3485 4224 3715 4282 latentes
3746 4240 3799 4285 et

2216 4304 2560 4374 decipieutes,
2583 4309 2747 4364 odore
2770 4310 2926 4365 etiam
2956 4320 3091 4366 tetro
3120 4320 3382 4381 pntentes.
3417 4316 3609 4371 Contra
3635 4335 3795 4388 quem

2217 4395 2433 4451 odorem
2480 4398 2608 4452 dicit
2651 4400 2937 4468 Apostolus
2980 4420 2992 4455 :
3024 4401 3209 4457 Christi
3244 4404 3403 4459 bonus
3428 4408 3552 4460 odor
3579 4425 3758 4463 sumus
3779 4413 3795 4442 ι

2216 4487 2269 4539 in
2290 4489 2424 4541 omni
2450 4489 2557 4542 loco
2581 4487 2645 4560 (ll
2670 4487 2787 4544 Cor.
2830 4507 2886 4555 tt,
2918 4491 3040 4563 15).
3075 4493 3193 4547 Ista:
3222 4495 3406 4564 vulpes
3431 4497 3798 4566 signiﬁcantur

2218 4578 2269 4632 in
2292 4579 2519 4634 Cauticis
2544 4582 2895 4647 canticorum,
2937 4583 3025 4637 ubi
3048 4583 3238 4639 dicitur
3272 4604 3284 4638 :
3314 4586 3489 4655 Capite
3516 4589 3656 4643 nobis
3670 4592 3797 4644 .vnl-

2218 4688 2305 4739 pes
2334 4672 2562 4740 pusillas,
2613 4675 3001 4729 exterminantes
3024 4677 3193 4731 vineas
3212 4720 3226 4742 ,
3253 4678 3461 4732 latentes
3489 4680 3541 4731 iu
3567 4684 3795 4735 cavernis

2217 4765 2450 4818 tortuosis
2484 4763 2650 4835 (Cant.
2676 4780 2731 4829 tt,
2770 4765 2879 4836 15).
2912 4765 3086 4836 Capite
3108 4768 3267 4835 nobis,
3287 4771 3586 4826 convincitc
3606 4775 3793 4840 nobis;

2215 4858 2360 4926 capis
2384 4857 2523 4911 enim
2551 4873 2670 4911 eum
2697 4874 2853 4927 quem
2880 4859 2945 4913 de
2976 4859 3204 4915 falsitate
3246 4863 3537 4917 convincis.
3565 4861 3794 4917 Contra-

2214 4948 2511 5003 diceutibus
2536 4947 2765 5019 denique
2787 4951 3081 5018 vulpeculis
3110 4952 3352 5027 Domino,
3386 4963 3439 5007 et
3463 4954 3790 5017 dicentibus,

2216 5037 2281 5092 In
2309 5056 2422 5112 qua.
2446 5048 2688 5110 potestate
2735 5040 2831 5093 ista
2858 5040 3031 5109 facis?
3074 5040 3392 5110 Respondcte
3434 5044 3557 5097 mihi
3600 5055 3644 5098 et
3683 5062 3790 5111 vos,

2216 5128 2403 5200 inquit,
2435 5146 2591 5183 unum
2614 5146 2889 5184 sermonem
2919 5146 2937 5183 :
2960 5129 3251 5200 Bnptismus
3276 5132 3493 5187 Joannis
3522 5136 3653 5188 unde
3678 5146 3744 5188 est
3778 5136 3793 5163 ‘

2216 5221 2278 5274 de
2299 5222 2443 5287 creto,
2470 5236 2535 5273 an
2570 5236 2631 5273 ea:
2659 5220 2940 5274 hominibus
2959 5221 2984 5273 ἱ)
3027 5220 3225 5290 Vulpes
3269 5232 3446 5279 autem
3489 5226 3663 5280 solent
3691 5226 3757 5279 ha

2216 5311 2341 5367 bere
2368 5312 2499 5365 tales
2530 5310 2748 5378 foveas,
2772 5321 2828 5365 ut
2862 5327 2924 5366 ex
2957 5328 3057 5366 una
3090 5323 3241 5382 parte
3263 5316 3481 5383 intrent,
3515 5329 3569 5373 et
3593 5334 3658 5372 ex
3686 5319 3782 5371 alia

2215 5412 2363 5472 parte
2391 5410 2584 5456 exeant
2611 5420 2624 5455 :
2654 5402 2718 5455 ad
2750 5412 3032 5473 utrumque
3070 5404 3308 5462 foramen
3339 5418 3522 5478 captor
3549 5408 3785 5477 vulpium

2216 5491 2348 5546 retia
2379 5491 2571 5559 posuit.
2602 5491 2766 5546 Dicite
2795 5492 2946 5559 mihi,
2976 5494 3037 5547 de
3073 5496 3197 5549 cwlo
3225 5508 3296 5552 est
3320 5540 3335 5564 ,
3370 5516 3436 5552 an
3465 5516 3527 5552 ex
3563 5499 3782 5551 homini-

2215 5580 2352 5633 bus.’
2385 5580 2630 5634 Sentiunt
2679 5582 2750 5635 illi
2784 5598 2901 5636 eum
2931 5600 2994 5637 ex
3044 5596 3266 5656 utraque
3311 5596 3458 5655 parte
3496 5587 3785 5643 tetendisse

2216 5669 2352 5724 unde
2380 5678 2622 5738 caperet;
2653 5680 2706 5725 et
2747 5672 2891 5725 aiunt
2931 5674 3069 5743 apud
3116 5690 3175 5729 se
3215 5694 3227 5729 :
3282 5675 3344 5729 Si
3374 5677 3667 5740 dixerimus,
3710 5676 3762 5730 in

2278 5782 2293 5812 ¹
2318 5782 2397 5829 ltic
2419 5781 2605 5830 ιιίιιιίιιιγ
2624 5784 2669 5831 in
2688 5783 2817 5845 Edd.,
2845 5793 2955 5847 nco,
2974 5788 3098 5854 quod
3123 5799 3149 5835 a
3172 5793 3274 5836 Mss.
3290 5788 3442 5837 abest-
