4084 6472
267 391 395 447 1041

262 505 476 574 quium,
517 499 595 556 De
627 499 791 565 caelo;
819 498 1046 552 dicturus
1082 504 1153 552 est
1200 495 1360 561 nobis,
1397 495 1565 562 Quare
1590 509 1705 564 ergo
1750 509 1851 546 non

266 593 547 650 n‘edidistis
571 590 596 644 ?
622 592 711 646 ille
739 590 882 646 enim
929 588 1291 644 testimonium
1316 587 1529 642 Christo
1556 584 1846 656 perhibuit.

262 683 326 740 Si
351 683 633 737 dixerimus
657 722 673 748 ,
703 679 782 734 De
814 689 947 734 terra
970 696 988 745 ,°
1027 678 1221 750 tapidat
1253 693 1343 732 nos
1373 677 1612 748 papulas,
1655 677 1776 748 quia
1801 685 1859 729 ut

270 776 568 852 praplietam
593 791 707 828 cum
737 774 942 828 habent.
973 772 1277 828 Sentienles
1301 785 1429 842 ergo
1446 770 1545 826 hac
1566 757 1723 840 atque
1755 770 1856 826 hac

261 881 384 924 esse
428 866 570 921 unde
615 875 958 936 cnperentur,
1013 863 1424 933 responderunt,
1477 862 1761 918 Nescimus.
1793 863 1862 919 Et

261 959 527 1019 Dominus
561 975 573 1010 :
607 957 719 1011 Nec
739 974 828 1027 ego
851 957 987 1011 vobis
1021 957 1132 1010 dico
1158 956 1325 1026 inqua
1345 963 1584 1026 potestate
1611 956 1709 1009 ista
1726 954 1860 1024 facio

263 1051 483 1126 (Matth.
507 1066 619 1117 ut,
639 1049 849 1121 25-27).
875 1049 982 1104 Vos
997 1049 1170 1104 dicitis
1183 1063 1276 1104 vos
1298 1049 1505 1103 nescire
1526 1047 1664 1118 quod
1680 1047 1858 1113 scitis;

263 1158 368 1212 ego
397 1142 552 1197 vobis
567 1157 670 1196 non
689 1141 808 1195 dico
823 1139 965 1210 quod
985 1139 1221 1211 quaeritis
1254 1139 1411 1209 :quia
1440 1153 1504 1193 ex
1534 1137 1680 1192 nulla
1712 1147 1862 1206 parte

263 1236 415 1292 exire
427 1234 546 1290 ausi
561 1234 711 1302 estis,
737 1235 790 1287 in
811 1233 1002 1288 vestris
1020 1231 1254 1288 tenebris
1267 1231 1617 1286 remansistis.
1634 1229 1854 1285 Obtem-

263 1340 519 1396 peremus
547 1340 674 1395 ergo
704 1334 757 1380 et
781 1337 900 1389 nos,
932 1323 976 1378 si
1005 1336 1310 1393 possumus,
1341 1321 1540 1377 dicenti
1567 1320 1731 1376 verbo
1767 1319 1863 1375 Dei

265 1417 446 1488 Capite
491 1417 633 1472 nobis
663 1417 833 1487 vulpes
857 1414 1088 1485 pusillas,
1118 1413 1500 1469 exterminantes
1531 1413 1700 1466 vineas
1727 1427 1746 1465 :
1793 1410 1865 1465 vi-

264 1509 490 1566 deamus
515 1509 562 1564 si
588 1519 642 1564 et
666 1523 765 1563 nos
790 1506 1046 1578 quasdam
1086 1505 1393 1576 vulpeculas
1433 1519 1624 1576 capere
1670 1517 1863 1575 possu-

263 1617 420 1664 mus;
452 1616 812 1673 proponamus
866 1599 935 1655 ad
975 1600 1212 1654 foramen
1265 1607 1568 1668 utrumque.
1627 1607 1685 1652 ut
1725 1595 1865 1652 unde

262 1694 454 1764 vulpes
489 1695 636 1750 exire
690 1693 950 1759 voluerit,
983 1691 1238 1762 capiatur.
1270 1689 1428 1746 Verbi
1473 1691 1660 1762 gratia,
1693 1690 1866 1744 mani-

263 1784 419 1838 ch;co
443 1783 654 1838 facienti
682 1783 781 1838 sibi
806 1782 964 1838 deum
990 1791 1280 1846 recentem,
1310 1791 1364 1835 et
1399 1781 1451 1835 in
1474 1779 1634 1836 corde
1656 1795 1752 1835 suo
1780 1795 1864 1850 po.

261 1877 410 1931 nenti
439 1875 581 1947 quod
621 1891 724 1930 non
755 1884 856 1942 est,
879 1874 1118 1929 dicamus
1163 1882 1217 1947 et
1271 1873 1659 1944 interrogemus
1703 1888 1858 1927 eum:

261 1967 572 2022 Substantia
587 1966 680 2021 Dei
700 1964 1057 2035 corruptibilis
1069 1973 1170 2031 est,
1182 1979 1246 2018 an
1265 1949 1704 2034 incorruptibilis'?
1718 1963 1865 2033 Elige

261 2057 407 2127 quod
437 2059 537 2122 vis,
562 2065 617 2111 et
644 2056 728 2112 exi
757 2072 856 2126 qua
889 2056 987 2122 vis,
1019 2054 1114 2110 sed
1145 2070 1252 2109 non
1278 2053 1516 2124 ell‘ugies.
1545 2053 1600 2109 Si
1639 2053 1858 2115 dixeris.

263 2149 645 2220 Corruptibilis
669 2165 684 2215 ;
707 2164 810 2204 non
836 2163 866 2202 a
893 2149 1106 2219 p0pulo,
1136 2147 1229 2202 sed
1252 2163 1282 2202 a
1310 2148 1478 2217 teipso
1496 2145 1816 2216 lapidaberis
1844 2163 1856 2200 :

258 2241 304 2296 si
332 2249 513 2295 autem
563 2239 769 2294 dixeris
808 2239 1268 2308 incorruptibilcm
1298 2238 1460 2292 Deum
1485 2254 1498 2300 ;
1527 2237 1851 2305 incorrupti-

264 2333 392 2386 liilis
441 2331 713 2403 quomodo
758 2331 931 2386 timuit
966 2340 1179 2401 gentem
1211 2329 1593 2386 tenebrarum?
1623 2329 1748 2399 quid
1779 2328 1857 2382 fa-

260 2433 412 2478 ctura
463 2433 580 2479 erat
633 2424 1018 2494 incorruptibili
1069 2437 1203 2494 gens
1245 2423 1646 2492 corruptionis?
1721 2422 1856 2490 Quid

260 2524 428 2570 restat
469 2516 568 2570 nisi
619 2523 678 2570 ut
702 2515 928 2579 dicatur,
961 2513 1274 2569 Nescimus?
1320 2512 1423 2569 Sed
1455 2522 1632 2568 tamen
1682 2512 1726 2568 si
1759 2512 1859 2567 hoc

259 2623 366 2662 non
410 2606 559 2674 dolo,
607 2607 700 2662 sed
747 2607 1039 2679 ignorantia
1079 2607 1295 2671 dicitur,
1335 2621 1442 2661 non
1501 2615 1774 2662 remaneat
1803 2606 1855 2660 in

261 2703 530 2759 tenebris:
561 2717 625 2757 ex
655 2702 811 2772 vulpe
837 2701 930 2756 flat
977 2701 1110 2768 ovis,
1149 2699 1332 2755 credat
1372 2699 1644 2767 invisibili,
1679 2699 1855 2754 incor-

257 2792 496 2862 ruptibili
536 2792 637 2847 soli
681 2793 817 2856 Deo,
853 2807 960 2847 non
995 2791 1231 2856 recenti;
1266 2791 1387 2856 soli,
1419 2791 1486 2846 ab
1516 2805 1582 2846 eo
1607 2790 1747 2861 quod
1775 2802 1856 2845 est

258 2885 424 2950 Solus,
464 2899 570 2938 non
595 2884 661 2939 ab
688 2901 753 2939 eo
770 2884 912 2955 quod
933 2893 1014 2939 est
1029 2883 1130 2950 sol,
1151 2898 1216 2938 ne
1233 2883 1453 2953 nos-ipsi
1478 2882 1616 2952 vulpi
1639 2883 1853 2954 fugienti

258 2976 418 3029 alium
462 2991 743 3030 cavernam
774 2975 1052 3045 aperuisse
1079 2974 1373 3029 videamur.
1407 2974 1718 3045 Quanquam
1757 2991 1854 3030 nec

259 3084 458 3123 nomen
507 3068 639 3123 solis
665 3067 1098 3123 formidabimus.
1146 3065 1244 3121 Est
1287 3066 1429 3121 enim
1482 3067 1536 3152 in
1564 3065 1852 3136 Scripturis

258 3159 459 3216 nostris
485 3176 499 3214 :
522 3157 618 3214 Sol
643 3159 878 3228 justitiaz,
907 3168 952 3212 et
969 3158 1160 3212 sanitas
1187 3157 1237 3210 in
1261 3158 1436 3227 pennis
1461 3157 1570 3226 eius
1598 3157 1848 3230 (.lfaluc/i.

259 3264 332 3312 ir,
366 3248 464 3318 2).
513 3248 596 3302 Ab
632 3257 764 3302 testu
813 3248 942 3302 solis
987 3246 1144 3317 hujus
1171 3246 1355 3302 umbra
1405 3229 1716 3317 appetiiur:
1751 3249 1851 3302 sub

259 3343 372 3398 alas
395 3354 574 3398 autem
607 3342 736 3398 solis
781 3342 938 3413 hujus
965 3342 1032 3396 ab
1052 3351 1186 3397 testu
1220 3339 1453 3411 fugitur;
1483 3341 1683 3396 sanitas
1708 3342 1849 3396 enim

261 3435 314 3492 in
358 3436 550 3505 pennis
593 3433 730 3505 ejus.
776 3433 882 3489 Iste
905 3441 989 3489 est
1015 3433 1097 3488 sol
1121 3432 1189 3488 de
1227 3449 1330 3502 quo
1364 3433 1554 3488 dicturi
1585 3444 1708 3487 sunt
1741 3435 1842 3487 im-

260 3534 368 3602 pii:
404 3531 540 3604 Ergo
581 3533 856 3587 erravimus
895 3546 929 3583 a
965 3530 1047 3584 via
1078 3529 1323 3595 veritatis,
1355 3537 1403 3583 et
1433 3527 1648 3598 justitia:
1678 3526 1850 3582 Ιιιηιαι

261 3641 360 3678 non
389 3625 518 3678 luxit
538 3623 700 3690 nobis,
729 3633 774 3677 et
804 3622 881 3676 sol
901 3637 1001 3675 non
1030 3630 1100 3674 est
1127 3628 1266 3674 ortus
1289 3618 1430 3673 nobis
1459 3617 1630 3689 (Sap.
1655 3634 1708 3686 v,
1753 3620 1844 3689 6).

261 3717 462 3771 Dicturi
493 3724 618 3770 sunt
644 3714 955 3769 adoratores
984 3713 1132 3777 solis,
1163 3710 1257 3766 Sol
1286 3728 1386 3765 non
1409 3721 1553 3766 ortus
1580 3720 1652 3765 est
1674 3711 1850 3775 nobis;

261 3809 382 3878 quia
401 3823 522 3863 cum
550 3807 778 3862 adorent
802 3807 970 3862 solem
998 3819 1155 3875 quem
1186 3802 1312 3858 facit
1340 3803 1471 3858 oriri
1496 3817 1657 3873 super
1677 3802 1850 3858 bonus

261 3909 316 3954 et
348 3900 566 3969 malos(
596 3899 783 3953 Matth.
826 3914 882 3965 v,
920 3898 1022 3967 45)
1051 3938 1066 3964 ,
1098 3912 1206 3952 non
1246 3905 1329 3952 est
1356 3896 1436 3951 eis
1480 3906 1629 3951 ortus
1657 3896 1736 3951 sol
1763 3896 1850 3966 qui

261 3993 405 4048 solos
433 3991 699 4045 illuminat
742 3991 932 4046 bonos.
978 3987 1201 4044 Faciunt
1226 3987 1326 4042 sibi
1356 4001 1484 4058 ergo
1509 3987 1638 4042 deos
1664 4003 1850 4042 recen-

265 4094 344 4142 tes
370 4083 568 4154 quique
618 4083 803 4152 quales
832 4082 1018 4136 volunt
1045 4099 1058 4136 :
1089 4079 1215 4151 quid
1240 4079 1384 4134 enim
1429 4079 1651 4149 impedit
1693 4078 1851 4132 ofﬁci-

264 4189 384 4228 nam
413 4174 626 4244 decepti
652 4173 832 4230 cordis
859 4171 1121 4227 fabricare
1144 4170 1461 4240 phantasma
1489 4168 1644 4240 quale
1670 4169 1851 4224 volue-

264 4265 372 4320 rit?
400 4264 508 4322 Sed
551 4280 739 4320 omncs
791 4264 846 4319 hi
883 4264 936 4318 in
978 4261 1365 4334 posterioribus
1396 4259 1752 4326 consentiunt,
1799 4260 1848 4313 id

263 4365 363 4422 est,
390 4356 552 4411 simili
577 4356 813 4411 vanitate
839 4355 1167 4410 detinentur.
1199 4351 1350 4408 Unde
1388 4352 1614 4408 Samson
1641 4359 1844 4417 noster,

262 4447 350 4518 qui
380 4449 542 4502 etiam
586 4448 972 4518 interpretatur
1001 4445 1094 4502 Sol
1124 4446 1383 4518 ipsorum,
1430 4459 1614 4500 eorum
1642 4444 1850 4499 scilicet

262 4541 454 4611 quibus
495 4541 671 4605 lucet;
726 4555 836 4595 non
878 4526 1152 4605 omnium',
1192 4538 1347 4594 sicuti
1377 4545 1461 4593 est
1484 4535 1663 4592 oriens
1690 4552 1849 4605 super

263 4631 434 4687 bonos
455 4642 508 4686 et
539 4631 728 4696 malos,
760 4630 856 4687 sed
885 4631 963 4685 sol
993 4629 1366 4701 quorumdam,
1398 4628 1478 4682 sol
1498 4627 1720 4698 justitize
1748 4625 1837 4699 (ti-

262 4739 448 4794 guram
491 4724 632 4779 enim
675 4723 906 4779 habebat
947 4721 1221 4793 Christi),
1251 4720 1538 4791 colligavit,
1585 4729 1644 4773 ut
1671 4719 1849 4774 dicere

265 4829 558 4884 cmperam,
587 4813 802 4868 caudas
827 4813 1064 4883 vulpium
1095 4855 1110 4880 ,
1142 4819 1196 4867 et
1243 4811 1313 4866 ibi
1359 4810 1534 4881 ignem
1582 4810 1846 4880 alligavit;

264 4906 440 4974 ignem
469 4904 537 4959 ad
581 4904 994 4970 incendendum,
1027 4903 1119 4959 sed
1166 4916 1370 4958 messes
1407 4902 1844 4973 alienigenarum.

264 4997 496 5052 Proinde
520 4997 654 5052 tales
677 4997 1072 5052 consentientes
1092 4996 1144 5051 in
1176 4995 1574 5066 posterioribus,
1599 5002 1845 5065 tanquam

262 5086 443 5141 caudis
462 5086 716 5157 colligati,
732 5087 944 5143 trahunt
964 5086 1137 5158 ignem
1151 5095 1610 5155 corrumpentem;
1632 5085 1724 5140 sed
1743 5101 1846 5140 non

263 5177 558 5233 incendunt
602 5187 904 5232 nostrorum
951 5186 1178 5250 segetes.
1225 5195 1244 5228 ‹
1279 5176 1438 5232 Novit
1473 5195 1491 5228 ι
1515 5176 1657 5246 enim
1691 5194 1710 5227 ι
1747 5175 1847 5230 Do-

263 5269 438 5324 minus
475 5269 564 5339 qui
593 5278 719 5324 sunt
753 5269 903 5338 ejus;
931 5278 986 5324 et
1012 5267 1230 5336 recedat
1257 5268 1323 5324 ab
1347 5267 1623 5337 iniquitate
1670 5268 1846 5323 omnis

260 5358 350 5428 qui
379 5360 593 5414 invocat
609 5375 804 5415 nomen
831 5359 1059 5416 Domini.
1082 5359 1140 5414 ln
1159 5373 1348 5430 magna
1366 5367 1542 5414 autem
1559 5357 1720 5413 domo
1739 5372 1843 5412 non

262 5451 434 5506 solum
461 5460 590 5505 sunt
613 5466 736 5505 vasa
762 5467 922 5508 aurea
945 5461 999 5508 et
1035 5458 1285 5522 argentea
1309 5492 1325 5518 ,
1367 5449 1482 5523 sed.
1508 5459 1564 5506 et
1590 5450 1763 5520 lignea
1789 5460 1840 5504 et

179 5545 182 5547 λ
261 5540 444 5616 ﬁctilia
469 5560 484 5597 :
508 5550 565 5598 et
583 5542 688 5597 alia
713 5542 925 5613 quidem
963 5550 1087 5597 sunt
1110 5541 1162 5596 in
1191 5541 1470 5607 honorem,
1515 5541 1614 5594 alia
1643 5556 1767 5595 vero
1791 5542 1842 5595 in

261 5634 658 5692 contumeliam.
688 5634 741 5692 Si
770 5635 887 5705 quis
909 5644 1084 5690 autem
1127 5633 1464 5689 mandaverit
1490 5648 1547 5688 se
1571 5633 1637 5688 ab
1659 5633 1842 5705 hujus-

265 5724 430 5788 mndi,
470 5725 573 5780 erit
614 5739 708 5778 vas
746 5725 798 5778 in
830 5724 1110 5787 honorem,
1138 5726 1268 5780 utile
1296 5723 1540 5788 Domino,
1567 5725 1653 5788 ,ad
1685 5740 1844 5782 omne

263 5830 398 5891 opus
423 5815 618 5870 bonum
652 5827 888 5886 paratum
928 5835 944 5867 ι
981 5815 1051 5890 (11
1080 5814 1211 5869 Tim.
1240 5832 1308 5882 η,
1346 5815 1504 5872 1921
1536 5815 1552 5886 )
1581 5833 1593 5882 ;
1622 5825 1676 5871 et
1718 5817 1838 5877 ideo

1327 379 1724 439 ENARRATIO
1764 379 1830 436 IN
1871 381 2201 452 PSALMUM
2259 385 2474 442 LXXX.

3400 387 3538 443 1019.

1963 510 2061 550 nee
2103 496 2301 552 caudas
2342 499 2606 568 vulpium,
2651 513 2748 556 nec
2811 496 2954 554 faces
2998 499 3232 570 vulpium
3285 501 3546 570 pertime-

1961 579 2093 642 seet.
2113 587 2222 644 Sed
2264 589 2533 646 videamus
2557 589 2625 645 de
2675 590 2871 662 populo
2912 590 3017 645 isto
3049 607 3062 644 :
3093 590 3156 646 Si
3191 607 3269 644 me
3304 591 3543 656 audieris,

1965 677 2170 748 inquit,
2219 695 2320 733 non
2364 679 2457 733 erit
2508 681 2559 733 in
2587 690 2634 733 te
2665 679 2788 735 deus
2819 695 3012 734 recens.
3055 679 3229 736 Movet
3253 696 3338 736 me
3361 722 3376 748 ,
3405 682 3546 751 quod

1963 757 2101 838 dixi,
2146 771 2196 824 in
2231 781 2278 826 te
2305 787 2324 826 :
2350 787 2454 826 non
2485 772 2624 827 enim
2652 771 2800 838 dixit,
2830 774 2872 828 A
2901 783 2952 828 te
2972 813 2988 840 ,
3020 773 3170 844 quasi
3207 773 3547 828 simulacrum

1965 864 2260 921 forinsecus
2283 865 2572 921 adhibitum
2591 883 2606 932 ;
2624 865 2738 934 sed,
2765 866 2817 921 in
2843 874 2908 933 te,
2927 866 2981 921 in
3005 866 3166 922 corde
3194 874 3303 932 tuo,
3335 866 3388 920 in
3410 866 3513 920 ima
3529 895 3544 906 -

1964 959 2086 1030 ginc
2111 957 2494 1028 phantasmatis
2519 957 2616 1025 tui,
2643 958 2694 1011 in
2724 956 3040 1027 deceptione
3065 957 3263 1013 erroris
3283 957 3354 1011 tui
3373 965 3546 1010 tecum

1967 1049 2204 1120 portabis
2231 1049 2387 1104 deum
2411 1057 2556 1103 tuum
2586 1057 2878 1115 recentem,
2907 1063 3190 1104 remanens
3208 1055 3465 1102 vetustus.
3486 1045 3548 1102 SI

1966 1156 2094 1212 ergo
2118 1157 2195 1195 me
2234 1140 2492 1206 audieris;
2515 1155 2613 1206 me,
2655 1138 2852 1209 inquit,
2881 1139 3002 1210 quia
3031 1145 3272 1209 egosum
3300 1138 3390 1209 qui
3429 1153 3547 1192 sum

1968 1232 2169 1300 (Exod.
2201 1229 2374 1304 111,”)
2397 1249 2410 1299 ;
2438 1247 2538 1286 non
2564 1231 2654 1285 erit
2679 1230 2730 1284 in
2758 1239 2804 1284 te
2825 1229 2946 1284 deus
2973 1246 3170 1295 recens,
3203 1246 3292 1284 nec
3311 1230 3547 1284 adorabis

1966 1324 2113 1378 deum
2144 1323 2381 1377 alienant.
2406 1321 2462 1378 Si
2483 1322 2624 1378 enim
2651 1321 2701 1376 in
2721 1329 2888 1378 tcnon
2913 1321 3001 1388 sit,
3028 1337 3129 1375 non
3145 1321 3377 1375 adorabis
3397 1321 3546 1374 deum

1966 1416 2187 1472 alienum
2219 1432 2238 1470 :
2263 1415 2316 1472 Si
2347 1404 2400 1470 tu
2421 1431 2524 1470 non
2558 1415 2755 1486 cogites
2780 1413 2937 1469 deum
2973 1412 3185 1480 falsum,
3213 1428 3318 1469 non
3359 1413 3548 1468 adora-

1967 1507 2050 1564 bis
2077 1508 2232 1563 deum
2267 1507 2603 1573 fabricatum;
2633 1523 2734 1561 non
2754 1507 2890 1562 enim
2915 1506 3005 1559 erit
3033 1506 3086 1559 in
3106 1515 3154 1559 te
3189 1504 3309 1559 deus
3331 1521 3518 1561 recens.

2040 1603 2126 1658 15.
2156 1599 2306 1675 [υενε.
2331 1602 2444 1676 11.]
2467 1601 2578 1674 Ego
2599 1603 2731 1656 enim
2755 1618 2886 1656 sum.
2905 1599 3042 1669 Quid
3061 1601 3138 1655 vis
3159 1599 3384 1655 adorare
3404 1600 3545 1670 quod

1968 1708 2074 1748 non
2097 1695 2214 1750 est?
2241 1693 2350 1766 Ego
2377 1696 2506 1749 enim
2533 1711 2643 1748 sum
2672 1692 2921 1748 Dominus
2947 1691 3083 1750 Deus
3124 1700 3236 1746 tuus
3265 1706 3284 1744 :
3305 1691 3426 1762 quia
3449 1706 3550 1760 ego

1967 1800 2083 1862 sum
2100 1788 2186 1862 qui
2204 1804 2341 1842 sum.
2364 1787 2428 1842 Et
2444 1803 2541 1859 ego
2562 1787 2773 1858 quidem
2791 1801 2929 1853 sum,
2946 1785 3227 1856 inquit,qui
3246 1799 3363 1840 sum
3388 1799 3550 1853 super

1967 1894 2178 1935 omnem
2206 1890 2500 1935 creaturam
2529 1899 2540 1934 :
2573 1879 2664 1934 tibi
2685 1888 2859 1933 tamen
2878 1877 3240 1946 temporaliter
3264 1875 3387 1945 quid
3413 1891 3549 1945 pras-

1966 1970 2112 2026 stiti?
2140 1971 2239 2036 Qui
2261 1973 2411 2026 eduxi
2439 1984 2485 2026 te
2526 1970 2588 2024 de
2621 1981 2753 2046 terra
2787 1969 3022 2040 Egypti.
3072 1967 3187 2023 Non
3228 1967 3300 2020 illi
3334 1975 3535 2020 tantum

1967 2065 2161 2132 populo
2209 2062 2400 2117 dicitur
2431 2081 2443 2116 :
2473 2077 2661 2118 omnes
2693 2063 2833 2118 enim
2872 2061 3047 2116 educti
3101 2075 3282 2114 sumus
3311 2057 3378 2113 de
3405 2067 3543 2112 terra

1965 2155 2201 2233 Egypti,
2241 2171 2430 2212 omnes
2471 2171 2566 2227 per
2589 2171 2736 2210 mare
2762 2154 3000 2210 Rubrum
3039 2152 3397 2218 transivimus,
3439 2149 3542 2204 ini-

1965 2249 2087 2302 mici
2115 2248 2280 2304 nostri
2312 2257 2690 2320 persequentes
2721 2263 2817 2303 nos
2853 2249 2903 2302 in
2947 2261 3081 2316 aqua
3108 2245 3396 2316 perierunt.
3425 2243 3542 2299 Non

1963 2339 2128 2394 simus
2176 2340 2365 2411 ingrati
2411 2341 2520 2395 Deo
2550 2349 2772 2405 nostro;
2822 2354 2927 2394 non
2967 2338 3346 2393 obliviscamur
3377 2336 3542 2392 Deum

1963 2439 2285 2492 manentem.
2323 2438 2377 2485 et
2405 2431 2719 2486 fabricemns
2760 2432 2812 2485 in
2857 2429 3009 2485 nobis
3035 2429 3193 2484 deum
3237 2437 3531 2484 recentem.

1966 2522 2064 2589 Qui
2087 2522 2238 2576 eduxi
2277 2532 2324 2576 te
2367 2523 2428 2576 de
2457 2533 2590 2577 terra
2618 2522 2878 2593 Egypti:
2912 2515 3144 2592 loquitur
3174 2519 3333 2574 Deus.
3367 2518 3541 2573 Dilata
3622 2506 3623 2509 η

1961 2629 2015 2668 os
2041 2621 2196 2681 tuum,
2234 2622 2278 2667 et
2320 2615 2606 2684 adimplebo
2644 2614 2792 2668 illud.
2838 2615 3120 2684 Angustias
3168 2616 3366 2686 pateris
3408 2616 3461 2671 in
3487 2624 3541 2673 te

1961 2712 2176 2775 propter
2225 2705 2382 2760 deum
2428 2715 2696 2760 recentem
2743 2707 3087 2761 constitutum
3120 2707 3170 2762 in
3218 2707 3379 2763 corde
3419 2715 3540 2773 tuo;

1961 2796 2144 2868 frange
2196 2814 2386 2853 vanum
2443 2799 2823 2866 simulacrum,
2881 2798 3050 2870 dejice
3101 2799 3168 2854 de
3217 2800 3538 2855 conscientia

1960 2898 2047 2945 tua
2102 2890 2280 2946 fictura
2332 2891 2528 2945 idolum
2586 2909 2597 2944 :
2666 2892 2825 2945 dilata
2881 2909 2936 2946 os
2997 2901 3156 2960 tuum,
3214 2892 3535 2955 confitendo,

1957 2984 2221 3047 amando;
2260 2994 2306 3039 et
2344 2985 2626 3055 adimplebo
2670 2985 2818 3053 illud,
2850 2985 3099 3056 quoniam
3132 2985 3271 3056 apud
3309 3001 3394 3041 me
3422 2987 3538 3041 ftms

1958 3075 2094 3128 vitm.
2129 3075 2296 3146 (Psat.
2321 3092 2485 3143 xxxv,
2514 3076 2626 3148 10).

2026 3167 2111 3222 16.
2137 3165 2285 3240 [vers.
2311 3166 2422 3240 12.]
2449 3169 2556 3224 lluc
2582 3169 2791 3238 quidem
2820 3169 2945 3226 dicit
2967 3171 3256 3236 Dominus;
3287 3169 3380 3226 sed
3405 3170 3529 3241 quid

1956 3259 2233 3329 sequitur?
2262 3259 2328 3313 Et
2353 3277 2452 3314 non
2479 3246 2730 3315 obaudivit
2757 3263 2973 3332 populus
2993 3279 3134 3317 meus
3157 3278 3326 3317 vocem
3350 3278 3532 3317 meam.

1954 3349 2069 3404 Non
2099 3350 2240 3405 cnim
2291 3350 2598 3421 loqueretur
2640 3353 2740 3408 ista
2761 3394 2777 3420 ,
2807 3354 2905 3407 nisi
2937 3353 3134 3424 populo
3163 3367 3260 3408 suo
3291 3370 3304 3406 :
3337 3352 3536 3408 scimus

1953 3441 2096 3496 enim
2140 3441 2265 3510 quia
2310 3457 2658 3514 quaecumque
2700 3443 2805 3499 Lex
2854 3443 3001 3511 dicit,
3052 3443 3134 3499 his
3178 3445 3265 3514 qui
3310 3443 3361 3498 in
3394 3443 3535 3515 Lege

1955 3541 2077 3587 sunt
2121 3531 2251 3587 dicit
2293 3532 2470 3604 (Rom.
2501 3550 2578 3602 Ill,
2607 3533 2712 3607 19).
2765 3533 2833 3590 Et
2879 3552 2978 3591 non
3024 3535 3274 3591 obaudivit
3317 3535 3534 3608 papulas

1954 3639 2092 3676 meus
2119 3639 2286 3677 vocem
2312 3640 2510 3689 meum;
2547 3635 2593 3678 et
2619 3625 2782 3681 Israel
2815 3643 2916 3681 non
2955 3628 3162 3682 intendit
3191 3628 3332 3682 mihi.
3361 3628 3534 3696 Quis?

1953 3716 2079 3788 cui?
2108 3715 2273 3772 Israet
2300 3717 2444 3772 milii.
2475 3717 2519 3774 Ο
2550 3719 2751 3789 ingrata
2781 3719 2953 3774 anima
2979 3721 2991 3773 t
3035 3734 3130 3790 per
3158 3735 3246 3778 me
3275 3722 3470 3785 anima,
3502 3736 3531 3774 a

1956 3822 2042 3863 me
2065 3817 2250 3863 vocata
2275 3809 2472 3876 anima,
2499 3825 2529 3862 a
2559 3824 2645 3871 me
2670 3810 2721 3864 in
2743 3825 2892 3879 spem
2917 3810 3158 3876 reducta,
3186 3825 3215 3865 a
3240 3826 3324 3866 me
3353 3825 3381 3864 a
3409 3825 3535 3886 pec-

1954 3898 2087 3954 catis
2113 3898 2292 3954 abluta
2323 3915 2334 3951 :
2364 3899 2430 3954 Et
2460 3898 2752 3955 lsrael‘non
2780 3901 2990 3957 intendit
3020 3902 3162 3956 mihi.
3195 3903 3533 3972 Baptizantur

1954 3988 2094 4043 enim
2111 3997 2166 4044 et
2192 3997 2468 4044 transeunt
2493 4005 2588 4058 per
2612 4005 2758 4045 mare
2780 3990 3016 4046 Rubrum
3037 4008 3052 4056 ;
3071 3991 3179 4048 sed
3201 3993 3254 4046 in
3274 3992 3356 4047 via
3381 4007 3529 4047 mur-

1956 4087 2195 4145 murant,
2244 4079 2657 4147 contradicunt,
2702 4089 3152 4151 conquerantur,,
3179 4080 3530 4153 seditionibus

1954 4170 2369 4238 conturbantur,
2415 4171 2602 4242 ingrati
2631 4171 2679 4226 ei
2708 4172 2798 4242 qui
2840 4172 3081 4228 liberavit
3104 4187 3133 4227 a
3161 4175 3528 4244 persequenti-

1956 4262 2056 4316 bus
2087 4262 2327 4328 hostibus
2348 4305 2362 4331 ,
2393 4264 2483 4334 qui
2527 4263 2670 4319 ducit
2699 4279 2798 4335 per.
2840 4265 3073 4331 siccum,
3121 4280 3216 4336 per
3267 4280 3530 4330 eremum,

1954 4369 2072 4409 cum
2120 4355 2240 4410 cibo
2288 4363 2463 4412 tamen
2493 4366 2547 4412 et
2575 4365 2736 4426 potu,
2783 4372 2902 4411 eum
2945 4357 3144 4413 lumine
3190 4366 3551 4414 nocturnoet

1955 4449 2261 4503 umbraculo
2285 4449 2477 4504 diurno
2509 4469 2520 4502 :
2555 4449 2620 4503 Et
2648 4449 2813 4504 lsract
2836 4466 2936 4504 non
2963 4450 3175 4508 intendit
3208 4450 3351 4507 m‘i/ti.

2026 4539 2111 4593 17.
2152 4537 2449 4612 [vers.15.]
2493 4539 2558 4592 Ει
2597 4541 2762 4596 dimisi
2803 4558 2887 4597 eos
2928 4541 3558 4610 secunduma/fectiones.

1954 4629 2119 4682 cordis
2145 4645 2337 4682 eorum.
2381 4628 2524 4684 Ecce
2570 4631 2796 4686 torcular
2825 4648 2838 4686 :
2870 4642 3053 4701 aperta
3093 4641 3220 4687 sunt
3246 4633 3528 4700 foramina,

1953 4719 2118 4773 currit
2143 4734 2378 4774 amurca.
2411 4718 2480 4775 Et
2509 4719 2685 4777 dimisi.
2699 4737 2787 4776 eos
2806 4762 2820 4784 ,
2851 4737 2956 4776 non
2986 4722 3276 4778 secundum
3305 4725 3529 4780 salutem

1955 4819 2339 4880 praeceptorum
2396 4824 2685 4879 meorum;
2737 4811 2830 4867 sed
2855 4855 2870 4879 ,
2919 4813 3192 4868 secundum
3242 4814 3531 4882 alfectiones

1951 4902 2117 4955 cordis
2159 4918 2330 4956 eorum
2360 4919 2390 4959 :_
2417 4902 2610 4957 donavi
2655 4917 2746 4958 eos
2790 4903 2909 4959 sibi.
2959 4905 3094 4961 Dicit
3123 4914 3178 4962 et
3201 4907 3529 4978 Apostolus:

1952 4991 2185 5046 Tradidit
2212 4993 2323 5048 illos
2345 4991 2480 5047 Deus
2502 4994 2553 5048 in
2579 4995 3004 5063 concupiscentias
3031 4997 3196 5053 cordis
3220 5014 3390 5053 eorum
3417 4999 3523 5070 (Id.

1951 5101 1998 5151 ι,
2024 5084 2092 5138 24
2113 5085 2150 5154 ).
2185 5083 2378 5140 Dimisi.
2401 5102 2482 5139 eos
2512 5086 2781 5140 secundum
2810 5086 3096 5154 alfeclianes
3123 5091 3289 5145 cordis
3316 5107 3524 5154 eorum;

1951 5175 2092 5228 ibunt
2132 5173 2559 5241 ina/factionibus
2588 5178 2714 5231 suis.
2746 5177 2870 5234 lude
2890 5189 2979 5236 .est
3008 5181 3146 5250 quod
3180 5181 3405 5238 horretis
3436 5200 3448 5236 :
3483 5185 3528 5238 si

1953 5275 2128 5320 tamen
2170 5266 2570 5342 eliquaminijn
2612 5268 2916 5338 gemellaria
2958 5269 3264 5327 abscondita
3296 5272 3528 5342 Domini,

1950 5354 1993 5408 si
2038 5363 2213 5408 tamen
2255 5357 2540 5425 apothecas
2582 5357 2698 5427 ejus
2743 5359 3046 5428 adamastis,
3094 5361 3218 5417 inde
3265 5374 3347 5420 est
3387 5369 3526 5435 quod

1953 5446 2199 5501 horretis.
2233 5448 2335 5502 Alii
2367 5448 2658 5504 defendunt
2687 5453 2902 5518 circum,
2936 5455 3023 5507 alii
3054 5455 3524 5526 amphitheatrum,

1950 5539 2038 5592 alii
2069 5553 2220 5617 casas
2251 5540 2301 5593 in
2333 5540 2460 5596 vicis
2481 5583 2495 5605 ,
2523 5542 2611 5596 alii
2653 5543 2857 5597 theatra
2880 5585 2894 5609 ,
2926 5545 3010 5599 alii
3042 5545 3207 5612 illud,
3239 5550 3326 5603 alii
3359 5549 3483 5604 illud
3513 5572 3524 5614 ;

1949 5630 2038 5684 alii
2086 5639 2354 5700 postremo
2398 5633 2528 5688 deos
2571 5644 2812 5688 recentes
2841 5649 2965 5691 suos
2998 5654 3009 5689 :
3040 5635 3189 5692 Ibunt
3217 5641 3268 5692 in
3298 5639 3525 5707 a/l‘ectiu-

1950 5723 2092 5777 nibus
2117 5724 2240 5778 suis.

2031 5815 2111 5871 l8.
2144 5813 2304 5886 iners.
2336 5817 2422 5886 H,
2452 5818 2563 5888 15.]
2595 5818 2654 5872 Si
2682 5818 2815 5890 plebs
2845 5837 2954 5874 mea
2982 5824 3201 5878 audisset
3232 5841 3343 5889 me;
3375 5824 3538 5898 Israq
