4084 6472
552 399 685 458 1053

544 517 591 572 si
630 515 684 569 in
717 512 809 570 viis
851 513 975 569 meis
1018 513 1342 569 ambulasset.
1390 505 1527 567 Dicit
1572 508 1716 566 enim
1758 508 1982 563 fortasse
2026 508 2124 562 iste

548 604 732 671 Israel,
764 604 901 660 Ecce
926 618 1108 675 pecco,
1139 603 1476 659 manifestum
1504 611 1623 667 est;
1654 615 1719 656 eo
1750 608 1869 671 post
1892 598 2127 654 affectio-

545 713 642 752 nes
670 696 846 752 cordis
873 696 979 751 mei
1009 713 1021 749 :
1055 695 1147 750 sed
1173 693 1297 766 quid
1335 691 1513 748 facio?
1559 691 1812 747 Diabolus
1837 689 1939 745 hoc
1978 687 2121 756 facit,

547 790 817 845 daemones
848 790 949 844 hoc
992 789 1208 844 faciunt.
1258 786 1395 854 Quid
1442 794 1524 842 est
1560 785 1843 842 diabolus?
1885 783 1973 854 qui
2002 789 2125 837 sunt

544 881 859 936 daemones?
904 881 1060 935 Certe
1105 878 1303 934 inimici
1352 878 1448 933 tui.
1494 876 1659 931 Israel
1697 877 1741 931 si
1783 875 1835 928 in
1865 876 1959 929 viis
2000 874 2123 928 meis

541 974 885 1035 ambulasset;
921 972 975 1025 in
1018 971 1232 1025 nihilum
1274 986 1445 1024 omnes
1484 969 1712 1023 inimicos
1750 983 1919 1021 eorum
1957 964 2123 1019 Immi-

539 1063 758 1118 liussem.
788 1062 950 1137 Ergo,
983 1061 1045 1116 Si
1073 1060 1208 1131 plebs
1233 1076 1341 1113 mea
1360 1100 1376 1126 ,
1400 1059 1621 1113 audisset
1645 1066 1725 1122 me
1746 1073 1763 1111 :
1788 1072 1949 1128 quare
1974 1054 2121 1111 enim

538 1170 670 1217 mea,
715 1150 761 1206 si
800 1166 906 1207 non
937 1151 1081 1207 audit
1126 1151 1252 1206 me?
1301 1151 1364 1206 Si
1405 1149 1540 1221 plebs
1582 1165 1711 1217 mea,
1755 1149 1975 1203 audisset
2016 1164 2114 1202 me.

539 1244 674 1312 Quid
703 1252 805 1312 est,
847 1244 984 1315 plebs
1010 1245 1161 1300 mea?
1204 1244 1388 1299 Israel.
1432 1243 1566 1312 Quid
1594 1251 1705 1310 est,
1734 1242 1953 1296 audisset
1992 1257 2072 1294 me
2091 1241 2119 1295 ?

540 1336 603 1392 Si
628 1337 680 1392 in
704 1337 796 1390 uiis
824 1338 943 1392 meis
968 1337 1287 1393 ambulasset.
1324 1336 1591 1404 Queritur,
1621 1343 1675 1391 et
1706 1334 1870 1406 gemit
1892 1333 1991 1389 sub
2018 1333 2116 1388 iui-

533 1426 689 1483 micis
712 1446 725 1482 :
750 1426 816 1482 In
837 1428 1050 1482 nihilum
1074 1428 1303 1482 inimicos
1323 1444 1494 1484 eorum
1518 1426 1879 1494 Itumiliassem,
1903 1433 1947 1480 et
1966 1441 2117 1496 super

533 1518 827 1573 tribulcntes
854 1536 937 1573 eos
961 1519 1205 1573 misissem
1226 1534 1432 1572 manum
1469 1533 1649 1571 meam.

603 1610 691 1666 19.
724 1608 874 1683 [vers.
904 1609 1015 1683 16.]
1044 1610 1191 1666 Nunc
1212 1625 1340 1666 vero
1368 1609 1493 1680 quid
1519 1617 1813 1681 queruntur
1839 1606 1907 1663 de
1933 1606 2112 1662 inimi-

530 1703 609 1758 eis
628 1703 656 1757 ἲ
681 1704 783 1773 Ipsi
815 1703 937 1759 facti
966 1713 1089 1759 sunt
1118 1703 1326 1774 pejores
1350 1698 1568 1757 inimici.
1614 1700 1892 1770 Quomodo
1924 1699 2065 1756 enim
2086 1699 2113 1754 ‘l

530 1794 655 1866 quid
682 1796 959 1865 sequitur?
990 1795 1064 1851 De
1086 1796 1313 1851 inimicis
1338 1793 1654 1866 querimini;
1683 1807 1777 1848 vos
1800 1791 1923 1863 quid
1946 1791 2113 1848 estis?

527 1885 736 1940 Inimici
760 1886 968 1941 Domini
990 1887 1180 1941 mentiti
1204 1895 1318 1941 sunt
1342 1888 1404 1941 ei.
1437 1886 1776 1941 Renuntias?
1800 1884 2067 1939 Renuntio
2091 1900 2104 1938 :

526 1986 581 2032 et
608 1977 745 2031 redit
781 1978 847 2033 ad
888 1977 1029 2048 quod
1067 1978 1354 2033 renuntiat.
1396 1976 1588 2047 Utique
1615 1977 1805 2048 quibus
1834 1976 1992 2032 rebus
2020 1990 2107 2031 re-

525 2069 761 2137 nuntias,
807 2069 909 2124 nisi
952 2069 1106 2124 factis
1136 2069 1311 2137 malis,
1362 2068 1512 2124 factis
1554 2069 1849 2135 diabolieis,
1896 2067 2048 2123 factis
2075 2081 2107 2122 a

524 2159 638 2215 Deo
661 2160 1006 2223 damnandis;
1039 2160 1213 2226 furtis,
1241 2159 1460 2230 rapinis,
1491 2159 1757 2228 periuriis,
1786 2158 2102 2226 homicidiis,

524 2250 819 2317 adulteriis,
851 2250 1159 2319 sacrilegiis,
1191 2250 1357 2305 sacris
1384 2248 1755 2303 abominandis
1779 2290 1792 2312 ,
1823 2248 2104 2303 curiosita-

524 2342 661 2397 tibus
680 2342 707 2395 ?
747 2336 840 2395 His
869 2341 1115 2395 omnibus
1144 2339 1449 2405 renuntias,
1480 2348 1534 2394 et
1556 2354 1741 2394 rursus
1772 2338 1853 2393 his
1880 2338 2105 2394 inﬂexus

522 2431 813 2502 superaris.
844 2431 1002 2487 Facta
1033 2440 1156 2486 sunt
1202 2431 1293 2486 tibi
1334 2432 1627 2500 posteriora
1656 2430 1919 2486 deteriora
1957 2429 2105 2499 prio-

523 2523 670 2578 ribus
699 2541 711 2576 :
741 2523 887 2578 canis
913 2538 1160 2579 reversus
1190 2522 1255 2577 ad
1283 2522 1539 2578 vomitum
1580 2538 1732 2576 suum
1753 2564 1768 2589 ,
1800 2532 1853 2577 et
1880 2537 1971 2577 sus
1997 2522 2104 2577 lota

521 2616 574 2671 in
604 2615 895 2671 volutabris
922 2617 1059 2671 caeni
1088 2615 1169 2685 (ll
1198 2613 1341 2669 Petr.
1378 2630 1449 2682 ιι,
1484 2613 1574 2681 20,
1596 2613 1667 2667 22
1687 2614 1726 2683 ).
1754 2612 1959 2667 Inimici
1994 2611 2104 2668 Do-

522 2707 645 2761 mini
681 2706 872 2761 mentiti
918 2716 1032 2761 sunt
1075 2707 1138 2761 ei.
1192 2704 1261 2759 Et
1304 2714 1498 2775 quanta
1549 2705 1799 2774 patientia
1846 2704 2105 2761 Domini!

522 2799 696 2867 Quare
733 2814 841 2855 non
876 2797 1330 2870 prosternuntur?
1374 2810 1539 2868 quare
1583 2813 1687 2851 non
1732 2796 2106 2853 trucidantur?

520 2907 687 2962 quare
735 2906 841 2947 non
883 2900 1021 2947 terra
1064 2890 1372 2946 dehiscente
1416 2890 1741 2945 sorbentur?
1792 2905 1954 2960 quare
1995 2906 2102 2947 non

519 2983 659 3039 cmlo
705 2982 958 3054 flagrante
1006 2981 1398 3038 incenduntur?
1442 2981 1574 3050 Quia
1620 2996 1806 3051 magna
1852 2984 2101 3052 patientia

518 3073 752 3128 Domini.
796 3069 864 3127 Et
898 3082 1055 3129 erunt
1083 3071 1368 3142 impuniti?
1408 3072 1577 3127 Absit.
1624 3071 1738 3126 Non
1766 3072 1867 3127 sibi
1897 3081 2100 3129 tantum

519 3165 587 3221 de
616 3164 708 3221 Dei
742 3163 1104 3220 misericordia
1132 3163 1503 3227 blandiantur,
1534 3174 1590 3219 ut
1614 3165 1713 3220 sibi
1744 3165 1859 3235 ejus
1889 3165 2102 3236 injusti-

518 3257 644 3311 tiam
677 3255 1046 3327 polliceantur.
1080 3255 1298 3326 Ignoras
1327 3255 1448 3326 quia
1481 3255 1573 3311 Dei
1612 3255 1865 3327 patientia
1893 3257 1958 3311 ad
1990 3273 2104 3328 pm.

516 3347 797 3403 rriteetiam
828 3354 878 3402 te
916 3345 1170 3401 adducit?
1211 3345 1290 3401 Tu
1319 3354 1495 3401 autem
1526 3345 1817 3401 secundum
1852 3346 2101 3404 duritiam

518 3436 697 3492 cordis
725 3436 800 3491 tui
831 3444 884 3491 et
905 3450 1000 3492 cor
1030 3436 1386 3506 imptenitens,
1417 3434 1743 3490 thesaurizas
1769 3435 1862 3491 tibi
1887 3438 2017 3491 iram
2048 3438 2101 3492 in

518 3526 605 3584 die
633 3528 726 3584 ira
753 3535 806 3583 et
850 3527 1189 3584 revelationis
1226 3527 1354 3597 justi
1396 3526 1580 3597 judicii
1612 3525 1741 3593 Dei,
1786 3528 1877 3598 qui
1916 3529 2103 3585 reddet

517 3618 804 3689 unicuique
848 3617 1139 3675 secundum
1167 3632 1325 3687 opera
1356 3631 1449 3672 sua
1480 3616 1652 3689 (Rom.
1682 3623 1752 3683 ιι,
1781 3619 1927 3689 4-6).
1961 3618 2027 3673 Ει
2055 3620 2102 3676 si

461 3734 464 3738 ~
517 3709 681 3766 modo
704 3725 811 3764 non
842 3709 1038 3776 reddit,
1068 3716 1195 3763 tunc
1219 3708 1405 3764 reddet
1430 3726 1442 3762 :
1475 3709 1519 3764 si
1547 3710 1687 3763 enim
1716 3708 1876 3764 modo
1904 3709 2098 3778 reddit,

518 3800 585 3855 ad
615 3809 821 3870 tempus
846 3797 1055 3865 reddit;
1082 3813 1187 3854 non
1216 3812 1477 3853 converso
1502 3808 1678 3853 autem
1708 3813 1807 3854 nec
1830 3807 2092 3867 correcto,

517 3894 574 3949 in
601 3901 861 3949 mternum
899 3892 1103 3949 reddet.
1134 3892 1267 3948 Vide
1295 3908 1422 3964 ergo
1457 3894 1575 3963 quia
1606 3908 1715 3948 non
1740 3902 1900 3950 erunt
1925 3894 2103 3963 impu-

427 4006 431 4011 ’
518 3984 656 4052 niti;
703 3982 918 4039 attende
943 3983 1083 4053 quod
1113 3974 1352 4053 sequitur
1380 4001 1395 4038 :
1429 3982 1634 4038 Inimici
1664 3983 1873 4039 Domini
1909 3986 2102 4039 mentiti

516 4084 635 4129 sunt
673 4075 738 4129 ei.
776 4072 1023 4129 Dicturus
1050 4088 1143 4141 es,
1174 4075 1241 4129 Et
1268 4074 1395 4145 quid
1424 4074 1501 4130 eis
1532 4074 1696 4130 fecit?
1734 4075 1849 4131 Non
1878 4077 2109 4131 vivunt?

517 4180 627 4222 non
659 4179 814 4221 auras
839 4166 1104 4236 carpunt?
1131 4180 1235 4221 non
1265 4166 1435 4221 lucem
1467 4166 1757 4221 hauriunt?
1796 4182 1899 4221 non
1930 4166 2102 4223 fontes

516 4257 749 4329 potant?
799 4269 906 4313 non
951 4257 1152 4314 fructus
1201 4266 1355 4313 terrae
1396 4256 1604 4312 edunt?
1663 4255 1731 4310 Et
1774 4258 1865 4312 erit
1908 4267 2104 4329 tempus

519 4364 694 4405 eorum
718 4349 771 4402 in
799 4357 1059 4403 aeternum.

592 4444 683 4500 20.
713 4442 880 4499 Nemo
909 4444 1011 4500 sibi
1036 4458 1163 4516 ergo
1188 4443 1520 4511 blandiatur,
1552 4444 1673 4514 quia
1713 4444 1862 4514 quasi
1892 4441 1958 4497 ad
1991 4450 2101 4497 toro

522 4536 674 4593 cular
700 4534 931 4607 pertinet
959 4552 972 4589 :
1005 4536 1201 4591 bonum
1227 4541 1311 4592 est
1337 4534 1445 4602 illi,
1474 4536 1517 4590 si
1544 4535 1609 4589 ad
1635 4535 1811 4590 oleum
1841 4536 1892 4590 in
1924 4544 2105 4589 torcu-

520 4630 622 4686 lari
669 4630 949 4700 pertineat.
990 4628 1106 4685 Non
1137 4629 1238 4685 sibi
1280 4629 1595 4700 polliceatur
1621 4628 1982 4698 unusquisque
2012 4627 2105 4681 ha-

520 4722 659 4778 bens
688 4720 824 4777 facta
851 4720 1074 4787 nefaria,
1106 4736 1224 4791 quae
1243 4734 1465 4792 regnum
1488 4719 1582 4774 Dei
1604 4734 1707 4774 non
1739 4718 2103 4788 possidebunt,

522 4819 579 4869 et
623 4811 763 4866 dicat
809 4811 911 4866 sibi
958 4828 972 4865 :
1021 4809 1280 4879 Quoniam
1335 4809 1507 4865 habeo
1556 4808 1764 4879 signum
1809 4807 2008 4862 Christi
2055 4816 2109 4862 et

523 4901 867 4960 Sacramenta
892 4902 908 4933 ¹
936 4901 1153 4967 Christi,
1183 4915 1288 4956 non
1315 4899 1533 4957 delebor
1558 4900 1609 4954 in
1639 4908 1896 4954 aeternum
1922 4913 1938 4963 ;
1981 4906 2036 4953 et
2063 4898 2109 4952 si

524 5009 746 5066 purgor,
778 5009 874 5065 per
899 4993 1074 5065 ignem
1105 4994 1282 5049 salvus
1311 5008 1424 5049 ero.
1452 4991 1584 5047 Nam
1607 4989 1731 5061 quid
1761 5000 1843 5046 est
1870 4990 2009 5061 quod
2039 4990 2113 5045 ait

526 5088 818 5160 Apostolus
848 5088 916 5145 de
946 5088 1027 5143 his
1055 5088 1144 5159 qui
1186 5087 1381 5143 habent
1409 5085 1853 5141 fundamentum?
1893 5083 2104 5137 Funda-

528 5190 752 5237 mentum
774 5179 918 5234 aliud
941 5195 1085 5234 nemo
1112 5188 1269 5250 potest
1294 5193 1495 5247 ponere,
1528 5187 1709 5249 praeter
1735 5174 1790 5229 id
1813 5174 1947 5244 quod
1977 5176 2114 5245 posi-

531 5282 638 5327 tum
664 5280 756 5340 est,
783 5271 918 5343 quod
954 5278 1027 5325 est
1058 5267 1285 5325 Christus
1310 5266 1476 5323 Iesus.
1521 5265 1657 5334 Quid
1697 5276 1801 5333 est,
1846 5265 2115 5334 inquiunt,

531 5362 671 5434 quod
712 5362 999 5433 sequitur?
1033 5378 1051 5413 ι
1086 5358 1459 5430 Unusquisque
1503 5366 1680 5412 autem
1724 5371 1885 5427 super
1927 5355 2117 5412 funda-

532 5463 774 5511 mentum
801 5453 980 5510 videat
1003 5451 1127 5525 quid
1154 5449 1562 5521 supermdiftcat.
1587 5450 1737 5503 Alius
1763 5450 1904 5504 enim
1930 5464 2117 5520 super-

532 5547 761 5605 :edificat
797 5561 983 5602 aurum
1004 5586 1021 5613 ,
1061 5552 1333 5614 argentum
1355 5584 1370 5610 ,
1404 5542 1606 5612 lapides
1635 5541 1935 5612 pretiosos;
1983 5542 2117 5598 alius

533 5642 709 5712 ligna,
742 5639 920 5696 fenum
943 5680 958 5703 ,
991 5637 1235 5707 stipulam
1271 5651 1284 5688 :
1330 5634 1745 5707 uniuscujusque
1788 5651 1922 5706 opus
1963 5636 2118 5708 quale

539 5734 626 5801 sit,
659 5732 794 5804 ignis
819 5729 1099 5801 probabit;
1126 5727 1241 5783 dies
1261 5728 1403 5784 enim
1430 5727 1637 5784 Domini
1663 5726 1972 5799 declarabit,
1998 5727 2119 5799 quia

602 5850 617 5880 ί
640 5847 864 5912 Plerique
880 5853 1012 5910 uss,
1035 5850 1410 5898 Sacramentum.

1741 397 1797 454 S.
1839 394 2196 453 AUGUSTINI
2236 396 2541 455 EPISCOPI

2236 505 2289 561 in
2320 508 2441 579 igne
2459 507 2807 602 revelabitur.
2850 510 2908 567 Si
2934 512 3085 585 cujus
3109 530 3242 586 opus
3283 527 3637 591 permanserit
3672 534 3818 602 quod

2233 600 2692 693 supermdilicavit,
2717 604 3014 660 mercedem
3039 609 3301 678 accipiet:
3338 630 3365 665 ι⁴
3391 614 3493 671 hoc
3529 626 3647 687 est,
3689 600 3816 693 quia

2232 706 2393 761 super
2430 691 2825 749 fundamentum
2861 695 3004 765 justa
3046 712 3205 769 opera
3244 703 3561 775 aedificavit;
3605 691 3811 783 aurum,

2230 791 2510 855 argentum,
2535 785 2731 855 lapides
2751 790 3015 857 pretiosos.
3038 790 3091 846 Si
3116 801 3290 849 autem
3316 809 3565 866 peccata;
3593 803 3809 874 lignum,

2230 876 2421 945 fenum,
2461 877 2700 947 stipulam
2742 895 2758 931 :
2798 888 2977 936 tamen
3010 894 3227 953 propter
3265 884 3667 948 fundamentum
3703 898 3817 967 ipse

2227 967 2395 1021 salvus
2424 970 2552 1035 erit;
2592 970 2664 1023 sic
2704 978 2869 1025 tamen
2908 982 3145 1044 tanquam
3185 993 3275 1046 per
3301 978 3467 1048 ignem
3496 982 3551 1052 (1
3578 984 3696 1041 Cor.
3728 1004 3810 1056 tu,

2228 1058 2439 1131 l045).
2473 1060 2716 1129 Fratres,
2741 1064 2898 1118 nimis
2924 1065 3138 1121 timidus
3162 1083 3282 1124 esse
3310 1072 3430 1125 volo
3462 1090 3476 1127 :
3505 1077 3695 1134 melius
3724 1089 3812 1137 est

2225 1149 2365 1203 enim
2406 1165 2512 1203 non
2540 1151 2692 1206 vobis
2727 1153 2855 1207 dare
2892 1155 3231 1212 securitatem
3266 1161 3481 1216 malam.
3523 1163 3638 1221 Non
3667 1167 3810 1226 dabo

2223 1238 2363 1309 quod
2394 1256 2500 1295 non
2531 1243 2765 1313 accipio,
2796 1244 2989 1300 timens
3028 1257 3203 1303 terreo
3233 1266 3247 1303 :
3279 1266 3497 1310 securos
3523 1271 3621 1313 vos
3658 1259 3807 1317 face-

2221 1345 2359 1399 rem,
2390 1332 2434 1388 si
2460 1348 2679 1389 securus
2706 1335 2926 1403 fierem;
2977 1352 3078 1409 ego
3107 1339 3281 1410 ignem
3317 1353 3575 1405 aeternum
3614 1350 3806 1410 timeo.

2219 1421 2290 1477 Et
2333 1425 2441 1479 erit
2470 1434 2666 1497 tenipus
2704 1444 2875 1482 eorum
2915 1430 2970 1484 in
3008 1439 3285 1502 aeternum,
3330 1452 3437 1491 non
3464 1440 3670 1511 accipio
3702 1444 3815 1505 nisi»

2219 1514 2396 1585 ignem
2444 1526 2738 1587 internum;
2780 1520 2848 1577 de
2886 1536 2993 1593 quo
3039 1524 3143 1581 alio
3172 1526 3290 1583 loco
3314 1529 3586 1603 Scriptura
3631 1536 3806 1600 dicit:

2217 1605 2364 1678 Ignis
2402 1625 2577 1665 eorum
2613 1628 2714 1666 non
2749 1615 3130 1686 exstinguetur,
3171 1627 3220 1672 et
3258 1622 3440 1677 vermis
3484 1640 3658 1681 eorum
3699 1645 3817 1686 non

2215 1700 2459 1755 morietur
2490 1701 2640 1774 (Isai.
2666 1719 2815 1769 var,
2842 1704 2914 1761 24
2933 1707 2973 1775 ).
3000 1707 3107 1763 Sed
3133 1707 3200 1765 de
3225 1709 3400 1782 impiis
3428 1714 3579 1782 dixit,
3603 1719 3681 1775 ait
3709 1722 3809 1777 ali-

2215 1794 2354 1865 quis,
2378 1809 2484 1850 non
2511 1795 2578 1851 de
2605 1812 2726 1862 me;
2756 1798 2847 1868 qui
2874 1789 3120 1868 quamvis
3146 1813 3391 1871 peccator
3414 1806 3536 1876 sim,
3558 1814 3807 1881 quamvis

2213 1884 2443 1953 adulter,
2474 1888 2717 1957 quamvis
2747 1888 3039 1957 fraudator,
3064 1894 3304 1962 quamvis
3330 1907 3530 1967 raptor,
3557 1905 3813 1971 quamvis

2213 1978 2503 2049 perjurus;
2560 1979 2731 2036 habeo
2782 1991 2960 2037 tamen
3012 1984 3065 2039 in
3117 1985 3461 2045 futtdamento
3503 1992 3803 2067 Christum,

2210 2069 2529 2126 christianus
2555 2087 2692 2139 sum,
2717 2073 3011 2142 baptizatus
3033 2090 3151 2131 sum
3176 2095 3189 2133 :
3220 2093 3319 2149 ego
3343 2096 3439 2150 per
3464 2083 3638 2155 ignem
3669 2104 3809 2158 pur-

2210 2175 2341 2230 gor,
2373 2170 2426 2217 et
2455 2173 2675 2232 propter
2720 2164 3119 2222 fundamentum
3165 2184 3271 2224 non
3303 2187 3483 2241 pereo.
3530 2175 3624 2232 Dic
3665 2181 3811 2238 mihi.

2211 2250 2422 2316 iterum,
2458 2251 2594 2320 Quid
2625 2253 2729 2308 es?
2756 2254 3111 2324 Christianus,
3136 2257 3334 2329 inquis.
3362 2262 3577 2320 interim
3609 2271 3804 2325 transi.

2209 2338 2347 2407 Quid
2391 2341 2579 2395 aliud?
2623 2342 2859 2414 Raptor,
2905 2345 3143 2411 adulter,
3190 2356 3245 2403 et
3272 2359 3466 2407 caetera
3507 2353 3576 2409 de
3604 2358 3804 2425 quibus

2207 2429 2497 2499 Apostolus
2522 2430 2651 2486 dicit
2677 2448 2689 2483 :
2723 2432 2972 2498 Quoniam
3002 2435 3087 2506 qui
3117 2436 3243 2491 talia
3261 2449 3437 2509 agunt,
3467 2458 3677 2514 regnum
3702 2446 3813 2503 Dei

2208 2536 2310 2575 non
2346 2523 2669 2592 possidebunt
2710 2524 2921 2596 (Galat.
2948 2543 3007 2592 ν,
3034 2526 3161 2599 21).
3204 2529 3359 2586 Certe
3381 2548 3510 2604 ergo
3537 2550 3568 2590 a
3600 2537 3815 2597 talibus

2208 2626 2315 2667 non
2342 2624 2634 2681 correctus,
2661 2614 2728 2670 de
2755 2616 2943 2671 talibus
2968 2618 3266 2675 commissis
3294 2623 3656 2691 pmnitentiam
3685 2644 3801 2685 non

2208 2718 2404 2776 agens,
2445 2722 2663 2777 regnum
2693 2709 2950 2763 ctelorum
2982 2712 3209 2779 speras?
3251 2711 3365 2768 Non
3395 2716 3622 2785 opinor;
3662 2736 3804 2791 quo-

2208 2796 2345 2850 niam
2376 2797 2463 2866 qui
2497 2798 2619 2852 talia
2652 2808 2824 2868 agunt,
2859 2814 3068 2869 regnum
3086 2798 3186 2855 Dei
3214 2818 3315 2856 non
3352 2806 3695 2874 possidebunt.
3732 2809 3809 2867 Ει

2207 2887 2422 2959 ignoras
2450 2889 2571 2960 quia
2602 2890 2851 2958 patientia
2885 2890 2983 2945 Dei
3025 2891 3093 2947 ad
3138 2894 3506 2962 paenitentiam
3538 2905 3591 2953 te
3619 2900 3803 2956 addu-

2205 2978 2320 3034 cit?
2364 2980 2444 3034 Tu
2474 2980 2657 3035 nescio
2685 2980 2812 3051 quid
2853 2980 2947 3036 tibi
2979 2981 3239 3052 pollicens
3262 3025 3276 3048 ,
3325 2987 3617 3043 secundum
3645 2990 3805 3046 duri-

2210 3070 2336 3125 tiam
2368 3079 2510 3125 tuam
2542 3079 2597 3134 et
2623 3086 2717 3127 cor
2743 3073 3083 3144 impmnitetis
3110 3074 3435 3132 thesaurizas
3464 3080 3553 3133 tibi
3578 3082 3724 3137 iram
3752 3084 3809 3139 in

2205 3163 2293 3219 die
2323 3164 2415 3219 ira:
2441 3174 2495 3221 et
2538 3166 2882 3221 revelationis
2918 3166 3048 3237 justi
3087 3169 3275 3238 judicii
3320 3170 3429 3238 Dei,
3477 3173 3569 3244 qui
3606 3176 3698 3231 red
3715 3177 3807 3233 det

2206 3253 2490 3325 unicuique
2526 3256 2816 3311 secundum
2842 3271 3005 3326 opera
3034 3274 3149 3314 sua.
3193 3261 3423 3317 Attende
3460 3278 3586 3334 ergo
3615 3265 3803 3336 ipsum

2200 3344 2435 3415 judicem
2466 3346 2788 3403 venientem.
2834 3348 3016 3414 Bene;
3062 3349 3171 3405 Deo
3209 3353 3448 3421 gratias:
3482 3371 3587 3410 non
3629 3360 3799 3416 tacuit

2204 3438 2522 3491 sententiam
2548 3437 2898 3503 definitivam,
2931 3455 3038 3495 non
3066 3442 3211 3496 misit
3240 3441 3380 3497 foras
3410 3460 3530 3500 reos
3559 3457 3613 3501 et
3643 3448 3799 3507 duxit

2204 3526 2400 3581 velum.
2427 3529 2565 3583 Ante
2585 3529 2751 3583 voluit
2777 3531 3134 3600 pramuntiare
3154 3532 3291 3603 quod
3315 3534 3571 3605 disposuit
3594 3536 3796 3596 facere.

2203 3616 2406 3689 Nempe
2431 3619 2865 3691 congregabantur
2902 3632 3021 3675 ante
3056 3639 3171 3677 eum
3207 3641 3379 3680 omnes
3418 3637 3606 3697 gentes.
3655 3631 3804 3698 Quid.

2204 3711 2272 3766 de
2300 3712 2404 3766 illis
2433 3712 2632 3767 faciet?
2658 3714 2925 3784 Separabit
2947 3730 3073 3781 eos;
3114 3726 3160 3769 et
3196 3718 3325 3770 alios
3350 3729 3499 3787 ponet
3524 3722 3592 3775 ad
3618 3721 3797 3778 deﬂeo

2203 3820 2335 3870 ram,
2359 3804 2486 3859 alios
2519 3805 2587 3858 ad
2607 3807 2882 3860 sinistram.
2908 3806 3176 3877 Numquid
3209 3809 3414 3865 medius
3442 3811 3587 3867 locus
3611 3828 3803 3870 serva-

2205 3904 2291 3950 tus
2316 3896 2439 3949 est?
2481 3896 2618 3966 Quid
2656 3896 2857 3952 dextris
2884 3897 3122 3952 dicturus
3152 3900 3277 3953 est?
3312 3898 3515 3968 Venite,
3546 3902 3806 3959 benedicti-

2206 3984 2379 4040 Patris
2421 3989 2539 4054 mei,
2581 3988 2820 4059 percipite
2855 4006 3085 4059 regnum.
3127 3990 3262 4058 Quid
3300 3991 3574 4047 sinistris?
3621 3994 3705 4049 Ite
3742 3997 3805 4050 in-

2206 4077 2370 4148 ignem
2405 4089 2666 4144 aeternum,
2689 4080 2776 4148 qui
2814 4089 3023 4149 paratus
3048 4090 3121 4134 est
3157 4082 3359 4136 diabolo
3387 4092 3434 4136 et
3461 4085 3653 4153 angelis
3678 4087 3805 4157 eius

2208 4168 2423 4238 (Matth.
2448 4184 2571 4232 xxv,
2595 4169 2687 4235 '52,
2717 4171 2806 4236 35,
2836 4170 2925 4235 54,
2955 4168 3065 4240 il).
3100 4169 3156 4224 Si
3183 4186 3289 4225 non
3316 4172 3469 4226 times
3496 4173 3632 4227 mitti
3659 4190 3799 4244 quo,

2205 4261 2327 4316 vide
2354 4276 2476 4316 cum
2507 4276 2633 4331 quo.
2665 4261 2719 4317 Si
2747 4276 2877 4331 ergo
2903 4276 3063 4331 opera
3110 4263 3196 4316 illa
3236 4263 3410 4317 omnia
3442 4279 3666 4334 regnum
3696 4268 3801 4323 Dei.

2208 4368 2313 4408 non
2342 4351 2717 4423 possidebunt;
2748 4353 2855 4407 imo
2877 4369 2981 4407 non
3004 4368 3188 4422 opera,
3212 4353 3306 4409 sed
3327 4355 3416 4425 qui
3444 4356 3562 4410 talia
3591 4367 3757 4427 agunt
3776 4374 3801 4423 ;.

2208 4460 2331 4500 nam
2361 4459 2523 4514 opera
2569 4444 2691 4498 talia
2731 4444 2788 4497 in
2831 4444 2952 4514 igne
2995 4458 3100 4498 non
3142 4454 3338 4499 erunt:
3371 4461 3476 4499 non
3519 4446 3661 4501 enim
3705 4449 3796 4503 illo

2209 4539 2329 4608 igne
2357 4536 2606 4595 ardentes
2649 4534 2870 4590 furaturi
2900 4544 3022 4590 sunt
3065 4544 3118 4590 et
3155 4536 3542 4602 adulteraturi;
3586 4538 3678 4592 sed
3708 4541 3803 4609 qui

2212 4630 2333 4683 talia
2369 4638 2545 4700 agunt,
2585 4643 2794 4698 regnum
2833 4626 2933 4681 Dei
2971 4644 3073 4681 non
3112 4628 3432 4697 possidebunt
3468 4643 3486 4682 :
3525 4642 3632 4683 non
3668 4645 3798 4699 ergo

2212 4729 2368 4776 erunt
2393 4734 2422 4773 a
2449 4718 2650 4773 dextris
2674 4733 2793 4772 cum
2822 4718 2926 4773 illis
2954 4720 3144 4788 quibus
3171 4719 3394 4786 dicetur,
3430 4718 3620 4784 Venite,
3650 4720 3802 4774 bene-

2212 4810 2335 4863 dicti
2353 4808 2527 4862 Patris
2551 4809 2668 4874 mei,
2695 4807 2935 4880 percipite
2954 4826 3197 4880 regnum;
3221 4812 3342 4881 quia
3364 4811 3448 4882 qui
3471 4810 3595 4863 talia
3617 4821 3803 4881 agunt,

2212 4917 2422 4973 regnum
2457 4898 2553 4954 Dei
2596 4917 2698 4955 non
2738 4902 3080 4971 possidebunt.
3125 4900 3179 4956 Si
3224 4919 3350 4971 ergo
3380 4917 3409 4956 a
3448 4903 3650 4957 dextris
3689 4920 3805 4958 non

2214 5000 2391 5056 erunt,
2416 5006 2523 5046 non
2548 5000 2713 5047 restat
2732 4993 2833 5046 nisi
2858 5003 2914 5047 ut
2933 4994 3039 5048 sint
3066 5008 3095 5046 a
3122 4992 3353 5047 sinistris
3379 5009 3392 5047 :
3419 4993 3649 5047 sinistris
3671 4993 3806 5064 quid-

2215 5081 2396 5137 dicct?
2434 5081 2515 5137 Ite
2538 5083 2591 5136 in
2621 5084 2788 5153 ignem
2812 5092 3056 5137 aeternum
3077 5097 3097 5136 :
3123 5082 3244 5153 quia
3273 5084 3367 5136 erit
3399 5092 3591 5153 tempus
3626 5100 3804 5138 eorum

2216 5174 2269 5229 in
2296 5183 2554 5229 teternum.
2832 5171 2838 5177 ’

2288 5268 2379 5322 21.
2406 5268 2625 5336 Expone
2653 5280 2815 5337 ergo,
2844 5266 3050 5337 inquit,
3076 5265 3252 5332 nobis,
3283 5266 3446 5337 ligna,
3477 5265 3674 5329 fenum,
3707 5266 3803 5319 sti-

2221 5359 2397 5431 pulam
2427 5359 2517 5428 qui
2560 5358 2822 5412 aediﬁcant
2865 5373 3026 5427 super
3067 5356 3511 5427 fundamentum,
3535 5357 3801 5428 quomodo

2221 5466 2326 5505 non
2356 5458 2608 5521 pereant,
2640 5449 2733 5505 sed
2778 5450 2907 5505 salvi
2955 5450 3126 5517 fiant;
3171 5451 3250 5507 sic
3293 5460 3471 5506 tamen
3514 5451 3662 5520 quasi
3709 5461 3803 5519 per

2221 5544 2416 5615 ignem.
2442 5542 2678 5598 Obscura
2705 5541 2917 5613 quidem
2946 5543 3033 5597 illa
3066 5545 3307 5613 quaestio,
3332 5542 3445 5608 sed,
3479 5551 3537 5596 ut
3561 5556 3801 5613 possum,

2223 5634 2455 5690 breviter
2496 5632 2637 5687 dico.
2690 5632 2925 5702 Fratres,
2975 5643 3099 5689 sunt
3140 5633 3383 5689 homines
3420 5633 3642 5691 omnino
3676 5646 3808 5686 con-

2226 5733 2516 5795 temptores
2535 5723 2716 5779 saeculi
2741 5723 2918 5794 hujus,
2939 5725 3128 5795 quibus
3154 5739 3258 5779 non
3280 5732 3363 5779 est
3385 5733 3591 5794 gratum
3616 5726 3631 5757 ¹
3653 5721 3811 5794 quid-

2296 5842 2310 5872 ι
2331 5840 2401 5890 sic
2416 5845 2487 5890 Er.
2501 5846 2554 5891 et
2564 5837 2865 5907 aliquotjlss.
2886 5838 2992 5905 Abi,
3013 5843 3211 5903 natum;
3234 5844 3317 5891 aut
3338 5852 3448 5890 cum
3459 5845 3592 5903 tam,
3616 5842 3811 5891 notum?
