4084 6524
365 340 509 404 ιθιδ

361 455 890 531 ᾳιιίιΓιεωιιοηιῐίῑθτ
913 454 1063 521 fluit;
1103 468 1207 510 non
1234 452 1439 510 luerent
1462 454 1745 510 dilectione
1778 451 1951 530 aliqua

362 552 598 608 terrenis
633 549 884 622 operibus
906 549 947 617 ⁸,
989 549 1178 614 sancti,
1221 546 1383 614 casti,
1411 545 1778 612 continentes,
1801 545 1948 614 jll>li,

362 643 613 699 fortassis
637 651 692 697 et
711 641 887 697 omnia
917 654 1013 694 sua
1039 637 1328 694 vendentes
1350 646 1403 694 et
1423 636 1744 708 pauperibus
1771 636 1954 691 distri-

361 737 614 802 buentes,
659 743 749 788 aut
779 731 1116 803 possidentes
1161 739 1405 800 tanquam
1445 744 1549 783 non
1592 727 1948 798 possidentes,

360 837 420 884 et
459 836 670 882 utentes
698 825 800 880 hoc
828 824 1025 879 mundo
1063 833 1310 893 tanquam
1347 836 1453 876 non
1495 831 1704 876 utentes
1745 820 1800 889 (I
1828 818 1947 874 Cor.

357 935 465 984 vn,
496 917 595 982 50,
622 917 744 986 5t).
785 915 919 972 Sunt
959 923 1134 970 autem
1182 913 1270 968 alii
1315 912 1406 982 qui
1451 912 1610 967 rebus
1657 909 1950 966 infirmitati

358 1009 638 1066 concessis
667 1008 932 1065 inhmrent
968 1007 1293 1076 aliquantum
1325 1005 1626 1062 dilectione.
1668 1004 1783 1059 Non
1813 1003 1951 1072 rapit

359 1102 544 1156 villam
570 1100 838 1165 alienam;
879 1097 972 1155 sed
999 1099 1076 1153 sic
1099 1106 1243 1152 amat
1269 1112 1456 1165 suam,
1483 1105 1540 1151 ut
1567 1096 1611 1150 si
1639 1095 1946 1165 perdiderit,

358 1191 734 1246 conturbetur.
778 1189 895 1245 Non
933 1189 1135 1259 appetit
1163 1202 1386 1245 uxorem
1427 1187 1694 1254 alienam;
1737 1185 1830 1240 sed
1872 1187 1949 1240 sic

359 1283 591 1342 inhaeret
627 1297 758 1350 sua),
790 1283 868 1338 sic
905 1272 1158 1336 miscetur
1198 1294 1342 1346 suae,
1373 1287 1430 1331 ut
1470 1277 1688 1333 modum
1728 1292 1832 1331 non
1875 1275 1946 1331 ibi

360 1381 544 1431 teneat
585 1372 958 1444 praescriptum
1001 1371 1212 1437 tabulis,
1260 1371 1548 1427 liberorum
1586 1368 1947 1439 procreando-

357 1484 482 1525 rum
506 1483 686 1523 causa.
706 1466 820 1522 Non
847 1465 984 1520 tollit
1004 1465 1211 1528 aliena;
1241 1463 1336 1519 sed
1357 1466 1550 1532 repetit
1569 1477 1688 1529 sua,
1711 1471 1766 1517 et
1791 1461 1949 1517 habet

357 1574 487 1616 cum
532 1558 700 1615 fratre
725 1573 823 1614 suo
847 1556 1105 1628 judicium
1133 1574 1146 1611 :
1179 1557 1370 1613 talibus
1398 1555 1539 1612 enim
1569 1554 1764 1610 dicitur
1782 1595 1796 1619 ,
1824 1552 1946 1607 Jam

356 1653 565 1724 quidem
589 1653 796 1708 omnino
821 1651 1060 1706 delictum
1085 1659 1159 1704 est
1185 1649 1234 1704 in
1257 1648 1412 1713 vobis,
1440 1648 1556 1720 quia
1577 1645 1775 1717 judicia
1796 1645 1948 1698 Imbe-

358 1747 431 1800 tis
449 1745 705 1800 uobiscum
726 1742 834 1814 (Id.
859 1757 931 1808 vr,
959 1741 1035 1811 7).
1061 1740 1256 1796 Verum
1282 1741 1392 1810 ipsa
1415 1738 1612 1808 judicia
1635 1738 1687 1791 in
1712 1735 1946 1791 Ecclesia

355 1837 512 1908 jubet
547 1835 666 1907 agi,
696 1849 802 1891 non
840 1833 907 1889 ad
948 1835 1119 1888 forum
1162 1831 1336 1897 trahi;
1378 1838 1555 1884 tamen
1594 1827 1784 1883 delicta
1826 1841 1946 1882 esse

358 1931 492 1984 dicit
519 1948 533 1984 :
559 1927 835 1984 contendit
873 1927 1014 1982 enim
1048 1924 1370 1982 christianos
1410 1938 1507 1993 pro
1529 1921 1686 1978 rebus
1721 1921 1946 1976 terrenis

351 2019 590 2090 amplius
612 2033 770 2090 quam
808 2017 962 2074 decet
993 2032 1114 2072 eum
1141 2017 1224 2071 cui
1253 2013 1568 2085 promissum
1607 2020 1691 2068 est
1721 2028 1944 2082 regnum

355 2112 622 2167 caelorum
647 2125 662 2177 ;
705 2124 812 2164 non
845 2117 1012 2163 totum
1037 2121 1130 2162 cor
1157 2120 1371 2161 sursum
1397 2105 1568 2169 levat,
1595 2102 1688 2158 sed
1715 2102 1944 2172 aliquam

356 2211 568 2273 partem
592 2201 708 2271 ejus
733 2200 894 2254 trahit
924 2200 974 2252 in
1001 2209 1160 2254 terra.
1192 2196 1429 2267 Denique
1455 2197 1500 2250 si
1523 2195 1700 2250 veniat
1725 2193 1945 2248 tentatio

354 2293 588 2349 ducendi
626 2294 648 2324 ⁸
685 2292 957 2364 martyrii,
1006 2291 1082 2346 illi
1128 2292 1217 2361 qui
1267 2290 1463 2344 habent
1505 2288 1557 2342 in
1600 2285 1944 2342 fundamento

357 2383 663 2450 Christum,
712 2393 768 2438 et
807 2383 1072 2437 aedificant
1113 2397 1336 2447 aurum,
1379 2385 1655 2449 argentum
1681 2418 1696 2444 ,
1738 2375 1942 2446 lapides

357 2477 646 2548 pretiosos,
675 2475 802 2546 quid
832 2475 1014 2530 dicunt
1038 2489 1103 2528 ex
1132 2473 1232 2528 bac
1261 2469 1698 2542 opportunitate?
1735 2469 1940 2525 Bonum

353 2575 442 2621 est
467 2566 596 2621 mihi
622 2565 865 2631 dissolvi,
887 2573 941 2621 et
960 2579 1078 2620 esse
1103 2579 1222 2620 cum
1243 2563 1452 2620 Christo
1474 2562 1730 2632 (Philipp.
1753 2577 1791 2627 ι,
1814 2560 1940 2633 23);

357 2656 570 2712 alacres
596 2665 856 2722 currunt,
885 2663 976 2710 aut
1003 2655 1134 2710 nihil
1159 2664 1247 2709 aut
1272 2653 1480 2709 modice
1506 2653 1574 2709 dc
1605 2662 1813 2708 terrena
1841 2651 1944 2706 fra-

355 2746 564 2818 gilitate
611 2747 1013 2802 contristantur.
1062 2745 1140 2802 llli
1183 2755 1360 2801 autem
1401 2753 1644 2800 amantes
1683 2757 1769 2797 res
1814 2757 1942 2812 pro-

354 2840 525 2910 prias,
545 2839 737 2894 domos
763 2839 1023 2910 proprias,
1045 2839 1275 2909 graviter
1297 2837 1716 2904 conturbantur;
1739 2836 1940 2904 fenum,

353 2941 412 2986 et
436 2931 654 3002 stipula,
686 2941 740 2987 et
765 2931 904 3001 ligna
926 2930 1134 2985 ardent.
1164 2929 1373 2992 Habent
1394 2944 1522 2999 ergo
1548 2929 1710 3000 ligna,
1741 2928 1940 2996 fenum,

354 3025 610 3094 stipulam
645 3038 808 3092 super
831 3022 1272 3088 fundamentum;
1314 3021 1408 3078 sed
1443 3037 1620 3077 rerum
1653 3033 1942 3077 concessa-

355 3131 510 3182 rum,
538 3129 644 3170 non
690 3115 1016 3171 illicitarum.
1063 3115 1192 3170 Dico
1231 3113 1397 3180 enim,
1440 3113 1631 3172 fratres
1661 3131 1673 3168 :
1702 3114 1944 3184 possides

355 3207 802 3273 fundamentum;
845 3208 988 3262 harre
1010 3208 1168 3273 coelo,
1194 3207 1339 3262 calca
1375 3215 1590 3262 terram.
1617 3206 1674 3262 Si
1709 3207 1827 3262 talis
1862 3223 1940 3274 es,

355 3313 466 3353 non
497 3297 729 3353 aediﬁcas
762 3299 863 3353 nisi
902 3313 1108 3362 aurum,
1152 3307 1451 3367 argentum,
1487 3307 1542 3354 ct
1579 3298 1780 3369 lapides
1825 3313 1944 3369 pre-

357 3390 551 3444 tiosos.
584 3389 715 3444 Cum
739 3401 916 3445 autem
941 3389 1159 3455 dixeris,
1187 3391 1324 3445 Amo
1347 3391 1740 3461 possessionem
1767 3392 1942 3458 istam,

355 3483 522 3538 timeo
552 3497 620 3538 ne
650 3491 872 3551 pereat;
912 3490 969 3538 et
1003 3483 1246 3539 imminet
1268 3483 1543 3552 damnum,
1575 3492 1630 3541 et
1661 3493 1714 3541 tu
1739 3486 1943 3541 contri-

356 3575 518 3632 staris
548 3593 562 3630 :
593 3591 700 3632 non
727 3575 939 3647 quidem
969 3577 1236 3647 praeponis
1265 3592 1382 3632 eam
1409 3575 1659 3640 Christo;
1703 3593 1827 3633 nam
1866 3579 1946 3635 sic

356 3683 508 3722 amas
535 3669 928 3739 possessionem
971 3669 1146 3736 istam,
1189 3677 1248 3723 ut
1285 3669 1329 3723 si
1368 3668 1576 3725 dicatur
1614 3669 1730 3735 tibi,
1771 3669 1943 3740 Ipsam

357 3761 460 3828 vis,
488 3775 556 3815 an
583 3760 892 3817 Christum?
931 3761 1030 3816 etsi
1066 3761 1231 3817 tristis
1251 3777 1369 3817 eam
1395 3761 1590 3832 perdis,
1618 3762 1737 3836 plus
1767 3773 1943 3818 tamen

357 3851 700 3922 amplecteris
725 3852 1020 3921 Christum,
1044 3869 1201 3924 quem
1229 3855 1450 3924 posuisti
1481 3855 1532 3908 in
1560 3854 1902 3910 fundamento
1927 3874 1940 3910 :

358 3945 540 3998 salvus
562 3943 670 3998 eris
695 3953 939 4015 tanquam
965 3959 1058 4015 per
1079 3944 1278 4014 ignem.
1301 3943 1438 3998 Audi
1464 3944 1604 3998 aliud
1631 3962 1644 3998 :
1668 3959 1770 3998 non
1795 3955 1945 4014 potes

362 4044 546 4090 tenere
569 4035 962 4106 possessionem
987 4035 1165 4102 istam,
1195 4035 1298 4090 nisi
1332 4034 1531 4089 dixeris
1567 4035 1755 4089 falsum
1798 4034 1946 4089 testi-

361 4126 626 4180 monium.
654 4125 720 4180 Et
746 4124 849 4180 hoc
871 4139 976 4179 non
1004 4126 1194 4192 facere,
1225 4124 1491 4180 Christum
1523 4126 1576 4180 in
1600 4124 1944 4180 fundamento

361 4231 563 4286 ponere
604 4225 729 4271 est:
775 4215 984 4271 Veritas
1027 4216 1168 4271 enim
1212 4216 1364 4281 dixit,
1406 4215 1476 4271 0s
1513 4215 1650 4288 quod
1685 4219 1941 4283 mentitur,

361 4311 546 4366 occidit
590 4311 810 4364 animam
853 4310 1010 4381 (Sap.
1041 4310 1234 4378 1,“).
1275 4309 1416 4380 Ergo
1459 4311 1503 4365 si
1549 4309 1942 4380 possessionem

361 4412 506 4457 tuam
534 4402 729 4473 diligis,
761 4417 865 4456 non
899 4409 1072 4456 tamen
1101 4409 1316 4472 propter
1351 4401 1493 4456 illam
1525 4400 1654 4456 facis
1680 4401 1941 4471 rapinam,

363 4508 470 4547 non
503 4504 719 4562 propter
741 4492 883 4546 illam
911 4492 1043 4547 dicis
1072 4491 1259 4550 falsum
1283 4491 1667 4558 testimonium,
1692 4507 1796 4546 non
1819 4506 1946 4561 pro-

362 4596 482 4656 pter
504 4585 645 4639 illam
669 4583 798 4638 facis
819 4583 1182 4646 homicidium,
1208 4599 1313 4637 non
1336 4592 1552 4653 propter
1585 4583 1727 4638 illam
1757 4583 1942 4638 falsum

358 4676 530 4746 iuras,
571 4691 675 4730 non
713 4685 932 4746 propter
969 4676 1114 4754 illam
1151 4673 1419 4730 Christum
1461 4690 1660 4746 negas;
1702 4690 1767 4730 eo
1805 4674 1944 4744 quod

363 4781 470 4822 non
503 4775 721 4837 propter
747 4766 888 4821 illam
927 4767 1054 4821 facis
1091 4766 1227 4831 htcc,
1250 4765 1522 4822 Christum
1548 4767 1711 4823 habes
1733 4767 1784 4822 in
1821 4766 1946 4821 fun-

361 4857 633 4913 damento.
667 4857 771 4913 Sed
799 4865 977 4912 tamen
1000 4857 1120 4927 quia
1145 4857 1318 4928 diligis
1344 4858 1511 4924 illam,
1536 4866 1591 4913 et
1613 4857 1947 4914 contristaris

362 4951 406 5003 si
441 4949 632 5020 perdas
662 4948 844 5015 illam;
887 4964 1049 5019 super
1095 4947 1499 5004 fundamentum
1541 4949 1797 5019 posuisti,
1839 4964 1945 5004 non

361 5057 572 5108 aurum,
596 5048 688 5096 aut
709 5050 1004 5111 argentum,
1029 5050 1118 5095 aut
1139 5040 1340 5112 lapides
1360 5042 1643 5111 pretiosos,
1667 5040 1759 5095 sed
1782 5042 1944 5111 ligna,

365 5133 546 5190 fenum
572 5177 587 5202 ,
615 5135 884 5206 stipulam.
915 5135 1105 5190 Salvus
1134 5149 1261 5206 ergo
1288 5134 1397 5190 eris
1416 5174 1432 5201 ,
1472 5150 1592 5190 cum
1619 5133 1808 5190 ardere
1833 5150 1948 5191 eteo

365 5227 504 5293 perit
543 5226 685 5297 quod
725 5226 1033 5294 mdiﬁcasti;
1075 5229 1152 5282 sic
1193 5236 1372 5282 tamen
1421 5227 1571 5296 quasi
1615 5243 1710 5297 per
1752 5228 1949 5297 ignem.

361 5318 532 5374 Nemo
561 5319 702 5374 enim
732 5335 894 5390 super
920 5318 1322 5375 fundamentum
1367 5319 1468 5374 hoc
1503 5319 1769 5374 :edilicans
1797 5319 1950 5374 adul-

363 5411 497 5464 teria
517 5452 531 5477 ,
560 5410 918 5481 blasphemias
936 5453 952 5479 ,
979 5411 1276 5482 sacrilegia,
1311 5411 1655 5478 idololatrias,
1693 5411 1944 5482 perjuria,

364 5510 515 5572 putet
547 5517 608 5558 se
654 5503 859 5557 salvum
885 5503 1116 5558 futurum
1148 5518 1241 5572 per
1285 5504 1481 5574 ignem,
1507 5504 1659 5575 quasi
1702 5505 1799 5559 ista
1844 5504 1950 5560 sint

364 5595 528 5666 ligna,
553 5595 755 5663 fenum,
778 5596 969 5666 stipula
997 5595 1126 5651 :sed
1152 5595 1239 5666 qui
1267 5595 1494 5652 aediﬁcat
1520 5611 1755 5652 amorem
1784 5607 1950 5654 terre-

430 5729 452 5761 ι
473 5729 795 5779 Ferrariensis
813 5735 920 5785 Ms.,
943 5726 1128 5788 opibus.

433 5793 458 5827 ι
481 5793 648 5845 t'lures
667 5793 862 5854 Optima.-
881 5787 1008 5840 notat
1029 5795 1156 5850 uss,
1185 5787 1396 5841 dicendi.

1427 335 1821 395 ENARRMIO
1859 333 1924 392 IN
1961 334 2304 397 PSALMUM'
2323 340 2558 399 LXXXI.

3513 354 3646 414 1046

2057 467 2247 508 norum
2287 471 2448 526 super
2489 457 2887 516 fundamentum
2934 462 3080 534 regni
3125 464 3403 531 etmalorum,
3452 466 3503 522 id
3535 480 3640 538 est,

2055 557 2218 616 super
2258 545 2566 616 Christum;
2615 547 2823 607 ardebit
2855 567 3007 607 amor
3039 569 3215 609 rerum
3249 559 3644 636 temporalium,

2055 638 2254 708 etipse
2293 640 2468 696 salvus
2503 642 2605 697 erit
2638 659 2735 716 per
2775 643 3027 705 idoneum
3055 645 3480 704 fundamentum.

2125 731 2214 785 2‘2.
2243 729 2263 804 [
2290 747 2417 787 vers.
2446 733 2573 808 17.]
2601 735 2804 790 Inimici
2843 737 3044 792 Domini
3073 739 3262 793 mentiti
3287 751 3401 794 sunt
3426 742 3504 808 ei,
3549 741 3637 797 di-

2055 822 2246 890 cendo,
2272 823 2349 878 Eo
2375 823 2440 878 ad
2464 821 2690 893 vineam,
2722 838 2770 882 ct
2804 843 2906 882 nou
2934 828 3110 883 eundo
3141 828 3352 901 (Matth.
3387 849 3502 899 χχι,
3523 833 3636 906 50):

2055 919 2102 964 et
2123 912 2215 966 erit
2242 923 2435 984 tempus
2456 931 2649 982 eorum,
2683 933 2784 970 non
2814 918 2880 972 ad
2905 926 3141 988 tempus,
3173 921 3264 974 sed
3295 922 3348 975 in
3375 933 3633 980 wternum.

2056 1003 2120 1073 Et
2149 1004 2236 1074 qui
2289 1013 2413 1059 sunt
2444 1005 2575 1059 isti?
2606 1005 2671 1059 Et
2698 1009 2876 1061 cibavit
2923 1011 3038 1064 illos
3085 1027 3147 1064 ea:
3195 1012 3344 1083 adipe
3380 1013 3638 1083 frumenti.

2054 1092 2233 1149 Nostis
2255 1095 2465 1166 adipem
2493 1097 2738 1154 frumenti
2765 1141 2780 1166 ,
2814 1100 2950 1155 unde
2975 1102 3216 1156 cibantur
3256 1105 3408 1159 multi
3440 1106 3640 1162 inimici

2054 1187 2142 1256 qui
2166 1188 2373 1244 mentiti
2402 1199 2524 1244 sunt
2553 1190 2625 1245 ei.
2661 1190 2724 1244 Et
2752 1191 2928 1246 cibarit
2958 1195 3072 1248 illos
3097 1212 3159 1249 ea:
3183 1197 3332 1266 adipe
3358 1198 3597 1267 frumenti
3631 1215 3642 1227 ·

2053 1277 2263 1333 miscuit
2291 1295 2383 1336 eos
2410 1281 2771 1338 Sacramentis
2796 1285 2925 1338 suis.
2960 1284 3026 1338 Et
3049 1285 3236 1341 .ludam
3258 1331 3272 1357 ,
3303 1291 3517 1359 quando
3542 1290 3638 1346 de-

2053 1369 2131 1426 dit
2155 1370 2443 1429 huccellam
2469 1377 2485 1444 (
2508 1375 2663 1430 Joan.
2692 1393 2783 1431 xm
2805 1420 2819 1443 ,
2846 1377 2916 1432 26
2935 1378 2976 1450 ),
3004 1395 3069 1435 ex
3097 1380 3251 1450 adipe
3279 1382 3527 1438 frumenti
3564 1386 3641 1441 ci-

2051 1462 2195 1519 bavit
2237 1482 2252 1519 :
2287 1475 2341 1521 et
2381 1466 2625 1523 inimicus
2674 1468 2882 1524 Domini
2934 1470 3185 1525 mentitus
3213 1479 3297 1527 est
3325 1473 3411 1537 ei,
3440 1483 3493 1529 et
3536 1476 3640 1532 erit

2053 1561 2262 1625 tempus
2287 1555 2400 1627 ejus
2437 1557 2487 1612 in
2513 1566 2793 1613 aeternum.
2828 1558 2895 1613 Et
2925 1560 3103 1616 cibavit
3129 1561 3244 1615 illos
3272 1579 3335 1617 ex
3362 1566 3510 1634 adipe
3531 1568 3642 1638 frn-

2051 1646 2242 1726 menti;
2269 1655 2313 1700 et
2344 1647 2404 1701 de
2424 1658 2564 1719 petra
2602 1650 2750 1705 melle
2777 1653 3016 1704 saturavit
3045 1670 3148 1707 eos.
3178 1653 3517 1724 O-ingratos'l
3551 1656 3609 1712 Ci
3619 1687 3638 1698 -

2051 1735 2182 1790 barit
2208 1754 2270 1791 ea:
2293 1738 2444 1808 adipe
2469 1741 2726 1810 frumenti,
2759 1750 2804 1795 et
2825 1743 2886 1795 de
2906 1754 3046 1813 petra
3073 1743 3218 1797 melle
3254 1747 3499 1800 saturavit
3531 1765 3636 1803 eos.

2049 1828 2108 1884 In
2137 1846 2316 1886 eremo
2337 1831 2405 1886 de
2434 1841 2581 1903 petra
2613 1849 2799 1903 aquam
2841 1835 3086 1904 produxit
3137 1835 3157 1908 (
3184 1821 3352 1891 Exod.
3385 1855 3511 1905 xvn,
3539 1839 3571 1894 6
3597 1842 3636 1907 ),

2049 1936 2156 1977 non
2177 1923 2303 1978 mel.
2331 1923 2432 1978 Mcl
2456 1925 2709 1995 sapientia
2742 1935 2844 1992 est,
2877 1927 3156 1996 primatum
3187 1929 3419 1985 dulcoris
3447 1941 3639 1988 tenens

2049 2012 2102 2068 in
2133 2015 2270 2070 escis
2289 2016 2486 2070 cordis.
2511 2016 2678 2085 Quam
2707 2019 2858 2074 multi
2882 2036 3008 2091 ergo
3036 2021 3232 2076 inimici
3261 2025 3466 2078 Domini
3491 2042 3640 2080 men—

2050 2105 2242 2160 tientes
2290 2107 2516 2161 Domino
2563 2109 2825 2174 cibantur,
2881 2127 2984 2165 non
3033 2113 3203 2167 solum
3251 2129 3318 2168 ex
3344 2115 3502 2186 adipe
3533 2116 3642 2171 fru—

2050 2199 2236 2265 menti,
2261 2200 2353 2254 sed
2381 2201 2538 2256 etiam
2562 2202 2626 2257 de
2656 2213 2804 2272 petra
2827 2204 3004 2270 melle,
3038 2205 3104 2261 de
3125 2207 3380 2276 sapientia
3411 2209 3635 2265 Christi!

2049 2304 2207 2359 quam
2238 2291 2390 2346 multi
2421 2291 2752 2350 delectantur
2777 2297 2939 2350 verbo
2968 2297 3081 2366 ejus
3121 2306 3174 2352 et
3198 2301 3500 2371 cognitione
3548 2281 3638 2356 sa?

2050 2391 2445 2439 cramentorum
2465 2387 2599 2454 ejus,
2629 2385 2890 2441 solutione
2923 2389 3287 2457 parabolarum
3319 2392 3454 2461 ejus,
3480 2408 3638 2464 quam

2051 2474 2202 2529 multi
2246 2475 2600 2544 delectantur,
2635 2493 2790 2546 quam
2822 2478 2970 2532 mulli
3017 2479 3280 2534 clamant!
3313 2482 3379 2535 Et
3421 2499 3524 2536 non
3558 2493 3640 2538 est

2051 2564 2154 2620 hoc
2181 2564 2287 2618 mel
2313 2564 2378 2620 de
2408 2565 2645 2635 quolibet
2674 2567 2908 2634 homine,
2939 2569 3030 2625 sed
3059 2569 3124 2624 de
3146 2579 3293 2638 petra
3327 2591 3337 2624 :
3373 2582 3517 2641 petra
3543 2589 3640 2628 au-

2049 2661 2156 2708 tem
2183 2653 2559 2711 cratChristus
2584 2656 2603 2729 (
2628 2656 2646 2710 l
2675 2655 2791 2712 Cor.
2823 2675 2857 2713 χ
2879 2700 2894 2724 ,
2919 2659 2952 2713 4
2973 2663 3011 2730 ).
3045 2660 3212 2726 Quam
3239 2662 3391 2716 ltlltiti
3412 2678 3538 2733 ergo
3555 2678 3640 2717 sa-

2048 2747 2247 2803 tiantur
2290 2747 2356 2803 de
2400 2748 2559 2804 melle
2587 2748 2692 2804 isto
2715 2790 2731 2815 ,
2763 2750 3034 2815 clamant,
3065 2750 3247 2806 dicunt
3274 2793 3290 2820 ,
3321 2751 3491 2808 Suave
3520 2761 3635 2821 est;

2048 2839 2260 2908 dicunt,
2293 2840 2434 2897 Nihil
2478 2843 2670 2898 melius
2697 2885 2712 2909 ,
2743 2843 2874 2899 nihil
2924 2845 3130 2900 dulcius
3160 2845 3240 2899 vel
3289 2846 3510 2918 intelligi
3554 2847 3640 2904 vei

2048 2932 2150 2988 dici
2180 2933 2382 3003 potuit!
2407 2943 2461 2991 et
2492 2944 2669 2990 tamen
2697 2935 2900 2991 inimici
2933 2937 3140 2992 Domini
3172 2939 3377 2993 mentiti
3418 2951 3541 2994 sunt
3567 2941 3638 2995 ei.

2047 3021 2182 3079 Nolo
2208 3025 2436 3094 amplius
2461 3025 2733 3081 immorari
2763 3027 2814 3082 in
2840 3027 2997 3084 rebus
3023 3028 3265 3084 dolcndis
3295 3046 3309 3081 :
3334 3045 3635 3100 quanquam

2048 3117 2359 3177 terribiliter
2401 3118 2644 3176 Psnlmus
2687 3120 2753 3174 ad
2791 3120 2894 3176 hoc
2936 3121 3115 3177 finitus
3145 3121 3246 3192 sit,
3276 3129 3452 3178 tamen
3475 3139 3504 3178 a
3537 3124 3640 3179 [ine

2048 3206 2164 3278 ejus
2185 3249 2200 3275 ,
2231 3207 2455 3264 obsecro
2484 3225 2579 3266 vos
2605 3251 2620 3276 ,
2670 3225 3010 3267 recurramus
3038 3212 3104 3267 ad
3139 3221 3298 3284 caput
3321 3231 3342 3269 τ
3373 3212 3640 3268 Exsultate

2049 3297 2406 3371 Deoadjutori
2431 3310 2635 3371 nostra,
2658 3306 2902 3358 conversi
2934 3304 2999 3359 ad
3031 3305 3196 3361 Deum
3215 3307 3254 3358 ί.

2608 3438 2674 3493 Et
2703 3449 2814 3510 post
2840 3439 3040 3494 verbum
3064 3457 3084 3497 :

2119 3571 2210 3628 23.
2250 3570 2364 3626 Non
2398 3587 2584 3643 parum
2624 3582 2830 3640 vostras
2851 3583 3057 3628 mentes
3087 3573 3138 3628 in
3183 3573 3401 3630 nomine
3440 3573 3642 3630 Christi

2049 3663 2228 3720 divina
2275 3665 2574 3734 spectacula
2625 3673 2949 3734 tenuerunt,
2989 3675 3042 3722 et
3085 3666 3477 3736 suspenderunt
3504 3682 3637 3731 vos,

2051 3772 2158 3810 non
2190 3755 2364 3809 solum
2415 3755 2480 3810 ad
2520 3756 2818 3826 appetenda
2850 3757 3091 3828 qua-dam
3121 3797 3138 3824 ,
3164 3757 3256 3813 sed
3290 3757 3355 3813 ad
3397 3759 3642 3830 quaedam

2050 3848 2209 3903 etiam
2242 3846 2508 3918 fugienda.
2542 3848 2643 3902 Ista
2688 3839 3138 3918 sunt’spccta'cula
3163 3850 3328 3916 utilia,
3361 3852 3634 3913 salubria.

2050 3939 2360 3996 aediﬁcantia
2383 3982 2398 4008 ,
2432 3955 2537 3994 non
2567 3940 2893 3996 destruentia
2924 3959 2937 3994 :
2969 3943 3077 3996 imo
3127 3951 3180 3996 et
3207 3942 3557 4009 destruentia,
3587 3951 3642 3998 et

2050 4029 2399 4094 a'dilicantia;
2452 4029 2778 4086 destruentia
2827 4039 3072 4085 recentes
3120 4030 3287 4096 deos,
3322 4031 3640 4086 mdilicantia

2053 4119 2208 4174 ﬁdem
2254 4120 2305 4174 in
2350 4135 2533 4176 verum
2581 4128 2635 4176 et
2658 4129 2914 4175 aeternum
2947 4119 3135 4174 Deum.
3168 4121 3338 4174 Etiam
3372 4121 3422 4176 in
3454 4123 3644 4177 crastia

2052 4228 2178 4266 num
2220 4211 2362 4267 diem
2416 4213 2703 4268 invitamus
2745 4212 3070 4268 Charitatem
3102 4221 3357 4268 vestram.
3405 4212 3534 4269 Cras
3565 4213 3640 4269 illi

2051 4303 2280 4371 habent,
2309 4312 2370 4359 ut
2393 4304 2696 4361 audivimus
2717 4345 2731 4370 ,
2760 4320 2906 4361 mare
2932 4306 2984 4360 in
3027 4306 3238 4361 theatro
3271 4324 3284 4361 :
3318 4322 3417 4363 nos
3447 4306 3613 4363 hahea
3639 4336 3643 4341 ~

2050 4411 2168 4450 mus
2196 4403 2408 4466 portum
2434 4395 2487 4450 in
2517 4395 2745 4452 Christo.
2776 4395 2883 4452 Sed
2909 4397 3159 4468 quoniam
3185 4398 3478 4468 perendino
3512 4399 3599 4454 die
3619 4442 3634 4464 ,

2051 4485 2102 4540 id
2135 4496 2238 4554 est,
2269 4496 2454 4558 quarta
2485 4489 2708 4554 sabbati,
2737 4503 2841 4543 non
2869 4504 3149 4559 possumus
3175 4489 3240 4544 ad
3273 4505 3509 4545 mensam
3537 4490 3640 4564 Cy-

2050 4577 2225 4648 priani
2294 4579 2626 4644 convenire,
2679 4580 2801 4651 quia
2855 4579 3116 4636 festivitas
3177 4590 3259 4636 est
3334 4591 3640 4637 sanctorum

2051 4668 2385 4741 Martyrum;
2435 4671 2669 4726 crastino
2719 4669 2787 4726 ad
2834 4670 3001 4742 ipsam
3066 4687 3308 4728 mensam
3358 4673 3643 4728 convenia-

2052 4775 2191 4816 mus.

2413 4968 2495 5030 IN
2536 4967 2920 5030 PSALMUM
2957 4967 3242 5029 LXXXI

2655 5089 2788 5145 ENA
2799 5089 3072 5146 RRATIO.

2128 5208 2178 5262 l.
2221 5204 2394 5280 [vers.
2448 5202 2546 5278 L]
2588 5204 2830 5259 Psalmus
2874 5205 2974 5274 ipsi
3015 5205 3210 5276 Asaph.
3265 5203 3476 5259 Psalmo
3526 5204 3646 5262 huic

2054 5302 2287 5363 titulum,
2321 5299 2460 5353 sicut
2485 5297 2602 5352 aliis
2628 5297 2715 5366 qui
2745 5295 2994 5351 similiter
3024 5304 3402 5366 prtenotantnr,
3435 5297 3526 5352 vel
3555 5313 3647 5352 no-

2055 5407 2178 5448 men
2209 5389 2323 5460 ejus
2349 5389 2577 5444 hominis
2609 5386 2799 5442 indidit
2827 5429 2841 5454 ,
2874 5401 2904 5440 a
2956 5401 3062 5457 quo
3109 5387 3342 5457 scriptus
3389 5399 3470 5443 cst
3499 5432 3514 5456 ,
3565 5391 3647 5444 vel

2055 5483 2294 5554 ejusdem
2339 5480 2569 5538 nominis
2607 5471 3018 5549 interpretatio;
3069 5487 3127 5532 ut
3168 5479 3234 5534 ad
3277 5479 3607 5552 Synagogam
3633 5521 3648 5546 ,

2054 5572 2197 5646 quod
2217 5580 2299 5628 est
2319 5569 2518 5643 Asaph,
2539 5569 2654 5640 ejus
2671 5569 3016 5640 intelligentia
3040 5567 3328 5625 referatur:
3347 5572 3642 5641 praesertim

2119 5726 2146 5758 ι’
2164 5733 2214 5774 In
2229 5721 2342 5775 add.
2368 5723 2543 5774 omissa
2582 5720 2775 5770 fuerant
2797 5721 2900 5769 hzcc
2925 5720 3075 5769 verba
3098 5733 3110 5768 ι
3131 5721 3354 5773 Conversi
3376 5721 3441 5771 ad
3470 5729 3641 5773 Deiter

2056 5791 2235 5851 upon
2252 5785 2447 5836 verbum
2469 5796 2488 5835 :
2510 5796 2621 5848 qua:
2646 5794 2736 5833 nos
2755 5783 3061 5834 resutuiuius
3083 5788 3272 5832 exjtss.
