4048 6516
432 362 454 416 Ι
467 358 568 416 9-57

434 473 555 542 quia
582 469 684 526 hoc
712 476 765 526 et
786 468 988 540 primus
1013 466 1127 538 ejus
1156 476 1342 525 versus
1368 460 1623 530 assignat.
1644 454 1734 513 Sic
1761 456 1900 510 enim
1930 454 2014 507 in-

435 538 561 633 cipit
590 561 760 617 :Deus
789 538 920 616 stetit
949 560 999 614 in
1025 573 1283 630 synagoga
1311 555 1518 609 deorum
1536 551 1629 623 (a).
1660 549 1804 617 Quos
1832 547 2015 616 utique

438 653 564 708 deos
591 650 729 707 absit
752 659 810 705 ut
846 649 1201 719 intelligamus
1227 647 1357 701 deos
1382 643 1663 709 Gentium,
1694 640 1807 695 sive
1836 637 1974 693 idola
2000 680 2015 704 ,

439 745 553 801 sive
601 743 828 814 aliquam
855 750 1049 813 praeter
1074 741 1318 794 homines
1343 737 1614 793 etelestem
1645 740 2019 789 terrestremve

442 843 737 891 creaturam
783 849 799 886 :
830 849 947 889 cum
975 832 1131 903 paulo
1174 839 1294 901 post
1323 830 1462 885 hunc
1488 841 1700 883 versum
1751 823 1889 879 idem
1919 822 2018 879 iste

440 927 676 997 psalmus
701 932 919 991 asserat,
951 933 1004 979 et
1027 938 1161 995 quos
1187 923 1319 977 deos
1362 919 1579 988 intelligi
1610 917 1771 981 velit,
1800 914 1851 969 in
1880 928 2018 985 quo-

444 1036 561 1073 rum
588 1034 850 1092 synagoga
879 1018 1027 1073 stetit
1048 1017 1207 1083 Dens,
1232 1014 1464 1083 apertius
1485 1013 1767 1084 exprimat,
1792 1010 1878 1066 ubi
1900 1009 1973 1063 ait
2002 1024 2016 1062 :

444 1108 558 1180 Ego
586 1110 712 1176 dixi,
744 1108 828 1161 Dii
854 1108 989 1173 estis,
1018 1117 1063 1161 et
1089 1106 1184 1175 lilii
1216 1105 1456 1160 Altissimi
1493 1119 1698 1166 omnes;
1724 1117 1809 1155 vos
1855 1108 2021 1153 autem

442 1201 569 1254 sicut
589 1200 810 1253 homines
832 1198 1130 1265 moriemini,
1150 1207 1196 1251 et
1222 1198 1349 1251 sicut
1369 1210 1499 1249 unus
1523 1194 1586 1248 de
1608 1191 1915 1264 principibus
1929 1204 2019 1241 ca-

445 1290 591 1345 detis.
620 1289 674 1345 In
705 1288 895 1344 horum
925 1305 1052 1358 ergo
1094 1302 1358 1360 synagoga
1386 1287 1610 1341 ﬁliorum
1648 1281 1929 1347 Altissimi,
1955 1279 2023 1334 de

444 1383 636 1452 quibus
673 1382 812 1437 idem
845 1382 1146 1437 Altissimus
1174 1396 1270 1451 per
1300 1379 1484 1435 Isaiam
1521 1378 1680 1442 dicit,
1711 1375 1848 1430 Filio
1874 1373 2025 1445 genui

448 1484 494 1528 et
520 1475 766 1539 exaltari;
792 1474 888 1545 ipsi
907 1484 1071 1527 autem
1094 1491 1171 1527 me
1190 1479 1480 1545 spreverunt
1510 1469 1674 1539 (Isai.
1704 1485 1741 1534 ι,
1764 1467 1800 1521 2
1818 1469 1857 1536 ),
1881 1467 2027 1521 stetit

451 1566 611 1622 Deus.
637 1566 702 1619 In
731 1583 988 1637 synagoga
1015 1566 1265 1635 populum
1290 1563 1447 1619 Israel
1474 1561 1790 1631 accipimus;
1818 1558 1942 1629 quia
1970 1565 2027 1612 et

338 1707 356 1731 η
450 1660 684 1728 ipsorum
713 1659 924 1729 pr0prie
949 1657 1225 1730 Synagoga
1251 1657 1355 1712 dici
1397 1655 1561 1718 solet,
1590 1651 1829 1724 quamvis
1851 1659 1905 1706 et
1925 1650 2029 1705 Ec-

450 1751 612 1806 clesia
638 1751 776 1806 dicta
799 1752 891 1805 sit.
910 1750 1152 1807 Nostram
1174 1766 1301 1805 vero
1321 1747 1556 1818 Apostoli
1580 1759 1842 1815 nunquam
1870 1757 2027 1814 syna-

450 1856 638 1912 gogam
670 1842 935 1905 dixerunt,
964 1841 1060 1895 sed
1083 1855 1293 1910 semper
1319 1837 1611 1894 Ecclesiam
1646 1853 1658 1890 :
1691 1835 1803 1889 sive
1822 1833 2027 1889 discer-

450 1932 609 1987 nendi
649 1947 803 1988 causa
835 1973 850 2000 ,
882 1932 995 1987 sive
1038 1931 1182 2003 quod
1226 1931 1362 1985 inter
1388 1926 1846 1998 congregationem
1888 1922 2029 1978 unde

452 2025 726 2095 Synagoga
749 2065 765 2090 ,
796 2032 852 2078 et
901 2023 1336 2078 eonvocationem
1387 2020 1525 2075 unde
1572 2018 1805 2074 Ecclesia
1834 2031 2028 2071 nomen

451 2116 693 2185 accepit,
731 2115 891 2170 distet
940 2113 1171 2190 aliquid;
1219 2112 1359 2184 quod
1389 2111 1593 2166 scilicet
1636 2106 1949 2180 congregari
1976 2114 2029 2161 et

452 2220 640 2273 pecora
669 2205 879 2271 solent,
910 2214 1067 2275 atque
1092 2205 1202 2274 ipsa
1225 2201 1437 2273 proprie
1460 2244 1474 2269 ,
1503 2216 1726 2271 quorum
1766 2208 1819 2253 et
1844 2212 2030 2268 greges

451 2298 664 2368 proprie
693 2296 916 2352 dicimus
936 2314 951 2363 ;
970 2296 1250 2351 convocari
1271 2301 1449 2349 autem
1471 2293 1638 2361 magis
1663 2302 1744 2348 est
1768 2290 2028 2346 utentium

452 2391 677 2457 ratione,
708 2390 843 2444 sicut
871 2397 996 2443 sunt
1034 2387 1297 2442 homines.
1330 2384 1483 2442 Unde
1510 2400 1574 2441 ex
1603 2398 1828 2455 persona
1866 2382 2030 2451 ipsius

452 2479 631 2549 Asaph
660 2480 711 2534 in
738 2479 842 2533 alio
870 2478 1076 2550 psalmo
1104 2477 1336 2543 canitur,
1372 2475 1531 2543 Quasi
1561 2490 1712 2544 pecus
1739 2473 1900 2542 [actus
1919 2487 2030 2524 sum

452 2572 591 2641 apud
614 2580 679 2640 te,
703 2581 747 2625 et
772 2587 861 2642 ego
880 2586 1072 2640 semper
1090 2578 1251 2623 tecum
1275 2566 1447 2635 (Psal.
1472 2582 1633 2631 Lxxu,
1664 2564 1757 2637 23)
1785 2584 1798 2619 :
1820 2564 2030 2634 quando

452 2665 630 2734 utique
652 2706 664 2727 ,
697 2662 938 2733 quamvis
976 2660 1064 2715 uni
1094 2674 1221 2715 vero
1248 2660 1358 2715 Deo
1387 2658 1714 2728 mancipatus
1740 2656 2027 2721 videretur,

453 2772 549 2826 pro
580 2755 784 2827 magnis
815 2761 987 2809 tamen
1018 2768 1079 2808 ac
1106 2752 1327 2807 summis
1352 2751 1506 2807 bonis
1538 2749 1605 2803 ab
1635 2749 1724 2803 illo
1763 2747 1990 2803 carnalia
2012 2789 2027 2815 ,

451 2858 693 2913 terrena,
724 2845 1031 2917 temporalia
1065 2844 1385 2916 requirebat.
1433 2842 1730 2898 Invenimus
1759 2856 1852 2897 eos
1890 2856 2031 2910 saepe

451 2940 611 2992 etiam
642 2937 776 2992 {ilius
804 2936 1126 3008 appellatos;
1157 2951 1261 2990 non
1306 2951 1368 2991 ea
1397 2934 1557 3005 gratia
1585 2949 1705 3004 qua:
1731 2932 1798 2987 ad
1826 2932 2029 2988 Novum

454 3029 851 3084 Testamentum
899 3028 1163 3099 pertinet,
1196 3026 1288 3082 sed
1316 3026 1404 3080 illa
1434 3040 1551 3095 qua:
1579 3025 1643 3079 ad
1667 3024 1831 3083 Vetus
1864 3043 1878 3078 :
1908 3025 2030 3094 quia

451 3129 505 3174 et
535 3120 643 3189 ipsa
665 3120 829 3189 gratia
857 3128 937 3173 est
958 3134 1057 3187 qua
1085 3116 1243 3187 elegit
1270 3114 1557 3182 Abraham,
1581 3123 1634 3170 et
1650 3130 1713 3169 ex
1737 3115 1853 3185 ejus
1872 3130 2034 3170 carne

452 3219 560 3264 tam
601 3224 846 3277 magnum
876 3209 1129 3278 populum
1160 3206 1504 3279 propagavit;
1533 3220 1633 3276 qua
1678 3205 1910 3259 nondum
1939 3221 2035 3259 na-

452 3310 559 3367 tos,
588 3300 752 3356 Iacob
768 3299 974 3368 dilexit,
1000 3300 1138 3354 Esau
1158 3307 1332 3354 autem
1361 3296 1483 3353 odio
1504 3297 1687 3352 habuit
1711 3296 1964 3369 (Malach.
1990 3315 2027 3363 I,

451 3391 506 3456 2,
540 3392 574 3446 5
597 3390 650 3461 );
679 3400 778 3460 qua
804 3381 1046 3444 liberavit
1073 3404 1136 3444 ex
1158 3387 1423 3459 Egypto,
1446 3403 1547 3457 qua
1590 3388 1641 3440 in
1672 3397 1865 3443 terram
1906 3401 2032 3457 pro-

455 3482 744 3549 missionis,
773 3481 958 3552 ejectis
986 3480 1243 3537 Gentibus
1267 3520 1283 3546 ,
1312 3479 1619 3533 introduxit.
1649 3478 1760 3533 Nisi
1809 3480 1951 3533 enim
1980 3486 2033 3532 et

456 3575 566 3643 ipsa
598 3573 921 3643 essetgratia
944 3613 958 3638 ,
988 3586 1093 3627 non
1118 3572 1295 3641 utique
1316 3570 1384 3625 de
1411 3570 1581 3635 nobis,
1607 3571 1797 3641 quibus
1833 3586 1936 3625 non
1967 3570 2032 3625 ad

457 3675 747 3733 terrenum,
772 3664 865 3718 sed
886 3662 949 3717 ad
980 3678 1197 3733 regnum
1228 3661 1486 3717 cmlorum
1507 3661 1887 3732 capessendum
1912 3661 2032 3716 data

455 3766 539 3811 cst
565 3765 796 3827 potestas
822 3755 958 3809 lilios
1000 3755 1092 3810 Dei
1119 3753 1231 3809 ﬁeri
1253 3795 1268 3821 ,
1301 3755 1354 3808 in
1378 3753 1566 3810 eodem
1595 3768 1716 3809 mox
1747 3754 2034 3823 Evangelia

458 3849 727 3903 diceretur
752 3846 891 3917 quod
904 3840 1221 3917 'accepimus
1249 3844 1471 3915 gratiam
1496 3859 1591 3915 pro
1629 3844 1797 3915 gratia
1827 3845 1845 3914 (
1873 3845 2032 3899 Joan.

458 3958 495 4002 I.
525 3939 606 4008 ιε,
638 3939 774 4011 lii);
809 3937 982 4005 idest,
1012 3950 1108 4007 pro
1136 3937 1459 3992 Testamenti
1494 3937 1698 3992 Veteris
1730 3937 2036 4007 promissio-

456 4032 632 4098 nibus,
666 4029 986 4085 Testamenti
1032 4028 1163 4084 Novi
1190 4028 1590 4098 promissiones.
1616 4015 1812 4098 Liquet
1839 4028 1997 4099 igitur
2018 4069 2032 4094 ,

456 4133 709 4195 quantum
756 4120 1036 4189 existimo,
1078 4122 1130 4176 in
1162 4136 1263 4192 qua
1291 4121 1511 4176 deorum
1535 4134 1798 4192 synagoga
1829 4122 2036 4177 steterit

456 4217 617 4270 Dens.

526 4307 580 4359 9..
625 4304 883 4373 Deinceps
926 4301 1299 4369 requirendum
1338 4309 1421 4356 est
1465 4310 1641 4357 utrum
1678 4300 1884 4355 Patrem
1911 4342 1926 4365 ,
1967 4315 2034 4354 an

458 4398 674 4460 Filium,
707 4410 772 4448 an
804 4394 1057 4465 Spiritum
1088 4402 1327 4447 sanctum
1353 4436 1367 4460 ,
1399 4409 1465 4448 an
1507 4394 1677 4463 ipsam
1723 4394 2034 4447 Trinitatem

457 4490 698 4558 accipere
727 4487 1012 4543 debeamus
1054 4487 1264 4542 stetisse
1312 4486 1365 4540 in
1408 4503 1666 4558 synagoga
1714 4488 1958 4549 deorum;
1983 4485 2036 4538 in

456 4582 621 4635 medio
648 4589 812 4635 autem
841 4580 959 4634 deos
988 4579 1265 4634 discernere
1287 4597 1305 4633 :
1334 4581 1457 4651 quia
1483 4589 1536 4636 et
1555 4581 1793 4650 singulus
1814 4579 2036 4649 quisque

458 4672 600 4727 Deus
626 4714 642 4740 ,
669 4680 724 4727 et
752 4672 862 4742 ipsa
891 4671 1120 4727 Trinitas
1141 4687 1277 4727 unus
1308 4672 1467 4727 Deus.
1495 4672 1610 4727 Non
1642 4672 1854 4741 quidem
1886 4671 2036 4727 facile

456 4772 540 4817 est
566 4762 669 4819 hoc
690 4762 960 4832 eliquare;
990 4762 1111 4834 quia
1140 4771 1195 4819 et
1225 4778 1329 4819 non
1356 4764 1711 4834 corporalem,
1740 4762 1833 4818 sed
1875 4762 2036 4832 spiri.

456 4854 651 4910 tuaiem
699 4854 790 4909 Dei
825 4855 1156 4924 praesentiam
1184 4896 1197 4919 ,
1226 4870 1342 4925 quae
1370 4855 1609 4925 congruit
1646 4854 1761 4923 ejus
1789 4854 2034 4909 substan-

456 4948 566 5014 tim,
595 4947 775 5019 negari
805 4963 909 5002 non
933 4956 1105 5018 potest
1129 4948 1316 5004 adesse
1350 4948 1577 5003 conditis
1603 4947 1782 5013 rebus,
1808 4946 2033 5001 mirabili

456 5037 702 5094 videlicet
724 5045 780 5093 et
810 5038 895 5093 vix
927 5038 1108 5108 paucis
1136 5038 1447 5107 intelligibili
1479 5037 1657 5102 modo,
1690 5038 1774 5091 cui
1803 5037 2035 5093 dicitur:

454 5130 521 5187 Si
548 5131 816 5186 ascendere
841 5132 892 5184 in
908 5131 1106 5197 ctelum,
1136 5140 1189 5185 tu
1213 5131 1281 5185 ibi
1304 5147 1389 5196 es;
1414 5131 1456 5185 si
1477 5130 1775 5185 descendere
1805 5131 1857 5185 in
1875 5130 2035 5200 infer-

456 5239 578 5276 num
600 5263 615 5289 ,
647 5223 766 5279 ades
788 5221 809 5294 (
835 5221 977 5288 Psal.
1006 5238 1251 5289 cxxxvtn,
1276 5222 1367 5293 8).
1392 5221 1544 5277 Unde
1570 5225 1760 5277 merito
1787 5222 2036 5292 perhibe-

456 5327 544 5372 tur
573 5326 715 5393 stare
743 5318 886 5374 Deus
908 5319 957 5372 in
998 5318 1403 5388 congregatione
1454 5317 1727 5371 hominum
1762 5316 2039 5371 invisibili-

455 5419 560 5474 ter,
608 5410 745 5466 sicut
791 5409 984 5465 caalum
1029 5418 1081 5464 et
1130 5416 1323 5463 terram
1366 5408 1479 5476 ipse
1526 5408 1745 5477 implet,
1777 5408 1916 5478 quod
1944 5425 2038 5478 per

455 5499 771 5572 prephetam
801 5501 868 5556 de
894 5516 951 5556 se
978 5501 1088 5570 ipse
1114 5498 1363 5568 praedicat
1402 5499 1420 5567 (
1447 5499 1636 5552 Jerem.
1665 5516 1797 5553 χχιιι
1824 5540 1838 5565 ,
1882 5500 1991 5571 24)
2020 5519 2032 5555 :

456 5608 556 5648 nec
582 5602 780 5647 tantum
800 5590 1129 5663 perhibetur,
1154 5589 1248 5646 sed
1277 5603 1373 5659 pro
1399 5596 1554 5659 captu
1579 5591 1771 5645 mentis
1792 5590 2037 5647 humana:

518 5749 593 5859 (ὧι)
610 5757 741 5800 nunc
760 5749 810 5811 ᾗ.
840 5748 1036 5801 {habes
1057 5750 1176 5798 item
1196 5748 1469 5809 expositum
1490 5747 1541 5797 in
1564 5752 1722 5797 Enarr.
1749 5746 1868 5799 Psal.
1909 5762 2035 5813 XCIV,

455 5824 503 5859 ιι.
530 5824 574 5859 υ.

1625 343 1683 399 S.
1725 330 2089 397 AUGUSTINI
2128 332 2428 392 EPISCOPI

3556 348 3579 403 1
3594 346 3696 405 048

2125 462 2407 525 utcumque
2431 456 2767 525 cognoscitur
2793 464 2935 513 stare
2960 456 3011 512 in
3057 456 3134 514 eis
3157 473 3275 531 qua:
3312 459 3514 517 creavit
3534 502 3549 528 ,
3576 463 3620 518 si
3649 469 3705 519 et

2124 546 2287 602 homo
2309 554 2415 602 stet
2443 556 2497 602 et
2526 547 2703 603 audiat
2730 563 2851 603 cum
2876 591 2890 614 ,
2920 558 2974 605 et
3000 550 3191 620 gaudio
3218 552 3443 622 gaudeat
3486 560 3704 624 propter

2123 637 2238 708 ejus
2290 638 2524 692 intimam
2570 653 2755 694 vocem
2804 638 2981 711 (Ioan.
3009 656 3104 707 ιιι,
3135 641 3250 712 29).
3279 642 3658 700 Verumtamen
3682 686 3699 713 ,

2123 736 2377 797 quantum
2405 728 2653 797 arbitror,
2677 730 2911 800 psalmus
2940 731 3038 786 iste
3066 731 3335 788 insinuare
3360 734 3556 805 aliquid
3582 751 3700 791 mo-

2124 818 2272 886 Iitnr,
2303 819 2443 890 quod
2468 834 2534 875 ex
2559 821 2785 891 quodam
2821 831 3062 893 tempore
3090 822 3283 879 factum
3305 834 3389 880 est
3410 868 3425 892 ,
3452 835 3511 881 ut
3538 836 3707 883 staret

2126 911 2266 966 Deus
2290 912 2341 973 in
2366 926 2630 984 synagoga
2659 913 2900 969 deorum.
2925 915 3054 970 Nam
3078 916 3167 971 illa
3194 918 3350 973 statio
3375 934 3478 989 qua
3509 920 3705 975 caelum

2124 1010 2178 1055 et
2207 1009 2401 1057 terram
2425 1004 2626 1073 implet,
2654 1019 2751 1059 nec
2772 1006 2836 1059 ad
2858 1005 3188 1077 Synagogam
3217 1011 3433 1079 proprie
3454 1012 3705 1080 pertinet,

2127 1108 2225 1148 nec
2254 1102 2493 1165 tempore
2542 1098 2794 1152 variatur.
2836 1098 2973 1153 Deus
3004 1101 3178 1171 itaque
3207 1104 3339 1156 stetit
3367 1103 3419 1157 in
3448 1120 3709 1175 synagoga

2127 1184 2334 1239 deorum
2362 1228 2375 1253 ,
2405 1187 2651 1243 nimirum
2682 1190 2770 1245 ille
2800 1191 2887 1261 qui
2915 1192 2982 1246 de
3021 1208 3078 1248 se
3102 1194 3234 1248 dixit
3264 1212 3277 1249 :
3306 1194 3426 1249 Non
3450 1213 3560 1250 sum
3590 1198 3710 1254 mis-

2127 1292 2213 1329 sus
2242 1277 2341 1330 nisi
2366 1277 2438 1330 ad
2473 1295 2591 1334 oves
2633 1297 2745 1350 qua:
2770 1284 3021 1353 perierunt
3055 1285 3234 1339 domus
3268 1285 3438 1341 Israel
3463 1288 3481 1353 (
3517 1287 3706 1343 Matth.

2129 1382 2218 1433 xv,
2254 1367 2324 1422 24
2359 1366 2400 1439 ).
2433 1370 2633 1425 Dicitur
2655 1382 2708 1427 et
2732 1388 2891 1429 causa
2933 1392 2948 1429 :
2978 1374 3044 1430 In
3071 1378 3232 1432 medio
3261 1387 3427 1433 autent
3454 1382 3572 1435 deos
3599 1383 3707 1437 dis-

2130 1473 2347 1512 cernere.
2371 1458 2616 1530 Agnosco
2663 1462 2821 1538 igitur
2871 1466 3037 1522 Deum
3088 1470 3297 1526 stetisse
3344 1472 3394 1525 in
3441 1488 3707 1544 synagoga

2128 1547 2372 1618 deorum,
2400 1568 2614 1622 quorum
2638 1565 2825 1625 patres,
2845 1567 2891 1611 et
2908 1575 2970 1613 ex
2986 1560 3162 1629 quibus
3186 1561 3411 1616 Christus
3431 1566 3707 1618 secundum

2132 1658 2333 1696 carnem
2356 1659 2376 1697 :
2405 1652 2461 1698 ut
2487 1646 2630 1699 enim
2658 1655 2825 1703 staret
2847 1648 2986 1704 Deus
3008 1651 3059 1705 in
3082 1666 3346 1722 synagoga
3376 1652 3618 1718 deorum,
3642 1656 3708 1710 ad

2131 1733 2233 1789 hoc
2259 1750 2323 1790 ex
2351 1735 2479 1806 ipsis
2523 1738 2815 1794 secundum
2844 1755 3080 1797 carnem.
3113 1742 3217 1798 Sed
3244 1744 3366 1813 quid
3398 1744 3575 1800 Deus?
3601 1746 3709 1801 Ne-

2131 1840 2234 1896 que
2275 1827 2417 1881 enim
2460 1830 2644 1899 quales
2688 1831 2804 1899 illi,
2846 1833 2899 1888 in
2930 1848 3151 1905 quorum
3179 1834 3399 1891 deorum
3445 1854 3708 1909 synagoga

2132 1918 2311 1985 stetit;
2340 1918 2455 1987 sed,
2480 1922 2616 1975 sicut
2640 1922 2746 1977 illic
2766 1924 3052 1994 Apostolus
3077 1928 3332 1999 sequitur,
3357 1931 3443 1999 qui
3472 1940 3546 1985 est
3559 1948 3703 2002 super

2133 2011 2303 2064 omnia
2331 2010 2469 2067 Deus
2488 2013 2774 2070 benedictus
2793 2018 2845 2071 in
2871 2021 3055 2074 saecula
3082 2020 3101 2091 (
3125 2021 3273 2076 Rom.
3304 2039 3376 2089 ιι,
3406 2024 3498 2093 5).
3528 2026 3710 2094 Agno-

2133 2116 2227 2157 sco
2248 2144 2264 2170 ,
2306 2106 2521 2174 inquam
2547 2148 2563 2174 ,
2609 2109 2855 2176 stetisse;
2901 2125 3131 2181 agnosco
3161 2122 3215 2169 et
3244 2114 3294 2168 in
3327 2115 3499 2170 medio
3542 2117 3709 2172 Deum

2132 2209 2407 2265 sponsum,
2437 2197 2504 2253 de
2532 2214 2637 2269 quo
2663 2201 2863 2257 amicus
2884 2204 2996 2273 ejus
3022 2205 3234 2275 quidam
3262 2206 3389 2261 dicit
3415 2226 3427 2261 :
3452 2207 3518 2261 In
3548 2209 3713 2265 medio

2133 2296 2348 2342 vestrum
2377 2298 2495 2355 stat,
2524 2308 2671 2361 quem
2710 2308 2795 2348 vos
2823 2295 3024 2351 nescitis
3052 2296 3248 2366 (Joan.
3272 2313 3321 2361 ι,
3344 2298 3414 2353 26
3434 2298 3474 2370 ).
3506 2298 3712 2371 Quippe

2138 2376 2205 2434 de
2231 2380 2423 2449 quibus
2450 2382 2606 2451 paqu
2632 2392 2749 2452 post
2786 2385 2839 2439 in
2883 2386 2984 2440 hoc
3014 2387 3216 2455 psalmo
3259 2388 3468 2455 dicitur,
3504 2389 3711 2445 Nescie-

2133 2482 2274 2539 runt,
2298 2489 2458 2541 neque
2496 2474 2848 2530 intellexerunt
2876 2519 2889 2539 ,
2916 2478 2967 2530 in
2994 2478 3206 2531 tenebris
3230 2479 3488 2533 ambulant
3516 2496 3534 2533 .'
3565 2482 3712 2535 testi-

2136 2560 2321 2615 ﬁcatur
2348 2571 2403 2617 et
2439 2564 2753 2633 Apostolus,
2785 2566 3034 2630 Quoniam
3059 2568 3255 2621 accitas
3280 2586 3342 2623 ea:
3365 2581 3506 2639 parte
3548 2570 3721 2626 Israel

2138 2657 2272 2725 facta
2301 2664 2394 2721 est,
2426 2667 2479 2711 ut
2505 2658 2764 2728 plenitudo
2786 2660 3016 2715 Gentium
3039 2663 3245 2715 intraret
3272 2662 3455 2733 (Rom.
3483 2681 3555 2730 x1,
3578 2665 3649 2720 25
3668 2665 3708 2736 ).

2134 2744 2372 2801 Stantem
2403 2749 2598 2819 quippe
2622 2751 2675 2805 in
2708 2752 2880 2807 medio
2907 2754 2988 2807 sui
3017 2754 3265 2809 videbant
3290 2771 3444 2821 eum;
3486 2757 3576 2812 sed
3606 2774 3710 2813 non

2135 2852 2255 2892 eum
2282 2839 2536 2895 videbant
2564 2843 2730 2897 Deum
2756 2885 2769 2908 ,
2797 2844 3005 2913 qualem
3048 2859 3107 2900 se
3150 2846 3355 2901 volebat
3398 2848 3563 2903 videri
3588 2891 3603 2916 ,
3625 2848 3712 2903 di-

2135 2941 2263 2982 cens
2294 2948 2306 2983 :
2338 2930 2438 2997 Qui
2465 2948 2543 2985 me
2568 2934 2708 3000 vidit,
2737 2934 2856 2987 vidit
2884 2936 2899 2966 ¹
2932 2944 2978 2988 et
3020 2934 3226 2989 Patrem
3252 2934 3272 3008 (
3294 2936 3447 2992 Joan.
3478 2955 3584 3005 xw,
3613 2939 3709 3011 9).

2138 3020 2397 3077 Discernit
2429 3032 2604 3079 autem
2635 3024 2786 3091 deos,
2818 3041 2923 3079 non
2953 3041 3134 3081 eorum
3175 3028 3397 3095 meritis,
3426 3029 3520 3083 sed
3546 3031 3709 3100 gratia

2136 3126 2229 3166 sua
2261 3130 2274 3179 ;
2305 3128 2369 3168 ex
2403 3116 2587 3170 eadem
2613 3118 2990 3185 conspersione
3021 3117 3219 3173 lineiens
3248 3120 3347 3174 alia
3382 3135 3504 3174 vasa
3534 3120 3583 3174 in
3612 3120 3712 3177 ho-

2136 3219 2321 3259 norem
2346 3247 2362 3272 ,
2404 3206 2505 3260 alia
2552 3207 2603 3260 in
2623 3187 3025 3262 .contumeliam
3071 3209 3090 3282 (
3122 3209 3268 3265 Rom.
3312 3226 3363 3264 ιχ
3384 3254 3398 3277 ,
3428 3212 3489 3265 21
3518 3209 3557 3284 ).
3583 3213 3713 3279 Quis

2138 3297 2277 3350 enim
2312 3304 2363 3351 te
2388 3297 2641 3351 discernit
2661 3298 2684 3351 ?
2704 3299 2837 3366 Quid
2870 3299 3009 3353 enim
3056 3298 3240 3365 habes,
3266 3300 3404 3370 quod
3432 3316 3535 3356 non
3562 3316 3713 3357 acce-

2137 3387 2291 3456 pisti,
2347 3389 2595 3442 siautem
2631 3390 2899 3459 accepisti,
2942 3390 3065 3459 quid
3114 3391 3358 3461 gloriaris
3407 3392 3555 3461 quasi
3607 3408 3709 3447 non

2138 3478 2406 3546 acceperis
2449 3481 2469 3548 (
2506 3478 2522 3530 ι
2559 3478 2676 3531 Cor.
2707 3495 2776 3543 ιν,
2806 3479 2838 3533 "l
2861 3479 2927 3550 )?

2213 3572 2266 3626 5.
2310 3570 2479 3643 [υρνδ.
2509 3570 2575 3634 2,
2607 3570 2685 3644 5.]
2713 3572 2849 3626 Audi
2889 3580 2940 3625 et
2984 3587 3170 3627 vocem
3211 3572 3302 3627 Dei
3326 3573 3710 3642 discernentis,

2139 3662 2258 3717 audi
2280 3671 2333 3718 et
2352 3677 2534 3718 vocem
2565 3664 2774 3718 Domini
2801 3664 3082 3718 dividentis
3107 3664 3372 3719 ﬂammam
3395 3665 3527 3734 ignis
3544 3664 3711 3733 (Psal.

2140 3770 2330 3819 xxvm,
2352 3755 2409 3824 7)
2433 3773 2444 3807 :
2466 3753 2982 3824 Usquequojudicatis
3005 3754 3331 3825 iniquitatem,
3348 3764 3393 3807 et
3417 3755 3570 3823 facies
3595 3771 3712 3824 pec-

2139 3846 2360 3897 cantium
2402 3845 2639 3898 sumitis?
2666 3844 2811 3897 Sicut
2852 3844 2977 3899 alibi
3011 3862 3023 3897 :
3060 3843 3323 3914 Usquequo
3349 3861 3521 3914 graves
3567 3844 3718 3897 corde

2141 3935 2323 4007 (Psal.
2353 3950 2423 4001 tv,
2456 3936 2565 4005 5)?
2595 3935 2853 4006 Numquid
2886 3945 2939 3990 et
2970 3950 3134 4005 usque
3178 3935 3243 3989 ad
3287 3934 3569 3989 adventum
3601 3935 3716 4005 ejus

2140 4029 2226 4098 qui
2258 4029 2435 4083 lumen
2466 4038 2547 4083 est
2569 4030 2785 4083 cordis?
2806 4029 2929 4083 Dedi
2960 4029 3125 4098 legem
3152 4028 3385 4093 ;duriter
3410 4028 3675 4083 resutistis
3700 4046 3713 4082 :

2141 4122 2259 4175 misi
2279 4120 2599 4190 Prophetas;
2627 4121 2829 4190 injuriis
2852 4121 3122 4185 allecistis,
3146 4130 3234 4174 aut
3254 4120 3610 4188 interlccistis,
3628 4129 3718 4175 aut

2141 4215 2254 4269 tunc
2284 4214 2559 4285 agentibus
2587 4212 2897 4267 connivistis
2916 4215 2955 4266 τ.
2986 4212 3088 4267 Sed
3123 4222 3177 4266 ut
3207 4212 3312 4266 illis
3343 4228 3440 4267 nec
3471 4213 3611 4283 loqui
3640 4214 3719 4267 di-

2139 4322 2299 4378 gnum
2332 4306 2429 4371 sit,
2465 4305 2553 4375 qui
2592 4306 2900 4360 occiderunt
2936 4319 3117 4359 servos
3165 4305 3257 4359 Dei
3306 4307 3609 4374 prsemissos
3651 4308 3719 4361 ad

2142 4414 2233 4465 se;
2267 4412 2359 4453 vos
2388 4399 2474 4468 qui
2504 4414 2623 4452 cum
2650 4396 2764 4451 lucc
2795 4396 2985 4451 tierent
3011 4397 3265 4464 tacuistis,
3297 4396 3347 4451 id
3377 4405 3479 4463 est,
3508 4413 3598 4450 vos
3627 4401 3715 4467 qui

2140 4507 2234 4546 eos
2272 4492 2358 4561 qui
2395 4500 2516 4546 tunc
2544 4498 2816 4545 tacuerunt
2846 4531 2860 4556 ,
2890 4490 3033 4543 velut
3062 4490 3371 4545 innocentes
3398 4489 3587 4543 imitari
3620 4506 3717 4543 vo-

2141 4584 2334 4651 Iuistis,
2366 4583 2888 4653 Usquequojudicatis
2908 4583 3237 4652 iniquitatem,
3268 4594 3313 4637 et
3338 4584 3490 4653 facies
3511 4600 3720 4651 peccan-

2140 4680 2265 4733 tium
2293 4679 2486 4732 sumitis
2507 4680 2532 4731 ?
2558 4676 2820 4746 Numquid
2848 4676 3005 4731 etiam
3035 4692 3174 4731 nunc
3214 4683 3264 4730 et
3288 4675 3397 4745 ipse
3426 4677 3593 4728 limres
3624 4690 3716 4728 ve-

2140 4771 2292 4825 niens
2338 4768 2656 4823 occidendus
2698 4768 2821 4823 est?
2859 4767 3043 4821 Nonne
3091 4768 3202 4836 ipse
3244 4775 3456 4836 propter
3480 4782 3573 4819 vos
3603 4765 3720 4821 sine

2142 4870 2288 4932 patre
2315 4875 2433 4915 esse
2455 4859 2615 4913 voluit
2642 4868 2888 4929 tanquam
2913 4858 3179 4928 pupillus?
3197 4872 3369 4911 nonne
3389 4866 3603 4927 propter
3624 4873 3719 4914 vos

2140 4953 2358 5007 csurivit
2382 4962 2433 5006 et
2461 4951 2625 5005 sitivit
2651 4960 2707 5005 ut
2754 4951 2993 5021 egenus?
3020 4965 3195 5004 nonne
3224 4948 3287 5001 ad
3314 4963 3409 5002 vos
3435 4948 3675 5002 clamavit
3701 4991 3716 5017 ,

2140 5044 2332 5099 Discite
2357 5062 2387 5096 a
2414 5060 2493 5098 me
2510 5044 2625 5113 quia
2648 5044 2781 5098 mitis
2811 5060 2919 5096 sum
2945 5052 2987 5096 ct
3016 5041 3215 5095 Immitis
3235 5040 3382 5093 corde
3402 5039 3607 5109 (Matth.
3642 5056 3714 5105 χι,

2138 5138 2207 5195 29
2234 5140 2292 5207 )?
2335 5138 2521 5193 Nonne
2549 5152 2749 5208 pauper
2774 5137 2940 5190 factus
2970 5143 3085 5197 est,
3116 5148 3233 5186 cum
3263 5131 3409 5185 dives
3448 5141 3586 5187 esset
3616 5175 3631 5197 ,
3661 5143 3719 5187 ut

2141 5230 2304 5299 ipsius
2333 5236 2643 5300 paupertate
2673 5223 2971 5280 ditaremini
3000 5223 3017 5294 (
3048 5222 3087 5275 ll
3119 5221 3233 5276 Cor.
3265 5236 3353 5274 vm
3374 5263 3387 5286 ,
3418 5220 3525 5291 9)?
3561 5220 3715 5273 ludi-

2140 5333 2247 5375 cate
2271 5337 2397 5392 ergo
2420 5321 2613 5391 pupillo
2642 5327 2687 5372 et
2706 5332 2895 5387 egeno;
2923 5314 3157 5367 humilem
3185 5322 3231 5365 et
3263 5330 3533 5382 pauperem
3558 5314 3710 5381 justi-

2142 5415 2306 5485 ﬁcate.
2334 5413 2447 5467 Non
2498 5412 2614 5466 illos
2644 5420 2857 5480 propter
2887 5421 2945 5461 se
2974 5405 3228 5474 superbos
3257 5414 3311 5459 et
3359 5405 3545 5459 divites
3569 5446 3584 5471 ,
3624 5405 3717 5459 sed

2214 5618 2229 5647 ι
2258 5616 2330 5663 sic
2349 5620 2458 5662 Mss.
2482 5618 2533 5658 At
2558 5608 2688 5665 edd.,
2718 5606 2804 5667 Qui
2826 5602 3069 5670 mevidet,
3090 5603 3233 5659 ridet,
3260 5610 3353 5670 etc.

2207 5681 2225 5708 ²
2252 5660 2361 5732 EH,
2385 5660 2690 5723 conhibuistis
2711 5660 2741 5726 ς’
2766 5676 2817 5716 et
2846 5666 2997 5726 infra,
3022 5664 3182 5732 loco,
3198 5662 3520 5732 conniveram,
3550 5660 3718 5732 habet,

2141 5725 2500 5789 contribuerunt.
2524 5740 2675 5793 atque
2700 5732 2765 5778 ita
2798 5725 2997 5777 veteres
3022 5726 3217 5793 lihri,_i_u
3240 5725 3415 5787 quibus
3437 5737 3523 5787 pro
3546 5725 3719 5785 verbo,

2142 5785 2377 5861 conniveo,
2398 5785 2673 5847 constanter
2687 5792 2915 5855 scriptum
2941 5797 3033 5852 est,
3054 5785 3290 5837 conhibeo.
