4084 6490
247 344 400 404 1049

247 458 408 514 istum
438 461 654 528 prepter
680 463 777 508 vos
803 447 1055 507 humilem
1080 457 1134 506 et
1153 457 1470 521 pauperem,
1497 446 1698 519 justum
1717 461 1836 503 ere-

245 547 378 611 dite,
405 546 608 617 justum
636 544 944 616 prmdicate.

318 637 374 691 4.
406 635 558 709 [ναῖε.
579 633 658 706 ι.]
680 633 784 689 Sed
803 631 1113 687 invidcbunt
1136 631 1205 698 ei,
1225 644 1324 686 nec
1344 630 1564 686 omnino
1600 637 1836 700 parcent,

244 727 511 790 dicentes,
541 723 642 780 Hic
693 733 764 778 est
809 714 990 786 lateres,
1048 722 1225 786 venite,
1281 721 1568 774 occidamus
1607 737 1740 786 eum,
1791 729 1840 774 et

245 830 422 874 nostra
486 819 579 872 erit
621 815 886 870 accreduas
924 812 1136 884 (Matth.
1179 827 1289 880 xxi,
1314 813 1426 881 58).
1465 812 1670 882 Auferte
1711 826 1838 882 ergo

245 913 472 983 inapem,
523 919 569 964 et
601 925 876 980 pauperem
924 905 986 960 de
1019 922 1170 958 manu
1205 904 1478 975 peccatoris
1512 904 1686 958 eruite.
1715 903 1839 958 "i130

243 1005 388 1061 dicta
417 1014 564 1071 sunt,
609 1012 669 1056 ut
698 1003 926 1056 sciretur
956 999 1007 1054 in
1041 1013 1106 1053 co
1131 997 1328 1068 populo
1367 997 1418 1050 in
1453 1011 1557 1066 quo
1602 1007 1757 1051 natus
1782 1005 1838 1052 et

243 1097 458 1152 occisus
485 1103 568 1150 est
597 1093 856 1156 Christus,
899 1105 1000 1146 nec
1026 1090 1144 1144 illos
1167 1089 1326 1142 fuisse
1349 1088 1610 1142 immuncs
1645 1101 1675 1140 a
1695 1095 1838 1141 tanto

245 1187 474 1250 scelere,
499 1185 588 1254 qui
611 1199 730 1238 cum
755 1189 934 1237 essent
957 1187 1114 1234 tanta:
1137 1175 1507 1242 multitudinis,
1535 1185 1594 1229 ut
1611 1189 1704 1230 eos
1729 1176 1838 1230 sic-

245 1287 307 1332 ut
355 1277 700 1347 Evangelium
732 1272 984 1342 loquitur,
1027 1271 1273 1324 timerent
1301 1267 1492 1330 Judaei,
1517 1274 1570 1320 et
1591 1275 1836 1336 prepter-

245 1385 310 1424 ea
353 1370 406 1422 in
439 1367 713 1422 Christum
755 1378 970 1418 manum
1003 1360 1215 1416 mittere
1259 1375 1364 1413 non
1405 1357 1660 1412 auderent
1685 1355 1834 1428 (Luc.

245 1477 384 1526 nu,
413 1460 498 1530 2),
532 1466 714 1528 postea
743 1455 1114 1519 conniverunt,
1140 1465 1368 1520 eumque
1399 1447 1628 1502 interimi
1673 1462 1701 1500 a
1725 1461 1836 1500 ma-

247 1553 410 1621 lignis
436 1545 710 1606 et'invidis
749 1545 1056 1602 Juda-ornm
1093 1540 1418 1612 principibus
1443 1539 1833 1609 permiserunt;

245 1645 406 1714 quisi
451 1642 762 1704 voluissent,
799 1639 1116 1692 timereutur
1142 1647 1376 1702 semper,
1403 1639 1749 1700 utmmquam
1783 1630 1834 1684 in

247 1735 402 1789 illum
429 1734 808 1788 sceleratorum
831 1727 1183 1799 prmvalerent
1209 1737 1419 1777 manus.
1441 1722 1516 1776 De
1540 1720 1624 1776 his
1643 1720 1838 1790 quippe

243 1837 298 1878 cl
339 1826 466 1878 alibi
519 1823 713 1877 dicitur
741 1819 936 1875 :Canes
971 1817 1096 1871 muti
1145 1815 1426 1870 nescierunt
1474 1809 1834 1882 latrare(lsai.

247 1914 492 1987 131,10).
537 1915 610 1968 De
659 1912 742 1966 his
785 1911 942 1966 etiam
996 1906 1122 1963 illud
1155 1925 1168 1961 :
1199 1904 1329 1959 Ecce
1372 1903 1622 1974 quomodo
1664 1902 1838 1973 justus

247 2009 419 2076 periit,
449 2017 494 2059 et
521 2021 666 2058 nemo
705 2001 990 2056 considerat
1022 1997 1130 2072 (Id.
1152 2012 1274 2059 Lm,
1309 1996 1383 2065 i).
1426 1993 1606 2058 Periit,
1666 2008 1836 2062 quan-

247 2109 358 2152 tum
393 2100 448 2152 in
501 2098 632 2168 ipsis
669 2103 770 2156 est.
809 2095 896 2164 qui
927 2107 1047 2146 eum
1097 2089 1320 2160 perdere
1361 2088 1679 2142 Vttitterllttl:
1713 2101 1834 2140 nam

244 2191 520 2260 quomodo
567 2189 655 2242 ille
695 2193 874 2256 posset
923 2185 1097 2254 perire
1125 2179 1422 2243 moriendo,
1450 2177 1538 2246 qui
1581 2193 1646 2234 eo
1677 2177 1836 2234 modo

245 2287 428 2354 potius
455 2281 592 2354 quod
625 2289 739 2336 erat
767 2278 1027 2350 perditum
1072 2272 1411 2344 requirebat?
1439 2271 1626 2334 Porro,
1673 2269 1717 2324 si
1749 2269 1836 2324 isti

241 2380 388 2450 juste
417 2379 782 2445 increpantnr,
813 2371 1110 2439 meritoque
1145 2373 1456 2438 arguuntur,
1497 2361 1588 2434 qui
1631 2371 1834 2418 tantum

245 2471 428 2524 scelus
459 2467 574 2522 fieri
603 2461 988 2521 dissimulando
1012 2458 1289 2514 siverunt‘
1316 2474 1330 2522 ;
1361 2453 1628 2526 quomodo
1659 2454 1834 2509 incre-

243 2561 430 2633 pandi,
475 2567 568 2614 aut
593 2573 662 2612 ne
692 2552 999 2624 increpandi
1023 2551 1258 2622 quidem,
1284 2547 1376 2602 sed
1421 2561 1523 2616 qua
1549 2545 1836 2600 severitate

243 2649 538 2706 damnandi
584 2657 708 2704 sunt
775 2645 864 2718 qui
923 2645 1028 2700 hoc
1080 2639 1306 2697 consilio
1349 2637 1652 2708 malitiaque
1691 2635 1835 2691 fece-

241 2743 406 2800 runt?

315 2837 372 2890 5.
407 2833 559 2906 [vers.
591 2827 674 2904 5.]
705 2827 1083 2884 Verumtamen
1113 2823 1380 2888 omnibus,
1404 2817 1545 2891 quod
1572 2818 1834 2889 sequitur,

243 2925 550 2982 rectissime
571 2921 813 2991 congruit
841 2935 854 2971 :
889 2917 1208 2979 Nescierunt,
1249 2924 1294 2966 et
1333 2929 1432 2966 non
1460 2910 1833 2974 intellexerunt,

243 3020 298 3072 in
351 3016 567 3071 tenebris
620 3012 902 3067 ambulant.
933 3009 1065 3076 Quia
1108 3016 1162 3060 et
1206 3005 1300 3068 illi,
1339 3002 1382 3056 si
1439 3000 1835 3072 cognovissent,

243 3123 522 3180 nunquam
565 3106 846 3160 Dominum
899 3101 1076 3171 gloria:
1123 3095 1510 3152 crucifixissent
1563 3089 1743 3162 (lCor.
1775 3107 1833 3156 ιι,

243 3204 326 3264 8);
355 3212 410 3256 et
439 3199 540 3266 illi,
572 3199 614 3252 si
641 3195 1036 3267 cognovissent,
1077 3201 1345 3256 nunquam
1379 3183 1668 3238 Barabbam
1701 3181 1837 3235 libe-

243 3267 498 3356 randum,
531 3298 588 3345 et
623 3287 890 3343 Christum
933 3277 1348 3350 cruciﬁgendum
1377 3287 1558 3345 petere
1606 3287 1836 3328 consen-

245 3389 468 3443 sissent.
517 3383 624 3438 Sed
671 3384 920 3452 quoniam
978 3389 1138 3443 supra
1177 3378 1469 3426 memerata
1536 3366 1733 3420 ca’citas
1775 3381 1839 3418 ex

247 3491 396 3552 parte
416 3477 586 3533 Israel
611 3479 746 3548 facta
773 3483 864 3537 est,
890 3471 1047 3525 donec
1063 3465 1322 3538 plenitudo
1345 3463 1578 3517 Gentium
1601 3462 1836 3526 intraret;

248 3551 346 3643 per
385 3572 526 3625 hanc
579 3570 760 3638 utique
819 3565 958 3619 illius
1012 3560 1190 3632 populi
1233 3556 1525 3611 caecitatem
1583 3551 1844 3608 cruciﬁxo'

247 3665 486 3732 Christo,
517 3663 840 3717 movebuntur
861 3657 1029 3713 omnia
1045 3654 1374 3726 fundamenta
1399 3659 1562 3704 terror.
1591 3646 1679 3700 Sic
1697 3653 1837 3698 mota

249 3768 396 3818 sunt.
425 3767 480 3811 et
507 3753 878 3814 movebuntur,
907 3749 1076 3802 donec
1119 3746 1282 3799 intret
1309 3758 1428 3813 qu:c
1465 3736 1836 3809 pra‘destinata

251 3861 334 3908 est
365 3849 615 3906 Gentium
662 3842 955 3914 plenitudo.
995 3839 1126 3896 Nam
1157 3845 1211 3892 et
1249 3836 1301 3890 in
1355 3835 1467 3903 ipsa
1519 3837 1691 3883 morte
1731 3827 1837 3879 Do-

249 3945 382 3999 mini
412 3951 554 3996 terra
584 3947 724 3992 mota
763 3945 865 4000 est,
915 3943 970 3988 et
1013 3940 1178 4002 petra:
1209 3927 1390 3982 scissa:
1443 3930 1574 3977 sunt
1625 3917 1834 3992 (Matth.

253 4035 556 4104 xu'n,51).
587 4032 658 4088 Et
685 4031 727 4084 si
760 4028 1114 4096 intelligamus
1143 4020 1488 4076 fundamenta
1517 4023 1695 4079 terrm,
1728 4021 1838 4068 ter-

253 4140 506 4184 renarum
537 4123 796 4178 bonorum
823 4117 976 4186 capia
999 4113 1180 4169 felices
1206 4129 1218 4164 :
1248 4117 1394 4164 recte
1423 4104 1732 4176 praedictum
1759 4108 1840 4154 est

255 4219 392 4289 quod
416 4221 782 4277 moverentur,
815 4207 898 4263 vel
923 4201 1234 4260 admirando
1275 4200 1353 4254 sic
1390 4195 1578 4260 amari,
1624 4193 1702 4246 sic
1737 4192 1837 4246 Culi

257 4310 632 4370 humilitatem,
671 4309 1059 4374 paupertatem,
1103 4303 1352 4358 mortem,
1407 4289 1552 4344 velut
1595 4300 1837 4356 magnam

257 4399 548 4457 secundum
603 4395 748 4465 ipsos
787 4389 1056 4446 miseriam
1083 4383 1320 4450 Christi;
1350 4381 1428 4436 vel
1469 4379 1568 4448 ipsi
1597 4391 1836 4445 quoque,

257 4494 412 4563 hujus
438 4489 620 4546 mundi
641 4499 772 4540 vana
797 4483 1045 4539 felicitate
1064 4484 1387 4546 contempta,
1413 4473 1553 4526 illam
1573 4467 1841 4540 diligendo

257 4561 416 4656 atque
455 4579 730 4638 scctando.
791 4576 866 4629 lta
915 4579 1197 4627 moventur
1267 4565 1448 4620 omnia
1502 4561 1840 4616 fundamenta

259 4689 434 4739 tet-nc,
465 4688 585 4728 cum
605 4669 794 4741 partim
839 4665 1120 4722 mirantur,
1169 4657 1358 4728 partim
1401 4656 1559 4708 etiam
1602 4665 1842 4706 commu-

261 4779 458 4824 tantur.
479 4765 630 4820 Sieut
657 4759 798 4816 enim
837 4769 940 4810 non
971 4749 1202 4807 absurde
1231 4747 1455 4802 dicimus
1500 4741 1841 4797 fundamenta

260 4863 402 4927 cmli,
443 4857 636 4930 quibus
701 4866 922 4921 regnum
978 4846 1236 4902 cwluruxn
1302 4835 1754 4930 supermdilicatur
1789 4831 1841 4930 in

260 4923 540 5010 sanctis'et
577 4947 841 5008 fidelibus,
869 4955 1002 5011 quos
1055 4935 1184 4990 dicit
1230 4932 1504 5001 Scriptura
1533 4925 1734 4996 lapides
1762 4923 1843 4976 vi-

257 5047 410 5114 vos(l
445 5043 586 5097 I’etr.
621 5057 674 5104 ιι,
707 5039 764 5108 5)
791 5056 804 5089 :
827 5047 1052 5105 quorum
1083 5027 1484 5084 fundamentum
1537 5031 1624 5076 est
1655 5018 1844 5088 primi-

259 5151 344 5194 tus
375 5111 490 5207 ipse
519 5133 763 5188 Christus
784 5144 846 5182 ex
880 5126 1114 5194 virgine;
1144 5120 1212 5174 de
1243 5133 1348 5188 quo
1376 5115 1505 5170 dicit
1536 5111 1841 5181 Apostolus,

261 5230 676 5284 Fundamentum
727 5219 868 5272 aliud
911 5231 1054 5269 nemo
1101 5219 1258 5281 potest
1309 5219 1491 5275 ponere
1515 5212 1846 5270 prtetcrquam

257 5322 395 5392 quod
421 5317 640 5388 positum
687 5319 779 5374 est,
823 5306 956 5378 quod
991 5314 1062 5358 est
1113 5301 1341 5392 Christus
1387 5293 1538 5348 Jesus
1564 5292 1604 5362 (l
1624 5289 1742 5345 Cor.
1766 5303 1844 5352 ιιι,

259 5389 360 5482 ιι)
385 5427 400 5462 :
430 5405 628 5463 deinde
655 5400 754 5474 ipsi
781 5397 1022 5470 Apostoli
1054 5403 1107 5450 et
1149 5389 1456 5461 Pr0pheta2,
1497 5397 1722 5482 quorum
1748 5396 1845 5434 au-

257 5474 507 5558 ctoritate
532 5497 680 5552 locus
709 5491 940 5548 cmlestis
966 5487 1196 5556 eligitur,
1224 5489 1282 5536 ut
1323 5495 1440 5536 eam
1470 5474 1722 5532 sec-tando
1757 5487 1849 5526 co-

261 5591 592 5647 :edilicemur
619 5603 634 5653 ;
663 5584 804 5640 unde
841 5581 969 5636 dicit
993 5577 1058 5632 ad
1087 5573 1367 5646 Ephesios,
1397 5590 1415 5622 ι
1453 5569 1568 5624 1Ιτιιιι
1593 5582 1695 5621 non
1718 5565 1848 5620 estis

265 5677 534 5754 peregrini
567 5685 621 5731 et
651 5673 927 5745 inquilini;
958 5668 1052 5725 sed
1101 5665 1228 5721 estis
1261 5661 1405 5717 cives
1446 5667 1750 5716 sanctorum
1797 5663 1850 5712 et

332 5797 348 5825 ³
371 5791 504 5848 ιλιι..
529 5787 780 5840 siluerunt.
807 5783 974 5837 Melius
994 5781 1130 5830 flori).
1157 5783 1286 5838 Mss,
1313 5773 1538 5826 siverunt.

1311 333 1802 394 ΕΝΑΠΙΙΔΤΙΟΙΝ
1833 333 2155 394 PSlLMUM
2194 338 2434 396 LXXXI.

3391 347 3526 412 1.050

1945 447 2224 505 domestici
2267 450 2382 517 Dei,
2435 451 2841 521 superaedilicati
2901 467 3062 525 supra
3113 455 3522 516 fundamentum

1942 539 2322 610 Apostolorum
2347 551 2404 596 et
2445 541 2852 613 Prophetarum,
2885 545 3002 616 ipso
3042 561 3252 606 summo
3279 550 3524 620 aug-dari

1943 628 2118 698 lapide
2139 631 2404 688 existente
2435 633 2649 689 Christo
2678 636 2825 703 Jesu,
2861 637 2912 692 in
2940 653 3046 710 quo
3072 641 3246 696 omnis
3291 642 3528 697 aediﬁca-

1944 720 2017 774 tio
2038 731 2310 791 compacta
2335 725 2526 780 crescit
2549 727 2602 782 in
2619 729 2874 798 templum
2895 740 3134 786 sanctum
3163 732 3216 787 in
3244 735 3469 790 Domino
3497 754 3516 786 ι

1943 811 2160 884 (Ep/tes.
2197 831 2255 880 ll,
2285 814 2472 886 19-22)
2507 835 2522 871 :
2551 819 2768 875 ita'non
2825 823 3259 882 inconvenienter
3328 827 3522 884 fomla-

1942 913 2118 960 tnenta
2147 905 2704 979 terrmintelliguntur,
2738 929 2963 982 quarunt
3002 924 3264 972 terrenam
3301 919 3522 975 felicita-

1944 1006 2048 1050 tem
2099 999 2498 1068 prmpollcntem
2561 1010 2720 1070 atque
2784 1013 3066 1072 polentcm-
3099 1008 3341 1064 homines
3387 1011 3524 1066 invi-

1940 1088 2134 1152 dendo,
2159 1105 2344 1144 eorum
2366 1093 2680 1148 auctoritate
2708 1093 2773 1148 ad
2803 1094 3106 1163 lmjusmodi
3135 1099 3272 1154 bona
3318 1116 3520 1156 concu-

1942 1181 2190 1250 piscenda
2221 1183 2618 1252 pertrahuntur,
2649 1195 2701 1240 et
2735 1171 3080 1256 adipiscendo
3125 1191 3520 1248 corcdilicantur

1942 1283 2190 1344 tauquam
2243 1284 2382 1330 terra
2427 1291 2590 1346 super
2635 1286 2851 1346 terram,
2889 1279 3026 1334 sicut
3071 1287 3122 1336 in
3152 1283 3242 1338 illo
3285 1299 3520 1354 superno

1941 1367 2166 1422 aulilicio
2193 1369 2386 1424 coelum
2423 1383 2585 1440 super
2618 1371 2849 1434 cmlum;
2887 1374 3008 1442 quia
3049 1383 3104 1428 et
3147 1377 3408 1444 peccaturi
3435 1377 3518 1432 di-

1940 1467 2084 1512 ctum
2111 1469 2214 1522 est,
2242 1459 2402 1514 Terra
2429 1477 2504 1528 es,
2541 1463 2660 1514 etin
2687 1472 2873 1518 terram
2899 1465 2994 1518 ibis
3016 1463 3167 1538 (Gen.
3198 1481 3274 1532 ιιι,
3305 1467 3420 1538 19);
3440 1477 3517 1538 et,

1942 1549 2064 1606 (Σωιὶ
2089 1562 2328 1606 enarrari!
2348 1554 2564 1624 gloriam
2586 1553 2698 1619 Dei,
2727 1571 2846 1610 cum
2865 1557 2930 1612 in
2957 1573 3154 1611 onmem
3188 1568 3373 1614 terram
3399 1561 3522 1614 exiit

1940 1660 2094 1697 sonus
2131 1659 2322 1711 eorum,
2355 1654 2400 1700 et
2425 1646 2480 1700 in
2497 1647 2624 1715 lines
2649 1647 2782 1702 orbis
2809 1657 2954 1703 terra:
2983 1650 3130 1704 verba
3155 1631 3326 1705 eorum
3351 1652 3519 1725 (Paul.

1943 1748 2088 1798 xvnr,
2109 1731 2165 1799 2,
2193 1734 2270 1804 5).

2013 1823 2065 1878 6.
2100 1822 2247 1896 [vers.
2275 1825 2328 1892 6,
2352 1826 2428 1899 7].
2469 1827 2721 1885 Terrena
2766 1839 2946 1887 autem
2997 1831 3260 1890 felicitatis
3301 1849 3522 1906 regnum

1941 1914 2186 1983 superbia
2215 1925 2316 1982 est,
2365 1926 2546 1972 contra
2595 1935 2752 1990 quam
2807 1923 2952 1977 venit
2990 1923 3256 1981 humilitas
3303 1926 3522 1994 Christi,

1941 2007 2270 2076 exprobrans
2287 2009 2366 2065 eis
2387 2025 2520 2080 quos
2549 2013 2664 2066 vult
2691 2028 2758 2068 ex
2787 2014 3086 2072 humilitate
3105 2017 3240 2074 filios
3265 2018 3524 2075 Altissimi

1943 2096 2136 2166 facere,
2168 2108 2326 2169 atque
2343 2101 2623 2172 increpans
2645 2122 2656 2156 :
2679 2103 2790 2175 Ego
2817 2106 2944 2170 dixi,
2965 2105 3054 2160 Dii
3077 2109 3212 2170 estis,
3241 2117 3287 2162 et
3311 2109 3408 2178 ﬁlii
3432 2109 3526 2164 ΑΙ-

1941 2189 2118 2242 tissimi
2143 2205 2331 2246 omnes.
2389 2191 2487 2244 Vos
2539 2202 2702 2246 autem
2729 2196 2856 2248 sicut
2899 2197 3122 2250 homines
3151 2199 3451 2264 moriemini,
3479 2207 3526 2256 et

1941 2280 2070 2332 sicut
2095 2295 2226 2334 unus
2251 2297 2312 2334 ex
2335 2282 2644 2352 principibus
2663 2285 2870 2338 cadetis.
2903 2286 3024 2342 Sive
3052 2287 3117 2342 ad
3145 2288 3265 2343 illos
3307 2289 3524 2356 dixerit,

1941 2367 2054 2439 Ego
2073 2369 2199 2436 dixi,
2219 2371 2306 2424 Dii
2333 2373 2469 2439 estis,
2493 2383 2539 2428 et
2555 2374 2651 2442 [iiii
2671 2375 2914 2430 Altissimi
2939 2393 3130 2444 omnes,
3145 2379 3211 2434 ad
3225 2394 3320 2434 eos
3345 2382 3526 2451 utique

1939 2462 2029 2530 qui
2059 2461 2419 2532 prtedcstinati
2443 2473 2568 2520 sunt
2594 2466 2646 2519 in
2667 2467 2826 2520 vitam
2843 2478 3118 2536 aeternam;
3144 2471 3208 2524 ad
3225 2473 3356 2526 alios
3373 2487 3522 2540 vero,

1953 2551 2050 2608 Vos
2087 2563 2252 2606 autem
2295 2556 2425 2608 sicut
2464 2557 2690 2612 homines
2742 2561 3039 2626 moriemini,
3082 2571 3128 2614 et
3147 2563 3274 2616 sicut
3315 2580 3526 2620 unusex

1942 2644 2250 2712 principibus
2278 2646 2486 2712 cadetis,
2508 2647 2608 2701 hoc
2639 2649 2796 2702 modo
2821 2650 2980 2704 etiam
3012 2651 3140 2706 deos
3166 2651 3476 2710 discernens
3509 2673 3524 2710 :

1939 2736 2058 2790 sive
2095 2749 2281 2790 omnes
2309 2737 2464 2790 simul
2493 2738 2747 2808 increpat,
2797 2749 2856 2794 ut
2896 2726 3524 2799 obedientes'correctos-

1939 2841 2044 2895 que
2085 2825 2371 2894 discernat,
2403 2829 2532 2900 Ego,
2579 2829 2768 2900 inquit,
2809 2831 2936 2894 diri,
2961 2831 3047 2884 Dii
3076 2836 3193 2887 estis
3231 2843 3276 2886 et
3312 2834 3408 2902 ﬁlii
3437 2833 3526 2886 Αι-

1942 2917 2121 2970 tissimi
2171 2935 2374 2983 omnes;
2423 2920 2476 2974 id
2527 2930 2629 2987 est,
2671 2922 2917 2976 ontuibus
2942 2923 3092 2976 vobis
3117 2924 3334 2992 promisi
3363 2923 3526 2979 coale-

1941 3019 2075 3062 stem
2106 3009 2442 3077 felicitatem;
2473 3027 2556 3066 uos
2585 3022 2768 3079 autem,
2802 3029 2896 3082 per
2921 3013 3278 3068 infirmitatem
3323 3016 3522 3082 carnis,

1939 3099 2068 3152 sicut
2092 3097 2315 3154 homines
2344 3101 2644 3168 moriemini,
2671 3112 2736 3166 et,
2767 3117 2861 3171 per
2885 3103 3166 3157 elationem
3205 3105 3388 3170 animi,
3427 3105 3528 3157 sic-

1941 3199 2015 3256 ut,
2045 3207 2176 3245 unus
2202 3208 2266 3246 ea:
2289 3193 2616 3263 principibus,
2651 3193 2700 3247 id
2738 3203 2820 3248 est
2845 3194 3107 3260 diabolus,
3137 3209 3242 3249 non
3297 3197 3522 3250 extolle-

1943 3281 2092 3346 mini,
2125 3281 2216 3336 sed
2255 3282 2465 3336 cadetis.
2495 3282 2648 3338 Velut
2693 3284 2736 3339 si
2783 3284 3020 3339 diceret:
3053 3285 3184 3340 Cum
3223 3293 3328 3340 tam
3371 3289 3524 3356 pauci

1941 3375 2048 3427 sint
2075 3373 2189 3429 dies
2228 3375 2352 3429 vita:
2395 3384 2610 3440 vestrae,
2638 3385 2698 3430 ut
2739 3375 2846 3430 cito
2887 3376 3025 3430 sicut
3053 3375 3295 3433 homines
3323 3380 3522 3432 moria-

1943 3468 2094 3532 miui,
2119 3484 2224 3522 non
2259 3467 2412 3523 vobis
2441 3467 2660 3537 prodest
2703 3468 2769 3522 ad
2810 3470 3226 3534 correctionem;
3277 3469 3371 3524 sed
3403 3479 3522 3524 tan~

1943 3575 2098 3629 quam
2127 3559 2386 3626 diabolus,
2411 3559 2562 3630 cujus
2588 3561 2704 3616 dies
2723 3561 2774 3615 in
2803 3559 2904 3616 hoc
2949 3562 3146 3616 sacculo
3187 3563 3334 3616 multi
3378 3570 3520 3628 sunt,

1943 3655 2063 3722 quia
2093 3668 2256 3708 carne
2295 3669 2400 3709 non
2428 3655 2674 3718 moritur,
2706 3655 3046 3720 extollimiui,
3077 3665 3133 3709 ut
3169 3655 3388 3710 cadatis.
3423 3655 3526 3710 Per

1945 3743 2262 3799 diabolicam
2309 3745 2506 3815 quippe
2551 3745 2854 3816 superbiam
2893 3745 3089 3800 factum
3116 3755 3218 3812 est,
3247 3755 3302 3799 ut
3326 3745 3523 3800 Christi

1941 3836 2128 3906 gloriae
2161 3836 2395 3904 perversi
2421 3845 2476 3890 et
2501 3837 2627 3890 circi
2656 3837 2921 3906 principes
2949 3835 3256 3890 Judmorum
3301 3836 3524 3891 invidis—

1942 3936 2062 3980 sent
2091 3944 2103 3978 :
2133 3942 2226 3994 per
2278 3928 2380 3980 hoc
2422 3927 2606 3980 vitium
2649 3925 2848 3980 factum
2899 3936 2978 3979 est
3021 3935 3078 3980 et
3116 3927 3194 3990 lit,
3230 3936 3285 3980 ut
3329 3926 3524 3980 Christi

1943 4033 2110 4086 usque
2137 4018 2202 4071 ad
2233 4027 2455 4072 inertem
2485 4018 2726 4072 crucifixi
2761 4017 3032 4070 lmmilitas
3076 4017 3291 4072 vilescat
3313 4017 3389 4072 eis
3433 4033 3524 4087 qut

1945 4109 2101 4176 hujus
2126 4109 2308 4164 saeculi
2331 4109 2554 4178 diligunt
2581 4109 2971 4163 excellentiam.

2015 4203 2064 4256 7.
2093 4199 2356 4274 [vet-s.8.]
2403 4200 2636 4254 l’roiude
2680 4208 2736 4253 ut
2789 4200 2894 4254 hoc
2945 4201 3126 4254 vitium
3173 4207 3409 4266 sanetur,
3460 4215 3524 4254 ex

1945 4292 2110 4360 ipsius
2139 4291 2410 4361 propheta:
2429 4307 2650 4360 persona
2677 4291 2868 4346 dicitur
2897 4307 2908 4342 :
2941 4291 3124 4362 Surge,
3163 4291 3317 4356 Deus,
3351 4291 3529 4360 judico

1944 4393 2149 4436 terram.
2198 4383 2458 4436 'l‘umuit’
2489 4383 2628 4437 enim
2689 4392 2850 4446 terra,
2907 4397 3028 4436 cum
3078 4391 3128 4436 te
3176 4381 3526 4452 cruciﬁgeret;

1945 4491 2104 4546 surge
2132 4491 2160 4528 a
2207 4475 2454 4537 mortuis,
2497 4484 2550 4529 et
2584 4473 2761 4544 judica
2805 4483 3020 4527 terram.
3061 4473 3313 4537 Quoniam
3349 4483 3400 4526 tu
3425 4472 3528 4525 dis-

1947 4565 2123 4636 perdes
2174 4564 2228 4618 in
2285 4563 2516 4617 omnibus
2567 4563 2792 4634 gentibus
2819 4561 3006 4631 :quid,
3035 4562 3134 4616 nisi
3177 4561 3403 4616 terram?
3431 4561 3532 4616 hoc

1946 4665 2046 4720 est,
2074 4670 2168 4710 eos
2193 4655 2282 4724 qui
2317 4664 2526 4709 terrena
2553 4653 2798 4722 sapiunt;
2831 4654 2944 4707 sive
2979 4653 3152 4720 ipsum
3203 4651 3449 4706 allectum
3477 4652 3528 4705 in

1947 4745 2286 4800 crcdentilms
2327 4753 2553 4799 terrena:
2594 4743 2896 4812 cupiditatis
2935 4751 2988 4796 et
3041 4742 3326 4796 elationem
3370 4741 3531 4796 absu-

1947 4837 2181 4902 mens’;
2229 4837 2343 4891 sive
2386 4851 2492 4890 non
2539 4835 2841 4899 credentes,
2899 4844 3094 4889 terram
3152 4833 3530 4888 conterendam

1951 4927 2379 5000 perdendamque
2423 4928 2754 4982 discernens.
2806 4927 2894 4982 Sic
2967 4943 3064 4997 per
3109 4927 3344 4981 membra
3411 4941 3529 4992 sua,

1948 5037 2172 5094 quorum
2217 5021 2554 5076 conversatio
2596 5023 2648 5074 in
2702 5021 2851 5074 milis
2881 5030 2982 5082 est,
3016 5019 3219 5088 judicat
3245 5025 3535 5079 terram,ct

1949 5115 2206 5186 disperdit
2235 5115 2286 5168 in
2331 5113 2578 5168 omnibus
2620 5113 2882 5182 gentibus.
2927 5111 3034 5166 Nec
3082 5109 3530 5180 praetereundum,

1951 5210 2090 5280 quod
2121 5207 2358 5262 neunulli
2387 5205 2602 5262 codices
2639 5205 2856 5268 habent,
2893 5204 3144 5268 Quoniam
3179 5213 3231 5255 tu
3262 5201 3533 5255 [neredita-

1952 5303 2024 5355 bis
2056 5301 2359 5354 inmunibus
2409 5297 2636 5370 gentibus
2665 5311 2683 5350 :
2712 5297 2834 5366 quia
2887 5303 2944 5350 et
2995 5295 3095 5348 hoc
3141 5309 3244 5348 non
3287 5294 3538 5348 inconve-

1952 5394 2161 5468 nienter
2189 5393 2465 5460 accipitur,
2491 5405 2662 5460 neque
2705 5400 2760 5443 ut
2788 5389 2947 5444 simul
2975 5399 3252 5458 utrumque
3281 5388 3352 5442 sit
3383 5387 3536 5456 quid-

1953 5501 2110 5556 quam
2137 5491 2412 5555 rvpuguat.
2447 5483 2530 5538 Fit
2557 5497 2684 5554 ergo
2714 5481 2998 5536 hau-editas
3038 5481 3154 5549 ejus
3179 5495 3275 5553 per
3307 5480 3538 5537 charito-

1971 5745 1974 5748 .
2023 5706 2038 5737 ι
2067 5705 2140 5754 sic
2157 5704 2389 5754 meliores
2409 5711 2517 5754 Mss.
2545 5711 2600 5753 At
2629 5701 2762 5758 ΕΜ..
2793 5699 2982 5750 'I‘imnit.

2017 5771 2036 5799 ²
2061 5767 2194 5826 Edd.,
2215 5779 2472 5820 assumens.
2499 5763 2816 5814 timendantur
2839 5764 3122 5814 auctoritate
