  <div class='ocr_page' id='page_1' title='image "/cluster/home/n/w/nwhite01/storage/ocr_20150623/37/hvd.32044015471477/019.png"; bbox 0 0 4084 6466; ppageno 0'>
   <div class='ocr_carea' id='block_1_1' title="bbox 516 364 648 422">
    <p class='ocr_par' dir='ltr' id='par_1_1' title="bbox 516 364 648 422">
     <span class='ocr_line' id='line_1_1' title="bbox 516 364 648 422; baseline -0.015 -1"><span class='ocrx_word' id='word_1_1' title='bbox 516 364 648 422; x_wconf 66' lang='grc'><strong>1051</strong></span> 
     </span>
    </p>
   </div>
   <div class='ocr_carea' id='block_1_2' title="bbox 517 447 2109 547">
    <p class='ocr_par' dir='ltr' id='par_1_2' title="bbox 517 447 2109 547">
     <span class='ocr_line' id='line_1_2' title="bbox 517 447 2109 547; baseline -0.022 -11"><span class='ocrx_word' id='word_1_2' title='bbox 517 490 645 543; x_wconf 86' lang='lat' dir='ltr'><strong>tem,</strong></span> <span class='ocrx_word' id='word_1_3' title='bbox 695 487 854 547; x_wconf 88' lang='lat' dir='ltr'><strong>quam</strong></span> <span class='ocrx_word' id='word_1_4' title='bbox 898 470 1008 526; x_wconf 78' lang='lat' dir='ltr'><strong>suis</strong></span> <span class='ocrx_word' id='word_1_5' title='bbox 1061 463 1343 540; x_wconf 74' lang='lat' dir='ltr'><strong>praeceptis</strong></span> <span class='ocrx_word' id='word_1_6' title='bbox 1388 470 1452 516; x_wconf 90' lang='lat' dir='ltr'><strong>et</strong></span> <span class='ocrx_word' id='word_1_7' title='bbox 1486 457 1653 532; x_wconf 85' lang='lat' dir='ltr'><strong>gratia</strong></span> <span class='ocrx_word' id='word_1_8' title='bbox 1691 447 2109 511; x_wconf 75' lang='lat' dir='ltr'><strong>misericorditer</strong></span> 
     </span>
    </p>
   </div>
   <div class='ocr_carea' id='block_1_3' title="bbox 512 548 1794 631">
    <p class='ocr_par' dir='ltr' id='par_1_3' title="bbox 512 548 1794 631">
     <span class='ocr_line' id='line_1_3' title="bbox 512 548 1794 631; baseline -0.022 -4"><span class='ocrx_word' id='word_1_9' title='bbox 512 564 836 631; x_wconf 70' lang='lat' dir='ltr'><strong>excolendo,</strong></span> <span class='ocrx_word' id='word_1_10' title='bbox 859 570 1125 618; x_wconf 78' lang='lat' dir='ltr'><strong>terrenam</strong></span> <span class='ocrx_word' id='word_1_11' title='bbox 1150 553 1408 625; x_wconf 90' lang='lat' dir='ltr'><strong>disperdit</strong></span> <span class='ocrx_word' id='word_1_12' title='bbox 1429 548 1794 620; x_wconf 75' lang='lat' dir='ltr'><strong>cupiditatem.</strong></span> 
     </span>
    </p>
   </div>
   <div class='ocr_carea' id='block_1_4' title="bbox 511 655 2098 696">
    <p class='ocr_par' dir='ltr' id='par_1_4' title="bbox 511 655 2098 696">
     <span class='ocr_line' id='line_1_4' title="bbox 511 655 2098 696; baseline -0.001 -24"><span class='ocrx_word' id='word_1_13' title='bbox 511 655 2098 696; x_wconf 79' lang='lat'><strong>________________________________..</strong></span> 
     </span>
    </p>
   </div>
   <div class='ocr_carea' id='block_1_5' title="bbox 862 713 1712 790">
    <p class='ocr_par' dir='ltr' id='par_1_5' title="bbox 862 713 1712 790">
     <span class='ocr_line' id='line_1_5' title="bbox 862 713 1712 790; baseline -0.02 0"><span class='ocrx_word' id='word_1_14' title='bbox 862 728 947 790; x_wconf 82' lang='lat' dir='ltr'><strong>IN</strong></span> <span class='ocrx_word' id='word_1_15' title='bbox 983 719 1367 787; x_wconf 77' lang='lat' dir='ltr'><strong>PSALMUM</strong></span> <span class='ocrx_word' id='word_1_16' title='bbox 1407 713 1712 777; x_wconf 77' lang='lat' dir='ltr'><strong>LXXXII</strong></span> 
     </span>
    </p>
   </div>
   <div class='ocr_carea' id='block_1_6' title="bbox 1147 815 1565 877">
    <p class='ocr_par' dir='ltr' id='par_1_6' title="bbox 1147 815 1565 877">
     <span class='ocr_line' id='line_1_6' title="bbox 1147 815 1565 877; baseline -0.019 0"><span class='ocrx_word' id='word_1_17' title='bbox 1147 815 1565 877; x_wconf 74' lang='lat' dir='ltr'><strong>ENARRATlO.</strong></span> 
     </span>
    </p>
   </div>
   <div class='ocr_carea' id='block_1_7' title="bbox 592 920 2107 1017">
    <p class='ocr_par' dir='ltr' id='par_1_7' title="bbox 592 920 2107 1017">
     <span class='ocr_line' id='line_1_7' title="bbox 592 920 2107 1017; baseline -0.018 -15"><span class='ocrx_word' id='word_1_18' title='bbox 592 947 646 1002; x_wconf 80' lang='lat' dir='ltr'><strong>l.</strong></span> <span class='ocrx_word' id='word_1_19' title='bbox 701 941 850 1017; x_wconf 81' lang='lat' dir='ltr'><strong>[vers.</strong></span> <span class='ocrx_word' id='word_1_20' title='bbox 886 938 961 1014; x_wconf 76' lang='grc'>1.]</span> <span class='ocrx_word' id='word_1_21' title='bbox 1002 936 1198 992; x_wconf 90' lang='lat' dir='ltr'><strong>Psalmi</strong></span> <span class='ocrx_word' id='word_1_22' title='bbox 1254 932 1409 1002; x_wconf 84' lang='lat' dir='ltr'><strong>hujus</strong></span> <span class='ocrx_word' id='word_1_23' title='bbox 1455 928 1638 984; x_wconf 91' lang='lat' dir='ltr'><strong>titulus</strong></span> <span class='ocrx_word' id='word_1_24' title='bbox 1688 932 1792 990; x_wconf 90' lang='lat' dir='ltr'><strong>est,</strong></span> <span class='ocrx_word' id='word_1_25' title='bbox 1838 920 2107 978; x_wconf 69' lang='lat' dir='ltr'><strong>Canticum:</strong></span> 
     </span>
    </p>
   </div>
   <div class='ocr_carea' id='block_1_8' title="bbox 529 1018 2109 1105">
    <p class='ocr_par' dir='ltr' id='par_1_8' title="bbox 529 1018 2109 1105">
     <span class='ocr_line' id='line_1_8' title="bbox 529 1018 2109 1105; baseline -0.017 -12"><span class='ocrx_word' id='word_1_26' title='bbox 529 1036 725 1093; x_wconf 82' lang='lat' dir='ltr'><strong>Psalmi</strong></span> <span class='ocrx_word' id='word_1_27' title='bbox 752 1034 946 1105; x_wconf 78' lang='lat' dir='ltr'><strong>Asaph.</strong></span> <span class='ocrx_word' id='word_1_28' title='bbox 974 1031 1090 1088; x_wconf 79' lang='lat' dir='ltr'><strong>1am</strong></span> <span class='ocrx_word' id='word_1_29' title='bbox 1116 1042 1258 1097; x_wconf 62' lang='lat' dir='ltr'><strong>saepe</strong></span> <span class='ocrx_word' id='word_1_30' title='bbox 1298 1025 1531 1079; x_wconf 79' lang='lat' dir='ltr'><strong>diximus</strong></span> <span class='ocrx_word' id='word_1_31' title='bbox 1561 1019 1688 1091; x_wconf 89' lang='lat' dir='ltr'><strong>quid</strong></span> <span class='ocrx_word' id='word_1_32' title='bbox 1731 1018 2109 1084; x_wconf 85' lang='lat' dir='ltr'><strong>interpretetur</strong></span> 
     </span>
    </p>
   </div>
   <div class='ocr_carea' id='block_1_9' title="bbox 523 1106 2109 1199">
    <p class='ocr_par' dir='ltr' id='par_1_9' title="bbox 523 1106 2109 1199">
     <span class='ocr_line' id='line_1_9' title="bbox 523 1106 2109 1199; baseline -0.018 -14"><span class='ocrx_word' id='word_1_33' title='bbox 523 1128 728 1199; x_wconf 83' lang='lat' dir='ltr'><strong>Asaph,</strong></span> <span class='ocrx_word' id='word_1_34' title='bbox 753 1127 803 1181; x_wconf 91' lang='lat' dir='ltr'><strong>id</strong></span> <span class='ocrx_word' id='word_1_35' title='bbox 826 1134 926 1192; x_wconf 87' lang='lat' dir='ltr'><strong>est,</strong></span> <span class='ocrx_word' id='word_1_36' title='bbox 948 1119 1321 1193; x_wconf 87' lang='lat' dir='ltr'><strong>Congregatio.</strong></span> <span class='ocrx_word' id='word_1_37' title='bbox 1354 1116 1526 1171; x_wconf 87' lang='lat' dir='ltr'><strong>Homo</strong></span> <span class='ocrx_word' id='word_1_38' title='bbox 1551 1106 1679 1182; x_wconf 84' lang='lat' dir='ltr'><strong>ergo</strong></span> <span class='ocrx_word' id='word_1_39' title='bbox 1718 1109 1806 1163; x_wconf 91' lang='lat' dir='ltr'><strong>illc</strong></span> <span class='ocrx_word' id='word_1_40' title='bbox 1835 1108 2109 1199; x_wconf 33' lang='lat' dir='ltr'><strong>qui‘voca-</strong></span> 
     </span>
    </p>
   </div>
   <div class='ocr_carea' id='block_1_10' title="bbox 521 1196 2107 1288">
    <p class='ocr_par' dir='ltr' id='par_1_10' title="bbox 521 1196 2107 1288">
     <span class='ocr_line' id='line_1_10' title="bbox 521 1196 2107 1288; baseline -0.017 -12"><span class='ocrx_word' id='word_1_41' title='bbox 521 1196 679 1276; x_wconf 81' lang='lat' dir='ltr'><strong>batur</strong></span> <span class='ocrx_word' id='word_1_42' title='bbox 704 1216 905 1288; x_wconf 85' lang='lat' dir='ltr'><strong>Asaph,</strong></span> <span class='ocrx_word' id='word_1_43' title='bbox 947 1216 998 1269; x_wconf 91' lang='lat' dir='ltr'><strong>in</strong></span> <span class='ocrx_word' id='word_1_44' title='bbox 1026 1214 1190 1283; x_wconf 77' lang='lat' dir='ltr'><strong>figura</strong></span> <span class='ocrx_word' id='word_1_45' title='bbox 1236 1204 1663 1279; x_wconf 79' lang='lat' dir='ltr'><strong>congregationis</strong></span> <span class='ocrx_word' id='word_1_46' title='bbox 1694 1199 1878 1271; x_wconf 83' lang='lat' dir='ltr'><strong>populi</strong></span> <span class='ocrx_word' id='word_1_47' title='bbox 1923 1197 2014 1252; x_wconf 89' lang='lat' dir='ltr'><strong>Dei</strong></span> <span class='ocrx_word' id='word_1_48' title='bbox 2054 1196 2107 1251; x_wconf 92' lang='lat' dir='ltr'><strong>in</strong></span> 
     </span>
    </p>
   </div>
   <div class='ocr_carea' id='block_1_11' title="bbox 521 1292 2107 1377">
    <p class='ocr_par' dir='ltr' id='par_1_11' title="bbox 521 1292 2107 1377">
     <span class='ocr_line' id='line_1_11' title="bbox 521 1292 2107 1377; baseline -0.017 -10"><span class='ocrx_word' id='word_1_49' title='bbox 521 1310 809 1366; x_wconf 90' lang='lat' dir='ltr'><strong>multorum</strong></span> <span class='ocrx_word' id='word_1_50' title='bbox 851 1307 1175 1377; x_wconf 82' lang='lat' dir='ltr'><strong>psalmorum</strong></span> <span class='ocrx_word' id='word_1_51' title='bbox 1225 1299 1389 1356; x_wconf 86' lang='lat' dir='ltr'><strong>titulis</strong></span> <span class='ocrx_word' id='word_1_52' title='bbox 1430 1296 1670 1368; x_wconf 87' lang='lat' dir='ltr'><strong>ponitur.</strong></span> <span class='ocrx_word' id='word_1_53' title='bbox 1707 1292 1892 1348; x_wconf 81' lang='lat' dir='ltr'><strong>Graece</strong></span> <span class='ocrx_word' id='word_1_54' title='bbox 1930 1297 2107 1344; x_wconf 90' lang='lat' dir='ltr'><strong>autem</strong></span> 
     </span>
    </p>
   </div>
   <div class='ocr_carea' id='block_1_12' title="bbox 521 1379 2107 1471">
    <p class='ocr_par' dir='ltr' id='par_1_12' title="bbox 521 1379 2107 1471">
     <span class='ocr_line' id='line_1_12' title="bbox 521 1379 2107 1471; baseline -0.015 -15"><span class='ocrx_word' id='word_1_55' title='bbox 521 1399 860 1471; x_wconf 77' lang='lat' dir='ltr'><strong>congregatio</strong></span> <span class='ocrx_word' id='word_1_56' title='bbox 896 1408 1161 1469; x_wconf 78' lang='lat' dir='ltr'><strong>synagoga</strong></span> <span class='ocrx_word' id='word_1_57' title='bbox 1190 1392 1404 1456; x_wconf 91' lang='lat' dir='ltr'><strong>dicitur,</strong></span> <span class='ocrx_word' id='word_1_58' title='bbox 1454 1385 1595 1459; x_wconf 89' lang='lat' dir='ltr'><strong>quod</strong></span> <span class='ocrx_word' id='word_1_59' title='bbox 1643 1384 1788 1438; x_wconf 91' lang='lat' dir='ltr'><strong>velut</strong></span> <span class='ocrx_word' id='word_1_60' title='bbox 1832 1379 2107 1471; x_wconf 86' lang='lat' dir='ltr'><strong>proprium</strong></span> 
     </span>
    </p>
   </div>
   <div class='ocr_carea' id='block_1_13' title="bbox 522 1470 2111 1554">
    <p class='ocr_par' dir='ltr' id='par_1_13' title="bbox 522 1470 2111 1554">
     <span class='ocr_line' id='line_1_13' title="bbox 522 1470 2111 1554; baseline -0.014 -7"><span class='ocrx_word' id='word_1_61' title='bbox 522 1470 719 1547; x_wconf 79' lang='lat' dir='ltr'><strong>nomen</strong></span> <span class='ocrx_word' id='word_1_62' title='bbox 748 1488 1051 1544; x_wconf 73' lang='lat' dir='ltr'><strong>Judazorum</strong></span> <span class='ocrx_word' id='word_1_63' title='bbox 1081 1483 1310 1554; x_wconf 90' lang='lat' dir='ltr'><strong>populus</strong></span> <span class='ocrx_word' id='word_1_64' title='bbox 1331 1479 1520 1543; x_wconf 89' lang='lat' dir='ltr'><strong>tenuit,</strong></span> <span class='ocrx_word' id='word_1_65' title='bbox 1543 1486 1601 1532; x_wconf 92' lang='lat' dir='ltr'><strong>ut</strong></span> <span class='ocrx_word' id='word_1_66' title='bbox 1623 1475 1901 1547; x_wconf 85' lang='lat' dir='ltr'><strong>Synagoga</strong></span> <span class='ocrx_word' id='word_1_67' title='bbox 1927 1470 2111 1541; x_wconf 84' lang='lat' dir='ltr'><strong>appel-</strong></span> 
     </span>
    </p>
   </div>
   <div class='ocr_carea' id='block_1_14' title="bbox 524 1565 2111 1648">
    <p class='ocr_par' dir='ltr' id='par_1_14' title="bbox 524 1565 2111 1648">
     <span class='ocr_line' id='line_1_14' title="bbox 524 1565 2111 1648; baseline -0.012 -12"><span class='ocrx_word' id='word_1_68' title='bbox 524 1580 757 1646; x_wconf 88' lang='lat' dir='ltr'><strong>laretur;</strong></span> <span class='ocrx_word' id='word_1_69' title='bbox 797 1579 937 1634; x_wconf 85' lang='lat' dir='ltr'><strong>sicut</strong></span> <span class='ocrx_word' id='word_1_70' title='bbox 982 1576 1205 1648; x_wconf 89' lang='lat' dir='ltr'><strong>populus</strong></span> <span class='ocrx_word' id='word_1_71' title='bbox 1239 1571 1569 1629; x_wconf 88' lang='lat' dir='ltr'><strong>Christianus</strong></span> <span class='ocrx_word' id='word_1_72' title='bbox 1610 1565 1855 1621; x_wconf 83' lang='lat' dir='ltr'><strong>usitatius</strong></span> <span class='ocrx_word' id='word_1_73' title='bbox 1892 1570 2111 1620; x_wconf 83' lang='lat' dir='ltr'><strong>vocatur</strong></span> 
     </span>
    </p>
   </div>
   <div class='ocr_carea' id='block_1_15' title="bbox 523 1665 1771 1747">
    <p class='ocr_par' dir='ltr' id='par_1_15' title="bbox 523 1665 1771 1747">
     <span class='ocr_line' id='line_1_15' title="bbox 523 1665 1771 1747; baseline -0.013 -20"><span class='ocrx_word' id='word_1_74' title='bbox 523 1669 787 1737; x_wconf 85' lang='lat' dir='ltr'><strong>Ecclesia,</strong></span> <span class='ocrx_word' id='word_1_75' title='bbox 816 1683 937 1724; x_wconf 90' lang='lat' dir='ltr'><strong>cum</strong></span> <span class='ocrx_word' id='word_1_76' title='bbox 969 1676 1022 1723; x_wconf 92' lang='lat' dir='ltr'><strong>et</strong></span> <span class='ocrx_word' id='word_1_77' title='bbox 1051 1668 1167 1737; x_wconf 93' lang='lat' dir='ltr'><strong>ipse</strong></span> <span class='ocrx_word' id='word_1_78' title='bbox 1190 1665 1374 1734; x_wconf 88' lang='lat' dir='ltr'><strong>utique</strong></span> <span class='ocrx_word' id='word_1_79' title='bbox 1400 1666 1771 1747; x_wconf 68' lang='lat' dir='ltr'><strong>congregetur.</strong></span> 
     </span>
    </p>
   </div>
   <div class='ocr_carea' id='block_1_16' title="bbox 591 1743 2111 1832">
    <p class='ocr_par' dir='ltr' id='par_1_16' title="bbox 591 1743 2111 1832">
     <span class='ocr_line' id='line_1_16' title="bbox 591 1743 2111 1832; baseline -0.01 -18"><span class='ocrx_word' id='word_1_80' title='bbox 591 1760 648 1814; x_wconf 75' lang='lat'><strong>2.</strong></span> <span class='ocrx_word' id='word_1_81' title='bbox 678 1758 827 1832; x_wconf 84' lang='lat' dir='ltr'><strong>[vers.</strong></span> <span class='ocrx_word' id='word_1_82' title='bbox 850 1757 930 1831; x_wconf 73' lang='grc'>2.]</span> <span class='ocrx_word' id='word_1_83' title='bbox 959 1756 1192 1826; x_wconf 86' lang='lat' dir='ltr'><strong>Populus</strong></span> <span class='ocrx_word' id='word_1_84' title='bbox 1224 1754 1402 1823; x_wconf 86' lang='lat' dir='ltr'><strong>itaque</strong></span> <span class='ocrx_word' id='word_1_85' title='bbox 1445 1751 1537 1806; x_wconf 93' lang='lat' dir='ltr'><strong>Dei</strong></span> <span class='ocrx_word' id='word_1_86' title='bbox 1567 1743 1624 1805; x_wconf 88' lang='lat' dir='ltr'><strong>in</strong></span> <span class='ocrx_word' id='word_1_87' title='bbox 1649 1750 1750 1803; x_wconf 92' lang='lat' dir='ltr'><strong>isto</strong></span> <span class='ocrx_word' id='word_1_88' title='bbox 1779 1745 1989 1817; x_wconf 86' lang='lat' dir='ltr'><strong>psalmo</strong></span> <span class='ocrx_word' id='word_1_89' title='bbox 2025 1743 2111 1800; x_wconf 84' lang='lat' dir='ltr'><strong>di-</strong></span> 
     </span>
    </p>
   </div>
   <div class='ocr_carea' id='block_1_17' title="bbox 525 1840 2112 1919">
    <p class='ocr_par' dir='ltr' id='par_1_17' title="bbox 525 1840 2112 1919">
     <span class='ocr_line' id='line_1_17' title="bbox 525 1840 2112 1919; baseline -0.011 -10"><span class='ocrx_word' id='word_1_90' title='bbox 525 1852 631 1909; x_wconf 88' lang='lat' dir='ltr'><strong>cit:</strong></span> <span class='ocrx_word' id='word_1_91' title='bbox 656 1851 815 1912; x_wconf 87' lang='lat' dir='ltr'><strong>Deus,</strong></span> <span class='ocrx_word' id='word_1_92' title='bbox 837 1851 949 1919; x_wconf 96' lang='lat' dir='ltr'><strong>quis</strong></span> <span class='ocrx_word' id='word_1_93' title='bbox 966 1849 1144 1905; x_wconf 84' lang='lat' dir='ltr'><strong>similis</strong></span> <span class='ocrx_word' id='word_1_94' title='bbox 1165 1847 1255 1901; x_wconf 85' lang='lat' dir='ltr'><strong>erit</strong></span> <span class='ocrx_word' id='word_1_95' title='bbox 1281 1845 1368 1899; x_wconf 87' lang='lat' dir='ltr'><strong>tibi</strong></span> <span class='ocrx_word' id='word_1_96' title='bbox 1391 1844 1417 1899; x_wconf 71' lang='lat'><strong>1’</strong></span> <span class='ocrx_word' id='word_1_97' title='bbox 1441 1842 1598 1911; x_wconf 85' lang='lat' dir='ltr'><strong>Quod</strong></span> <span class='ocrx_word' id='word_1_98' title='bbox 1632 1856 1732 1912; x_wconf 83' lang='lat' dir='ltr'><strong>ego</strong></span> <span class='ocrx_word' id='word_1_99' title='bbox 1759 1840 1993 1895; x_wconf 85' lang='lat' dir='ltr'><strong>arbitror</strong></span> <span class='ocrx_word' id='word_1_100' title='bbox 2017 1853 2112 1893; x_wconf 89' lang='lat' dir='ltr'><strong>ac-</strong></span> 
     </span>
    </p>
   </div>
   <div class='ocr_carea' id='block_1_18' title="bbox 523 1928 2113 2008">
    <p class='ocr_par' dir='ltr' id='par_1_18' title="bbox 523 1928 2113 2008">
     <span class='ocr_line' id='line_1_18' title="bbox 523 1928 2113 2008; baseline -0.009 -11"><span class='ocrx_word' id='word_1_101' title='bbox 523 1940 914 1998; x_wconf 88' lang='lat' dir='ltr'><strong>commodatius</strong></span> <span class='ocrx_word' id='word_1_102' title='bbox 943 1938 1111 2008; x_wconf 88' lang='lat' dir='ltr'><strong>accipi</strong></span> <span class='ocrx_word' id='word_1_103' title='bbox 1142 1938 1194 1992; x_wconf 91' lang='lat' dir='ltr'><strong>in</strong></span> <span class='ocrx_word' id='word_1_104' title='bbox 1222 1935 1455 1999; x_wconf 87' lang='lat' dir='ltr'><strong>Christo,</strong></span> <span class='ocrx_word' id='word_1_105' title='bbox 1504 1933 1625 2003; x_wconf 86' lang='lat' dir='ltr'><strong>quia</strong></span> <span class='ocrx_word' id='word_1_106' title='bbox 1672 1932 1723 1986; x_wconf 92' lang='lat' dir='ltr'><strong>in</strong></span> <span class='ocrx_word' id='word_1_107' title='bbox 1766 1928 2113 1986; x_wconf 89' lang='lat' dir='ltr'><strong>similitudine</strong></span> 
     </span>
    </p>
   </div>
   <div class='ocr_carea' id='block_1_19' title="bbox 526 2023 2111 2099">
    <p class='ocr_par' dir='ltr' id='par_1_19' title="bbox 526 2023 2111 2099">
     <span class='ocr_line' id='line_1_19' title="bbox 526 2023 2111 2099; baseline -0.011 -9"><span class='ocrx_word' id='word_1_108' title='bbox 526 2031 805 2090; x_wconf 83' lang='lat' dir='ltr'><strong>hominum</strong></span> <span class='ocrx_word' id='word_1_109' title='bbox 834 2032 1025 2097; x_wconf 79' lang='lat' dir='ltr'><strong>factus,</strong></span> <span class='ocrx_word' id='word_1_110' title='bbox 1056 2036 1268 2099; x_wconf 87' lang='lat' dir='ltr'><strong>putatus</strong></span> <span class='ocrx_word' id='word_1_111' title='bbox 1288 2037 1371 2083; x_wconf 92' lang='lat' dir='ltr'><strong>est</strong></span> <span class='ocrx_word' id='word_1_112' title='bbox 1408 2027 1476 2081; x_wconf 92' lang='lat' dir='ltr'><strong>ab</strong></span> <span class='ocrx_word' id='word_1_113' title='bbox 1499 2026 1577 2081; x_wconf 90' lang='lat' dir='ltr'><strong>eis</strong></span> <span class='ocrx_word' id='word_1_114' title='bbox 1601 2039 1630 2079; x_wconf 91' lang='lat' dir='ltr'><strong>a</strong></span> <span class='ocrx_word' id='word_1_115' title='bbox 1658 2023 1851 2094; x_wconf 89' lang='lat' dir='ltr'><strong>quibus</strong></span> <span class='ocrx_word' id='word_1_116' title='bbox 1871 2029 2111 2077; x_wconf 79' lang='lat' dir='ltr'><strong>contem-</strong></span> 
     </span>
    </p>
   </div>
   <div class='ocr_carea' id='block_1_20' title="bbox 526 2113 2115 2196">
    <p class='ocr_par' dir='ltr' id='par_1_20' title="bbox 526 2113 2115 2196">
     <span class='ocr_line' id='line_1_20' title="bbox 526 2113 2115 2196; baseline -0.01 -16"><span class='ocrx_word' id='word_1_117' title='bbox 526 2132 650 2196; x_wconf 88' lang='lat' dir='ltr'><strong>ptus</strong></span> <span class='ocrx_word' id='word_1_118' title='bbox 692 2131 795 2192; x_wconf 90' lang='lat' dir='ltr'><strong>est,</strong></span> <span class='ocrx_word' id='word_1_119' title='bbox 836 2122 1044 2178; x_wconf 78' lang='lat' dir='ltr'><strong>caeteris</strong></span> <span class='ocrx_word' id='word_1_120' title='bbox 1089 2118 1393 2175; x_wconf 85' lang='lat' dir='ltr'><strong>hominibus</strong></span> <span class='ocrx_word' id='word_1_121' title='bbox 1447 2113 1879 2186; x_wconf 87' lang='lat' dir='ltr'><strong>comparandus:</strong></span> <span class='ocrx_word' id='word_1_122' title='bbox 1909 2127 2030 2166; x_wconf 91' lang='lat' dir='ltr'><strong>nam</strong></span> <span class='ocrx_word' id='word_1_123' title='bbox 2060 2118 2115 2165; x_wconf 91' lang='lat' dir='ltr'><strong>et</strong></span> 
     </span>
    </p>
   </div>
   <div class='ocr_carea' id='block_1_21' title="bbox 527 2203 2114 2286">
    <p class='ocr_par' dir='ltr' id='par_1_21' title="bbox 527 2203 2114 2286">
     <span class='ocr_line' id='line_1_21' title="bbox 527 2203 2114 2286; baseline -0.01 -13"><span class='ocrx_word' id='word_1_124' title='bbox 527 2218 668 2273; x_wconf 86' lang='lat' dir='ltr'><strong>inter</strong></span> <span class='ocrx_word' id='word_1_125' title='bbox 689 2216 898 2286; x_wconf 89' lang='lat' dir='ltr'><strong>iniquos</strong></span> <span class='ocrx_word' id='word_1_126' title='bbox 924 2214 1206 2283; x_wconf 88' lang='lat' dir='ltr'><strong>deputatus</strong></span> <span class='ocrx_word' id='word_1_127' title='bbox 1227 2219 1309 2265; x_wconf 91' lang='lat' dir='ltr'><strong>est</strong></span> <span class='ocrx_word' id='word_1_128' title='bbox 1339 2208 1490 2279; x_wconf 87' lang='lat' dir='ltr'><strong>(Isai.</strong></span> <span class='ocrx_word' id='word_1_129' title='bbox 1521 2223 1633 2274; x_wconf 85' lang='lat' dir='ltr'><strong>Llll,</strong></span> <span class='ocrx_word' id='word_1_130' title='bbox 1659 2207 1769 2277; x_wconf 70' lang='lat'><strong>12);</strong></span> <span class='ocrx_word' id='word_1_131' title='bbox 1801 2203 1895 2260; x_wconf 90' lang='lat' dir='ltr'><strong>sed</strong></span> <span class='ocrx_word' id='word_1_132' title='bbox 1924 2204 1989 2259; x_wconf 90' lang='lat' dir='ltr'><strong>ad</strong></span> <span class='ocrx_word' id='word_1_133' title='bbox 2011 2203 2114 2258; x_wconf 91' lang='lat' dir='ltr'><strong>hoc</strong></span> 
     </span>
    </p>
   </div>
   <div class='ocr_carea' id='block_1_22' title="bbox 527 2298 2116 2378">
    <p class='ocr_par' dir='ltr' id='par_1_22' title="bbox 527 2298 2116 2378">
     <span class='ocr_line' id='line_1_22' title="bbox 527 2298 2116 2378; baseline -0.008 -16"><span class='ocrx_word' id='word_1_134' title='bbox 527 2316 586 2363; x_wconf 89' lang='lat' dir='ltr'><strong>ut</strong></span> <span class='ocrx_word' id='word_1_135' title='bbox 610 2307 959 2378; x_wconf 78' lang='lat' dir='ltr'><strong>judicaretur.</strong></span> <span class='ocrx_word' id='word_1_136' title='bbox 990 2305 1120 2359; x_wconf 91' lang='lat' dir='ltr'><strong>Cum</strong></span> <span class='ocrx_word' id='word_1_137' title='bbox 1163 2312 1339 2357; x_wconf 88' lang='lat' dir='ltr'><strong>autem</strong></span> <span class='ocrx_word' id='word_1_138' title='bbox 1383 2301 1561 2355; x_wconf 83' lang='lat' dir='ltr'><strong>veniet</strong></span> <span class='ocrx_word' id='word_1_139' title='bbox 1586 2298 1941 2369; x_wconf 89' lang='lat' dir='ltr'><strong>judicaturus,</strong></span> <span class='ocrx_word' id='word_1_140' title='bbox 1989 2304 2116 2351; x_wconf 92' lang='lat' dir='ltr'><strong>tunc</strong></span> 
     </span>
    </p>
   </div>
   <div class='ocr_carea' id='block_1_23' title="bbox 526 2387 2115 2466">
    <p class='ocr_par' dir='ltr' id='par_1_23' title="bbox 526 2387 2115 2466">
     <span class='ocr_line' id='line_1_23' title="bbox 526 2387 2115 2466; baseline -0.006 -13"><span class='ocrx_word' id='word_1_141' title='bbox 526 2399 621 2454; x_wconf 77' lang='lat' dir='ltr'><strong>ﬁet</strong></span> <span class='ocrx_word' id='word_1_142' title='bbox 658 2397 799 2466; x_wconf 89' lang='lat' dir='ltr'><strong>quod</strong></span> <span class='ocrx_word' id='word_1_143' title='bbox 842 2396 928 2450; x_wconf 88' lang='lat' dir='ltr'><strong>hic</strong></span> <span class='ocrx_word' id='word_1_144' title='bbox 951 2396 1166 2461; x_wconf 88' lang='lat' dir='ltr'><strong>dicitur,</strong></span> <span class='ocrx_word' id='word_1_145' title='bbox 1204 2394 1361 2457; x_wconf 88' lang='lat' dir='ltr'><strong>Deus,</strong></span> <span class='ocrx_word' id='word_1_146' title='bbox 1406 2392 1518 2461; x_wconf 90' lang='lat' dir='ltr'><strong>quis</strong></span> <span class='ocrx_word' id='word_1_147' title='bbox 1557 2390 1735 2447; x_wconf 78' lang='lat' dir='ltr'><strong>similis</strong></span> <span class='ocrx_word' id='word_1_148' title='bbox 1772 2391 1865 2444; x_wconf 89' lang='lat' dir='ltr'><strong>erit</strong></span> <span class='ocrx_word' id='word_1_149' title='bbox 1894 2389 2021 2443; x_wconf 75' lang='lat' dir='ltr'><strong>tibi!</strong></span> <span class='ocrx_word' id='word_1_150' title='bbox 2057 2387 2115 2445; x_wconf 87' lang='lat' dir='ltr'><strong>Si</strong></span> 
     </span>
    </p>
   </div>
   <div class='ocr_carea' id='block_1_24' title="bbox 525 2480 2117 2553">
    <p class='ocr_par' dir='ltr' id='par_1_24' title="bbox 525 2480 2117 2553">
     <span class='ocr_line' id='line_1_24' title="bbox 525 2480 2117 2553; baseline -0.007 -9"><span class='ocrx_word' id='word_1_151' title='bbox 525 2489 668 2544; x_wconf 89' lang='lat' dir='ltr'><strong>enim</strong></span> <span class='ocrx_word' id='word_1_152' title='bbox 694 2487 889 2543; x_wconf 89' lang='lat' dir='ltr'><strong>Psalmi</strong></span> <span class='ocrx_word' id='word_1_153' title='bbox 927 2503 1032 2541; x_wconf 92' lang='lat' dir='ltr'><strong>non</strong></span> <span class='ocrx_word' id='word_1_154' title='bbox 1077 2487 1313 2541; x_wconf 83' lang='lat' dir='ltr'><strong>solerent</strong></span> <span class='ocrx_word' id='word_1_155' title='bbox 1344 2484 1489 2553; x_wconf 90' lang='lat' dir='ltr'><strong>loqui</strong></span> <span class='ocrx_word' id='word_1_156' title='bbox 1520 2483 1588 2537; x_wconf 86' lang='lat' dir='ltr'><strong>ad</strong></span> <span class='ocrx_word' id='word_1_157' title='bbox 1648 2483 1926 2537; x_wconf 89' lang='lat' dir='ltr'><strong>Dominum</strong></span> <span class='ocrx_word' id='word_1_158' title='bbox 1964 2480 2117 2536; x_wconf 81' lang='lat' dir='ltr'><strong>Chri~</strong></span> 
     </span>
    </p>
   </div>
   <div class='ocr_carea' id='block_1_25' title="bbox 526 2572 2115 2646">
    <p class='ocr_par' dir='ltr' id='par_1_25' title="bbox 526 2572 2115 2646">
     <span class='ocr_line' id='line_1_25' title="bbox 526 2572 2115 2646; baseline -0.006 -11"><span class='ocrx_word' id='word_1_159' title='bbox 526 2587 689 2646; x_wconf 86' lang='lat' dir='ltr'><strong>stum,</strong></span> <span class='ocrx_word' id='word_1_160' title='bbox 720 2595 824 2634; x_wconf 92' lang='lat' dir='ltr'><strong>non</strong></span> <span class='ocrx_word' id='word_1_161' title='bbox 869 2578 1138 2635; x_wconf 90' lang='lat' dir='ltr'><strong>diceretur</strong></span> <span class='ocrx_word' id='word_1_162' title='bbox 1180 2577 1341 2632; x_wconf 89' lang='lat' dir='ltr'><strong>etiam</strong></span> <span class='ocrx_word' id='word_1_163' title='bbox 1387 2574 1543 2638; x_wconf 89' lang='lat' dir='ltr'><strong>illud,</strong></span> <span class='ocrx_word' id='word_1_164' title='bbox 1588 2573 1728 2645; x_wconf 91' lang='lat' dir='ltr'><strong>quod</strong></span> <span class='ocrx_word' id='word_1_165' title='bbox 1776 2574 1875 2644; x_wconf 91' lang='lat' dir='ltr'><strong>ipsi</strong></span> <span class='ocrx_word' id='word_1_166' title='bbox 1919 2572 2115 2626; x_wconf 92' lang='lat' dir='ltr'><strong>dictum</strong></span> 
     </span>
    </p>
   </div>
   <div class='ocr_carea' id='block_1_26' title="bbox 526 2664 2115 2740">
    <p class='ocr_par' dir='ltr' id='par_1_26' title="bbox 526 2664 2115 2740">
     <span class='ocr_line' id='line_1_26' title="bbox 526 2664 2115 2740; baseline -0.008 -14"><span class='ocrx_word' id='word_1_167' title='bbox 526 2684 647 2726; x_wconf 89' lang='lat' dir='ltr'><strong>esse</strong></span> <span class='ocrx_word' id='word_1_168' title='bbox 674 2670 849 2725; x_wconf 89' lang='lat' dir='ltr'><strong>nullus</strong></span> <span class='ocrx_word' id='word_1_169' title='bbox 874 2677 1048 2740; x_wconf 87' lang='lat' dir='ltr'><strong>potest</strong></span> <span class='ocrx_word' id='word_1_170' title='bbox 1066 2667 1312 2724; x_wconf 90' lang='lat' dir='ltr'><strong>dubitare</strong></span> <span class='ocrx_word' id='word_1_171' title='bbox 1335 2666 1569 2721; x_wconf 78' lang='lat' dir='ltr'><strong>fidelium</strong></span> <span class='ocrx_word' id='word_1_172' title='bbox 1601 2682 1613 2717; x_wconf 87' lang='lat'>:</span> <span class='ocrx_word' id='word_1_173' title='bbox 1648 2684 1667 2716; x_wconf 81' lang='grc' dir='ltr'><strong>ι</strong></span> <span class='ocrx_word' id='word_1_174' title='bbox 1695 2664 1945 2720; x_wconf 90' lang='lat' dir='ltr'><strong>Thronus</strong></span> <span class='ocrx_word' id='word_1_175' title='bbox 1975 2670 2115 2727; x_wconf 91' lang='lat' dir='ltr'><strong>tuus,</strong></span> 
     </span>
    </p>
   </div>
   <div class='ocr_carea' id='block_1_27' title="bbox 531 2754 2119 2828">
    <p class='ocr_par' dir='ltr' id='par_1_27' title="bbox 531 2754 2119 2828">
     <span class='ocr_line' id='line_1_27' title="bbox 531 2754 2119 2828; baseline -0.007 -11"><span class='ocrx_word' id='word_1_176' title='bbox 531 2761 694 2827; x_wconf 87' lang='lat' dir='ltr'><strong>Deus,</strong></span> <span class='ocrx_word' id='word_1_177' title='bbox 738 2762 791 2816; x_wconf 89' lang='lat' dir='ltr'><strong>in</strong></span> <span class='ocrx_word' id='word_1_178' title='bbox 830 2760 1081 2816; x_wconf 66' lang='lat' dir='ltr'><strong>sarculum</strong></span> <span class='ocrx_word' id='word_1_179' title='bbox 1146 2759 1347 2821; x_wconf 64' lang='lat' dir='ltr'><strong>surculi,</strong></span> <span class='ocrx_word' id='word_1_180' title='bbox 1396 2758 1544 2828; x_wconf 85' lang='lat' dir='ltr'><strong>virga</strong></span> <span class='ocrx_word' id='word_1_181' title='bbox 1596 2756 1925 2820; x_wconf 80' lang='lat' dir='ltr'><strong>directionis,</strong></span> <span class='ocrx_word' id='word_1_182' title='bbox 1971 2754 2119 2823; x_wconf 87' lang='lat' dir='ltr'><strong>virga</strong></span> 
     </span>
    </p>
   </div>
   <div class='ocr_carea' id='block_1_28' title="bbox 528 2846 2115 2925">
    <p class='ocr_par' dir='ltr' id='par_1_28' title="bbox 528 2846 2115 2925">
     <span class='ocr_line' id='line_1_28' title="bbox 528 2846 2115 2925; baseline -0.008 -15"><span class='ocrx_word' id='word_1_183' title='bbox 528 2855 678 2925; x_wconf 83' lang='lat' dir='ltr'><strong>regni</strong></span> <span class='ocrx_word' id='word_1_184' title='bbox 718 2854 793 2909; x_wconf 91' lang='lat' dir='ltr'><strong>tui</strong></span> <span class='ocrx_word' id='word_1_185' title='bbox 824 2871 836 2909; x_wconf 89' lang='lat'><strong>:</strong></span> <span class='ocrx_word' id='word_1_186' title='bbox 867 2852 1098 2908; x_wconf 84' lang='lat' dir='ltr'><strong>dilexisti</strong></span> <span class='ocrx_word' id='word_1_187' title='bbox 1127 2852 1408 2921; x_wconf 86' lang='lat' dir='ltr'><strong>justitiam,</strong></span> <span class='ocrx_word' id='word_1_188' title='bbox 1452 2857 1507 2904; x_wconf 90' lang='lat' dir='ltr'><strong>et</strong></span> <span class='ocrx_word' id='word_1_189' title='bbox 1549 2848 1706 2903; x_wconf 91' lang='lat' dir='ltr'><strong>odisti</strong></span> <span class='ocrx_word' id='word_1_190' title='bbox 1752 2846 2115 2915; x_wconf 78' lang='lat' dir='ltr'><strong>iniquitatem;</strong></span> 
     </span>
    </p>
   </div>
   <div class='ocr_carea' id='block_1_29' title="bbox 529 2937 2121 3019">
    <p class='ocr_par' dir='ltr' id='par_1_29' title="bbox 529 2937 2121 3019">
     <span class='ocr_line' id='line_1_29' title="bbox 529 2937 2121 3019; baseline -0.006 -17"><span class='ocrx_word' id='word_1_191' title='bbox 529 2957 812 3019; x_wconf 89' lang='lat' dir='ltr'><strong>propterea</strong></span> <span class='ocrx_word' id='word_1_192' title='bbox 834 2947 986 3001; x_wconf 80' lang='lat' dir='ltr'><strong>unxit</strong></span> <span class='ocrx_word' id='word_1_193' title='bbox 1008 2954 1078 3010; x_wconf 91' lang='lat' dir='ltr'><strong>te,</strong></span> <span class='ocrx_word' id='word_1_194' title='bbox 1100 2945 1258 3005; x_wconf 84' lang='lat' dir='ltr'><strong>Deus.</strong></span> <span class='ocrx_word' id='word_1_195' title='bbox 1282 2944 1426 2998; x_wconf 91' lang='lat' dir='ltr'><strong>Deus</strong></span> <span class='ocrx_word' id='word_1_196' title='bbox 1450 2950 1573 2995; x_wconf 91' lang='lat' dir='ltr'><strong>tuus</strong></span> <span class='ocrx_word' id='word_1_197' title='bbox 1600 2940 1720 2994; x_wconf 91' lang='lat' dir='ltr'><strong>oleo</strong></span> <span class='ocrx_word' id='word_1_198' title='bbox 1752 2937 2121 2994; x_wconf 86' lang='lat' dir='ltr'><strong>exsultationis</strong></span> 
     </span>
    </p>
   </div>
   <div class='ocr_carea' id='block_1_30' title="bbox 529 3031 2122 3110">
    <p class='ocr_par' dir='ltr' id='par_1_30' title="bbox 529 3031 2122 3110">
     <span class='ocr_line' id='line_1_30' title="bbox 529 3031 2122 3110; baseline -0.005 -17"><span class='ocrx_word' id='word_1_199' title='bbox 529 3054 643 3110; x_wconf 66' lang='lat' dir='ltr'><strong>prae</strong></span> <span class='ocrx_word' id='word_1_200' title='bbox 671 3038 1013 3108; x_wconf 88' lang='lat' dir='ltr'><strong>participibus</strong></span> <span class='ocrx_word' id='word_1_201' title='bbox 1042 3037 1142 3091; x_wconf 91' lang='lat' dir='ltr'><strong>tuis</strong></span> <span class='ocrx_word' id='word_1_202' title='bbox 1163 3055 1180 3088; x_wconf 78' lang='grc' dir='ltr'><strong>ι</strong></span> <span class='ocrx_word' id='word_1_203' title='bbox 1202 3034 1370 3107; x_wconf 89' lang='lat' dir='ltr'><strong>(Psal.</strong></span> <span class='ocrx_word' id='word_1_204' title='bbox 1401 3049 1543 3097; x_wconf 83' lang='lat' dir='ltr'><strong>xuv,</strong></span> <span class='ocrx_word' id='word_1_205' title='bbox 1574 3032 1627 3097; x_wconf 93' lang='lat'><strong>7,</strong></span> <span class='ocrx_word' id='word_1_206' title='bbox 1648 3031 1728 3102; x_wconf 85' lang='lat'><strong>8).</strong></span> <span class='ocrx_word' id='word_1_207' title='bbox 1759 3031 1891 3085; x_wconf 87' lang='lat' dir='ltr'><strong>lluic</strong></span> <span class='ocrx_word' id='word_1_208' title='bbox 1920 3046 2046 3101; x_wconf 89' lang='lat' dir='ltr'><strong>ergo</strong></span> <span class='ocrx_word' id='word_1_209' title='bbox 2070 3039 2122 3085; x_wconf 91' lang='lat' dir='ltr'><strong>et</strong></span> 
     </span>
    </p>
   </div>
   <div class='ocr_carea' id='block_1_31' title="bbox 529 3121 2121 3196">
    <p class='ocr_par' dir='ltr' id='par_1_31' title="bbox 529 3121 2121 3196">
     <span class='ocr_line' id='line_1_31' title="bbox 529 3121 2121 3196; baseline -0.004 -13"><span class='ocrx_word' id='word_1_210' title='bbox 529 3143 672 3183; x_wconf 87' lang='lat' dir='ltr'><strong>nunc</strong></span> <span class='ocrx_word' id='word_1_211' title='bbox 697 3128 911 3194; x_wconf 91' lang='lat' dir='ltr'><strong>dicitur,</strong></span> <span class='ocrx_word' id='word_1_212' title='bbox 945 3127 1102 3193; x_wconf 91' lang='lat' dir='ltr'><strong>Deus,</strong></span> <span class='ocrx_word' id='word_1_213' title='bbox 1137 3127 1250 3196; x_wconf 91' lang='lat' dir='ltr'><strong>quis</strong></span> <span class='ocrx_word' id='word_1_214' title='bbox 1286 3125 1465 3179; x_wconf 78' lang='lat' dir='ltr'><strong>similis</strong></span> <span class='ocrx_word' id='word_1_215' title='bbox 1492 3124 1584 3177; x_wconf 88' lang='lat' dir='ltr'><strong>erit</strong></span> <span class='ocrx_word' id='word_1_216' title='bbox 1611 3123 1732 3177; x_wconf 83' lang='lat' dir='ltr'><strong>tibi?</strong></span> <span class='ocrx_word' id='word_1_217' title='bbox 1762 3121 1941 3176; x_wconf 83' lang='lat' dir='ltr'><strong>Multis</strong></span> <span class='ocrx_word' id='word_1_218' title='bbox 1978 3122 2121 3177; x_wconf 91' lang='lat' dir='ltr'><strong>enim</strong></span> 
     </span>
    </p>
   </div>
   <div class='ocr_carea' id='block_1_32' title="bbox 530 3214 2124 3285">
    <p class='ocr_par' dir='ltr' id='par_1_32' title="bbox 530 3214 2124 3285">
     <span class='ocr_line' id='line_1_32' title="bbox 530 3214 2124 3285; baseline -0.004 -9"><span class='ocrx_word' id='word_1_219' title='bbox 530 3220 719 3277; x_wconf 82' lang='lat' dir='ltr'><strong>similis</strong></span> <span class='ocrx_word' id='word_1_220' title='bbox 749 3221 803 3275; x_wconf 92' lang='lat' dir='ltr'><strong>in</strong></span> <span class='ocrx_word' id='word_1_221' title='bbox 832 3219 1130 3274; x_wconf 68' lang='lat' dir='ltr'><strong>humilitate</strong></span> <span class='ocrx_word' id='word_1_222' title='bbox 1155 3233 1275 3274; x_wconf 88' lang='lat' dir='ltr'><strong>esse</strong></span> <span class='ocrx_word' id='word_1_223' title='bbox 1296 3217 1529 3282; x_wconf 90' lang='lat' dir='ltr'><strong>voluisti,</strong></span> <span class='ocrx_word' id='word_1_224' title='bbox 1549 3229 1718 3285; x_wconf 89' lang='lat' dir='ltr'><strong>usque</strong></span> <span class='ocrx_word' id='word_1_225' title='bbox 1753 3223 1809 3270; x_wconf 92' lang='lat' dir='ltr'><strong>et</strong></span> <span class='ocrx_word' id='word_1_226' title='bbox 1828 3214 2124 3270; x_wconf 86' lang='lat' dir='ltr'><strong>latronibus</strong></span> 
     </span>
    </p>
   </div>
   <div class='ocr_carea' id='block_1_33' title="bbox 530 3305 2126 3383">
    <p class='ocr_par' dir='ltr' id='par_1_33' title="bbox 530 3305 2126 3383">
     <span class='ocr_line' id='line_1_33' title="bbox 530 3305 2126 3383; baseline -0.004 -16"><span class='ocrx_word' id='word_1_227' title='bbox 530 3313 621 3383; x_wconf 91' lang='lat' dir='ltr'><strong>qui</strong></span> <span class='ocrx_word' id='word_1_228' title='bbox 652 3321 825 3368; x_wconf 87' lang='lat' dir='ltr'><strong>tecum</strong></span> <span class='ocrx_word' id='word_1_229' title='bbox 857 3320 980 3366; x_wconf 91' lang='lat' dir='ltr'><strong>sunt</strong></span> <span class='ocrx_word' id='word_1_230' title='bbox 1000 3309 1240 3367; x_wconf 81' lang='lat' dir='ltr'><strong>cruciﬁxi</strong></span> <span class='ocrx_word' id='word_1_231' title='bbox 1266 3308 1418 3379; x_wconf 88' lang='lat' dir='ltr'><strong>(Luc.</strong></span> <span class='ocrx_word' id='word_1_232' title='bbox 1448 3323 1598 3371; x_wconf 77' lang='lat' dir='ltr'><strong>xxui,</strong></span> <span class='ocrx_word' id='word_1_233' title='bbox 1632 3307 1748 3377; x_wconf 74' lang='lat'><strong>35);</strong></span> <span class='ocrx_word' id='word_1_234' title='bbox 1783 3305 1877 3361; x_wconf 90' lang='lat' dir='ltr'><strong>sed</strong></span> <span class='ocrx_word' id='word_1_235' title='bbox 1920 3307 1974 3360; x_wconf 92' lang='lat' dir='ltr'><strong>in</strong></span> <span class='ocrx_word' id='word_1_236' title='bbox 2017 3306 2126 3360; x_wconf 83' lang='lat' dir='ltr'><strong>cla-</strong></span> 
     </span>
    </p>
   </div>
   <div class='ocr_carea' id='block_1_34' title="bbox 532 3398 2122 3471">
    <p class='ocr_par' dir='ltr' id='par_1_34' title="bbox 532 3398 2122 3471">
     <span class='ocr_line' id='line_1_34' title="bbox 532 3398 2122 3471; baseline -0.005 -12"><span class='ocrx_word' id='word_1_237' title='bbox 532 3403 689 3460; x_wconf 87' lang='lat' dir='ltr'><strong>ritate</strong></span> <span class='ocrx_word' id='word_1_238' title='bbox 736 3417 860 3458; x_wconf 89' lang='lat' dir='ltr'><strong>cum</strong></span> <span class='ocrx_word' id='word_1_239' title='bbox 900 3402 1106 3469; x_wconf 80' lang='lat' dir='ltr'><strong>venies,</strong></span> <span class='ocrx_word' id='word_1_240' title='bbox 1149 3402 1261 3471; x_wconf 86' lang='lat' dir='ltr'><strong>quis</strong></span> <span class='ocrx_word' id='word_1_241' title='bbox 1306 3401 1485 3455; x_wconf 86' lang='lat' dir='ltr'><strong>similis</strong></span> <span class='ocrx_word' id='word_1_242' title='bbox 1537 3400 1630 3454; x_wconf 87' lang='lat' dir='ltr'><strong>erit</strong></span> <span class='ocrx_word' id='word_1_243' title='bbox 1659 3400 1792 3453; x_wconf 84' lang='lat' dir='ltr'><strong>tibi?</strong></span> <span class='ocrx_word' id='word_1_244' title='bbox 1820 3398 1955 3467; x_wconf 88' lang='lat' dir='ltr'><strong>Quid</strong></span> <span class='ocrx_word' id='word_1_245' title='bbox 1982 3398 2122 3452; x_wconf 90' lang='lat' dir='ltr'><strong>enim</strong></span> 
     </span>
    </p>
   </div>
   <div class='ocr_carea' id='block_1_35' title="bbox 533 3491 2126 3567">
    <p class='ocr_par' dir='ltr' id='par_1_35' title="bbox 533 3491 2126 3567">
     <span class='ocr_line' id='line_1_35' title="bbox 533 3491 2126 3567; baseline -0.005 -16"><span class='ocrx_word' id='word_1_246' title='bbox 533 3511 782 3567; x_wconf 86' lang='lat' dir='ltr'><strong>magnum</strong></span> <span class='ocrx_word' id='word_1_247' title='bbox 833 3495 1046 3560; x_wconf 90' lang='lat' dir='ltr'><strong>dicitur,</strong></span> <span class='ocrx_word' id='word_1_248' title='bbox 1083 3510 1203 3549; x_wconf 93' lang='lat' dir='ltr'><strong>cum</strong></span> <span class='ocrx_word' id='word_1_249' title='bbox 1255 3494 1364 3549; x_wconf 91' lang='lat' dir='ltr'><strong>Deo</strong></span> <span class='ocrx_word' id='word_1_250' title='bbox 1414 3492 1628 3556; x_wconf 89' lang='lat' dir='ltr'><strong>dicitur,</strong></span> <span class='ocrx_word' id='word_1_251' title='bbox 1673 3493 1797 3558; x_wconf 82' lang='lat' dir='ltr'><strong>Quis</strong></span> <span class='ocrx_word' id='word_1_252' title='bbox 1824 3491 2004 3546; x_wconf 81' lang='lat' dir='ltr'><strong>similis</strong></span> <span class='ocrx_word' id='word_1_253' title='bbox 2033 3491 2126 3544; x_wconf 85' lang='lat' dir='ltr'><strong>erit</strong></span> 
     </span>
    </p>
   </div>
   <div class='ocr_carea' id='block_1_36' title="bbox 535 3583 2125 3656">
    <p class='ocr_par' dir='ltr' id='par_1_36' title="bbox 535 3583 2125 3656">
     <span class='ocr_line' id='line_1_36' title="bbox 535 3583 2125 3656; baseline -0.004 -14"><span class='ocrx_word' id='word_1_254' title='bbox 535 3589 660 3652; x_wconf 88' lang='lat' dir='ltr'><strong>tibi;</strong></span> <span class='ocrx_word' id='word_1_255' title='bbox 691 3588 789 3641; x_wconf 93' lang='lat' dir='ltr'><strong>nisi</strong></span> <span class='ocrx_word' id='word_1_256' title='bbox 822 3588 894 3642; x_wconf 89' lang='lat' dir='ltr'><strong>illi</strong></span> <span class='ocrx_word' id='word_1_257' title='bbox 922 3588 1148 3653; x_wconf 89' lang='lat' dir='ltr'><strong>dicatur,</strong></span> <span class='ocrx_word' id='word_1_258' title='bbox 1195 3587 1283 3656; x_wconf 88' lang='lat' dir='ltr'><strong>qui</strong></span> <span class='ocrx_word' id='word_1_259' title='bbox 1330 3586 1518 3641; x_wconf 90' lang='lat' dir='ltr'><strong>similis</strong></span> <span class='ocrx_word' id='word_1_260' title='bbox 1539 3600 1658 3641; x_wconf 88' lang='lat' dir='ltr'><strong>esse</strong></span> <span class='ocrx_word' id='word_1_261' title='bbox 1699 3583 2002 3638; x_wconf 85' lang='lat' dir='ltr'><strong>hominibus</strong></span> <span class='ocrx_word' id='word_1_262' title='bbox 2028 3598 2125 3636; x_wconf 89' lang='lat' dir='ltr'><strong>vo-</strong></span> 
     </span>
    </p>
   </div>
   <div class='ocr_carea' id='block_1_37' title="bbox 536 3674 2129 3746">
    <p class='ocr_par' dir='ltr' id='par_1_37' title="bbox 536 3674 2129 3746">
     <span class='ocr_line' id='line_1_37' title="bbox 536 3674 2129 3746; baseline -0.004 -13"><span class='ocrx_word' id='word_1_263' title='bbox 536 3677 653 3743; x_wconf 88' lang='lat' dir='ltr'><strong>luit,</strong></span> <span class='ocrx_word' id='word_1_264' title='bbox 686 3677 907 3732; x_wconf 86' lang='lat' dir='ltr'><strong>l‘ormam</strong></span> <span class='ocrx_word' id='word_1_265' title='bbox 951 3678 1088 3733; x_wconf 84' lang='lat' dir='ltr'><strong>servi</strong></span> <span class='ocrx_word' id='word_1_266' title='bbox 1139 3678 1427 3746; x_wconf 89' lang='lat' dir='ltr'><strong>accipiens,</strong></span> <span class='ocrx_word' id='word_1_267' title='bbox 1463 3676 1514 3731; x_wconf 92' lang='lat' dir='ltr'><strong>in</strong></span> <span class='ocrx_word' id='word_1_268' title='bbox 1559 3674 1907 3730; x_wconf 90' lang='lat' dir='ltr'><strong>similitudine</strong></span> <span class='ocrx_word' id='word_1_269' title='bbox 1953 3674 2129 3727; x_wconf 83' lang='lat' dir='ltr'><strong>homi-</strong></span> 
     </span>
    </p>
   </div>
   <div class='ocr_carea' id='block_1_38' title="bbox 537 3766 2124 3836">
    <p class='ocr_par' dir='ltr' id='par_1_38' title="bbox 537 3766 2124 3836">
     <span class='ocr_line' id='line_1_38' title="bbox 537 3766 2124 3836; baseline -0.001 -13"><span class='ocrx_word' id='word_1_270' title='bbox 537 3786 664 3824; x_wconf 89' lang='lat' dir='ltr'><strong>num</strong></span> <span class='ocrx_word' id='word_1_271' title='bbox 690 3770 877 3834; x_wconf 79' lang='lat' dir='ltr'><strong>factus,</strong></span> <span class='ocrx_word' id='word_1_272' title='bbox 908 3778 961 3825; x_wconf 92' lang='lat' dir='ltr'><strong>et</strong></span> <span class='ocrx_word' id='word_1_273' title='bbox 984 3770 1164 3824; x_wconf 87' lang='lat' dir='ltr'><strong>habitu</strong></span> <span class='ocrx_word' id='word_1_274' title='bbox 1189 3770 1433 3824; x_wconf 86' lang='lat' dir='ltr'><strong>inventus</strong></span> <span class='ocrx_word' id='word_1_275' title='bbox 1474 3776 1533 3823; x_wconf 90' lang='lat' dir='ltr'><strong>ut</strong></span> <span class='ocrx_word' id='word_1_276' title='bbox 1576 3768 1736 3822; x_wconf 92' lang='lat' dir='ltr'><strong>homo</strong></span> <span class='ocrx_word' id='word_1_277' title='bbox 1777 3766 2031 3836; x_wconf 83' lang='lat' dir='ltr'><strong>(Philipp.</strong></span> <span class='ocrx_word' id='word_1_278' title='bbox 2066 3783 2124 3833; x_wconf 87' lang='grc' dir='ltr'>ιι,</span> 
     </span>
    </p>
   </div>
   <div class='ocr_carea' id='block_1_39' title="bbox 536 3857 2127 3930">
    <p class='ocr_par' dir='ltr' id='par_1_39' title="bbox 536 3857 2127 3930">
     <span class='ocr_line' id='line_1_39' title="bbox 536 3857 2127 3930; baseline -0.002 -15"><span class='ocrx_word' id='word_1_279' title='bbox 536 3861 629 3930; x_wconf 83' lang='lat'><strong>7)?</strong></span> <span class='ocrx_word' id='word_1_280' title='bbox 659 3860 725 3915; x_wconf 89' lang='lat' dir='ltr'><strong>Et</strong></span> <span class='ocrx_word' id='word_1_281' title='bbox 749 3861 868 3916; x_wconf 90' lang='lat' dir='ltr'><strong>ideo</strong></span> <span class='ocrx_word' id='word_1_282' title='bbox 891 3876 992 3915; x_wconf 91' lang='lat' dir='ltr'><strong>non</strong></span> <span class='ocrx_word' id='word_1_283' title='bbox 1021 3862 1112 3923; x_wconf 88' lang='lat' dir='ltr'><strong>ait,</strong></span> <span class='ocrx_word' id='word_1_284' title='bbox 1132 3860 1261 3928; x_wconf 88' lang='lat' dir='ltr'><strong>Quis</strong></span> <span class='ocrx_word' id='word_1_285' title='bbox 1287 3860 1478 3915; x_wconf 87' lang='lat' dir='ltr'><strong>similis</strong></span> <span class='ocrx_word' id='word_1_286' title='bbox 1499 3870 1580 3913; x_wconf 89' lang='lat' dir='ltr'><strong>est</strong></span> <span class='ocrx_word' id='word_1_287' title='bbox 1610 3858 1741 3911; x_wconf 81' lang='lat' dir='ltr'><strong>tibi?</strong></span> <span class='ocrx_word' id='word_1_288' title='bbox 1770 3857 1915 3927; x_wconf 90' lang='lat' dir='ltr'><strong>quod</strong></span> <span class='ocrx_word' id='word_1_289' title='bbox 1945 3858 2127 3925; x_wconf 89' lang='lat' dir='ltr'><strong>utique</strong></span> 
     </span>
    </p>
   </div>
   <div class='ocr_carea' id='block_1_40' title="bbox 540 3944 2121 4019">
    <p class='ocr_par' dir='ltr' id='par_1_40' title="bbox 540 3944 2121 4019">
     <span class='ocr_line' id='line_1_40' title="bbox 540 3944 2121 4019; baseline -0.002 -14"><span class='ocrx_word' id='word_1_290' title='bbox 540 3960 684 4007; x_wconf 82' lang='lat' dir='ltr'><strong>recte</strong></span> <span class='ocrx_word' id='word_1_291' title='bbox 728 3950 1017 4019; x_wconf 87' lang='lat' dir='ltr'><strong>diceretur,</strong></span> <span class='ocrx_word' id='word_1_292' title='bbox 1062 3952 1105 4007; x_wconf 90' lang='lat' dir='ltr'><strong>si</strong></span> <span class='ocrx_word' id='word_1_293' title='bbox 1163 3952 1265 4007; x_wconf 90' lang='lat' dir='ltr'><strong>hoc</strong></span> <span class='ocrx_word' id='word_1_294' title='bbox 1313 3951 1378 4005; x_wconf 87' lang='lat' dir='ltr'><strong>ad</strong></span> <span class='ocrx_word' id='word_1_295' title='bbox 1426 3951 1756 4004; x_wconf 89' lang='lat' dir='ltr'><strong>divinitatem</strong></span> <span class='ocrx_word' id='word_1_296' title='bbox 1788 3944 2121 4003; x_wconf 73' lang='lat' dir='ltr'><strong>referretur.</strong></span> 
     </span>
    </p>
   </div>
   <div class='ocr_carea' id='block_1_41' title="bbox 541 4038 2128 4109">
    <p class='ocr_par' dir='ltr' id='par_1_41' title="bbox 541 4038 2128 4109">
     <span class='ocr_line' id='line_1_41' title="bbox 541 4038 2128 4109; baseline -0.002 -14"><span class='ocrx_word' id='word_1_297' title='bbox 541 4040 673 4109; x_wconf 84' lang='lat' dir='ltr'><strong>Quia</strong></span> <span class='ocrx_word' id='word_1_298' title='bbox 692 4056 819 4096; x_wconf 87' lang='lat' dir='ltr'><strong>vero</strong></span> <span class='ocrx_word' id='word_1_299' title='bbox 845 4040 909 4095; x_wconf 91' lang='lat' dir='ltr'><strong>ad</strong></span> <span class='ocrx_word' id='word_1_300' title='bbox 939 4040 1161 4095; x_wconf 82' lang='lat' dir='ltr'><strong>formam</strong></span> <span class='ocrx_word' id='word_1_301' title='bbox 1186 4041 1325 4095; x_wconf 84' lang='lat' dir='ltr'><strong>servi</strong></span> <span class='ocrx_word' id='word_1_302' title='bbox 1351 4040 1575 4094; x_wconf 87' lang='lat' dir='ltr'><strong>relatum</strong></span> <span class='ocrx_word' id='word_1_303' title='bbox 1625 4047 1726 4104; x_wconf 75' lang='grc' dir='ltr'>οδε,</span> <span class='ocrx_word' id='word_1_304' title='bbox 1758 4047 1883 4093; x_wconf 90' lang='lat' dir='ltr'><strong>tunc</strong></span> <span class='ocrx_word' id='word_1_305' title='bbox 1930 4038 2046 4107; x_wconf 84' lang='lat' dir='ltr'><strong>ejus</strong></span> <span class='ocrx_word' id='word_1_306' title='bbox 2098 4054 2128 4092; x_wconf 91' lang='lat' dir='ltr'><strong>a</strong></span> 
     </span>
    </p>
   </div>
   <div class='ocr_carea' id='block_1_42' title="bbox 544 4130 2129 4200">
    <p class='ocr_par' dir='ltr' id='par_1_42' title="bbox 544 4130 2129 4200">
     <span class='ocr_line' id='line_1_42' title="bbox 544 4130 2129 4200; baseline -0.001 -13"><span class='ocrx_word' id='word_1_307' title='bbox 544 4134 757 4188; x_wconf 79' lang='lat' dir='ltr'><strong>caeteris</strong></span> <span class='ocrx_word' id='word_1_308' title='bbox 794 4132 1099 4188; x_wconf 90' lang='lat' dir='ltr'><strong>hominibus</strong></span> <span class='ocrx_word' id='word_1_309' title='bbox 1146 4131 1523 4187; x_wconf 88' lang='lat' dir='ltr'><strong>dissimilitudo</strong></span> <span class='ocrx_word' id='word_1_310' title='bbox 1568 4130 1865 4200; x_wconf 86' lang='lat' dir='ltr'><strong>apparebit,</strong></span> <span class='ocrx_word' id='word_1_311' title='bbox 1914 4130 2129 4200; x_wconf 85' lang='lat' dir='ltr'><strong>quando</strong></span> 
     </span>
    </p>
   </div>
   <div class='ocr_carea' id='block_1_43' title="bbox 545 4221 2134 4294">
    <p class='ocr_par' dir='ltr' id='par_1_43' title="bbox 545 4221 2134 4294">
     <span class='ocr_line' id='line_1_43' title="bbox 545 4221 2134 4294; baseline -0.001 -15"><span class='ocrx_word' id='word_1_312' title='bbox 545 4225 820 4294; x_wconf 81' lang='lat' dir='ltr'><strong>apparebit</strong></span> <span class='ocrx_word' id='word_1_313' title='bbox 868 4227 918 4279; x_wconf 94' lang='lat' dir='ltr'><strong>in</strong></span> <span class='ocrx_word' id='word_1_314' title='bbox 947 4226 1133 4294; x_wconf 85' lang='lat' dir='ltr'><strong>gloria.</strong></span> <span class='ocrx_word' id='word_1_315' title='bbox 1170 4225 1293 4279; x_wconf 87' lang='lat' dir='ltr'><strong>Ideo</strong></span> <span class='ocrx_word' id='word_1_316' title='bbox 1334 4225 1593 4294; x_wconf 88' lang='lat' dir='ltr'><strong>sequitur,</strong></span> <span class='ocrx_word' id='word_1_317' title='bbox 1631 4221 1712 4276; x_wconf 86' lang='lat' dir='ltr'><strong>Ne</strong></span> <span class='ocrx_word' id='word_1_318' title='bbox 1741 4233 1926 4289; x_wconf 82' lang='lat' dir='ltr'><strong>taceas,</strong></span> <span class='ocrx_word' id='word_1_319' title='bbox 1976 4239 2134 4293; x_wconf 84' lang='lat' dir='ltr'><strong>neque</strong></span> 
     </span>
    </p>
   </div>
   <div class='ocr_carea' id='block_1_44' title="bbox 545 4314 2129 4388">
    <p class='ocr_par' dir='ltr' id='par_1_44' title="bbox 545 4314 2129 4388">
     <span class='ocr_line' id='line_1_44' title="bbox 545 4314 2129 4388; baseline -0.002 -16"><span class='ocrx_word' id='word_1_320' title='bbox 545 4320 896 4388; x_wconf 85' lang='lat' dir='ltr'><strong>compescaris,</strong></span> <span class='ocrx_word' id='word_1_321' title='bbox 929 4318 1062 4372; x_wconf 85' lang='lat' dir='ltr'><strong>Deus</strong></span> <span class='ocrx_word' id='word_1_322' title='bbox 1091 4334 1109 4371; x_wconf 92' lang='lat'><strong>:</strong></span> <span class='ocrx_word' id='word_1_323' title='bbox 1129 4318 1252 4386; x_wconf 87' lang='lat' dir='ltr'><strong>quia</strong></span> <span class='ocrx_word' id='word_1_324' title='bbox 1283 4317 1456 4387; x_wconf 87' lang='lat' dir='ltr'><strong>primo</strong></span> <span class='ocrx_word' id='word_1_325' title='bbox 1484 4317 1667 4381; x_wconf 89' lang='lat' dir='ltr'><strong>tacuit,</strong></span> <span class='ocrx_word' id='word_1_326' title='bbox 1698 4324 1760 4369; x_wconf 91' lang='lat' dir='ltr'><strong>ut</strong></span> <span class='ocrx_word' id='word_1_327' title='bbox 1781 4314 2129 4384; x_wconf 86' lang='lat' dir='ltr'><strong>judicaretur;</strong></span> 
     </span>
    </p>
   </div>
   <div class='ocr_carea' id='block_1_45' title="bbox 547 4404 2153 4478">
    <p class='ocr_par' dir='ltr' id='par_1_45' title="bbox 547 4404 2153 4478">
     <span class='ocr_line' id='line_1_45' title="bbox 547 4404 2153 4478; baseline -0.002 -15"><span class='ocrx_word' id='word_1_328' title='bbox 547 4404 760 4477; x_wconf 83' lang='lat' dir='ltr'><strong>quando</strong></span> <span class='ocrx_word' id='word_1_329' title='bbox 786 4410 922 4463; x_wconf 89' lang='lat' dir='ltr'><strong>sicut</strong></span> <span class='ocrx_word' id='word_1_330' title='bbox 951 4423 1118 4478; x_wconf 89' lang='lat' dir='ltr'><strong>agnus</strong></span> <span class='ocrx_word' id='word_1_331' title='bbox 1145 4422 1324 4462; x_wconf 87' lang='lat' dir='ltr'><strong>coram</strong></span> <span class='ocrx_word' id='word_1_332' title='bbox 1350 4405 1602 4461; x_wconf 87' lang='lat' dir='ltr'><strong>tondente</strong></span> <span class='ocrx_word' id='word_1_333' title='bbox 1640 4421 1698 4460; x_wconf 91' lang='lat' dir='ltr'><strong>se</strong></span> <span class='ocrx_word' id='word_1_334' title='bbox 1716 4405 1812 4459; x_wconf 80' lang='lat' dir='ltr'><strong>fuit</strong></span> <span class='ocrx_word' id='word_1_335' title='bbox 1834 4406 1949 4460; x_wconf 89' lang='lat' dir='ltr'><strong>sine</strong></span> <span class='ocrx_word' id='word_1_336' title='bbox 1979 4422 2153 4474; x_wconf 81' lang='lat' dir='ltr'><strong>voce,</strong></span> 
     </span>
    </p>
   </div>
   <div class='ocr_carea' id='block_1_46' title="bbox 547 4497 2133 4571">
    <p class='ocr_par' dir='ltr' id='par_1_46' title="bbox 547 4497 2133 4571">
     <span class='ocr_line' id='line_1_46' title="bbox 547 4497 2133 4571; baseline -0.001 -17"><span class='ocrx_word' id='word_1_337' title='bbox 547 4501 623 4555; x_wconf 86' lang='lat' dir='ltr'><strong>sic</strong></span> <span class='ocrx_word' id='word_1_338' title='bbox 652 4516 754 4554; x_wconf 83' lang='lat' dir='ltr'><strong>non</strong></span> <span class='ocrx_word' id='word_1_339' title='bbox 782 4501 987 4569; x_wconf 89' lang='lat' dir='ltr'><strong>aperuit</strong></span> <span class='ocrx_word' id='word_1_340' title='bbox 1008 4515 1068 4553; x_wconf 93' lang='lat' dir='ltr'><strong>os</strong></span> <span class='ocrx_word' id='word_1_341' title='bbox 1099 4514 1252 4553; x_wconf 92' lang='lat' dir='ltr'><strong>suum</strong></span> <span class='ocrx_word' id='word_1_342' title='bbox 1299 4497 1451 4571; x_wconf 85' lang='lat' dir='ltr'><strong>(Isai.</strong></span> <span class='ocrx_word' id='word_1_343' title='bbox 1487 4506 1579 4563; x_wconf 73' lang='lat' dir='ltr'><strong>tu;</strong></span> <span class='ocrx_word' id='word_1_344' title='bbox 1611 4498 1685 4568; x_wconf 84' lang='lat'><strong>7),</strong></span> <span class='ocrx_word' id='word_1_345' title='bbox 1713 4507 1766 4552; x_wconf 90' lang='lat' dir='ltr'><strong>et</strong></span> <span class='ocrx_word' id='word_1_346' title='bbox 1796 4514 1944 4552; x_wconf 89' lang='lat' dir='ltr'><strong>suam</strong></span> <span class='ocrx_word' id='word_1_347' title='bbox 1983 4513 2133 4553; x_wconf 90' lang='lat' dir='ltr'><strong>com-</strong></span> 
     </span>
    </p>
   </div>
   <div class='ocr_carea' id='block_1_47' title="bbox 546 4588 2133 4660">
    <p class='ocr_par' dir='ltr' id='par_1_47' title="bbox 546 4588 2133 4660">
     <span class='ocr_line' id='line_1_47' title="bbox 546 4588 2133 4660; baseline -0.003 -15"><span class='ocrx_word' id='word_1_348' title='bbox 546 4591 750 4660; x_wconf 86' lang='lat' dir='ltr'><strong>pescuit</strong></span> <span class='ocrx_word' id='word_1_349' title='bbox 782 4598 1116 4659; x_wconf 87' lang='lat' dir='ltr'><strong>potestatem.</strong></span> <span class='ocrx_word' id='word_1_350' title='bbox 1148 4588 1317 4655; x_wconf 90' lang='lat' dir='ltr'><strong>Quam</strong></span> <span class='ocrx_word' id='word_1_351' title='bbox 1359 4596 1419 4642; x_wconf 92' lang='lat' dir='ltr'><strong>ut</strong></span> <span class='ocrx_word' id='word_1_352' title='bbox 1458 4602 1515 4642; x_wconf 89' lang='lat' dir='ltr'><strong>se</strong></span> <span class='ocrx_word' id='word_1_353' title='bbox 1572 4602 1913 4656; x_wconf 82' lang='lat' dir='ltr'><strong>compescere</strong></span> <span class='ocrx_word' id='word_1_354' title='bbox 1950 4597 2133 4641; x_wconf 87' lang='lat' dir='ltr'><strong>osten-</strong></span> 
     </span>
    </p>
   </div>
   <div class='ocr_carea' id='block_1_48' title="bbox 548 4675 2133 4747">
    <p class='ocr_par' dir='ltr' id='par_1_48' title="bbox 548 4675 2133 4747">
     <span class='ocr_line' id='line_1_48' title="bbox 548 4675 2133 4747; baseline -0.002 -13"><span class='ocrx_word' id='word_1_355' title='bbox 548 4678 719 4743; x_wconf 87' lang='lat' dir='ltr'><strong>deret,</strong></span> <span class='ocrx_word' id='word_1_356' title='bbox 749 4679 813 4733; x_wconf 87' lang='lat' dir='ltr'><strong>ad</strong></span> <span class='ocrx_word' id='word_1_357' title='bbox 842 4679 981 4733; x_wconf 84' lang='lat' dir='ltr'><strong>illam</strong></span> <span class='ocrx_word' id='word_1_358' title='bbox 1006 4678 1120 4747; x_wconf 90' lang='lat' dir='ltr'><strong>ejus</strong></span> <span class='ocrx_word' id='word_1_359' title='bbox 1149 4692 1329 4732; x_wconf 89' lang='lat' dir='ltr'><strong>vocem</strong></span> <span class='ocrx_word' id='word_1_360' title='bbox 1356 4692 1456 4746; x_wconf 89' lang='lat' dir='ltr'><strong>qua</strong></span> <span class='ocrx_word' id='word_1_361' title='bbox 1485 4677 1639 4744; x_wconf 83' lang='lat' dir='ltr'><strong>dixit,</strong></span> <span class='ocrx_word' id='word_1_362' title='bbox 1664 4675 1773 4746; x_wconf 84' lang='lat' dir='ltr'><strong>Ego</strong></span> <span class='ocrx_word' id='word_1_363' title='bbox 1800 4693 1931 4741; x_wconf 80' lang='lat' dir='ltr'><strong>sum,</strong></span> <span class='ocrx_word' id='word_1_364' title='bbox 1966 4676 2020 4730; x_wconf 94' lang='lat' dir='ltr'><strong>hi</strong></span> <span class='ocrx_word' id='word_1_365' title='bbox 2042 4676 2133 4747; x_wconf 89' lang='lat' dir='ltr'><strong>qui</strong></span> 
     </span>
    </p>
   </div>
   <div class='ocr_carea' id='block_1_49' title="bbox 550 4767 2134 4841">
    <p class='ocr_par' dir='ltr' id='par_1_49' title="bbox 550 4767 2134 4841">
     <span class='ocr_line' id='line_1_49' title="bbox 550 4767 2134 4841; baseline -0.001 -17"><span class='ocrx_word' id='word_1_366' title='bbox 550 4787 671 4824; x_wconf 91' lang='lat' dir='ltr'><strong>eum</strong></span> <span class='ocrx_word' id='word_1_367' title='bbox 717 4768 1223 4841; x_wconf 81' lang='lat' dir='ltr'><strong>apprehendendum</strong></span> <span class='ocrx_word' id='word_1_368' title='bbox 1270 4767 1600 4838; x_wconf 72' lang='lat' dir='ltr'><strong>qurerebant,</strong></span> <span class='ocrx_word' id='word_1_369' title='bbox 1658 4768 1929 4821; x_wconf 85' lang='lat' dir='ltr'><strong>redierunt</strong></span> <span class='ocrx_word' id='word_1_370' title='bbox 1968 4776 2134 4834; x_wconf 88' lang='lat' dir='ltr'><strong>retro,</strong></span> 
     </span>
    </p>
   </div>
   <div class='ocr_carea' id='block_1_50' title="bbox 550 4859 2139 4932">
    <p class='ocr_par' dir='ltr' id='par_1_50' title="bbox 550 4859 2139 4932">
     <span class='ocr_line' id='line_1_50' title="bbox 550 4859 2139 4932; baseline -0.001 -16"><span class='ocrx_word' id='word_1_371' title='bbox 550 4872 602 4916; x_wconf 93' lang='lat' dir='ltr'><strong>ct</strong></span> <span class='ocrx_word' id='word_1_372' title='bbox 629 4863 934 4918; x_wconf 90' lang='lat' dir='ltr'><strong>ceciderunt</strong></span> <span class='ocrx_word' id='word_1_373' title='bbox 971 4860 1148 4932; x_wconf 85' lang='lat' dir='ltr'><strong>(Joan.</strong></span> <span class='ocrx_word' id='word_1_374' title='bbox 1179 4873 1326 4925; x_wconf 84' lang='lat' dir='ltr'><strong>xvtn,</strong></span> <span class='ocrx_word' id='word_1_375' title='bbox 1358 4860 1411 4926; x_wconf 86' lang='lat'><strong>5,</strong></span> <span class='ocrx_word' id='word_1_376' title='bbox 1445 4860 1520 4929; x_wconf 82' lang='grc' dir='ltr'><strong>ϐ).</strong></span> <span class='ocrx_word' id='word_1_377' title='bbox 1562 4859 1784 4928; x_wconf 85' lang='lat' dir='ltr'><strong>Quando</strong></span> <span class='ocrx_word' id='word_1_378' title='bbox 1818 4874 1944 4929; x_wconf 88' lang='lat' dir='ltr'><strong>ergo</strong></span> <span class='ocrx_word' id='word_1_379' title='bbox 1990 4869 2139 4915; x_wconf 89' lang='lat' dir='ltr'><strong>tene-</strong></span> 
     </span>
    </p>
   </div>
   <div class='ocr_carea' id='block_1_51' title="bbox 554 4951 2139 5026">
    <p class='ocr_par' dir='ltr' id='par_1_51' title="bbox 554 4951 2139 5026">
     <span class='ocr_line' id='line_1_51' title="bbox 554 4951 2139 5026; baseline -0.004 -14"><span class='ocrx_word' id='word_1_380' title='bbox 554 4966 702 5013; x_wconf 90' lang='lat' dir='ltr'><strong>retur</strong></span> <span class='ocrx_word' id='word_1_381' title='bbox 744 4966 903 5026; x_wconf 89' lang='lat' dir='ltr'><strong>atque</strong></span> <span class='ocrx_word' id='word_1_382' title='bbox 934 4963 1224 5024; x_wconf 85' lang='lat' dir='ltr'><strong>pateretur,</strong></span> <span class='ocrx_word' id='word_1_383' title='bbox 1254 4953 1353 5007; x_wconf 91' lang='lat' dir='ltr'><strong>nisi</strong></span> <span class='ocrx_word' id='word_1_384' title='bbox 1402 4967 1461 5007; x_wconf 91' lang='lat' dir='ltr'><strong>sc</strong></span> <span class='ocrx_word' id='word_1_385' title='bbox 1503 4951 1616 5020; x_wconf 89' lang='lat' dir='ltr'><strong>ipse</strong></span> <span class='ocrx_word' id='word_1_386' title='bbox 1663 4951 1936 5006; x_wconf 81' lang='lat' dir='ltr'><strong>cohiberet</strong></span> <span class='ocrx_word' id='word_1_387' title='bbox 1980 4961 2139 5022; x_wconf 88' lang='lat' dir='ltr'><strong>atque</strong></span> 
     </span>
    </p>
   </div>
   <div class='ocr_carea' id='block_1_52' title="bbox 554 5042 2137 5118">
    <p class='ocr_par' dir='ltr' id='par_1_52' title="bbox 554 5042 2137 5118">
     <span class='ocr_line' id='line_1_52' title="bbox 554 5042 2137 5118; baseline -0.003 -15"><span class='ocrx_word' id='word_1_388' title='bbox 554 5053 942 5118; x_wconf 87' lang='lat' dir='ltr'><strong>compesceret,</strong></span> <span class='ocrx_word' id='word_1_389' title='bbox 978 5054 1032 5099; x_wconf 88' lang='lat' dir='ltr'><strong>et</strong></span> <span class='ocrx_word' id='word_1_390' title='bbox 1052 5044 1279 5114; x_wconf 81' lang='lat' dir='ltr'><strong>quodam</strong></span> <span class='ocrx_word' id='word_1_391' title='bbox 1308 5044 1469 5098; x_wconf 91' lang='lat' dir='ltr'><strong>modo</strong></span> <span class='ocrx_word' id='word_1_392' title='bbox 1498 5043 1795 5112; x_wconf 86' lang='lat' dir='ltr'><strong>mitigaret?</strong></span> <span class='ocrx_word' id='word_1_393' title='bbox 1821 5042 1951 5097; x_wconf 85' lang='lat' dir='ltr'><strong>Nam</strong></span> <span class='ocrx_word' id='word_1_394' title='bbox 1985 5044 2137 5099; x_wconf 90' lang='lat' dir='ltr'><strong>etsic</strong></span> 
     </span>
    </p>
   </div>
   <div class='ocr_carea' id='block_1_53' title="bbox 555 5135 2141 5214">
    <p class='ocr_par' dir='ltr' id='par_1_53' title="bbox 555 5135 2141 5214">
     <span class='ocr_line' id='line_1_53' title="bbox 555 5135 2141 5214; baseline -0.006 -15"><span class='ocrx_word' id='word_1_395' title='bbox 555 5143 766 5214; x_wconf 83' lang='lat' dir='ltr'><strong>quidam</strong></span> <span class='ocrx_word' id='word_1_396' title='bbox 790 5139 1117 5206; x_wconf 87' lang='lat' dir='ltr'><strong>interpretati</strong></span> <span class='ocrx_word' id='word_1_397' title='bbox 1137 5145 1256 5191; x_wconf 91' lang='lat' dir='ltr'><strong>sunt</strong></span> <span class='ocrx_word' id='word_1_398' title='bbox 1279 5136 1417 5206; x_wconf 90' lang='lat' dir='ltr'><strong>quod</strong></span> <span class='ocrx_word' id='word_1_399' title='bbox 1457 5137 1543 5190; x_wconf 90' lang='lat' dir='ltr'><strong>hic</strong></span> <span class='ocrx_word' id='word_1_400' title='bbox 1576 5137 1804 5206; x_wconf 86' lang='lat' dir='ltr'><strong>positum</strong></span> <span class='ocrx_word' id='word_1_401' title='bbox 1833 5145 1935 5203; x_wconf 91' lang='lat' dir='ltr'><strong>est,</strong></span> <span class='ocrx_word' id='word_1_402' title='bbox 1962 5135 2141 5206; x_wconf 85' lang='lat' dir='ltr'><strong>Neque</strong></span> 
     </span>
    </p>
   </div>
   <div class='ocr_carea' id='block_1_54' title="bbox 556 5226 2139 5303">
    <p class='ocr_par' dir='ltr' id='par_1_54' title="bbox 556 5226 2139 5303">
     <span class='ocr_line' id='line_1_54' title="bbox 556 5226 2139 5303; baseline -0.004 -16"><span class='ocrx_word' id='word_1_403' title='bbox 556 5231 885 5303; x_wconf 86' lang='lat' dir='ltr'><strong>compescaris</strong></span> <span class='ocrx_word' id='word_1_404' title='bbox 903 5228 1063 5294; x_wconf 86' lang='lat' dir='ltr'><strong>Deus,</strong></span> <span class='ocrx_word' id='word_1_405' title='bbox 1091 5236 1148 5282; x_wconf 90' lang='lat' dir='ltr'><strong>ut</strong></span> <span class='ocrx_word' id='word_1_406' title='bbox 1186 5227 1448 5292; x_wconf 85' lang='lat' dir='ltr'><strong>dicerent,</strong></span> <span class='ocrx_word' id='word_1_407' title='bbox 1494 5226 1671 5297; x_wconf 82' lang='lat' dir='ltr'><strong>Neque</strong></span> <span class='ocrx_word' id='word_1_408' title='bbox 1722 5229 1952 5281; x_wconf 85' lang='lat' dir='ltr'><strong>mitescas</strong></span> <span class='ocrx_word' id='word_1_409' title='bbox 1986 5226 2139 5282; x_wconf 87' lang='lat' dir='ltr'><strong>Deus.</strong></span> 
     </span>
    </p>
   </div>
   <div class='ocr_carea' id='block_1_55' title="bbox 556 5316 2139 5392">
    <p class='ocr_par' dir='ltr' id='par_1_55' title="bbox 556 5316 2139 5392">
     <span class='ocr_line' id='line_1_55' title="bbox 556 5316 2139 5392; baseline -0.004 -14"><span class='ocrx_word' id='word_1_410' title='bbox 556 5322 674 5392; x_wconf 80' lang='lat' dir='ltr'><strong>ipse</strong></span> <span class='ocrx_word' id='word_1_411' title='bbox 694 5319 988 5381; x_wconf 87' lang='lat' dir='ltr'><strong>alibidicit,</strong></span> <span class='ocrx_word' id='word_1_412' title='bbox 1024 5318 1214 5381; x_wconf 86' lang='lat' dir='ltr'><strong>Tacui;</strong></span> <span class='ocrx_word' id='word_1_413' title='bbox 1253 5317 1493 5387; x_wconf 84' lang='lat' dir='ltr'><strong>numquid</strong></span> <span class='ocrx_word' id='word_1_414' title='bbox 1545 5334 1737 5388; x_wconf 86' lang='lat' dir='ltr'><strong>semper</strong></span> <span class='ocrx_word' id='word_1_415' title='bbox 1782 5317 1951 5371; x_wconf 85' lang='lat' dir='ltr'><strong>tacebo</strong></span> <span class='ocrx_word' id='word_1_416' title='bbox 1987 5316 2139 5386; x_wconf 86' lang='lat' dir='ltr'><strong>(Isai.</strong></span> 
     </span>
    </p>
   </div>
   <div class='ocr_carea' id='block_1_56' title="bbox 561 5408 2146 5478">
    <p class='ocr_par' dir='ltr' id='par_1_56' title="bbox 561 5408 2146 5478">
     <span class='ocr_line' id='line_1_56' title="bbox 561 5408 2146 5478; baseline -0.003 -11"><span class='ocrx_word' id='word_1_417' title='bbox 561 5426 692 5477; x_wconf 77' lang='lat' dir='ltr'><strong>ml,</strong></span> <span class='ocrx_word' id='word_1_418' title='bbox 722 5410 838 5478; x_wconf 62' lang='lat' dir='ltr'><strong>ll)?</strong></span> <span class='ocrx_word' id='word_1_419' title='bbox 853 5409 947 5465; x_wconf 91' lang='lat' dir='ltr'><strong>Cui</strong></span> <span class='ocrx_word' id='word_1_420' title='bbox 968 5409 1161 5464; x_wconf 82' lang='lat' dir='ltr'><strong>dicitur</strong></span> <span class='ocrx_word' id='word_1_421' title='bbox 1187 5409 1293 5476; x_wconf 89' lang='lat' dir='ltr'><strong>hic,</strong></span> <span class='ocrx_word' id='word_1_422' title='bbox 1320 5425 1381 5462; x_wconf 88' lang='lat' dir='ltr'><strong>ne</strong></span> <span class='ocrx_word' id='word_1_423' title='bbox 1407 5419 1608 5471; x_wconf 84' lang='lat' dir='ltr'><strong>taceas;</strong></span> <span class='ocrx_word' id='word_1_424' title='bbox 1635 5408 1702 5463; x_wconf 87' lang='lat' dir='ltr'><strong>de</strong></span> <span class='ocrx_word' id='word_1_425' title='bbox 1731 5408 1823 5461; x_wconf 90' lang='lat' dir='ltr'><strong>illo</strong></span> <span class='ocrx_word' id='word_1_426' title='bbox 1867 5408 1992 5462; x_wconf 88' lang='lat' dir='ltr'><strong>alibi</strong></span> <span class='ocrx_word' id='word_1_427' title='bbox 2014 5408 2146 5463; x_wconf 90' lang='lat' dir='ltr'><strong>dici-</strong></span> 
     </span>
    </p>
   </div>
   <div class='ocr_carea' id='block_1_57' title="bbox 562 5498 2144 5573">
    <p class='ocr_par' dir='ltr' id='par_1_57' title="bbox 562 5498 2144 5573">
     <span class='ocr_line' id='line_1_57' title="bbox 562 5498 2144 5573; baseline -0.004 -14"><span class='ocrx_word' id='word_1_428' title='bbox 562 5515 665 5569; x_wconf 88' lang='lat' dir='ltr'><strong>tur,</strong></span> <span class='ocrx_word' id='word_1_429' title='bbox 700 5502 836 5556; x_wconf 85' lang='lat' dir='ltr'><strong>Deus</strong></span> <span class='ocrx_word' id='word_1_430' title='bbox 860 5502 1153 5573; x_wconf 79' lang='lat' dir='ltr'><strong>manifeslus</strong></span> <span class='ocrx_word' id='word_1_431' title='bbox 1180 5501 1357 5566; x_wconf 78' lang='lat' dir='ltr'><strong>veniet,</strong></span> <span class='ocrx_word' id='word_1_432' title='bbox 1388 5499 1526 5554; x_wconf 89' lang='lat' dir='ltr'><strong>Deus</strong></span> <span class='ocrx_word' id='word_1_433' title='bbox 1544 5509 1732 5567; x_wconf 88' lang='lat' dir='ltr'><strong>noster,</strong></span> <span class='ocrx_word' id='word_1_434' title='bbox 1763 5508 1809 5553; x_wconf 92' lang='lat' dir='ltr'><strong>et</strong></span> <span class='ocrx_word' id='word_1_435' title='bbox 1834 5515 1934 5553; x_wconf 79' lang='lat' dir='ltr'><strong>non</strong></span> <span class='ocrx_word' id='word_1_436' title='bbox 1980 5498 2144 5554; x_wconf 83' lang='lat' dir='ltr'><strong>silebit</strong></span> 
     </span>
    </p>
   </div>
   <div class='ocr_carea' id='block_1_58' title="bbox 561 5592 2142 5666">
    <p class='ocr_par' dir='ltr' id='par_1_58' title="bbox 561 5592 2142 5666">
     <span class='ocr_line' id='line_1_58' title="bbox 561 5592 2142 5666; baseline -0.001 -17"><span class='ocrx_word' id='word_1_437' title='bbox 561 5596 904 5666; x_wconf 76' lang='lat' dir='ltr'><strong>(Psal.x1.tx,</strong></span> <span class='ocrx_word' id='word_1_438' title='bbox 938 5595 1012 5665; x_wconf 77' lang='lat'><strong>5).</strong></span> <span class='ocrx_word' id='word_1_439' title='bbox 1047 5594 1248 5649; x_wconf 90' lang='lat' dir='ltr'><strong>Dicitur</strong></span> <span class='ocrx_word' id='word_1_440' title='bbox 1278 5593 1383 5661; x_wconf 89' lang='lat' dir='ltr'><strong>hic,</strong></span> <span class='ocrx_word' id='word_1_441' title='bbox 1418 5592 1501 5647; x_wconf 88' lang='lat' dir='ltr'><strong>Ne</strong></span> <span class='ocrx_word' id='word_1_442' title='bbox 1539 5602 1743 5648; x_wconf 80' lang='lat' dir='ltr'><strong>taceas:</strong></span> <span class='ocrx_word' id='word_1_443' title='bbox 1775 5594 1939 5648; x_wconf 87' lang='lat' dir='ltr'><strong>tacuit</strong></span> <span class='ocrx_word' id='word_1_444' title='bbox 1978 5592 2142 5663; x_wconf 87' lang='lat' dir='ltr'><strong>enim,</strong></span> 
     </span>
    </p>
   </div>
   <div class='ocr_carea' id='block_1_59' title="bbox 562 5686 2147 5757">
    <p class='ocr_par' dir='ltr' id='par_1_59' title="bbox 562 5686 2147 5757">
     <span class='ocr_line' id='line_1_59' title="bbox 562 5686 2147 5757; baseline 0 -15"><span class='ocrx_word' id='word_1_445' title='bbox 562 5699 621 5743; x_wconf 89' lang='lat' dir='ltr'><strong>ut</strong></span> <span class='ocrx_word' id='word_1_446' title='bbox 643 5686 991 5756; x_wconf 88' lang='lat' dir='ltr'><strong>judicaretur,</strong></span> <span class='ocrx_word' id='word_1_447' title='bbox 1019 5686 1235 5757; x_wconf 88' lang='lat' dir='ltr'><strong>quando</strong></span> <span class='ocrx_word' id='word_1_448' title='bbox 1259 5686 1407 5741; x_wconf 92' lang='lat' dir='ltr'><strong>venit</strong></span> <span class='ocrx_word' id='word_1_449' title='bbox 1434 5688 1698 5750; x_wconf 86' lang='lat' dir='ltr'><strong>occultus;</strong></span> <span class='ocrx_word' id='word_1_450' title='bbox 1727 5699 1833 5739; x_wconf 91' lang='lat' dir='ltr'><strong>non</strong></span> <span class='ocrx_word' id='word_1_451' title='bbox 1864 5694 2040 5742; x_wconf 88' lang='lat' dir='ltr'><strong>autem</strong></span> <span class='ocrx_word' id='word_1_452' title='bbox 2063 5692 2147 5742; x_wconf 82' lang='lat' dir='ltr'><strong>ta-</strong></span> 
     </span>
    </p>
   </div>
   <div class='ocr_carea' id='block_1_60' title="bbox 565 5777 1858 5854">
    <p class='ocr_par' dir='ltr' id='par_1_60' title="bbox 565 5777 1858 5854">
     <span class='ocr_line' id='line_1_60' title="bbox 565 5777 1858 5854; baseline -0.003 -16"><span class='ocrx_word' id='word_1_453' title='bbox 565 5782 726 5850; x_wconf 80' lang='lat' dir='ltr'><strong>cebit,</strong></span> <span class='ocrx_word' id='word_1_454' title='bbox 756 5787 813 5839; x_wconf 82' lang='lat' dir='ltr'><strong>ut</strong></span> <span class='ocrx_word' id='word_1_455' title='bbox 834 5780 1055 5854; x_wconf 74' lang='lat' dir='ltr'><strong>iudicet,</strong></span> <span class='ocrx_word' id='word_1_456' title='bbox 1089 5779 1300 5851; x_wconf 79' lang='lat' dir='ltr'><strong>quando</strong></span> <span class='ocrx_word' id='word_1_457' title='bbox 1320 5780 1494 5836; x_wconf 77' lang='lat' dir='ltr'><strong>veniet</strong></span> <span class='ocrx_word' id='word_1_458' title='bbox 1528 5777 1858 5847; x_wconf 79' lang='lat' dir='ltr'><strong>manifestus.</strong></span> 
     </span>
    </p>
   </div>
   <div class='ocr_carea' id='block_1_61' title="bbox 1712 325 2518 395">
    <p class='ocr_par' dir='ltr' id='par_1_61' title="bbox 1712 325 2518 395">
     <span class='ocr_line' id='line_1_61' title="bbox 1712 325 2518 395; baseline -0.015 -1"><span class='ocrx_word' id='word_1_459' title='bbox 1712 336 1770 395; x_wconf 69' lang='grc' dir='ltr'>ε.</span> <span class='ocrx_word' id='word_1_460' title='bbox 1810 326 2177 392; x_wconf 74' lang='grc' dir='ltr'>ΑυαιιετιΝι</span> <span class='ocrx_word' id='word_1_461' title='bbox 2217 325 2518 384; x_wconf 75' lang='lat' dir='ltr'><strong>EPISCOPI</strong></span> 
     </span>
    </p>
   </div>
   <div class='ocr_carea' id='block_1_62' title="bbox 3653 324 3792 385">
    <p class='ocr_par' dir='ltr' id='par_1_62' title="bbox 3653 324 3792 385">
     <span class='ocr_line' id='line_1_62' title="bbox 3653 324 3792 385; baseline 0 0"><span class='ocrx_word' id='word_1_462' title='bbox 3653 324 3792 385; x_wconf 66' lang='lat' dir='ltr'><strong>M3!</strong></span> 
     </span>
    </p>
   </div>
   <div class='ocr_carea' id='block_1_63' title="bbox 2289 446 3794 524">
    <p class='ocr_par' dir='ltr' id='par_1_63' title="bbox 2289 446 3794 524">
     <span class='ocr_line' id='line_1_63' title="bbox 2289 446 3794 524; baseline 0.011 -19"><span class='ocrx_word' id='word_1_463' title='bbox 2289 446 2341 505; x_wconf 81' lang='lat'><strong>3.</strong></span> <span class='ocrx_word' id='word_1_464' title='bbox 2384 446 2532 521; x_wconf 58' lang='lat' dir='ltr'><strong>[vera</strong></span> <span class='ocrx_word' id='word_1_465' title='bbox 2559 446 2639 521; x_wconf 78' lang='grc'><strong>5.]</strong></span> <span class='ocrx_word' id='word_1_466' title='bbox 2680 449 2930 517; x_wconf 76' lang='lat' dir='ltr'><strong>Quoniam</strong></span> <span class='ocrx_word' id='word_1_467' title='bbox 2957 468 3066 508; x_wconf 83' lang='lat' dir='ltr'><strong>ecce</strong></span> <span class='ocrx_word' id='word_1_468' title='bbox 3102 454 3294 512; x_wconf 82' lang='lat' dir='ltr'><strong>inimici</strong></span> <span class='ocrx_word' id='word_1_469' title='bbox 3322 459 3397 515; x_wconf 75' lang='lat' dir='ltr'><strong>tui</strong></span> <span class='ocrx_word' id='word_1_470' title='bbox 3420 474 3716 524; x_wconf 65' lang='lat' dir='ltr'><strong>mut.</strong></span> <span class='ocrx_word' id='word_1_471' title='bbox 3745 477 3794 522; x_wconf 71' lang='lat' dir='ltr'><strong>et</strong></span> 
     </span>
    </p>
   </div>
   <div class='ocr_carea' id='block_1_64' title="bbox 2211 525 3792 627">
    <p class='ocr_par' dir='ltr' id='par_1_64' title="bbox 2211 525 3792 627">
     <span class='ocr_line' id='line_1_64' title="bbox 2211 525 3792 627; baseline 0.014 -35"><span class='ocrx_word' id='word_1_472' title='bbox 2211 540 2298 609; x_wconf 88' lang='lat' dir='ltr'><strong>qui</strong></span> <span class='ocrx_word' id='word_1_473' title='bbox 2317 541 2533 594; x_wconf 89' lang='lat' dir='ltr'><strong>oderunt</strong></span> <span class='ocrx_word' id='word_1_474' title='bbox 2556 550 2603 595; x_wconf 85' lang='lat' dir='ltr'><strong>te</strong></span> <span class='ocrx_word' id='word_1_475' title='bbox 2626 542 2908 596; x_wconf 76' lang='lat' dir='ltr'><strong>extulerunt</strong></span> <span class='ocrx_word' id='word_1_476' title='bbox 2935 556 3106 615; x_wconf 81' lang='lat' dir='ltr'><strong>caput.</strong></span> <span class='ocrx_word' id='word_1_477' title='bbox 3130 546 3462 607; x_wconf 54' lang='lat' dir='ltr'><strong>Novissima</strong></span> <span class='ocrx_word' id='word_1_478' title='bbox 3484 552 3601 609; x_wconf 81' lang='lat' dir='ltr'><strong>dies</strong></span> <span class='ocrx_word' id='word_1_479' title='bbox 3623 525 3792 627; x_wconf 75' lang='lat' dir='ltr'><strong>signi-</strong></span> 
     </span>
    </p>
   </div>
   <div class='ocr_carea' id='block_1_65' title="bbox 2211 631 3793 708">
    <p class='ocr_par' dir='ltr' id='par_1_65' title="bbox 2211 631 3793 708">
     <span class='ocr_line' id='line_1_65' title="bbox 2211 631 3793 708; baseline 0.011 -23"><span class='ocrx_word' id='word_1_480' title='bbox 2211 631 2372 687; x_wconf 82' lang='lat' dir='ltr'><strong>ticare</strong></span> <span class='ocrx_word' id='word_1_481' title='bbox 2396 632 2524 686; x_wconf 90' lang='lat' dir='ltr'><strong>mihi</strong></span> <span class='ocrx_word' id='word_1_482' title='bbox 2548 633 2775 702; x_wconf 87' lang='lat' dir='ltr'><strong>videtur,</strong></span> <span class='ocrx_word' id='word_1_483' title='bbox 2804 635 3016 705; x_wconf 85' lang='lat' dir='ltr'><strong>quando</strong></span> <span class='ocrx_word' id='word_1_484' title='bbox 3040 637 3156 694; x_wconf 59' lang='lat' dir='ltr'><strong>haec</strong></span> <span class='ocrx_word' id='word_1_485' title='bbox 3174 655 3294 708; x_wconf 75' lang='lat' dir='ltr'><strong>quae</strong></span> <span class='ocrx_word' id='word_1_486' title='bbox 3313 656 3455 698; x_wconf 86' lang='lat' dir='ltr'><strong>nunc</strong></span> <span class='ocrx_word' id='word_1_487' title='bbox 3480 654 3622 700; x_wconf 90' lang='lat' dir='ltr'><strong>metu</strong></span> <span class='ocrx_word' id='word_1_488' title='bbox 3644 663 3793 704; x_wconf 90' lang='lat' dir='ltr'><strong>com-</strong></span> 
     </span>
    </p>
   </div>
   <div class='ocr_carea' id='block_1_66' title="bbox 2210 723 3794 808">
    <p class='ocr_par' dir='ltr' id='par_1_66' title="bbox 2210 723 3794 808">
     <span class='ocr_line' id='line_1_66' title="bbox 2210 723 3794 808; baseline 0.013 -32"><span class='ocrx_word' id='word_1_489' title='bbox 2210 723 2532 792; x_wconf 88' lang='lat' dir='ltr'><strong>prituuntur,</strong></span> <span class='ocrx_word' id='word_1_490' title='bbox 2564 724 2616 779; x_wconf 89' lang='lat' dir='ltr'><strong>in</strong></span> <span class='ocrx_word' id='word_1_491' title='bbox 2640 725 2863 783; x_wconf 77' lang='lat' dir='ltr'><strong>liberam</strong></span> <span class='ocrx_word' id='word_1_492' title='bbox 2890 743 3074 783; x_wconf 82' lang='lat' dir='ltr'><strong>vocem</strong></span> <span class='ocrx_word' id='word_1_493' title='bbox 3096 740 3347 800; x_wconf 88' lang='lat' dir='ltr'><strong>eruptura</strong></span> <span class='ocrx_word' id='word_1_494' title='bbox 3365 744 3510 801; x_wconf 87' lang='lat' dir='ltr'><strong>sunt,</strong></span> <span class='ocrx_word' id='word_1_495' title='bbox 3529 737 3620 792; x_wconf 87' lang='lat' dir='ltr'><strong>sed</strong></span> <span class='ocrx_word' id='word_1_496' title='bbox 3639 739 3794 808; x_wconf 87' lang='lat' dir='ltr'><strong>plane</strong></span> 
     </span>
    </p>
   </div>
   <div class='ocr_carea' id='block_1_67' title="bbox 2210 816 3796 895">
    <p class='ocr_par' dir='ltr' id='par_1_67' title="bbox 2210 816 3796 895">
     <span class='ocr_line' id='line_1_67' title="bbox 2210 816 3796 895; baseline 0.012 -25"><span class='ocrx_word' id='word_1_497' title='bbox 2210 816 2644 881; x_wconf 81' lang='lat' dir='ltr'><strong>irrationabilem.</strong></span> <span class='ocrx_word' id='word_1_498' title='bbox 2674 832 2732 874; x_wconf 87' lang='lat' dir='ltr'><strong>nt</strong></span> <span class='ocrx_word' id='word_1_499' title='bbox 2754 822 2960 877; x_wconf 87' lang='lat' dir='ltr'><strong>sonitus</strong></span> <span class='ocrx_word' id='word_1_500' title='bbox 2984 824 3151 894; x_wconf 82' lang='lat' dir='ltr'><strong>magis</strong></span> <span class='ocrx_word' id='word_1_501' title='bbox 3177 842 3334 895; x_wconf 89' lang='lat' dir='ltr'><strong>quam</strong></span> <span class='ocrx_word' id='word_1_502' title='bbox 3365 828 3561 885; x_wconf 91' lang='lat' dir='ltr'><strong>locutio</strong></span> <span class='ocrx_word' id='word_1_503' title='bbox 3582 833 3663 887; x_wconf 85' lang='lat' dir='ltr'><strong>vel</strong></span> <span class='ocrx_word' id='word_1_504' title='bbox 3682 850 3796 889; x_wconf 83' lang='lat' dir='ltr'><strong>ser-</strong></span> 
     </span>
    </p>
   </div>
   <div class='ocr_carea' id='block_1_68' title="bbox 2211 908 3791 993">
    <p class='ocr_par' dir='ltr' id='par_1_68' title="bbox 2211 908 3791 993">
     <span class='ocr_line' id='line_1_68' title="bbox 2211 908 3791 993; baseline 0.013 -32"><span class='ocrx_word' id='word_1_505' title='bbox 2211 922 2300 961; x_wconf 90' lang='lat' dir='ltr'><strong>mo</strong></span> <span class='ocrx_word' id='word_1_506' title='bbox 2323 908 2578 965; x_wconf 89' lang='lat' dir='ltr'><strong>dicendus</strong></span> <span class='ocrx_word' id='word_1_507' title='bbox 2606 911 2693 966; x_wconf 88' lang='lat' dir='ltr'><strong>sit.</strong></span> <span class='ocrx_word' id='word_1_508' title='bbox 2724 913 2838 968; x_wconf 83' lang='lat' dir='ltr'><strong>Non</strong></span> <span class='ocrx_word' id='word_1_509' title='bbox 2861 914 3035 983; x_wconf 86' lang='lat' dir='ltr'><strong>itaque</strong></span> <span class='ocrx_word' id='word_1_510' title='bbox 3059 924 3185 973; x_wconf 91' lang='lat' dir='ltr'><strong>tunc</strong></span> <span class='ocrx_word' id='word_1_511' title='bbox 3202 918 3381 976; x_wconf 87' lang='lat' dir='ltr'><strong>odisse</strong></span> <span class='ocrx_word' id='word_1_512' title='bbox 3406 921 3678 993; x_wconf 85' lang='lat' dir='ltr'><strong>incipient,</strong></span> <span class='ocrx_word' id='word_1_513' title='bbox 3698 927 3791 981; x_wconf 89' lang='lat' dir='ltr'><strong>sed</strong></span> 
     </span>
    </p>
   </div>
   <div class='ocr_carea' id='block_1_69' title="bbox 2210 999 3794 1086">
    <p class='ocr_par' dir='ltr' id='par_1_69' title="bbox 2210 999 3794 1086">
     <span class='ocr_line' id='line_1_69' title="bbox 2210 999 3794 1086; baseline 0.015 -35"><span class='ocrx_word' id='word_1_514' title='bbox 2210 1000 2300 1068; x_wconf 90' lang='lat' dir='ltr'><strong>qui</strong></span> <span class='ocrx_word' id='word_1_515' title='bbox 2325 999 2551 1055; x_wconf 89' lang='lat' dir='ltr'><strong>oderunt</strong></span> <span class='ocrx_word' id='word_1_516' title='bbox 2580 1011 2650 1065; x_wconf 88' lang='lat' dir='ltr'><strong>te,</strong></span> <span class='ocrx_word' id='word_1_517' title='bbox 2685 1014 2809 1059; x_wconf 89' lang='lat' dir='ltr'><strong>tunc</strong></span> <span class='ocrx_word' id='word_1_518' title='bbox 2848 1007 3097 1077; x_wconf 84' lang='lat' dir='ltr'><strong>levabunt</strong></span> <span class='ocrx_word' id='word_1_519' title='bbox 3124 1018 3302 1083; x_wconf 84' lang='lat' dir='ltr'><strong>caput.</strong></span> <span class='ocrx_word' id='word_1_520' title='bbox 3344 1011 3451 1069; x_wconf 76' lang='lat' dir='ltr'><strong>Nec</strong></span> <span class='ocrx_word' id='word_1_521' title='bbox 3476 1017 3794 1086; x_wconf 60' lang='lat' dir='ltr'><strong>capita,.scd</strong></span> 
     </span>
    </p>
   </div>
   <div class='ocr_carea' id='block_1_70' title="bbox 2211 1094 3793 1166">
    <p class='ocr_par' dir='ltr' id='par_1_70' title="bbox 2211 1094 3793 1166">
     <span class='ocr_line' id='line_1_70' title="bbox 2211 1094 3793 1166; baseline 0.013 -22"><span class='ocrx_word' id='word_1_522' title='bbox 2211 1102 2395 1161; x_wconf 83' lang='lat' dir='ltr'><strong>caput;</strong></span> <span class='ocrx_word' id='word_1_523' title='bbox 2420 1094 2631 1162; x_wconf 91' lang='lat' dir='ltr'><strong>quando</strong></span> <span class='ocrx_word' id='word_1_524' title='bbox 2656 1110 2721 1150; x_wconf 84' lang='lat' dir='ltr'><strong>eo</strong></span> <span class='ocrx_word' id='word_1_525' title='bbox 2760 1101 3060 1165; x_wconf 88' lang='lat' dir='ltr'><strong>perventuri</strong></span> <span class='ocrx_word' id='word_1_526' title='bbox 3089 1110 3231 1166; x_wconf 90' lang='lat' dir='ltr'><strong>sunt,</strong></span> <span class='ocrx_word' id='word_1_527' title='bbox 3264 1112 3319 1157; x_wconf 92' lang='lat' dir='ltr'><strong>ut</strong></span> <span class='ocrx_word' id='word_1_528' title='bbox 3348 1105 3508 1160; x_wconf 86' lang='lat' dir='ltr'><strong>etiam</strong></span> <span class='ocrx_word' id='word_1_529' title='bbox 3540 1108 3667 1161; x_wconf 91' lang='lat' dir='ltr'><strong>illud</strong></span> <span class='ocrx_word' id='word_1_530' title='bbox 3699 1124 3793 1163; x_wconf 70' lang='lat' dir='ltr'><strong>ca-</strong></span> 
     </span>
    </p>
   </div>
   <div class='ocr_carea' id='block_1_71' title="bbox 2211 1185 3796 1267">
    <p class='ocr_par' dir='ltr' id='par_1_71' title="bbox 2211 1185 3796 1267">
     <span class='ocr_line' id='line_1_71' title="bbox 2211 1185 3796 1267; baseline 0.013 -30"><span class='ocrx_word' id='word_1_531' title='bbox 2211 1193 2304 1253; x_wconf 91' lang='lat' dir='ltr'><strong>put</strong></span> <span class='ocrx_word' id='word_1_532' title='bbox 2333 1185 2558 1242; x_wconf 89' lang='lat' dir='ltr'><strong>habeant</strong></span> <span class='ocrx_word' id='word_1_533' title='bbox 2579 1188 2717 1258; x_wconf 86' lang='lat' dir='ltr'><strong>quod</strong></span> <span class='ocrx_word' id='word_1_534' title='bbox 2742 1190 3014 1247; x_wconf 78' lang='lat' dir='ltr'><strong>extollitur</strong></span> <span class='ocrx_word' id='word_1_535' title='bbox 3042 1209 3202 1262; x_wconf 90' lang='lat' dir='ltr'><strong>super</strong></span> <span class='ocrx_word' id='word_1_536' title='bbox 3227 1211 3385 1253; x_wconf 92' lang='lat' dir='ltr'><strong>omne</strong></span> <span class='ocrx_word' id='word_1_537' title='bbox 3430 1200 3569 1267; x_wconf 91' lang='lat' dir='ltr'><strong>quod</strong></span> <span class='ocrx_word' id='word_1_538' title='bbox 3600 1201 3796 1258; x_wconf 85' lang='lat' dir='ltr'><strong>dicitur</strong></span> 
     </span>
    </p>
   </div>
   <div class='ocr_carea' id='block_1_72' title="bbox 2215 1276 3793 1365">
    <p class='ocr_par' dir='ltr' id='par_1_72' title="bbox 2215 1276 3793 1365">
     <span class='ocr_line' id='line_1_72' title="bbox 2215 1276 3793 1365; baseline 0.013 -36"><span class='ocrx_word' id='word_1_539' title='bbox 2215 1276 2350 1331; x_wconf 90' lang='lat' dir='ltr'><strong>Deus</strong></span> <span class='ocrx_word' id='word_1_540' title='bbox 2379 1285 2432 1331; x_wconf 94' lang='lat' dir='ltr'><strong>et</strong></span> <span class='ocrx_word' id='word_1_541' title='bbox 2456 1278 2593 1348; x_wconf 91' lang='lat' dir='ltr'><strong>quod</strong></span> <span class='ocrx_word' id='word_1_542' title='bbox 2624 1280 2846 1336; x_wconf 86' lang='lat' dir='ltr'><strong>colitur:</strong></span> <span class='ocrx_word' id='word_1_543' title='bbox 2872 1290 2926 1336; x_wconf 92' lang='lat' dir='ltr'><strong>ut</strong></span> <span class='ocrx_word' id='word_1_544' title='bbox 2951 1284 3003 1337; x_wconf 93' lang='lat' dir='ltr'><strong>in</strong></span> <span class='ocrx_word' id='word_1_545' title='bbox 3033 1284 3120 1338; x_wconf 89' lang='lat' dir='ltr'><strong>illo</strong></span> <span class='ocrx_word' id='word_1_546' title='bbox 3142 1286 3369 1343; x_wconf 80' lang='lat' dir='ltr'><strong>maxime</strong></span> <span class='ocrx_word' id='word_1_547' title='bbox 3391 1289 3688 1361; x_wconf 84' lang='lat' dir='ltr'><strong>impleatur,</strong></span> <span class='ocrx_word' id='word_1_548' title='bbox 3707 1297 3793 1365; x_wconf 87' lang='lat' dir='ltr'><strong>qui</strong></span> 
     </span>
    </p>
   </div>
   <div class='ocr_carea' id='block_1_73' title="bbox 2212 1368 3798 1448">
    <p class='ocr_par' dir='ltr' id='par_1_73' title="bbox 2212 1368 3798 1448">
     <span class='ocr_line' id='line_1_73' title="bbox 2212 1368 3798 1448; baseline 0.013 -27"><span class='ocrx_word' id='word_1_549' title='bbox 2212 1383 2265 1421; x_wconf 86' lang='lat' dir='ltr'><strong>se</strong></span> <span class='ocrx_word' id='word_1_550' title='bbox 2287 1368 2493 1435; x_wconf 72' lang='lat' dir='ltr'><strong>exultat,</strong></span> <span class='ocrx_word' id='word_1_551' title='bbox 2523 1370 2870 1427; x_wconf 86' lang='lat' dir='ltr'><strong>Immiliabitur</strong></span> <span class='ocrx_word' id='word_1_552' title='bbox 2892 1373 3038 1446; x_wconf 91' lang='lat' dir='ltr'><strong>(Luc.</strong></span> <span class='ocrx_word' id='word_1_553' title='bbox 3058 1392 3164 1441; x_wconf 79' lang='lat' dir='ltr'><strong>xw,</strong></span> <span class='ocrx_word' id='word_1_554' title='bbox 3195 1377 3313 1448; x_wconf 84' lang='lat' dir='ltr'><strong>ll);</strong></span> <span class='ocrx_word' id='word_1_555' title='bbox 3341 1388 3397 1434; x_wconf 91' lang='lat' dir='ltr'><strong>et</strong></span> <span class='ocrx_word' id='word_1_556' title='bbox 3420 1396 3541 1436; x_wconf 90' lang='lat' dir='ltr'><strong>cum</strong></span> <span class='ocrx_word' id='word_1_557' title='bbox 3563 1399 3684 1438; x_wconf 92' lang='lat' dir='ltr'><strong>eum</strong></span> <span class='ocrx_word' id='word_1_558' title='bbox 3709 1386 3798 1442; x_wconf 88' lang='lat' dir='ltr'><strong>ille</strong></span> 
     </span>
    </p>
   </div>
   <div class='ocr_carea' id='block_1_74' title="bbox 2212 1460 3797 1539">
    <p class='ocr_par' dir='ltr' id='par_1_74' title="bbox 2212 1460 3797 1539">
     <span class='ocr_line' id='line_1_74' title="bbox 2212 1460 3797 1539; baseline 0.011 -25"><span class='ocrx_word' id='word_1_559' title='bbox 2212 1460 2295 1514; x_wconf 90' lang='lat' dir='ltr'><strong>cui</strong></span> <span class='ocrx_word' id='word_1_560' title='bbox 2320 1460 2532 1527; x_wconf 91' lang='lat' dir='ltr'><strong>dicitur,</strong></span> <span class='ocrx_word' id='word_1_561' title='bbox 2558 1460 2642 1518; x_wconf 86' lang='lat' dir='ltr'><strong>Ne</strong></span> <span class='ocrx_word' id='word_1_562' title='bbox 2668 1473 2851 1528; x_wconf 86' lang='lat' dir='ltr'><strong>taceas,</strong></span> <span class='ocrx_word' id='word_1_563' title='bbox 2879 1483 3038 1538; x_wconf 88' lang='lat' dir='ltr'><strong>neque</strong></span> <span class='ocrx_word' id='word_1_564' title='bbox 3062 1470 3289 1525; x_wconf 80' lang='lat' dir='ltr'><strong>milescas</strong></span> <span class='ocrx_word' id='word_1_565' title='bbox 3326 1470 3486 1539; x_wconf 88' lang='lat' dir='ltr'><strong>Deus,</strong></span> <span class='ocrx_word' id='word_1_566' title='bbox 3511 1473 3797 1531; x_wconf 80' lang='lat' dir='ltr'><strong>interficiet</strong></span> 
     </span>
    </p>
   </div>
   <div class='ocr_carea' id='block_1_75' title="bbox 2212 1552 3795 1636">
    <p class='ocr_par' dir='ltr' id='par_1_75' title="bbox 2212 1552 3795 1636">
     <span class='ocr_line' id='line_1_75' title="bbox 2212 1552 3795 1636; baseline 0.013 -32"><span class='ocrx_word' id='word_1_567' title='bbox 2212 1552 2397 1620; x_wconf 89' lang='lat' dir='ltr'><strong>spiritu</strong></span> <span class='ocrx_word' id='word_1_568' title='bbox 2432 1554 2541 1609; x_wconf 92' lang='lat' dir='ltr'><strong>oris</strong></span> <span class='ocrx_word' id='word_1_569' title='bbox 2566 1556 2668 1621; x_wconf 90' lang='lat' dir='ltr'><strong>sui,</strong></span> <span class='ocrx_word' id='word_1_570' title='bbox 2698 1565 2751 1611; x_wconf 91' lang='lat' dir='ltr'><strong>et</strong></span> <span class='ocrx_word' id='word_1_571' title='bbox 2777 1558 3056 1614; x_wconf 86' lang='lat' dir='ltr'><strong>evacuabit</strong></span> <span class='ocrx_word' id='word_1_572' title='bbox 3080 1560 3468 1619; x_wconf 86' lang='lat' dir='ltr'><strong>illuminatione</strong></span> <span class='ocrx_word' id='word_1_573' title='bbox 3495 1567 3795 1636; x_wconf 70' lang='lat' dir='ltr'><strong>praesentia)</strong></span> 
     </span>
    </p>
   </div>
   <div class='ocr_carea' id='block_1_76' title="bbox 2212 1643 2889 1719">
    <p class='ocr_par' dir='ltr' id='par_1_76' title="bbox 2212 1643 2889 1719">
     <span class='ocr_line' id='line_1_76' title="bbox 2212 1643 2889 1719; baseline 0.003 -20"><span class='ocrx_word' id='word_1_574' title='bbox 2212 1658 2322 1699; x_wconf 70' lang='lat' dir='ltr'><strong>sua:</strong></span> <span class='ocrx_word' id='word_1_575' title='bbox 2346 1643 2412 1707; x_wconf 90' lang='lat' dir='ltr'><strong>(ll</strong></span> <span class='ocrx_word' id='word_1_576' title='bbox 2432 1644 2616 1701; x_wconf 77' lang='lat' dir='ltr'><strong>Thess.</strong></span> <span class='ocrx_word' id='word_1_577' title='bbox 2649 1663 2704 1713; x_wconf 87' lang='grc' dir='ltr'>ιι,</span> <span class='ocrx_word' id='word_1_578' title='bbox 2734 1648 2789 1714; x_wconf 76' lang='grc'>4,</span> <span class='ocrx_word' id='word_1_579' title='bbox 2811 1647 2889 1719; x_wconf 91' lang='grc'><strong>8).</strong></span> 
     </span>
    </p>
   </div>
   <div class='ocr_carea' id='block_1_77' title="bbox 2283 1733 3795 1818">
    <p class='ocr_par' dir='ltr' id='par_1_77' title="bbox 2283 1733 3795 1818">
     <span class='ocr_line' id='line_1_77' title="bbox 2283 1733 3795 1818; baseline 0.009 -29"><span class='ocrx_word' id='word_1_580' title='bbox 2283 1734 2336 1789; x_wconf 77' lang='grc'>4.</span> <span class='ocrx_word' id='word_1_581' title='bbox 2379 1733 2529 1807; x_wconf 71' lang='grc' dir='ltr'><strong>[νει-δ.</strong></span> <span class='ocrx_word' id='word_1_582' title='bbox 2579 1736 2658 1811; x_wconf 74' lang='grc'><strong>4.]</strong></span> <span class='ocrx_word' id='word_1_583' title='bbox 2699 1736 2869 1809; x_wconf 84' lang='lat' dir='ltr'><strong>Super</strong></span> <span class='ocrx_word' id='word_1_584' title='bbox 2912 1741 3159 1811; x_wconf 82' lang='lat' dir='ltr'><strong>populum</strong></span> <span class='ocrx_word' id='word_1_585' title='bbox 3200 1750 3341 1798; x_wconf 86' lang='lat' dir='ltr'><strong>tuum</strong></span> <span class='ocrx_word' id='word_1_586' title='bbox 3396 1746 3795 1818; x_wconf 84' lang='lat' dir='ltr'><strong>malignaverunt</strong></span> 
     </span>
    </p>
   </div>
   <div class='ocr_carea' id='block_1_78' title="bbox 2212 1828 3799 1909">
    <p class='ocr_par' dir='ltr' id='par_1_78' title="bbox 2212 1828 3799 1909">
     <span class='ocr_line' id='line_1_78' title="bbox 2212 1828 3799 1909; baseline 0.009 -28"><span class='ocrx_word' id='word_1_587' title='bbox 2212 1828 2510 1893; x_wconf 84' lang='lat' dir='ltr'><strong>consilium;</strong></span> <span class='ocrx_word' id='word_1_588' title='bbox 2539 1828 2642 1896; x_wconf 92' lang='lat' dir='ltr'><strong>vel,</strong></span> <span class='ocrx_word' id='word_1_589' title='bbox 2667 1829 2803 1885; x_wconf 91' lang='lat' dir='ltr'><strong>sicut</strong></span> <span class='ocrx_word' id='word_1_590' title='bbox 2826 1830 2915 1885; x_wconf 88' lang='lat' dir='ltr'><strong>alii</strong></span> <span class='ocrx_word' id='word_1_591' title='bbox 2945 1831 3155 1889; x_wconf 91' lang='lat' dir='ltr'><strong>codices</strong></span> <span class='ocrx_word' id='word_1_592' title='bbox 3181 1833 3396 1901; x_wconf 89' lang='lat' dir='ltr'><strong>habent,</strong></span> <span class='ocrx_word' id='word_1_593' title='bbox 3425 1845 3585 1892; x_wconf 85' lang='lat' dir='ltr'><strong>astute</strong></span> <span class='ocrx_word' id='word_1_594' title='bbox 3609 1840 3799 1909; x_wconf 86' lang='lat' dir='ltr'><strong>cogita-</strong></span> 
     </span>
    </p>
   </div>
   <div class='ocr_carea' id='block_1_79' title="bbox 2214 1919 3791 1992">
    <p class='ocr_par' dir='ltr' id='par_1_79' title="bbox 2214 1919 3791 1992">
     <span class='ocr_line' id='line_1_79' title="bbox 2214 1919 3791 1992; baseline 0.008 -21"><span class='ocrx_word' id='word_1_595' title='bbox 2214 1927 2387 1972; x_wconf 82' lang='lat' dir='ltr'><strong>verunt</strong></span> <span class='ocrx_word' id='word_1_596' title='bbox 2408 1919 2692 1986; x_wconf 86' lang='lat' dir='ltr'><strong>consilium,</strong></span> <span class='ocrx_word' id='word_1_597' title='bbox 2719 1929 2765 1973; x_wconf 87' lang='lat' dir='ltr'><strong>et</strong></span> <span class='ocrx_word' id='word_1_598' title='bbox 2798 1922 3139 1992; x_wconf 82' lang='lat' dir='ltr'><strong>cogitaverunt</strong></span> <span class='ocrx_word' id='word_1_599' title='bbox 3176 1925 3413 1980; x_wconf 83' lang='lat' dir='ltr'><strong>adversus</strong></span> <span class='ocrx_word' id='word_1_600' title='bbox 3441 1936 3641 1983; x_wconf 83' lang='lat' dir='ltr'><strong>sanctos</strong></span> <span class='ocrx_word' id='word_1_601' title='bbox 3663 1939 3791 1985; x_wconf 86' lang='lat' dir='ltr'><strong>tuos.</strong></span> 
     </span>
    </p>
   </div>
   <div class='ocr_carea' id='block_1_80' title="bbox 2216 2008 3797 2084">
    <p class='ocr_par' dir='ltr' id='par_1_80' title="bbox 2216 2008 3797 2084">
     <span class='ocr_line' id='line_1_80' title="bbox 2216 2008 3797 2084; baseline 0.009 -22"><span class='ocrx_word' id='word_1_602' title='bbox 2216 2008 2503 2065; x_wconf 88' lang='lat' dir='ltr'><strong>lrridenter</strong></span> <span class='ocrx_word' id='word_1_603' title='bbox 2530 2011 2629 2065; x_wconf 84' lang='lat' dir='ltr'><strong>ista</strong></span> <span class='ocrx_word' id='word_1_604' title='bbox 2655 2011 2935 2067; x_wconf 89' lang='lat' dir='ltr'><strong>dicuntur:</strong></span> <span class='ocrx_word' id='word_1_605' title='bbox 2957 2014 3170 2084; x_wconf 91' lang='lat' dir='ltr'><strong>quando</strong></span> <span class='ocrx_word' id='word_1_606' title='bbox 3186 2018 3327 2070; x_wconf 90' lang='lat' dir='ltr'><strong>enim</strong></span> <span class='ocrx_word' id='word_1_607' title='bbox 3348 2017 3587 2073; x_wconf 85' lang='lat' dir='ltr'><strong>valerent</strong></span> <span class='ocrx_word' id='word_1_608' title='bbox 3603 2035 3797 2077; x_wconf 82' lang='lat' dir='ltr'><strong>nocere</strong></span> 
     </span>
    </p>
   </div>
   <div class='ocr_carea' id='block_1_81' title="bbox 2218 2099 3800 2176">
    <p class='ocr_par' dir='ltr' id='par_1_81' title="bbox 2218 2099 3800 2176">
     <span class='ocr_line' id='line_1_81' title="bbox 2218 2099 3800 2176; baseline 0.009 -25"><span class='ocrx_word' id='word_1_609' title='bbox 2218 2099 2413 2168; x_wconf 82' lang='lat' dir='ltr'><strong>populo</strong></span> <span class='ocrx_word' id='word_1_610' title='bbox 2441 2100 2526 2154; x_wconf 90' lang='lat' dir='ltr'><strong>vel</strong></span> <span class='ocrx_word' id='word_1_611' title='bbox 2552 2099 2695 2169; x_wconf 89' lang='lat' dir='ltr'><strong>plebi</strong></span> <span class='ocrx_word' id='word_1_612' title='bbox 2736 2101 2850 2165; x_wconf 89' lang='lat' dir='ltr'><strong>Dei,</strong></span> <span class='ocrx_word' id='word_1_613' title='bbox 2896 2102 2980 2157; x_wconf 86' lang='lat' dir='ltr'><strong>vel</strong></span> <span class='ocrx_word' id='word_1_614' title='bbox 3020 2104 3215 2158; x_wconf 87' lang='lat' dir='ltr'><strong>sanctis</strong></span> <span class='ocrx_word' id='word_1_615' title='bbox 3254 2104 3369 2173; x_wconf 90' lang='lat' dir='ltr'><strong>ejus</strong></span> <span class='ocrx_word' id='word_1_616' title='bbox 3406 2106 3497 2176; x_wconf 89' lang='lat' dir='ltr'><strong>qui</strong></span> <span class='ocrx_word' id='word_1_617' title='bbox 3540 2118 3800 2166; x_wconf 89' lang='lat' dir='ltr'><strong>noverunt</strong></span> 
     </span>
    </p>
   </div>
   <div class='ocr_carea' id='block_1_82' title="bbox 2216 2190 3797 2271">
    <p class='ocr_par' dir='ltr' id='par_1_82' title="bbox 2216 2190 3797 2271">
     <span class='ocr_line' id='line_1_82' title="bbox 2216 2190 3797 2271; baseline 0.008 -27"><span class='ocrx_word' id='word_1_618' title='bbox 2216 2190 2415 2260; x_wconf 89' lang='lat' dir='ltr'><strong>dicere,</strong></span> <span class='ocrx_word' id='word_1_619' title='bbox 2453 2192 2515 2248; x_wconf 90' lang='lat' dir='ltr'><strong>Si</strong></span> <span class='ocrx_word' id='word_1_620' title='bbox 2540 2192 2681 2248; x_wconf 85' lang='lat' dir='ltr'><strong>Deus</strong></span> <span class='ocrx_word' id='word_1_621' title='bbox 2710 2210 2801 2264; x_wconf 86' lang='lat' dir='ltr'><strong>pro</strong></span> <span class='ocrx_word' id='word_1_622' title='bbox 2837 2194 2997 2262; x_wconf 87' lang='lat' dir='ltr'><strong>nobis,</strong></span> <span class='ocrx_word' id='word_1_623' title='bbox 3028 2195 3140 2266; x_wconf 87' lang='lat' dir='ltr'><strong>quis</strong></span> <span class='ocrx_word' id='word_1_624' title='bbox 3164 2205 3339 2251; x_wconf 89' lang='lat' dir='ltr'><strong>contra</strong></span> <span class='ocrx_word' id='word_1_625' title='bbox 3364 2214 3456 2252; x_wconf 85' lang='lat' dir='ltr'><strong>nos</strong></span> <span class='ocrx_word' id='word_1_626' title='bbox 3482 2197 3656 2271; x_wconf 85' lang='lat' dir='ltr'><strong>(Rom.</strong></span> <span class='ocrx_word' id='word_1_627' title='bbox 3684 2216 3797 2269; x_wconf 86' lang='lat' dir='ltr'><strong>vm,</strong></span> 
     </span>
    </p>
   </div>
   <div class='ocr_carea' id='block_1_83' title="bbox 2216 2281 2340 2354">
    <p class='ocr_par' dir='ltr' id='par_1_83' title="bbox 2216 2281 2340 2354">
     <span class='ocr_line' id='line_1_83' title="bbox 2216 2281 2340 2354; baseline -0.024 -16"><span class='ocrx_word' id='word_1_628' title='bbox 2216 2281 2340 2354; x_wconf 76' lang='lat' dir='ltr'><strong>5i)?</strong></span> 
     </span>
    </p>
   </div>
   <div class='ocr_carea' id='block_1_84' title="bbox 2289 2374 3804 2456">
    <p class='ocr_par' dir='ltr' id='par_1_84' title="bbox 2289 2374 3804 2456">
     <span class='ocr_line' id='line_1_84' title="bbox 2289 2374 3804 2456; baseline 0.008 -24"><span class='ocrx_word' id='word_1_629' title='bbox 2289 2376 2343 2432; x_wconf 83' lang='lat'><strong>5.</strong></span> <span class='ocrx_word' id='word_1_630' title='bbox 2385 2374 2534 2449; x_wconf 87' lang='lat' dir='ltr'><strong>[vers.</strong></span> <span class='ocrx_word' id='word_1_631' title='bbox 2558 2376 2638 2451; x_wconf 86' lang='lat'><strong>5.]</strong></span> <span class='ocrx_word' id='word_1_632' title='bbox 2679 2377 2950 2447; x_wconf 77' lang='lat' dir='ltr'><strong>Dixerunt,</strong></span> <span class='ocrx_word' id='word_1_633' title='bbox 2983 2380 3179 2449; x_wconf 80' lang='lat' dir='ltr'><strong>Venite,</strong></span> <span class='ocrx_word' id='word_1_634' title='bbox 3202 2392 3250 2438; x_wconf 90' lang='lat' dir='ltr'><strong>et</strong></span> <span class='ocrx_word' id='word_1_635' title='bbox 3274 2384 3621 2456; x_wconf 81' lang='lat' dir='ltr'><strong>disperdamus</strong></span> <span class='ocrx_word' id='word_1_636' title='bbox 3634 2405 3720 2443; x_wconf 89' lang='lat' dir='ltr'><strong>eos</strong></span> <span class='ocrx_word' id='word_1_637' title='bbox 3740 2389 3804 2444; x_wconf 79' lang='lat' dir='ltr'><strong>de</strong></span> 
     </span>
    </p>
   </div>
   <div class='ocr_carea' id='block_1_85' title="bbox 2219 2470 3805 2549">
    <p class='ocr_par' dir='ltr' id='par_1_85' title="bbox 2219 2470 3805 2549">
     <span class='ocr_line' id='line_1_85' title="bbox 2219 2470 3805 2549; baseline 0.009 -27"><span class='ocrx_word' id='word_1_638' title='bbox 2219 2479 2379 2540; x_wconf 86' lang='lat' dir='ltr'><strong>gente.</strong></span> <span class='ocrx_word' id='word_1_639' title='bbox 2409 2470 2739 2541; x_wconf 88' lang='lat' dir='ltr'><strong>Singularem</strong></span> <span class='ocrx_word' id='word_1_640' title='bbox 2770 2488 3047 2529; x_wconf 89' lang='lat' dir='ltr'><strong>numerum</strong></span> <span class='ocrx_word' id='word_1_641' title='bbox 3080 2477 3254 2546; x_wconf 90' lang='lat' dir='ltr'><strong>posuit</strong></span> <span class='ocrx_word' id='word_1_642' title='bbox 3278 2493 3375 2547; x_wconf 89' lang='lat' dir='ltr'><strong>pro</strong></span> <span class='ocrx_word' id='word_1_643' title='bbox 3403 2478 3628 2549; x_wconf 88' lang='lat' dir='ltr'><strong>plurali;</strong></span> <span class='ocrx_word' id='word_1_644' title='bbox 3665 2481 3805 2538; x_wconf 83' lang='lat' dir='ltr'><strong>sicut</strong></span> 
     </span>
    </p>
   </div>
   <div class='ocr_carea' id='block_1_86' title="bbox 2220 2560 3804 2641">
    <p class='ocr_par' dir='ltr' id='par_1_86' title="bbox 2220 2560 3804 2641">
     <span class='ocr_line' id='line_1_86' title="bbox 2220 2560 3804 2641; baseline 0.009 -28"><span class='ocrx_word' id='word_1_645' title='bbox 2220 2560 2432 2629; x_wconf 88' lang='lat' dir='ltr'><strong>dicitur,</strong></span> <span class='ocrx_word' id='word_1_646' title='bbox 2460 2561 2623 2632; x_wconf 88' lang='lat' dir='ltr'><strong>Cujus</strong></span> <span class='ocrx_word' id='word_1_647' title='bbox 2648 2572 2730 2617; x_wconf 91' lang='lat' dir='ltr'><strong>est</strong></span> <span class='ocrx_word' id='word_1_648' title='bbox 2755 2563 2855 2618; x_wconf 89' lang='lat' dir='ltr'><strong>hoc</strong></span> <span class='ocrx_word' id='word_1_649' title='bbox 2896 2580 3079 2634; x_wconf 90' lang='lat' dir='ltr'><strong>pecus,</strong></span> <span class='ocrx_word' id='word_1_650' title='bbox 3117 2568 3324 2622; x_wconf 89' lang='lat' dir='ltr'><strong>etiamsi</strong></span> <span class='ocrx_word' id='word_1_651' title='bbox 3354 2568 3421 2624; x_wconf 90' lang='lat' dir='ltr'><strong>de</strong></span> <span class='ocrx_word' id='word_1_652' title='bbox 3446 2584 3608 2641; x_wconf 88' lang='lat' dir='ltr'><strong>grege</strong></span> <span class='ocrx_word' id='word_1_653' title='bbox 3636 2570 3804 2626; x_wconf 86' lang='lat' dir='ltr'><strong>inter-</strong></span> 
     </span>
    </p>
   </div>
   <div class='ocr_carea' id='block_1_87' title="bbox 2221 2654 3802 2729">
    <p class='ocr_par' dir='ltr' id='par_1_87' title="bbox 2221 2654 3802 2729">
     <span class='ocr_line' id='line_1_87' title="bbox 2221 2654 3802 2729; baseline 0.008 -24"><span class='ocrx_word' id='word_1_654' title='bbox 2221 2661 2456 2721; x_wconf 85' lang='lat' dir='ltr'><strong>rogetur,</strong></span> <span class='ocrx_word' id='word_1_655' title='bbox 2486 2660 2540 2708; x_wconf 88' lang='lat' dir='ltr'><strong>et</strong></span> <span class='ocrx_word' id='word_1_656' title='bbox 2569 2654 2935 2725; x_wconf 88' lang='lat' dir='ltr'><strong>intelliguntur</strong></span> <span class='ocrx_word' id='word_1_657' title='bbox 2953 2671 3179 2727; x_wconf 89' lang='lat' dir='ltr'><strong>pecora:</strong></span> <span class='ocrx_word' id='word_1_658' title='bbox 3204 2657 3434 2729; x_wconf 91' lang='lat' dir='ltr'><strong>denique</strong></span> <span class='ocrx_word' id='word_1_659' title='bbox 3457 2661 3545 2715; x_wconf 88' lang='lat' dir='ltr'><strong>alii</strong></span> <span class='ocrx_word' id='word_1_660' title='bbox 3568 2662 3802 2729; x_wconf 91' lang='lat' dir='ltr'><strong>codices,</strong></span> 
     </span>
    </p>
   </div>
   <div class='ocr_carea' id='block_1_88' title="bbox 2222 2747 3805 2822">
    <p class='ocr_par' dir='ltr' id='par_1_88' title="bbox 2222 2747 3805 2822">
     <span class='ocr_line' id='line_1_88' title="bbox 2222 2747 3805 2822; baseline 0.006 -20"><span class='ocrx_word' id='word_1_661' title='bbox 2222 2749 2285 2802; x_wconf 89' lang='lat' dir='ltr'><strong>de</strong></span> <span class='ocrx_word' id='word_1_662' title='bbox 2308 2747 2556 2819; x_wconf 83' lang='lat' dir='ltr'><strong>gentibus,</strong></span> <span class='ocrx_word' id='word_1_663' title='bbox 2589 2748 2813 2814; x_wconf 89' lang='lat' dir='ltr'><strong>habent;</strong></span> <span class='ocrx_word' id='word_1_664' title='bbox 2844 2750 2930 2804; x_wconf 89' lang='lat' dir='ltr'><strong>ubi</strong></span> <span class='ocrx_word' id='word_1_665' title='bbox 2955 2751 3121 2820; x_wconf 88' lang='lat' dir='ltr'><strong>magis</strong></span> <span class='ocrx_word' id='word_1_666' title='bbox 3144 2752 3458 2822; x_wconf 87' lang='lat' dir='ltr'><strong>interpretes</strong></span> <span class='ocrx_word' id='word_1_667' title='bbox 3479 2755 3805 2811; x_wconf 90' lang='lat' dir='ltr'><strong>intellectum</strong></span> 
     </span>
    </p>
   </div>
   <div class='ocr_carea' id='block_1_89' title="bbox 2223 2841 3811 2917">
    <p class='ocr_par' dir='ltr' id='par_1_89' title="bbox 2223 2841 3811 2917">
     <span class='ocr_line' id='line_1_89' title="bbox 2223 2841 3811 2917; baseline 0.006 -23"><span class='ocrx_word' id='word_1_668' title='bbox 2223 2856 2379 2910; x_wconf 89' lang='lat' dir='ltr'><strong>quam</strong></span> <span class='ocrx_word' id='word_1_669' title='bbox 2408 2841 2627 2896; x_wconf 88' lang='lat' dir='ltr'><strong>verbum</strong></span> <span class='ocrx_word' id='word_1_670' title='bbox 2658 2843 2824 2897; x_wconf 89' lang='lat' dir='ltr'><strong>secuti</strong></span> <span class='ocrx_word' id='word_1_671' title='bbox 2853 2850 2995 2897; x_wconf 88' lang='lat' dir='ltr'><strong>sunt.</strong></span> <span class='ocrx_word' id='word_1_672' title='bbox 3038 2843 3228 2911; x_wconf 82' lang='lat' dir='ltr'><strong>Venite,</strong></span> <span class='ocrx_word' id='word_1_673' title='bbox 3273 2856 3319 2898; x_wconf 90' lang='lat' dir='ltr'><strong>et</strong></span> <span class='ocrx_word' id='word_1_674' title='bbox 3349 2845 3700 2917; x_wconf 87' lang='lat' dir='ltr'><strong>disperdamus</strong></span> <span class='ocrx_word' id='word_1_675' title='bbox 3725 2864 3811 2903; x_wconf 79' lang='lat' dir='ltr'><strong>eos</strong></span> 
     </span>
    </p>
   </div>
   <div class='ocr_carea' id='block_1_90' title="bbox 2225 2933 3807 3010">
    <p class='ocr_par' dir='ltr' id='par_1_90' title="bbox 2225 2933 3807 3010">
     <span class='ocr_line' id='line_1_90' title="bbox 2225 2933 3807 3010; baseline 0.006 -25"><span class='ocrx_word' id='word_1_676' title='bbox 2225 2933 2289 2987; x_wconf 88' lang='lat' dir='ltr'><strong>de</strong></span> <span class='ocrx_word' id='word_1_677' title='bbox 2325 2944 2486 3004; x_wconf 86' lang='lat' dir='ltr'><strong>gente.</strong></span> <span class='ocrx_word' id='word_1_678' title='bbox 2538 2933 2653 3003; x_wconf 90' lang='lat' dir='ltr'><strong>Ipse</strong></span> <span class='ocrx_word' id='word_1_679' title='bbox 2691 2943 2774 2989; x_wconf 91' lang='lat' dir='ltr'><strong>est</strong></span> <span class='ocrx_word' id='word_1_680' title='bbox 2816 2934 2905 2990; x_wconf 91' lang='lat' dir='ltr'><strong>ille</strong></span> <span class='ocrx_word' id='word_1_681' title='bbox 2948 2950 3114 2991; x_wconf 90' lang='lat' dir='ltr'><strong>sonus</strong></span> <span class='ocrx_word' id='word_1_682' title='bbox 3155 2952 3262 3007; x_wconf 92' lang='lat' dir='ltr'><strong>quo</strong></span> <span class='ocrx_word' id='word_1_683' title='bbox 3302 2938 3596 2993; x_wconf 88' lang='lat' dir='ltr'><strong>sonuerunt</strong></span> <span class='ocrx_word' id='word_1_684' title='bbox 3638 2940 3807 3010; x_wconf 87' lang='lat' dir='ltr'><strong>magis</strong></span> 
     </span>
    </p>
   </div>
   <div class='ocr_carea' id='block_1_91' title="bbox 2230 3024 3808 3102">
    <p class='ocr_par' dir='ltr' id='par_1_91' title="bbox 2230 3024 3808 3102">
     <span class='ocr_line' id='line_1_91' title="bbox 2230 3024 3808 3102; baseline 0.007 -27"><span class='ocrx_word' id='word_1_685' title='bbox 2230 3039 2386 3094; x_wconf 90' lang='lat' dir='ltr'><strong>quam</strong></span> <span class='ocrx_word' id='word_1_686' title='bbox 2414 3024 2573 3079; x_wconf 91' lang='lat' dir='ltr'><strong>locuti</strong></span> <span class='ocrx_word' id='word_1_687' title='bbox 2602 3034 2759 3091; x_wconf 90' lang='lat' dir='ltr'><strong>sunt,</strong></span> <span class='ocrx_word' id='word_1_688' title='bbox 2806 3027 3055 3096; x_wconf 89' lang='lat' dir='ltr'><strong>quoniam</strong></span> <span class='ocrx_word' id='word_1_689' title='bbox 3101 3028 3332 3099; x_wconf 84' lang='lat' dir='ltr'><strong>inaniter</strong></span> <span class='ocrx_word' id='word_1_690' title='bbox 3360 3029 3535 3084; x_wconf 88' lang='lat' dir='ltr'><strong>inania</strong></span> <span class='ocrx_word' id='word_1_691' title='bbox 3563 3038 3808 3102; x_wconf 85' lang='lat' dir='ltr'><strong>strepue-</strong></span> 
     </span>
    </p>
   </div>
   <div class='ocr_carea' id='block_1_92' title="bbox 2224 3114 3811 3179">
    <p class='ocr_par' dir='ltr' id='par_1_92' title="bbox 2224 3114 3811 3179">
     <span class='ocr_line' id='line_1_92' title="bbox 2224 3114 3811 3179; baseline 0.006 -9"><span class='ocrx_word' id='word_1_692' title='bbox 2224 3125 2371 3170; x_wconf 89' lang='lat' dir='ltr'><strong>runt.</strong></span> <span class='ocrx_word' id='word_1_693' title='bbox 2405 3114 2473 3169; x_wconf 83' lang='lat' dir='ltr'><strong>Et</strong></span> <span class='ocrx_word' id='word_1_694' title='bbox 2495 3132 2595 3169; x_wconf 90' lang='lat' dir='ltr'><strong>non</strong></span> <span class='ocrx_word' id='word_1_695' title='bbox 2619 3127 2917 3170; x_wconf 87' lang='lat' dir='ltr'><strong>memoretur</strong></span> <span class='ocrx_word' id='word_1_696' title='bbox 2946 3119 3165 3174; x_wconf 85' lang='lat' dir='ltr'><strong>nominis</strong></span> <span class='ocrx_word' id='word_1_697' title='bbox 3193 3118 3360 3175; x_wconf 88' lang='lat' dir='ltr'><strong>Israel</strong></span> <span class='ocrx_word' id='word_1_698' title='bbox 3395 3120 3550 3175; x_wconf 87' lang='lat' dir='ltr'><strong>ultra.</strong></span> <span class='ocrx_word' id='word_1_699' title='bbox 3584 3120 3696 3177; x_wconf 86' lang='lat' dir='ltr'><strong>Hoc</strong></span> <span class='ocrx_word' id='word_1_700' title='bbox 3719 3120 3811 3179; x_wconf 86' lang='lat' dir='ltr'><strong>alii</strong></span> 
     </span>
    </p>
   </div>
   <div class='ocr_carea' id='block_1_93' title="bbox 2228 3206 3810 3277">
    <p class='ocr_par' dir='ltr' id='par_1_93' title="bbox 2228 3206 3810 3277">
     <span class='ocr_line' id='line_1_93' title="bbox 2228 3206 3810 3277; baseline 0.004 -16"><span class='ocrx_word' id='word_1_701' title='bbox 2228 3206 2436 3277; x_wconf 84' lang='lat' dir='ltr'><strong>planius</strong></span> <span class='ocrx_word' id='word_1_702' title='bbox 2474 3207 2745 3275; x_wconf 80' lang='lat' dir='ltr'><strong>dixerunt,</strong></span> <span class='ocrx_word' id='word_1_703' title='bbox 2782 3208 2849 3263; x_wconf 87' lang='lat' dir='ltr'><strong>Et</strong></span> <span class='ocrx_word' id='word_1_704' title='bbox 2874 3225 2976 3263; x_wconf 85' lang='lat' dir='ltr'><strong>non</strong></span> <span class='ocrx_word' id='word_1_705' title='bbox 3010 3210 3075 3264; x_wconf 86' lang='lat' dir='ltr'><strong>sit</strong></span> <span class='ocrx_word' id='word_1_706' title='bbox 3114 3212 3353 3265; x_wconf 86' lang='lat' dir='ltr'><strong>memoria</strong></span> <span class='ocrx_word' id='word_1_707' title='bbox 3382 3212 3599 3266; x_wconf 86' lang='lat' dir='ltr'><strong>nominis</strong></span> <span class='ocrx_word' id='word_1_708' title='bbox 3643 3212 3810 3268; x_wconf 85' lang='lat' dir='ltr'><strong>Israel</strong></span> 
     </span>
    </p>
   </div>
   <div class='ocr_carea' id='block_1_94' title="bbox 2226 3300 3812 3375">
    <p class='ocr_par' dir='ltr' id='par_1_94' title="bbox 2226 3300 3812 3375">
     <span class='ocr_line' id='line_1_94' title="bbox 2226 3300 3812 3375; baseline 0.003 -21"><span class='ocrx_word' id='word_1_709' title='bbox 2226 3301 2409 3354; x_wconf 87' lang='lat' dir='ltr'><strong>adhuc.</strong></span> <span class='ocrx_word' id='word_1_710' title='bbox 2438 3300 2570 3369; x_wconf 88' lang='lat' dir='ltr'><strong>Quia</strong></span> <span class='ocrx_word' id='word_1_711' title='bbox 2600 3310 2899 3355; x_wconf 86' lang='lat' dir='ltr'><strong>memoretur</strong></span> <span class='ocrx_word' id='word_1_712' title='bbox 2917 3303 3151 3370; x_wconf 85' lang='lat' dir='ltr'><strong>nominis,</strong></span> <span class='ocrx_word' id='word_1_713' title='bbox 3180 3303 3231 3356; x_wconf 93' lang='lat' dir='ltr'><strong>in</strong></span> <span class='ocrx_word' id='word_1_714' title='bbox 3257 3304 3417 3359; x_wconf 89' lang='lat' dir='ltr'><strong>latina</strong></span> <span class='ocrx_word' id='word_1_715' title='bbox 3438 3305 3614 3375; x_wconf 86' lang='lat' dir='ltr'><strong>lingua</strong></span> <span class='ocrx_word' id='word_1_716' title='bbox 3642 3304 3812 3359; x_wconf 84' lang='lat' dir='ltr'><strong>inusi-</strong></span> 
     </span>
    </p>
   </div>
   <div class='ocr_carea' id='block_1_95' title="bbox 2229 3392 3814 3464">
    <p class='ocr_par' dir='ltr' id='par_1_95' title="bbox 2229 3392 3814 3464">
     <span class='ocr_line' id='line_1_95' title="bbox 2229 3392 3814 3464; baseline 0.004 -19"><span class='ocrx_word' id='word_1_717' title='bbox 2229 3400 2334 3446; x_wconf 89' lang='lat' dir='ltr'><strong>tata</strong></span> <span class='ocrx_word' id='word_1_718' title='bbox 2364 3392 2562 3447; x_wconf 89' lang='lat' dir='ltr'><strong>locutio</strong></span> <span class='ocrx_word' id='word_1_719' title='bbox 2604 3402 2718 3457; x_wconf 89' lang='lat' dir='ltr'><strong>est;</strong></span> <span class='ocrx_word' id='word_1_720' title='bbox 2754 3394 2931 3464; x_wconf 91' lang='lat' dir='ltr'><strong>potius</strong></span> <span class='ocrx_word' id='word_1_721' title='bbox 2973 3395 3117 3449; x_wconf 89' lang='lat' dir='ltr'><strong>enim</strong></span> <span class='ocrx_word' id='word_1_722' title='bbox 3153 3394 3255 3450; x_wconf 92' lang='lat' dir='ltr'><strong>dici</strong></span> <span class='ocrx_word' id='word_1_723' title='bbox 3287 3396 3440 3461; x_wconf 89' lang='lat' dir='ltr'><strong>solet,</strong></span> <span class='ocrx_word' id='word_1_724' title='bbox 3487 3404 3814 3452; x_wconf 84' lang='lat' dir='ltr'><strong>rnemoretur</strong></span> 
     </span>
    </p>
   </div>
   <div class='ocr_carea' id='block_1_96' title="bbox 2230 3484 3807 3559">
    <p class='ocr_par' dir='ltr' id='par_1_96' title="bbox 2230 3484 3807 3559">
     <span class='ocr_line' id='line_1_96' title="bbox 2230 3484 3807 3559; baseline 0.002 -20"><span class='ocrx_word' id='word_1_725' title='bbox 2230 3499 2423 3539; x_wconf 92' lang='lat' dir='ltr'><strong>nomen</strong></span> <span class='ocrx_word' id='word_1_726' title='bbox 2448 3503 2460 3539; x_wconf 93' lang='lat'><strong>:</strong></span> <span class='ocrx_word' id='word_1_727' title='bbox 2483 3484 2579 3539; x_wconf 92' lang='lat' dir='ltr'><strong>sed</strong></span> <span class='ocrx_word' id='word_1_728' title='bbox 2607 3485 2793 3540; x_wconf 90' lang='lat' dir='ltr'><strong>eadem</strong></span> <span class='ocrx_word' id='word_1_729' title='bbox 2821 3487 2933 3556; x_wconf 88' lang='lat' dir='ltr'><strong>ipsa</strong></span> <span class='ocrx_word' id='word_1_730' title='bbox 2961 3487 3222 3542; x_wconf 89' lang='lat' dir='ltr'><strong>sententia</strong></span> <span class='ocrx_word' id='word_1_731' title='bbox 3248 3496 3362 3548; x_wconf 86' lang='lat' dir='ltr'><strong>est;</strong></span> <span class='ocrx_word' id='word_1_732' title='bbox 3387 3502 3507 3541; x_wconf 90' lang='lat' dir='ltr'><strong>nam</strong></span> <span class='ocrx_word' id='word_1_733' title='bbox 3537 3487 3626 3559; x_wconf 89' lang='lat' dir='ltr'><strong>qui</strong></span> <span class='ocrx_word' id='word_1_734' title='bbox 3654 3487 3807 3553; x_wconf 76' lang='lat' dir='ltr'><strong>dixit,</strong></span> 
     </span>
    </p>
   </div>
   <div class='ocr_carea' id='block_1_97' title="bbox 2228 3577 3809 3648">
    <p class='ocr_par' dir='ltr' id='par_1_97' title="bbox 2228 3577 3809 3648">
     <span class='ocr_line' id='line_1_97' title="bbox 2228 3577 3809 3648; baseline 0.001 -18"><span class='ocrx_word' id='word_1_735' title='bbox 2228 3584 2531 3631; x_wconf 85' lang='lat' dir='ltr'><strong>memoretur</strong></span> <span class='ocrx_word' id='word_1_736' title='bbox 2576 3577 2825 3642; x_wconf 86' lang='lat' dir='ltr'><strong>nominis,</strong></span> <span class='ocrx_word' id='word_1_737' title='bbox 2868 3593 3095 3648; x_wconf 64' lang='lat' dir='ltr'><strong>graecam</strong></span> <span class='ocrx_word' id='word_1_738' title='bbox 3144 3578 3414 3633; x_wconf 86' lang='lat' dir='ltr'><strong>transtulit</strong></span> <span class='ocrx_word' id='word_1_739' title='bbox 3468 3578 3809 3633; x_wconf 89' lang='lat' dir='ltr'><strong>locutionem.</strong></span> 
     </span>
    </p>
   </div>
   <div class='ocr_carea' id='block_1_98' title="bbox 2231 3668 3813 3743">
    <p class='ocr_par' dir='ltr' id='par_1_98' title="bbox 2231 3668 3813 3743">
     <span class='ocr_line' id='line_1_98' title="bbox 2231 3668 3813 3743; baseline 0.001 -19"><span class='ocrx_word' id='word_1_740' title='bbox 2231 3668 2397 3725; x_wconf 88' lang='lat' dir='ltr'><strong>Israel</strong></span> <span class='ocrx_word' id='word_1_741' title='bbox 2411 3677 2589 3726; x_wconf 88' lang='lat' dir='ltr'><strong>autem</strong></span> <span class='ocrx_word' id='word_1_742' title='bbox 2610 3670 2694 3725; x_wconf 89' lang='lat' dir='ltr'><strong>hic</strong></span> <span class='ocrx_word' id='word_1_743' title='bbox 2719 3670 2875 3727; x_wconf 90' lang='lat' dir='ltr'><strong>debet</strong></span> <span class='ocrx_word' id='word_1_744' title='bbox 2901 3671 3120 3742; x_wconf 89' lang='lat' dir='ltr'><strong>intelligi</strong></span> <span class='ocrx_word' id='word_1_745' title='bbox 3144 3673 3324 3743; x_wconf 88' lang='lat' dir='ltr'><strong>utique</strong></span> <span class='ocrx_word' id='word_1_746' title='bbox 3349 3686 3533 3727; x_wconf 91' lang='lat' dir='ltr'><strong>semen</strong></span> <span class='ocrx_word' id='word_1_747' title='bbox 3559 3671 3813 3739; x_wconf 82' lang='lat' dir='ltr'><strong>Abrahae,</strong></span> 
     </span>
    </p>
   </div>
   <div class='ocr_carea' id='block_1_99' title="bbox 2230 3762 3815 3835">
    <p class='ocr_par' dir='ltr' id='par_1_99' title="bbox 2230 3762 3815 3835">
     <span class='ocr_line' id='line_1_99' title="bbox 2230 3762 3815 3835; baseline -0.001 -18"><span class='ocrx_word' id='word_1_748' title='bbox 2230 3763 2315 3817; x_wconf 83' lang='lat' dir='ltr'><strong>cui</strong></span> <span class='ocrx_word' id='word_1_749' title='bbox 2341 3762 2468 3817; x_wconf 90' lang='lat' dir='ltr'><strong>dicit</strong></span> <span class='ocrx_word' id='word_1_750' title='bbox 2492 3762 2803 3832; x_wconf 86' lang='lat' dir='ltr'><strong>Apostolus,</strong></span> <span class='ocrx_word' id='word_1_751' title='bbox 2854 3762 2993 3835; x_wconf 88' lang='lat' dir='ltr'><strong>Ergo</strong></span> <span class='ocrx_word' id='word_1_752' title='bbox 3022 3764 3238 3817; x_wconf 68' lang='lat' dir='ltr'><strong>Abrahae</strong></span> <span class='ocrx_word' id='word_1_753' title='bbox 3275 3780 3441 3817; x_wconf 89' lang='lat' dir='ltr'><strong>semen</strong></span> <span class='ocrx_word' id='word_1_754' title='bbox 3470 3763 3603 3829; x_wconf 86' lang='lat' dir='ltr'><strong>estis,</strong></span> <span class='ocrx_word' id='word_1_755' title='bbox 3633 3779 3815 3817; x_wconf 87' lang='lat' dir='ltr'><strong>secun-</strong></span> 
     </span>
    </p>
   </div>
   <div class='ocr_carea' id='block_1_100' title="bbox 2232 3853 3816 3925">
    <p class='ocr_par' dir='ltr' id='par_1_100' title="bbox 2232 3853 3816 3925">
     <span class='ocr_line' id='line_1_100' title="bbox 2232 3853 3816 3925; baseline 0.001 -17"><span class='ocrx_word' id='word_1_756' title='bbox 2232 3856 2352 3908; x_wconf 86' lang='lat' dir='ltr'><strong>dum</strong></span> <span class='ocrx_word' id='word_1_757' title='bbox 2382 3856 2759 3925; x_wconf 87' lang='lat' dir='ltr'><strong>promissionem</strong></span> <span class='ocrx_word' id='word_1_758' title='bbox 2786 3855 3007 3909; x_wconf 69' lang='lat' dir='ltr'><strong>hieredes</strong></span> <span class='ocrx_word' id='word_1_759' title='bbox 3033 3855 3228 3925; x_wconf 85' lang='lat' dir='ltr'><strong>(Gulat.</strong></span> <span class='ocrx_word' id='word_1_760' title='bbox 3262 3872 3339 3921; x_wconf 89' lang='grc' dir='ltr'>ιιι,</span> <span class='ocrx_word' id='word_1_761' title='bbox 3365 3855 3459 3923; x_wconf 71' lang='grc'><strong>29)</strong></span> <span class='ocrx_word' id='word_1_762' title='bbox 3483 3873 3495 3908; x_wconf 92' lang='lat'><strong>:</strong></span> <span class='ocrx_word' id='word_1_763' title='bbox 3523 3869 3625 3908; x_wconf 92' lang='lat' dir='ltr'><strong>non</strong></span> <span class='ocrx_word' id='word_1_764' title='bbox 3654 3853 3816 3909; x_wconf 88' lang='lat' dir='ltr'><strong>Israel</strong></span> 
     </span>
    </p>
   </div>
   <div class='ocr_carea' id='block_1_101' title="bbox 2232 3943 3817 4014">
    <p class='ocr_par' dir='ltr' id='par_1_101' title="bbox 2232 3943 3817 4014">
     <span class='ocr_line' id='line_1_101' title="bbox 2232 3943 3817 4014; baseline -0.002 -14"><span class='ocrx_word' id='word_1_765' title='bbox 2232 3944 2525 4000; x_wconf 91' lang='lat' dir='ltr'><strong>secundum</strong></span> <span class='ocrx_word' id='word_1_766' title='bbox 2557 3960 2793 4009; x_wconf 87' lang='lat' dir='ltr'><strong>carnem,</strong></span> <span class='ocrx_word' id='word_1_767' title='bbox 2823 3944 2888 4000; x_wconf 89' lang='lat' dir='ltr'><strong>de</strong></span> <span class='ocrx_word' id='word_1_768' title='bbox 2913 3960 3018 4014; x_wconf 89' lang='lat' dir='ltr'><strong>quo</strong></span> <span class='ocrx_word' id='word_1_769' title='bbox 3043 3945 3192 4012; x_wconf 90' lang='lat' dir='ltr'><strong>dicit,</strong></span> <span class='ocrx_word' id='word_1_770' title='bbox 3240 3943 3409 4000; x_wconf 82' lang='lat' dir='ltr'><strong>Videte</strong></span> <span class='ocrx_word' id='word_1_771' title='bbox 3440 3944 3603 3999; x_wconf 86' lang='lat' dir='ltr'><strong>Israel</strong></span> <span class='ocrx_word' id='word_1_772' title='bbox 3639 3960 3817 3999; x_wconf 82' lang='lat' dir='ltr'><strong>secun-</strong></span> 
     </span>
    </p>
   </div>
   <div class='ocr_carea' id='block_1_102' title="bbox 2234 4034 3018 4107">
    <p class='ocr_par' dir='ltr' id='par_1_102' title="bbox 2234 4034 3018 4107">
     <span class='ocr_line' id='line_1_102' title="bbox 2234 4034 3018 4107; baseline 0 -18"><span class='ocrx_word' id='word_1_773' title='bbox 2234 4036 2356 4089; x_wconf 83' lang='lat' dir='ltr'><strong>dum</strong></span> <span class='ocrx_word' id='word_1_774' title='bbox 2382 4052 2583 4091; x_wconf 87' lang='lat' dir='ltr'><strong>carnem</strong></span> <span class='ocrx_word' id='word_1_775' title='bbox 2606 4034 2644 4106; x_wconf 94' lang='lat' dir='ltr'><strong>(I</strong></span> <span class='ocrx_word' id='word_1_776' title='bbox 2676 4035 2793 4091; x_wconf 79' lang='lat' dir='ltr'><strong>Cor.</strong></span> <span class='ocrx_word' id='word_1_777' title='bbox 2824 4052 2877 4100; x_wconf 79' lang='grc' dir='ltr'><strong>ιι,</strong></span> <span class='ocrx_word' id='word_1_778' title='bbox 2906 4036 3018 4107; x_wconf 79' lang='grc'><strong>18).</strong></span> 
     </span>
    </p>
   </div>
   <div class='ocr_carea' id='block_1_103' title="bbox 2306 4124 3823 4200">
    <p class='ocr_par' dir='ltr' id='par_1_103' title="bbox 2306 4124 3823 4200">
     <span class='ocr_line' id='line_1_103' title="bbox 2306 4124 3823 4200; baseline 0 -17"><span class='ocrx_word' id='word_1_779' title='bbox 2306 4128 2360 4183; x_wconf 89' lang='grc'>6.</span> <span class='ocrx_word' id='word_1_780' title='bbox 2402 4124 2550 4199; x_wconf 74' lang='grc' dir='ltr'><strong>[υενε.</strong></span> <span class='ocrx_word' id='word_1_781' title='bbox 2572 4125 2652 4200; x_wconf 87' lang='grc'>6.]</span> <span class='ocrx_word' id='word_1_782' title='bbox 2695 4128 2944 4193; x_wconf 77' lang='lat' dir='ltr'><strong>Quoniam</strong></span> <span class='ocrx_word' id='word_1_783' title='bbox 2965 4128 3302 4199; x_wconf 82' lang='lat' dir='ltr'><strong>cogitaverunt</strong></span> <span class='ocrx_word' id='word_1_784' title='bbox 3322 4129 3643 4196; x_wconf 86' lang='lat' dir='ltr'><strong>unanimiter,</strong></span> <span class='ocrx_word' id='word_1_785' title='bbox 3666 4127 3823 4184; x_wconf 84' lang='lat' dir='ltr'><strong>simul</strong></span> 
     </span>
    </p>
   </div>
   <div class='ocr_carea' id='block_1_104' title="bbox 2234 4219 3820 4291">
    <p class='ocr_par' dir='ltr' id='par_1_104' title="bbox 2234 4219 3820 4291">
     <span class='ocr_line' id='line_1_104' title="bbox 2234 4219 3820 4291; baseline 0.002 -19"><span class='ocrx_word' id='word_1_786' title='bbox 2234 4219 2473 4273; x_wconf 83' lang='lat' dir='ltr'><strong>adversus</strong></span> <span class='ocrx_word' id='word_1_787' title='bbox 2514 4229 2560 4273; x_wconf 85' lang='lat' dir='ltr'><strong>te</strong></span> <span class='ocrx_word' id='word_1_788' title='bbox 2606 4228 2946 4272; x_wconf 86' lang='lat' dir='ltr'><strong>testamentum</strong></span> <span class='ocrx_word' id='word_1_789' title='bbox 2993 4220 3385 4291; x_wconf 86' lang='lat' dir='ltr'><strong>disposuerunt:</strong></span> <span class='ocrx_word' id='word_1_790' title='bbox 3422 4221 3571 4290; x_wconf 91' lang='lat' dir='ltr'><strong>quasi</strong></span> <span class='ocrx_word' id='word_1_791' title='bbox 3605 4229 3820 4290; x_wconf 88' lang='lat' dir='ltr'><strong>possent</strong></span> 
     </span>
    </p>
   </div>
   <div class='ocr_carea' id='block_1_105' title="bbox 2236 4309 3811 4381">
    <p class='ocr_par' dir='ltr' id='par_1_105' title="bbox 2236 4309 3811 4381">
     <span class='ocr_line' id='line_1_105' title="bbox 2236 4309 3811 4381; baseline 0.002 -18"><span class='ocrx_word' id='word_1_792' title='bbox 2236 4324 2355 4365; x_wconf 90' lang='lat' dir='ltr'><strong>csse</strong></span> <span class='ocrx_word' id='word_1_793' title='bbox 2382 4309 2647 4362; x_wconf 82' lang='lat' dir='ltr'><strong>fortiores.</strong></span> <span class='ocrx_word' id='word_1_794' title='bbox 2692 4309 3090 4364; x_wconf 89' lang='lat' dir='ltr'><strong>Testamentum</strong></span> <span class='ocrx_word' id='word_1_795' title='bbox 3122 4325 3251 4365; x_wconf 89' lang='lat' dir='ltr'><strong>sane</strong></span> <span class='ocrx_word' id='word_1_796' title='bbox 3293 4310 3343 4364; x_wconf 91' lang='lat' dir='ltr'><strong>in</strong></span> <span class='ocrx_word' id='word_1_797' title='bbox 3392 4309 3674 4381; x_wconf 86' lang='lat' dir='ltr'><strong>Scripturis</strong></span> <span class='ocrx_word' id='word_1_798' title='bbox 3706 4328 3811 4366; x_wconf 87' lang='lat' dir='ltr'><strong>non</strong></span> 
     </span>
    </p>
   </div>
   <div class='ocr_carea' id='block_1_106' title="bbox 2238 4396 3823 4471">
    <p class='ocr_par' dir='ltr' id='par_1_106' title="bbox 2238 4396 3823 4471">
     <span class='ocr_line' id='line_1_106' title="bbox 2238 4396 3823 4471; baseline 0.001 -16"><span class='ocrx_word' id='word_1_799' title='bbox 2238 4400 2364 4456; x_wconf 90' lang='lat' dir='ltr'><strong>illud</strong></span> <span class='ocrx_word' id='word_1_800' title='bbox 2392 4401 2562 4454; x_wconf 91' lang='lat' dir='ltr'><strong>solum</strong></span> <span class='ocrx_word' id='word_1_801' title='bbox 2596 4400 2807 4466; x_wconf 88' lang='lat' dir='ltr'><strong>dicitur,</strong></span> <span class='ocrx_word' id='word_1_802' title='bbox 2843 4400 2982 4471; x_wconf 90' lang='lat' dir='ltr'><strong>quod</strong></span> <span class='ocrx_word' id='word_1_803' title='bbox 3026 4416 3129 4455; x_wconf 89' lang='lat' dir='ltr'><strong>non</strong></span> <span class='ocrx_word' id='word_1_804' title='bbox 3157 4400 3297 4455; x_wconf 86' lang='lat' dir='ltr'><strong>valet</strong></span> <span class='ocrx_word' id='word_1_805' title='bbox 3337 4396 3437 4456; x_wconf 87' lang='lat' dir='ltr'><strong>nisi</strong></span> <span class='ocrx_word' id='word_1_806' title='bbox 3485 4402 3823 4457; x_wconf 85' lang='lat' dir='ltr'><strong>tcstatoribns</strong></span> 
     </span>
    </p>
   </div>
   <div class='ocr_carea' id='block_1_107' title="bbox 2238 4490 3820 4564">
    <p class='ocr_par' dir='ltr' id='par_1_107' title="bbox 2238 4490 3820 4564">
     <span class='ocr_line' id='line_1_107' title="bbox 2238 4490 3820 4564; baseline 0.002 -19"><span class='ocrx_word' id='word_1_807' title='bbox 2238 4491 2492 4554; x_wconf 89' lang='lat' dir='ltr'><strong>mortuis;</strong></span> <span class='ocrx_word' id='word_1_808' title='bbox 2522 4490 2612 4545; x_wconf 89' lang='lat' dir='ltr'><strong>sed</strong></span> <span class='ocrx_word' id='word_1_809' title='bbox 2640 4505 2799 4544; x_wconf 88' lang='lat' dir='ltr'><strong>omne</strong></span> <span class='ocrx_word' id='word_1_810' title='bbox 2844 4500 3052 4562; x_wconf 86' lang='lat' dir='ltr'><strong>pactum</strong></span> <span class='ocrx_word' id='word_1_811' title='bbox 3080 4502 3133 4547; x_wconf 91' lang='lat' dir='ltr'><strong>ct</strong></span> <span class='ocrx_word' id='word_1_812' title='bbox 3163 4493 3411 4564; x_wconf 89' lang='lat' dir='ltr'><strong>placitum</strong></span> <span class='ocrx_word' id='word_1_813' title='bbox 3443 4501 3820 4549; x_wconf 88' lang='lat' dir='ltr'><strong>testamentum</strong></span> 
     </span>
    </p>
   </div>
   <div class='ocr_carea' id='block_1_108' title="bbox 2238 4580 3827 4639">
    <p class='ocr_par' dir='ltr' id='par_1_108' title="bbox 2238 4580 3827 4639">
     <span class='ocr_line' id='line_1_108' title="bbox 2238 4580 3827 4639; baseline 0.003 -5"><span class='ocrx_word' id='word_1_814' title='bbox 2238 4581 2519 4634; x_wconf 82' lang='lat' dir='ltr'><strong>vocabant.</strong></span> <span class='ocrx_word' id='word_1_815' title='bbox 2551 4580 2679 4634; x_wconf 88' lang='lat' dir='ltr'><strong>Nam</strong></span> <span class='ocrx_word' id='word_1_816' title='bbox 2706 4581 2882 4635; x_wconf 88' lang='lat' dir='ltr'><strong>Laban</strong></span> <span class='ocrx_word' id='word_1_817' title='bbox 2908 4590 2960 4637; x_wconf 92' lang='lat' dir='ltr'><strong>et</strong></span> <span class='ocrx_word' id='word_1_818' title='bbox 2985 4582 3149 4636; x_wconf 82' lang='lat' dir='ltr'><strong>Jacob</strong></span> <span class='ocrx_word' id='word_1_819' title='bbox 3187 4591 3559 4638; x_wconf 90' lang='lat' dir='ltr'><strong>testamentum</strong></span> <span class='ocrx_word' id='word_1_820' title='bbox 3586 4583 3827 4639; x_wconf 84' lang='lat' dir='ltr'><strong>fecerunt</strong></span> 
     </span>
    </p>
   </div>
   <div class='ocr_carea' id='block_1_109' title="bbox 2190 4671 3825 4745">
    <p class='ocr_par' dir='ltr' id='par_1_109' title="bbox 2190 4671 3825 4745">
     <span class='ocr_line' id='line_1_109' title="bbox 2190 4671 3825 4745; baseline 0.002 -20"><span class='ocrx_word' id='word_1_821' title='bbox 2190 4726 2193 4731; x_wconf 36' lang='grc' dir='ltr'><strong><em>λ</em></strong></span> <span class='ocrx_word' id='word_1_822' title='bbox 2245 4671 2396 4745; x_wconf 83' lang='lat' dir='ltr'><strong>(Gen.</strong></span> <span class='ocrx_word' id='word_1_823' title='bbox 2427 4687 2570 4738; x_wconf 76' lang='lat' dir='ltr'><strong>xxxr,</strong></span> <span class='ocrx_word' id='word_1_824' title='bbox 2602 4672 2713 4740; x_wconf 66' lang='grc'><strong>44),</strong></span> <span class='ocrx_word' id='word_1_825' title='bbox 2742 4671 2882 4742; x_wconf 90' lang='lat' dir='ltr'><strong>quod</strong></span> <span class='ocrx_word' id='word_1_826' title='bbox 2914 4672 3095 4743; x_wconf 91' lang='lat' dir='ltr'><strong>utique</strong></span> <span class='ocrx_word' id='word_1_827' title='bbox 3134 4674 3292 4728; x_wconf 88' lang='lat' dir='ltr'><strong>etiam</strong></span> <span class='ocrx_word' id='word_1_828' title='bbox 3334 4675 3471 4728; x_wconf 91' lang='lat' dir='ltr'><strong>inter</strong></span> <span class='ocrx_word' id='word_1_829' title='bbox 3497 4675 3646 4730; x_wconf 90' lang='lat' dir='ltr'><strong>vivos</strong></span> <span class='ocrx_word' id='word_1_830' title='bbox 3673 4676 3825 4729; x_wconf 88' lang='lat' dir='ltr'><strong>vale-</strong></span> 
     </span>
    </p>
   </div>
   <div class='ocr_carea' id='block_1_110' title="bbox 2242 4764 3827 4839">
    <p class='ocr_par' dir='ltr' id='par_1_110' title="bbox 2242 4764 3827 4839">
     <span class='ocr_line' id='line_1_110' title="bbox 2242 4764 3827 4839; baseline 0.002 -19"><span class='ocrx_word' id='word_1_831' title='bbox 2242 4773 2359 4820; x_wconf 88' lang='lat' dir='ltr'><strong>ret:</strong></span> <span class='ocrx_word' id='word_1_832' title='bbox 2385 4774 2437 4818; x_wconf 93' lang='lat' dir='ltr'><strong>et</strong></span> <span class='ocrx_word' id='word_1_833' title='bbox 2475 4764 2880 4819; x_wconf 87' lang='lat' dir='ltr'><strong>innumerabilia</strong></span> <span class='ocrx_word' id='word_1_834' title='bbox 2921 4765 3044 4820; x_wconf 87' lang='lat' dir='ltr'><strong>talia</strong></span> <span class='ocrx_word' id='word_1_835' title='bbox 3087 4766 3140 4820; x_wconf 91' lang='lat' dir='ltr'><strong>in</strong></span> <span class='ocrx_word' id='word_1_836' title='bbox 3182 4766 3374 4822; x_wconf 89' lang='lat' dir='ltr'><strong>divinis</strong></span> <span class='ocrx_word' id='word_1_837' title='bbox 3417 4768 3664 4839; x_wconf 89' lang='lat' dir='ltr'><strong>leguntur</strong></span> <span class='ocrx_word' id='word_1_838' title='bbox 3710 4768 3827 4823; x_wconf 80' lang='lat' dir='ltr'><strong>elo-</strong></span> 
     </span>
    </p>
   </div>
   <div class='ocr_carea' id='block_1_111' title="bbox 2242 4856 2399 4928">
    <p class='ocr_par' dir='ltr' id='par_1_111' title="bbox 2242 4856 2399 4928">
     <span class='ocr_line' id='line_1_111' title="bbox 2242 4856 2399 4928; baseline -0.019 -18"><span class='ocrx_word' id='word_1_839' title='bbox 2242 4856 2399 4928; x_wconf 88' lang='lat' dir='ltr'><strong>quiis.</strong></span> 
     </span>
    </p>
   </div>
   <div class='ocr_carea' id='block_1_112' title="bbox 2318 4944 3831 5020">
    <p class='ocr_par' dir='ltr' id='par_1_112' title="bbox 2318 4944 3831 5020">
     <span class='ocr_line' id='line_1_112' title="bbox 2318 4944 3831 5020; baseline 0.005 -21"><span class='ocrx_word' id='word_1_840' title='bbox 2318 4947 2370 5000; x_wconf 93' lang='lat'><strong>7.</strong></span> <span class='ocrx_word' id='word_1_841' title='bbox 2413 4944 2563 5019; x_wconf 87' lang='lat' dir='ltr'><strong>[vers.</strong></span> <span class='ocrx_word' id='word_1_842' title='bbox 2591 4947 2644 5016; x_wconf 89' lang='lat'><strong>7,</strong></span> <span class='ocrx_word' id='word_1_843' title='bbox 2670 4946 2749 5020; x_wconf 93' lang='lat'><strong>8.]</strong></span> <span class='ocrx_word' id='word_1_844' title='bbox 2789 4947 2988 5004; x_wconf 89' lang='lat' dir='ltr'><strong>Deinde</strong></span> <span class='ocrx_word' id='word_1_845' title='bbox 3004 4948 3185 5018; x_wconf 89' lang='lat' dir='ltr'><strong>incipit</strong></span> <span class='ocrx_word' id='word_1_846' title='bbox 3203 4948 3445 5005; x_wconf 91' lang='lat' dir='ltr'><strong>inimicos</strong></span> <span class='ocrx_word' id='word_1_847' title='bbox 3469 4948 3665 5006; x_wconf 86' lang='lat' dir='ltr'><strong>Christi</strong></span> <span class='ocrx_word' id='word_1_848' title='bbox 3684 4967 3831 5008; x_wconf 80' lang='lat' dir='ltr'><strong>com-</strong></span> 
     </span>
    </p>
   </div>
   <div class='ocr_carea' id='block_1_113' title="bbox 2245 5039 3829 5115">
    <p class='ocr_par' dir='ltr' id='par_1_113' title="bbox 2245 5039 3829 5115">
     <span class='ocr_line' id='line_1_113' title="bbox 2245 5039 3829 5115; baseline 0.004 -21"><span class='ocrx_word' id='word_1_849' title='bbox 2245 5054 2546 5095; x_wconf 87' lang='lat' dir='ltr'><strong>memorare</strong></span> <span class='ocrx_word' id='word_1_850' title='bbox 2583 5039 2682 5094; x_wconf 91' lang='lat' dir='ltr'><strong>sub</strong></span> <span class='ocrx_word' id='word_1_851' title='bbox 2710 5041 3024 5109; x_wconf 88' lang='lat' dir='ltr'><strong>quibusdam</strong></span> <span class='ocrx_word' id='word_1_852' title='bbox 3066 5041 3337 5097; x_wconf 86' lang='lat' dir='ltr'><strong>vocabulis</strong></span> <span class='ocrx_word' id='word_1_853' title='bbox 3375 5042 3659 5099; x_wconf 87' lang='lat' dir='ltr'><strong>Gentium:</strong></span> <span class='ocrx_word' id='word_1_854' title='bbox 3692 5062 3829 5115; x_wconf 91' lang='lat' dir='ltr'><strong>quo-</strong></span> 
     </span>
    </p>
   </div>
   <div class='ocr_carea' id='block_1_114' title="bbox 2246 5130 3829 5206">
    <p class='ocr_par' dir='ltr' id='par_1_114' title="bbox 2246 5130 3829 5206">
     <span class='ocr_line' id='line_1_114' title="bbox 2246 5130 3829 5206; baseline 0.003 -20"><span class='ocrx_word' id='word_1_855' title='bbox 2246 5147 2364 5186; x_wconf 90' lang='lat' dir='ltr'><strong>rum</strong></span> <span class='ocrx_word' id='word_1_856' title='bbox 2394 5130 2769 5186; x_wconf 87' lang='lat' dir='ltr'><strong>vocabulorum</strong></span> <span class='ocrx_word' id='word_1_857' title='bbox 2801 5132 3171 5202; x_wconf 90' lang='lat' dir='ltr'><strong>interpretatio</strong></span> <span class='ocrx_word' id='word_1_858' title='bbox 3196 5133 3324 5187; x_wconf 91' lang='lat' dir='ltr'><strong>satis</strong></span> <span class='ocrx_word' id='word_1_859' title='bbox 3346 5132 3546 5189; x_wconf 89' lang='lat' dir='ltr'><strong>indicat</strong></span> <span class='ocrx_word' id='word_1_860' title='bbox 3561 5134 3684 5206; x_wconf 90' lang='lat' dir='ltr'><strong>quid</strong></span> <span class='ocrx_word' id='word_1_861' title='bbox 3702 5137 3829 5192; x_wconf 87' lang='lat' dir='ltr'><strong>velit</strong></span> 
     </span>
    </p>
   </div>
   <div class='ocr_carea' id='block_1_115' title="bbox 2248 5221 3832 5291">
    <p class='ocr_par' dir='ltr' id='par_1_115' title="bbox 2248 5221 3832 5291">
     <span class='ocr_line' id='line_1_115' title="bbox 2248 5221 3832 5291; baseline 0.003 -15"><span class='ocrx_word' id='word_1_862' title='bbox 2248 5222 2489 5291; x_wconf 89' lang='lat' dir='ltr'><strong>intelligi.</strong></span> <span class='ocrx_word' id='word_1_863' title='bbox 2539 5221 2754 5275; x_wconf 87' lang='lat' dir='ltr'><strong>Talibus</strong></span> <span class='ocrx_word' id='word_1_864' title='bbox 2795 5221 2936 5276; x_wconf 91' lang='lat' dir='ltr'><strong>enim</strong></span> <span class='ocrx_word' id='word_1_865' title='bbox 2984 5222 3284 5277; x_wconf 91' lang='lat' dir='ltr'><strong>nominibus</strong></span> <span class='ocrx_word' id='word_1_866' title='bbox 3326 5226 3832 5281; x_wconf 81' lang='lat' dir='ltr'><strong>convenientissimc</strong></span> 
     </span>
    </p>
   </div>
   <div class='ocr_carea' id='block_1_116' title="bbox 2250 5311 3834 5386">
    <p class='ocr_par' dir='ltr' id='par_1_116' title="bbox 2250 5311 3834 5386">
     <span class='ocr_line' id='line_1_116' title="bbox 2250 5311 3834 5386; baseline 0.005 -21"><span class='ocrx_word' id='word_1_867' title='bbox 2250 5312 2542 5382; x_wconf 82' lang='lat' dir='ltr'><strong>ﬁgurantur</strong></span> <span class='ocrx_word' id='word_1_868' title='bbox 2567 5311 2803 5366; x_wconf 85' lang='lat' dir='ltr'><strong>veritatis</strong></span> <span class='ocrx_word' id='word_1_869' title='bbox 2834 5311 3050 5366; x_wconf 89' lang='lat' dir='ltr'><strong>inimici.</strong></span> <span class='ocrx_word' id='word_1_870' title='bbox 3083 5312 3298 5367; x_wconf 71' lang='lat' dir='ltr'><strong>ldummi</strong></span> <span class='ocrx_word' id='word_1_871' title='bbox 3326 5314 3520 5385; x_wconf 88' lang='lat' dir='ltr'><strong>quippe</strong></span> <span class='ocrx_word' id='word_1_872' title='bbox 3562 5316 3834 5386; x_wconf 85' lang='lat' dir='ltr'><strong>interpre-</strong></span> 
     </span>
    </p>
   </div>
   <div class='ocr_carea' id='block_1_117' title="bbox 2251 5402 3803 5474">
    <p class='ocr_par' dir='ltr' id='par_1_117' title="bbox 2251 5402 3803 5474">
     <span class='ocr_line' id='line_1_117' title="bbox 2251 5402 3803 5474; baseline 0.005 -17"><span class='ocrx_word' id='word_1_873' title='bbox 2251 5412 2453 5469; x_wconf 88' lang='lat' dir='ltr'><strong>tantur,</strong></span> <span class='ocrx_word' id='word_1_874' title='bbox 2486 5402 2570 5458; x_wconf 88' lang='lat' dir='ltr'><strong>vel</strong></span> <span class='ocrx_word' id='word_1_875' title='bbox 2611 5403 2918 5474; x_wconf 87' lang='lat' dir='ltr'><strong>Sanguinei,</strong></span> <span class='ocrx_word' id='word_1_876' title='bbox 2950 5404 3031 5458; x_wconf 89' lang='lat' dir='ltr'><strong>vel</strong></span> <span class='ocrx_word' id='word_1_877' title='bbox 3071 5403 3644 5474; x_wconf 73' lang='lat' dir='ltr'><strong>Terreni:lsmaelitze,</strong></span> <span class='ocrx_word' id='word_1_878' title='bbox 3687 5407 3803 5465; x_wconf 84' lang='lat' dir='ltr'><strong>Obo</strong></span> 
     </span>
    </p>
   </div>
   <div class='ocr_carea' id='block_1_118' title="bbox 2253 5495 3836 5573">
    <p class='ocr_par' dir='ltr' id='par_1_118' title="bbox 2253 5495 3836 5573">
     <span class='ocr_line' id='line_1_118' title="bbox 2253 5495 3836 5573; baseline 0.003 -22"><span class='ocrx_word' id='word_1_879' title='bbox 2253 5497 2459 5573; x_wconf 86' lang='lat' dir='ltr'><strong>dientes</strong></span> <span class='ocrx_word' id='word_1_880' title='bbox 2488 5495 2623 5561; x_wconf 88' lang='lat' dir='ltr'><strong>sibi;</strong></span> <span class='ocrx_word' id='word_1_881' title='bbox 2658 5496 2837 5566; x_wconf 90' lang='lat' dir='ltr'><strong>utique</strong></span> <span class='ocrx_word' id='word_1_882' title='bbox 2867 5512 2973 5552; x_wconf 91' lang='lat' dir='ltr'><strong>non</strong></span> <span class='ocrx_word' id='word_1_883' title='bbox 3004 5497 3149 5552; x_wconf 91' lang='lat' dir='ltr'><strong>Deo:</strong></span> <span class='ocrx_word' id='word_1_884' title='bbox 3171 5498 3264 5553; x_wconf 90' lang='lat' dir='ltr'><strong>sed</strong></span> <span class='ocrx_word' id='word_1_885' title='bbox 3289 5499 3409 5555; x_wconf 91' lang='lat' dir='ltr'><strong>sibi.</strong></span> <span class='ocrx_word' id='word_1_886' title='bbox 3438 5499 3611 5566; x_wconf 82' lang='lat' dir='ltr'><strong>Moab,</strong></span> <span class='ocrx_word' id='word_1_887' title='bbox 3639 5501 3713 5555; x_wconf 82' lang='lat' dir='ltr'><strong>Ex</strong></span> <span class='ocrx_word' id='word_1_888' title='bbox 3736 5516 3836 5570; x_wconf 81' lang='lat' dir='ltr'><strong>pa-</strong></span> 
     </span>
    </p>
   </div>
   <div class='ocr_carea' id='block_1_119' title="bbox 2255 5586 3835 5660">
    <p class='ocr_par' dir='ltr' id='par_1_119' title="bbox 2255 5586 3835 5660">
     <span class='ocr_line' id='line_1_119' title="bbox 2255 5586 3835 5660; baseline 0.004 -18"><span class='ocrx_word' id='word_1_889' title='bbox 2255 5594 2367 5642; x_wconf 88' lang='lat' dir='ltr'><strong>tre:</strong></span> <span class='ocrx_word' id='word_1_890' title='bbox 2399 5586 2540 5657; x_wconf 92' lang='lat' dir='ltr'><strong>quod</strong></span> <span class='ocrx_word' id='word_1_891' title='bbox 2588 5587 2640 5641; x_wconf 90' lang='lat' dir='ltr'><strong>in</strong></span> <span class='ocrx_word' id='word_1_892' title='bbox 2689 5588 2830 5643; x_wconf 89' lang='lat' dir='ltr'><strong>malo</strong></span> <span class='ocrx_word' id='word_1_893' title='bbox 2871 5602 2977 5643; x_wconf 91' lang='lat' dir='ltr'><strong>non</strong></span> <span class='ocrx_word' id='word_1_894' title='bbox 3005 5589 3314 5660; x_wconf 83' lang='lat' dir='ltr'><strong>intelligitur</strong></span> <span class='ocrx_word' id='word_1_895' title='bbox 3340 5590 3551 5656; x_wconf 88' lang='lat' dir='ltr'><strong>melius,</strong></span> <span class='ocrx_word' id='word_1_896' title='bbox 3583 5592 3683 5646; x_wconf 91' lang='lat' dir='ltr'><strong>nisi</strong></span> <span class='ocrx_word' id='word_1_897' title='bbox 3710 5609 3835 5648; x_wconf 89' lang='lat' dir='ltr'><strong>cum</strong></span> 
     </span>
    </p>
   </div>
   <div class='ocr_carea' id='block_1_120' title="bbox 2253 5678 3837 5759">
    <p class='ocr_par' dir='ltr' id='par_1_120' title="bbox 2253 5678 3837 5759">
     <span class='ocr_line' id='line_1_120' title="bbox 2253 5678 3837 5759; baseline 0.003 -24"><span class='ocrx_word' id='word_1_898' title='bbox 2253 5680 2365 5753; x_wconf 87' lang='lat' dir='ltr'><strong>ipsa</strong></span> <span class='ocrx_word' id='word_1_899' title='bbox 2408 5678 2625 5759; x_wconf 86' lang='lat' dir='ltr'><strong>historia</strong></span> <span class='ocrx_word' id='word_1_900' title='bbox 2663 5679 2945 5751; x_wconf 86' lang='lat' dir='ltr'><strong>cogitatur,</strong></span> <span class='ocrx_word' id='word_1_901' title='bbox 2973 5681 3113 5752; x_wconf 91' lang='lat' dir='ltr'><strong>quod</strong></span> <span class='ocrx_word' id='word_1_902' title='bbox 3141 5690 3289 5751; x_wconf 87' lang='lat' dir='ltr'><strong>pater</strong></span> <span class='ocrx_word' id='word_1_903' title='bbox 3312 5681 3413 5736; x_wconf 90' lang='lat' dir='ltr'><strong>Lot</strong></span> <span class='ocrx_word' id='word_1_904' title='bbox 3440 5682 3562 5738; x_wconf 69' lang='lat' dir='ltr'><strong>ﬁlim</strong></span> <span class='ocrx_word' id='word_1_905' title='bbox 3587 5699 3697 5737; x_wconf 74' lang='lat' dir='ltr'><strong>sum</strong></span> <span class='ocrx_word' id='word_1_906' title='bbox 3725 5684 3837 5740; x_wconf 82' lang='lat' dir='ltr'><strong>illi-</strong></span> 
     </span>
    </p>
   </div>
   <div class='ocr_carea' id='block_1_121' title="bbox 2255 5769 3835 5848">
    <p class='ocr_par' dir='ltr' id='par_1_121' title="bbox 2255 5769 3835 5848">
     <span class='ocr_line' id='line_1_121' title="bbox 2255 5769 3835 5848; baseline 0.004 -20"><span class='ocrx_word' id='word_1_907' title='bbox 2255 5773 2357 5828; x_wconf 83' lang='lat' dir='ltr'><strong>cite</strong></span> <span class='ocrx_word' id='word_1_908' title='bbox 2387 5786 2444 5830; x_wconf 86' lang='lat' dir='ltr'><strong>se</strong></span> <span class='ocrx_word' id='word_1_909' title='bbox 2477 5769 2645 5828; x_wconf 82' lang='lat' dir='ltr'><strong>utenti</strong></span> <span class='ocrx_word' id='word_1_910' title='bbox 2674 5772 2965 5844; x_wconf 82' lang='lat' dir='ltr'><strong>permixtus</strong></span> <span class='ocrx_word' id='word_1_911' title='bbox 3001 5788 3121 5829; x_wconf 85' lang='lat' dir='ltr'><strong>eum</strong></span> <span class='ocrx_word' id='word_1_912' title='bbox 3152 5772 3331 5845; x_wconf 80' lang='lat' dir='ltr'><strong>genuit</strong></span> <span class='ocrx_word' id='word_1_913' title='bbox 3350 5773 3512 5845; x_wconf 82' lang='lat' dir='ltr'><strong>;quia</strong></span> <span class='ocrx_word' id='word_1_914' title='bbox 3539 5790 3602 5835; x_wconf 76' lang='lat' dir='ltr'><strong>ex</strong></span> <span class='ocrx_word' id='word_1_915' title='bbox 3635 5792 3746 5848; x_wconf 77' lang='lat' dir='ltr'><strong>ipsa</strong></span> <span class='ocrx_word' id='word_1_916' title='bbox 3774 5794 3835 5835; x_wconf 74' lang='lat' dir='ltr'><strong>rs</strong></span> 
     </span>
    </p>
   </div>
  </div>
