4084 6478
324 378 464 436 1053

320 491 430 548 tale
467 503 664 546 nomen
691 487 894 558 accepit
913 486 1066 560 (Gen.
1083 502 1193 555 xu,
1221 485 1296 544 36‘
1310 494 1356 542 et
1374 485 1488 558 57).
1511 485 1688 541 Bonus
1715 494 1894 542 autem

320 589 495 654 pater,
521 579 616 636 sed
641 580 778 636 sicut
798 577 905 634 Lex
925 579 965 643 ί,
993 578 1037 632 si
1054 578 1171 648 quis
1186 591 1246 633 ea
1263 575 1493 648 legitime
1507 584 1688 631 utatur
1701 575 1747 650 (l
1768 575 1900 632 Tim.

321 690 359 739 ι,
395 674 474 743 8);
497 687 606 728 non
633 672 837 728 inceste
861 680 915 726 et
941 671 1140 727 illicite.
1161 670 1407 741 Agareni,
1423 669 1704 742 Proselyti,
1728 669 1780 724 id
1799 677 1899 734 est,

322 750 578 822 advenas:
605 779 714 836 quo
741 764 956 819 nomine
984 763 1344 835 significantur
1369 764 1508 818 inter
1538 763 1782 818 inimicos
1808 777 1904 832 po-

319 856 431 928 puli
461 856 582 921 Dei,
613 870 720 910 non
751 855 825 909 illi
868 854 959 924 qui
1000 855 1144 908 cives
1174 855 1334 916 ﬁunt;
1377 853 1470 908 sed
1496 853 1583 923 qui
1628 853 1682 907 in
1725 853 1902 908 animo

297 928 350 1018 ‘9
360 949 501 1004 lieno
525 957 684 1018 alque
708 946 1001 1002 adventitio
1032 955 1393 1015 perseverant,
1416 953 1469 1000 et
1496 943 1719 998 nocendi
1742 958 1901 998 occa-

300 1007 474 1094 isione
504 1007 716 1093 inventa
744 1053 803 1093 se
830 1007 1136 1092 ostendunt.
1159 1036 1344 1101 Gebal,
1372 1035 1535 1090 Vallis
1555 1050 1710 1099 vana,
1729 1033 1780 1088 id
1798 1042 1898 1101 est,

321 1131 586 1187 fallaciter
608 1130 859 1186 humilis:
889 1131 1080 1193 Amen,
1115 1129 1350 1198 Populus
1389 1128 1650 1194 turbidus,
1684 1129 1767 1182 vel
1799 1127 1903 1182 Po-

318 1224 479 1292 pulus
516 1221 764 1276 maeroris
789 1220 1120 1286 :Amalech,
1173 1219 1406 1289 Pupulus
1447 1220 1717 1289 linguens;
1760 1218 1902 1275 unde

318 1311 444 1366 alibi
473 1311 673 1365 dictum
700 1318 800 1373 est,
836 1309 902 1362 Et
922 1310 1111 1362 inimici
1137 1311 1245 1380 ejus
1272 1317 1455 1363 terram
1478 1310 1703 1379 tinguent
1727 1306 1899 1377 (Psal.

318 1416 466 1467 uxr,
503 1401 586 1470 9).
626 1400 972 1469 Alienigena,
999 1400 1238 1469 quamvis
1265 1407 1319 1455 et
1347 1400 1463 1469 ipso
1499 1398 1712 1453 nomine
1737 1398 1902 1453 latino

315 1507 382 1548 se
409 1492 654 1548 indicent
671 1492 891 1556 alieno,
925 1501 980 1548 et
1006 1492 1076 1546 ob
1099 1491 1199 1547 hoc
1225 1500 1610 1562 consequenter
1635 1491 1898 1558 inimicos,

317 1592 499 1638 tamen
526 1584 580 1637 in
612 1582 824 1638 bebraao
851 1581 1098 1637 dicuntur
1123 1581 1434 1646 Philistiim;
1464 1581 1606 1652 quod
1633 1581 1902 1649 interpre-

317 1681 464 1730 tatur
481 1673 748 1729 Cadentes
764 1672 1003 1742 potione,
1022 1672 1168 1727 velut
1190 1687 1324 1743 quos
1353 1671 1475 1727 fecit
1498 1670 1678 1727 ebrios
1697 1670 1902 1725 luxuria

317 1764 615 1820 saecularis.
661 1763 832 1836 Tyrus
883 1764 1061 1834 lingua
1110 1762 1320 1820 ltebma
1361 1763 1554 1818 dicitur
1592 1761 1724 1828 Sor;
1757 1761 1900 1833 quod

316 1857 434 1912 sive
459 1857 718 1927 Augustis
735 1857 850 1912 sive
873 1856 1170 1912 Tribulatio
1193 1857 1587 1926 interpretetur,
1610 1855 1900 1912 secundum

316 1947 450 2002 illud
473 1947 839 2017 accipiendum
863 1955 945 2002 est
969 1947 1021 2002 in
1055 1947 1138 2002 his
1167 1947 1393 2002 inimicis
1415 1948 1587 2018 populi
1614 1947 1726 2012 Dei,
1758 1945 1898 2016 quod

315 2041 392 2096 ait
415 2041 738 2110 Apostolus:
773 2041 1051 2096 Tribulatio
1073 2051 1118 2096 et
1136 2043 1368 2113 angustia
1389 2042 1441 2096 in
1464 2057 1659 2096 omnem
1678 2043 1900 2096 animum

317 2132 540 2186 hominis
563 2132 818 2202 operantis
835 2131 1027 2185 malum
1056 2131 1234 2203 (Rom.
1262 2149 1320 2197 ιι,
1349 2132 1425 2203 9).
1455 2130 1656 2186 Omnes
1680 2147 1805 2202 ergo
1845 2131 1898 2186 hi

316 2223 397 2283 sic
423 2232 809 2280 enumerantur
829 2225 879 2279 in
900 2225 999 2280 hoc
1019 2225 1259 2295 psalmo:
1287 2225 1633 2280 Tabernacula
1652 2224 1900 2280 Idumam-

314 2328 430 2366 ntm
450 2323 498 2366 et
526 2313 822 2378 Ismelitte,
852 2313 1007 2368 Moab
1030 2325 1076 2369 et
1102 2315 1340 2386 Agat-eui,
1391 2315 1547 2370 Gebal
1586 2324 1632 2370 et
1665 2314 1828 2371 Aman
1853 2325 1900 2372 et

313 2405 580 2472 Amalech,
604 2415 652 2460 et
674 2407 968 2477 alienigena:
993 2423 1107 2460 cum
1134 2406 1468 2462 habitantibus
1490 2407 1699 2478 Tyrum.

388 2496 444 2552 8.
483 2495 633 2569 [να-δ.
656 2497 740 2570 9.]
777 2498 844 2552 Et
859 2508 1106 2569 tanquam
1131 2499 1368 2555 indicans
1383 2513 1596 2554 causam
1613 2511 1776 2571 quare
1792 2500 1900 2556 sint

316 2587 517 2650 inimici
563 2589 762 2659 populo
793 2588 909 2656 Dei,
941 2589 1178 2660 adjungit
1225 2599 1279 2645 et
1321 2591 1480 2645 dicit:
1513 2591 1712 2645 Etenim
1739 2591 1899 2646 Assur

315 2677 450 2731 venit
481 2692 599 2730 cum
623 2678 746 2733 illis.
773 2679 942 2734 Assur
969 2690 1144 2734 autem
1172 2694 1268 2749 pro
1294 2680 1409 2749 ipso
1433 2679 1646 2735 diabolo
1676 2679 1899 2750 ﬁgurate

315 2764 542 2837 intelligi
567 2767 722 2831 solet,
740 2773 828 2838 qui
851 2777 1102 2838 operatur
1126 2770 1176 2822 in
1201 2769 1327 2824 ﬁliis
1349 2767 1658 2824 difﬁdentiae
1676 2770 1895 2842 (Ephes.

317 2871 376 2918 ι,
411 2854 494 2924 2),
527 2865 774 2927 tanquam
802 2857 854 2913 in
883 2859 1025 2913 vasis
1053 2860 1182 2923 suis,
1210 2869 1267 2913 ut
1305 2870 1612 2930 oppugnent
1643 2862 1896 2933 populum

315 2942 434 3000 Dei.
454 2945 610 3000 Facti
637 2956 773 3014 sunt,
803 2948 992 3018 inquit,
1035 2950 1088 3003 in
1131 2951 1442 3021 adjutorium
1465 2951 1585 3020 ﬁliis
1611 2950 1707 3006 Lat
1727 2968 1747 3007 :
1775 2953 1898 3023 quia

313 3051 505 3092 omnes
532 3037 756 3105 inimici,
791 3049 1047 3108 operante
1083 3041 1136 3095 in
1181 3055 1242 3096 se
1276 3041 1517 3112 principe
1541 3056 1639 3097 suo
1662 3041 1895 3113 diabolo,

257 3187 262 3192 _
314 3127 437 3198 facti
460 3138 579 3183 sunt
598 3129 652 3184 in
675 3129 982 3202 adjutorium
1004 3131 1124 3200 ﬁliis
1146 3130 1260 3196 Lot,
1286 3133 1376 3202 qui
1398 3133 1776 3204 interpretatur
1791 3135 1898 3192 De-

314 3220 541 3276 clinans.
582 3221 772 3291 Angeli
817 3231 994 3278 autem
1040 3222 1316 3293 apostatici
1361 3223 1497 3279 bene
1537 3225 1899 3295 intelliguntur

314 3317 565 3382 tanquam
611 3311 703 3366 lilii
741 3311 1140 3378 declinationis;
1173 3328 1202 3368 a
1237 3313 1458 3369 veritate
1500 3315 1696 3384 quippe
1733 3315 1898 3372 decli-

313 3401 516 3467 nando,
541 3401 594 3456 in
624 3402 934 3458 satellitium
956 3402 1152 3458 diaboli
1181 3402 1560 3459 discesserunt.
1588 3405 1652 3460 Ili
1681 3415 1806 3461 sunt
1828 3405 1899 3462 de

314 3491 510 3562 quibus
551 3491 680 3548 dicit
720 3491 1046 3561 Apostolus:
1083 3510 1102 3545 ι
1136 3491 1251 3548 Non
1289 3501 1372 3548 est
1407 3493 1558 3549 vobis
1596 3495 1896 3552 colluctatio

314 3581 574 3638 adversus
600 3597 816 3638 carnem
846 3592 901 3638 et
923 3583 1270 3653 sanguinem;
1293 3583 1389 3639 sed
1417 3585 1674 3641 adversus
1696 3587 1896 3657 princi-

314 3686 412 3743 pes
446 3682 502 3727 et
533 3680 819 3742 potestates
847 3683 901 3727 et
928 3681 1169 3729 rectores
1193 3673 1378 3728 mundi
1407 3675 1744 3730 tenebrarum
1795 3675 1896 3731 ha-

316 3779 458 3829 rum,
485 3762 742 3817 adversus
763 3762 1052 3831 Spiritualia
1077 3763 1324 3832 nequitia:
1341 3763 1391 3818 in
1407 3765 1713 3822 caelestibus
1737 3783 1756 3818 ι
1783 3765 1894 3837 (Id.

316 3869 389 3918 vr,
423 3853 538 3924 12).
570 3853 938 3932 Quapropter?
966 3854 1095 3908 istos
1124 3851 1417 3910 invisibiles
1462 3854 1708 3910 inimicos
1749 3855 1898 3926 adju-

317 3953 445 3998 vant
471 3944 714 3999 homines
745 3943 1005 4010 inﬁdeles,
1050 3943 1103 3999 in
1145 3944 1336 4014 quibus
1381 3957 1672 4017 operantur
1698 3947 1766 4002 ad
1796 3963 1898 4019 op-

315 4033 657 4106 pugnandum
690 4033 940 4103 p0pulum
971 4033 1085 4088 Dei.

387 4129 444 4184 9.
487 4127 636 4201 [vers.
675 4127 886 4200 10-13.]
923 4127 1041 4184 Jam
1070 4142 1212 4184 nunc
1241 4127 1516 4184 videamus
1545 4128 1670 4199 quid
1697 4129 1898 4201 impre-

316 4231 472 4275 cetur
525 4220 864 4290 propheticus
911 4221 1148 4290 spiritus,
1210 4222 1375 4290 magis
1419 4221 1712 4290 przedicens
1737 4239 1896 4294 quam

317 4313 665 4370 maledicens.
699 4312 958 4378 Facillis,
987 4313 1174 4381 inquit,
1206 4314 1334 4368 sicut
1371 4311 1583 4369 Madian
1609 4323 1654 4368 et
1681 4314 1894 4382 Sisartv,

316 4405 447 4457 sicut
473 4403 628 4456 Jabin
671 4404 722 4456 in
761 4412 979 4457 torrente
1022 4401 1192 4460 Cison.
1230 4401 1573 4472 Disperierunl
1614 4405 1664 4458 in
1698 4402 1894 4469 Endor,

319 4496 442 4566 picti
467 4503 580 4548 sunt
609 4504 662 4548 ut
689 4504 875 4548 stercus
906 4503 1068 4548 terrw.
1113 4492 1222 4548 Ηοε
1261 4508 1447 4548 omnes
1484 4493 1774 4549 secundum
1819 4494 1900 4548 hi-

319 4587 539 4642 storiam
573 4586 796 4655 populus
839 4585 1021 4650 Israel,
1066 4585 1155 4656 qui
1202 4593 1324 4639 tunc
1363 4593 1479 4638 erat
1519 4585 1741 4653 pupulas
1783 4586 1896 4653 Dei,

319 4678 610 4733 debellavit
647 4686 702 4732 et
740 4678 892 4742 vicit;
934 4676 1070 4730 sicut
1116 4676 1274 4730 etiam
1315 4675 1434 4730 illos
1472 4691 1608 4745 quos
1651 4676 1900 4746 deinceps

319 4777 726 4833 cmumemurat,
754 4767 956 4834 dicens,
977 4766 1121 4820 Pone
1135 4767 1383 4838 principes
1405 4783 1577 4820 eorum
1595 4767 1722 4820 sicut
1748 4766 1897 4834 Oreb,

321 4871 368 4914 et
397 4860 521 4924 Zeb,
553 4871 598 4914 et
621 4859 799 4925 Zebee,
825 4871 869 4913 et
896 4859 1143 4914 Salmana
1181 4858 1375 4931 (ludia.
1403 4874 1474 4923 IV,
1506 4875 1597 4924 νη,
1641 4859 1774 4929 vni).
1811 4857 1900 4912 In-

323 4951 729 5025 terpretatiunes
757 4959 933 5005 autem
961 4964 1143 5004 eorum
1171 4949 1443 5002 nominum
1471 4949 1588 5002 ista:
1613 4957 1769 5002 sunt:
1792 4948 1903 5002 lla-

321 5044 444 5097 dian
476 5044 851 5110 interpretatur
881 5041 1160 5096 Declinans
1202 5039 1492 5109 judicium;
1525 5040 1724 5106 Sisara,
1759 5039 1902 5096 Gau-

322 5134 394 5186 dii
424 5128 692 5199 exclusio;
724 5132 898 5197 Jabin,
931 5132 1176 5202 Sapiens.
1231 5131 1336 5186 Sed
1386 5131 1436 5184 in
1483 5131 1563 5186 his
1606 5131 1835 5186 inimicis
1872 5148 1900 5186 a

323 5225 522 5294 populo
548 5223 642 5278 Dei
669 5223 951 5293 superatis,
978 5223 1066 5277 ille
1087 5221 1460 5292 intelligendus
1485 5231 1566 5276 est
1587 5224 1818 5290 sapiens,
1838 5221 1904 5277 de

322 5332 432 5386 quo
457 5316 742 5386 Apostolus
769 5315 929 5371 dicit:
968 5314 1064 5369 Ubi
1092 5315 1328 5387 sapiens?
1352 5315 1435 5368 ubi
1459 5314 1621 5369 scriba
1637 5316 1662 5368 ?
1681 5314 1763 5368 ubi
1785 5331 1905 5369 con-

323 5410 535 5472 quisitor
581 5409 730 5479 hujus
755 5408 927 5462 διεταιὶ
968 5407 1009 5477 (Ι
1037 5407 1152 5462 Cor.
1183 5423 1219 5475 ι,
1263 5407 1388 5478 20)?
1426 5406 1588 5473 Oreb,
1641 5406 1900 5462 Siccitas:

324 5498 459 5566 Ζεῦ,
489 5499 700 5570 Lupus:
726 5497 924 5565 Zebee,
949 5497 1194 5566 Victima,
1220 5497 1312 5554 sed
1339 5499 1476 5568 lupi;
1509 5498 1668 5554 habet
1687 5499 1828 5554 enim
1853 5508 1907 5555 et

390 5639 415 5699 ι.
433 5637 707 5699 εἰειιεεηλι
727 5642 864 5699 μοι,
880 5634 1026 5688 bonus
1047 5639 1206 5685 autem
1227 5641 1364 5699 pater
1387 5641 1502 5697 Lex,
1535 5633 1620 5685 sed
1643 5632 1766 5684 sicut
1792 5643 1907 5697 Apo-

323 5695 576 5766 m!“9.“t
599 5697 783 5766 δέσμίῆ
810 5706 906 5748 θίθ·
1024 5765 1057 5766 η
1310 5765 1314 5766 ν
1487 5695 1493 5697 ν
1524 5763 1530 5766 _
1802 5695 1836 5766 ,ἡ
1866 5753 1878 5766 .

391 5761 410 5791 ⁸
435 5755 573 5870 εἰῶ,
607 5755 726 5823 Quia
761 5757 890 5811 istos.
931 5766 983 5810 Αι
1022 5765 1128 5810 Mss.
1167 5755 1264 5818 alii,
1291 5763 1619 5822 Qimpropter;
1643 5755 1748 5818 alii,
1789 5755 1908 5820 Quia

325 5833 444 5881 prop
468 5833 532 5871 :‘r.

1412 362 1804 431 ENARRA'I’IO
1839 371 1903 428 IN
1941 373 2264 435 PSALMUH
2301 374 2562 434 LXXXII.

3443 390 3578 449 £054

2017 487 2129 557 ipse
2177 488 2418 545 victimas
2467 503 2626 547 suas:
2661 489 2927 559 Salmana,
2963 491 3160 551 Umbra
3184 500 3580 561 commotionis.

2010 576 2137 634 Haec
2160 578 2336 634 omnia
2364 588 2659 651 congruunt
2684 579 2857 649 malis,
2891 598 3025 654 quos
3052 585 3107 640 in
3133 585 3274 643 bono
3299 590 3462 646 vincit
3478 607 3579 662 po-

2007 667 2162 737 pulus
2193 668 2306 724 Dei.
2348 669 2514 724 Porro
2553 681 2730 726 autem
2766 671 2946 742 Cison,
2978 675 3030 729 in
3056 689 3164 744 quo
3192 685 3430 736 torrente
3456 683 3582 740 victl

2009 768 2148 824 sunt,
2181 759 2556 830 interpretatur
2593 763 2792 817 Duritia
2817 769 3020 819 eorum.
3051 766 3254 833 Endor,
3285 770 3371 825 ubi
3394 773 3580 842 perie-

2008 857 2152 914 runt,
2180 848 2552 918 interpretatur
2575 849 2716 905 Fons
2735 854 3108 922 generationis,
3137 856 3230 912 sed
3261 860 3440 929 utique
3459 876 3580 916 car-
3630 889 3634 906 τ

2007 940 2166 1003 nalis,
2199 941 2282 995 cui
2310 940 2471 996 dediti
2495 941 2796 1009 perierunt:
2822 959 2924 998 non
2945 956 3192 1001 curantes
3214 952 3579 1016 regeneratio-

2009 1045 2152 1097 nem,
2175 1045 2292 1100 qua‘.
2323 1030 2563 1100 perducit
2586 1029 2651 1085 ad
2681 1033 2862 1097 vitam,
2894 1035 2979 1089 ubi
3009 1051 3112 1091 non
3154 1039 3374 1104 nubent,
3406 1055 3580 1111 neque

2007 1137 2206 1177 uxores
2235 1122 2467 1188 ducent;
2486 1138 2590 1177 non
2611 1123 2756 1177 enim
2777 1125 3026 1194 incipient
3048 1131 3180 1182 mori
3199 1128 3346 1199 (Luc.
3368 1147 3460 1194 xx,
3483 1133 3580 1199 35,

2008 1211 2123 1282 36).
2152 1211 2339 1267 Merito
2367 1228 2493 1282 ergo
2512 1215 2579 1269 de
2600 1213 2680 1270 his
2709 1215 2906 1270 dictum
2933 1226 3034 1285 est,
3064 1217 3210 1274 Facti
3237 1231 3351 1275 sunt
3376 1232 3430 1275 ut
3449 1232 3580 1278 ster-

2007 1316 2095 1354 rus
2119 1309 2296 1367 term;
2317 1301 2382 1356 dc
2411 1303 2602 1372 quibus
2626 1303 2752 1358 nihil
2781 1316 3120 1377 propagatum
3150 1319 3250 1375 est,
3276 1313 3375 1366 nisi
3403 1323 3577 1369 terre.

2006 1405 2074 1444 na
2101 1388 2416 1446 fecunditas.
2441 1390 2586 1446 Sicut
2611 1406 2739 1464 ergo
2759 1394 2832 1448 illi
2859 1410 3046 1451 omnes
3073 1397 3122 1450 in
3152 1399 3316 1468 ﬁgura
3339 1404 3578 1472 superati

2005 1489 2130 1536 sunt
2157 1495 2186 1535 a
2209 1481 2401 1551 popqu
2426 1481 2548 1550 Dei;
2581 1483 2658 1540 sic
2677 1483 2808 1542 istos
2826 1486 3068 1542 inimicos
3094 1497 3338 1558 precatur
3357 1492 3411 1546 in
3435 1493 3580 1551 veri-

2006 1578 2112 1626 tate
2135 1573 2398 1640 superari.

2079 1661 2167 1717 l0.
2210 1661 2416 1730 Omnes,
2462 1663 2650 1736 inquit,
2678 1667 3161 1737 principeseerum,
3197 1669 3286 1741 qui
3321 1671 3575 1744 dixerunt,

2005 1751 2316 1807 llwreditate
2343 1755 2684 1824 possideamus
2715 1759 3057 1812 sanctuarium
3087 1758 3202 1815 Dei.
3233 1761 3350 1831 Ipse
3371 1769 3453 1818 est
3491 1779 3581 1820 so-

2005 1841 2148 1896 nitus
2173 1841 2370 1908 inanis,
2396 1858 2522 1913 quo,
2553 1852 2611 1898 ut
2637 1859 2796 1915 supra
2819 1845 3015 1902 dictum
3039 1856 3142 1914 est,
3167 1848 3360 1904 inimici
3395 1851 3470 1906 tui
3491 1869 3577 1908 so-

2003 1941 2242 1986 nuerunt.
2268 1931 2634 1990 Sanctuarium
2659 1944 2846 1991 autem
2879 1937 2975 1992 Dei
3013 1937 3138 2008 quid
3175 1938 3580 2012 intelligendum

2003 2031 2103 2086 est,
2137 2022 2239 2078 nisi
2269 2022 2522 2093 templum
2565 2025 2679 2092 Dei,
2723 2026 2792 2082 de
2831 2042 2936 2096 quo
2979 2029 3264 2097 Apostolus
3293 2032 3398 2086 ait:
3424 2032 3575 2089 Tent-

2002 2117 2142 2182 plum
2167 2114 2298 2168 enim
2327 2113 2426 2168 Dei
2453 2125 2681 2169 sanctum
2726 2126 2814 2182 est,
2847 2119 2981 2188 quod
3008 2121 3125 2174 estis
3166 2135 3252 2176 vos
3285 2122 3326 2193 (I
3345 2121 3464 2178 Cor.
3495 2141 3572 2192 tn,

2004 2203 2279 2273 l7)?Nam
2301 2205 2428 2275 quid
2449 2206 2591 2259 aliud
2623 2207 2842 2272 inimici,
2874 2210 2972 2263 nisi
3005 2210 3253 2280 p0pulum
3287 2213 3377 2268 Dei
3401 2217 3574 2283 possi-

2003 2293 2150 2362 dere,
2177 2295 2229 2350 id
2255 2305 2360 2362 est,
2381 2295 2666 2367 subjugare
2685 2298 2995 2367 moliuntur,
3024 2311 3080 2356 ut
3103 2302 3286 2358 cedat‘
3309 2305 3364 2360 in
3390 2320 3574 2362 eorum

2003 2386 2193 2456 impias
2220 2387 2548 2442 voluntates?

2075 2480 2161 2536 ll.
2201 2479 2351 2552 [νινε.
2383 2479 2495 2553 14.]
2533 2478 2636 2536 Sed
2663 2481 2788 2551 quid
2815 2482 3086 2553 sequitur?
3107 2485 3240 2541 Deus
3260 2502 3418 2554 meus,
3445 2504 3577 2560 pone

1999 2571 2114 2626 illos
2134 2581 2190 2625 ut
2208 2582 2388 2626 rotam.
2416 2571 2810 2628 Convenienter
2835 2574 3048 2643 quidem
3086 2577 3360 2646 accipitur,
3384 2587 3440 2632 ut
3464 2593 3571 2636 non

2001 2664 2104 2718 sint
2129 2663 2183 2718 in
2211 2678 2277 2719 eo
2305 2663 2446 2734 quod
2475 2665 2708 2733 cogitant
2729 2664 2980 2731 stabiles;
3019 2676 3384 2725 verumtamen
3410 2672 3572 2728 etiam

2000 2753 2080 2808 sic
2103 2762 2248 2808 recte
2277 2768 2434 2824 posse
2461 2753 2682 2824 intelligi
2708 2753 2974 2821 existimo,
3009 2755 3152 2811 Pone
3169 2758 3284 2812 illos
3309 2769 3365 2813 ut
3387 2770 3572 2831 rotam,

2000 2843 2142 2912 quod
2168 2852 2283 2898 rota
2309 2860 2373 2898 ex
2393 2844 2479 2899 his
2503 2861 2622 2915 quae
2647 2854 2791 2900 retro
2815 2856 2938 2901 sunt
2957 2849 3246 2915 extollitur,
3269 2866 3335 2906 ex
3354 2851 3436 2906 his
3455 2869 3574 2923 qua:

2001 2943 2128 2991 ante
2148 2945 2270 2989 sunt
2288 2935 2565 3004 dejicitur:
2589 2938 2668 2993 sic
2689 2937 2822 2992 ﬁunt
2838 2953 3024 2994 omnes
3046 2940 3240 2996 inimici
3259 2943 3438 3013 pepuli
3459 2945 3572 3001 Dei.

1999 3025 2116 3081 Non
2141 3027 2282 3082 enim
2311 3028 2424 3083 haec
2449 3029 2671 3097 aptatia.
2698 3029 2793 3085 sed
2819 3031 3152 3100 prophetatio
3178 3043 3277 3089 est.
3319 3036 3578 3108 Adjungit

1999 3118 2192 3172 etiam:
2221 3117 2366 3173 Sicut
2399 3120 2640 3187 stipulam
2665 3131 2782 3174 ante
2807 3122 2986 3189 faciem
3027 3125 3176 3177 venti.
3205 3125 3418 3182 Faciem
3447 3127 3576 3184 dicit

1999 3210 2368 3280 prtcsentiam:
2399 3226 2518 3266 nam
2544 3227 2662 3281 qua:
2687 3213 2848 3268 iacies
2871 3223 2953 3267 est
2989 3215 3156 3281 venti,
3204 3217 3289 3270 cui
3333 3218 3478 3273 nulla
3503 3219 3573 3274 li-

1999 3309 2278 3356 neamenta
2307 3312 2428 3356 sunt
2454 3304 2722 3372 corporis;
2751 3318 2872 3360 cum
2891 3304 2961 3360 sit
2985 3315 3182 3373 motus,
3211 3307 3263 3362 id
3295 3319 3392 3374 est,
3421 3311 3575 3381 quasi

1999 3389 2189 3448 ﬂuctus
2213 3393 2384 3448 ueris?
2405 3393 2626 3449 Ponitur
2645 3404 2821 3451 autem
2850 3411 2948 3467 pro
2968 3399 3277 3468 tentatione,
3306 3415 3413 3471 qus
3439 3401 3573 3459 levia

1998 3491 2054 3539 et
2075 3482 2246 3539 inania
2277 3484 2437 3541 corda
2459 3486 2767 3555 rapiuntur:

2070 3573 2166 3630 12..
2200 3573 2348 3647 [uers.
2381 3577 2469 3641 I5,
2499 3575 2614 3650 16.]
2652 3577 2944 3632 Levitatem
2961 3593 3141 3648 porro,
3159 3594 3261 3649 qua
3285 3579 3440 3638 facile
3455 3595 3578 3638 con-

1999 3665 2227 3719 sentitur
2272 3665 2338 3720 ad
2382 3666 2550 3733 mala,
2595 3668 2771 3736 gravis
2813 3669 3053 3739 sequitur
3095 3670 3386 3738 cruciatus;
3435 3672 3578 3728 unde

2001 3756 2250 3826 deinceps
2269 3757 2491 3813 dicitur:
2520 3759 2664 3814 Sicut
2689 3761 2820 3831 ignis
2844 3760 2929 3830 qui
2953 3761 3197 3815 comburit
3224 3762 3422 3830 siluam,
3448 3765 3578 3818 sicut

1999 3849 2208 3918 ﬂamma
2235 3851 2527 3905 comburam
2554 3863 2778 3918 montes;
2798 3853 2868 3904 ita
2897 3854 3205 3921 persequeris
3229 3855 3345 3908 illos
3373 3856 3425 3908 in
3450 3865 3580 3910 lem-

2001 3947 2191 4008 pestate
2226 3949 2332 4005 tua,
2359 3949 2405 3993 et
2431 3940 2484 3994 in
2511 3941 2588 3994 ira
2629 3951 2715 3994 tua
2756 3942 3072 3995 conturbabis
3094 3959 3196 3996 eos.
3225 3943 3421 3998 Silvam
3447 3945 3580 4001 dixit

2002 4036 2217 4098 propter
2241 4029 2594 4094 sterilitatem,
2621 4039 2830 4086 montes
2852 4040 3069 4102 propter
3095 4033 3380 4089 elationem
3407 4053 3421 4089 :
3445 4037 3578 4093 tales

2003 4119 2144 4174 enim
2170 4128 2293 4174 sunt
2321 4120 2519 4177 inimici
2551 4123 2728 4192 populi
2777 4123 2898 4189 Dei;
2944 4122 3130 4179 inanes
3166 4124 3404 4194 justitite,
3437 4127 3580 4197 pleni

2001 4210 2268 4280 superbia.
2311 4211 2488 4282 Ignem
2536 4227 2662 4268 vero
2687 4222 2740 4268 et
2777 4213 3042 4268 ﬂammam
3074 4215 3278 4281 dicens,
3309 4218 3410 4272 hoc
3438 4219 3577 4275 idem

2001 4304 2104 4358 alio
2138 4304 2352 4359 nomine
2378 4306 2639 4375 repetivit,
2670 4321 2777 4376 quo
2821 4305 3037 4377 intelligi
3063 4308 3227 4363 voluit
3252 4309 3575 4378 judicantem

2001 4404 2159 4465 atque
2182 4399 2483 4465 punientem
2509 4398 2692 4452 Deum.
2716 4398 2865 4464 Quod
2894 4407 3066 4452 autem
3090 4400 3186 4465 ait,
3216 4400 3266 4453 in
3294 4411 3581 4472 tempestate

2003 4495 2120 4550 tua;
2167 4487 2270 4541 hoc
2315 4487 2454 4542 idem
2502 4496 2890 4565 consequenter
2923 4491 3166 4555 exposuit
3196 4490 3397 4554 dicens,
3423 4492 3474 4546 in
3502 4493 3581 4546 ira

2003 4587 2087 4629 tua
2105 4594 2122 4631 :
2143 4586 2196 4631 et
2223 4578 2360 4643 quod
2388 4593 2545 4648 supra
2578 4577 2728 4642 dixit,
2766 4580 3072 4650 persequeris
3101 4595 3218 4644 eos;
3247 4581 3347 4636 hoc
3371 4591 3576 4652 postea.

2002 4667 2320 4722 conturbabis
2341 4685 2444 4722 eos.
2477 4667 2867 4750 Meminerimus
2892 4684 3019 4724 sane
3051 4669 3182 4723 iram
3210 4670 3301 4725 Dei
3329 4673 3443 4726 sine
3473 4674 3581 4729 ulla

2003 4759 2281 4815 allectione
2308 4759 2608 4814 turbulenta
2634 4760 2959 4830 intelligere:
2992 4761 3065 4814 ira
3093 4761 3285 4830 quippe
3310 4762 3424 4833 ejus
3450 4762 3582 4818 dici-

2007 4858 2106 4916 tur,
2138 4851 2270 4905 ratio
2293 4851 2430 4920 justa
2462 4849 2736 4918 vindictat;
2771 4861 3016 4922 tanquam
3045 4854 3088 4908 si
3117 4854 3198 4908 lex
3226 4853 3434 4908 dicatur
3471 4855 3580 4908 ira-

2005 4941 2102 5005 sci,
2131 4955 2251 4994 cum
2282 4940 2510 4996 ministri
2553 4943 2668 5010 ejus
2711 4941 3003 4997 secundum
3030 4958 3148 4998 eam
3175 4943 3426 4998 commoti
3466 4943 3579 4997 vin-

2006 5033 2201 5086 dicant.

2079 5123 2166 5176 l5.
2198 5119 2347 5193 [vcrs.
2372 5119 2580 5192 17-19.]
2604 5119 2788 5192 Imple,
2819 5122 3003 5192 inquit,
3028 5123 3183 5191 [acies
3220 5139 3390 5176 eorum
3436 5123 3583 5195 igno-

2007 5213 2182 5276 minia,
2205 5222 2252 5266 et
2271 5222 2492 5282 quaerent
2522 5228 2701 5266 nomen
2725 5222 2865 5266 tuum
2887 5254 2900 5277 ,
2937 5213 3168 5266 Domine.
3195 5212 3303 5268 Hoc
3330 5227 3457 5267 sane
3479 5213 3580 5268 illis

2009 5307 2202 5357 bonum
2247 5311 2300 5357 et
2329 5303 2559 5372 optabile
2602 5303 2945 5372 prOphetatur
2975 5322 2986 5356 :
3013 5320 3108 5358 nec
3143 5303 3578 5373 prophetaretur,

2009 5391 2108 5447 nisi
2166 5400 2344 5447 essent
2394 5392 2444 5446 in
2494 5407 2555 5447 ea
2599 5392 2851 5448 societate
2886 5393 3215 5447 inimicorum
3259 5394 3432 5466 populi
3489 5394 3582 5450 Dei

2009 5483 2164 5537 etiam
2195 5482 2323 5537 tales
2355 5482 2630 5548 homines,
2663 5483 2852 5552 quibus
2888 5482 2987 5538 huc
3025 5491 3147 5537 ante
3176 5482 3416 5539 ultimum
3443 5483 3588 5556 judi-

2008 5573 2146 5628 cium
2170 5581 2540 5643 praastaretur;
2570 5572 2692 5642 quia
2745 5581 2798 5628 et
2837 5587 2974 5627 nunc
3017 5564 3156 5628 idem
3198 5573 3295 5645 ipsi
3342 5581 3485 5641 sunt,
3533 5582 3586 5630 et

2010 5663 2182 5736 ipsum
2213 5679 2404 5736 corpus
2431 5673 2513 5721 est
2553 5665 2886 5721 inimicorum
2909 5665 3208 5724 secundum
3238 5667 3580 5725 invidentiam

2077 5819 2092 5848 ⁸
2118 5816 2190 5868 sic
2215 5823 2318 5868 uss.
2348 5826 2397 5868 ,ιι
2422 5816 2553 5879 Hild,
2579 5816 2740 5872 eadm.
