4084 6480
504 344 640 405 1055

499 472 601 535 qua
632 453 947 513 aemulantur
973 454 1224 527 populum
1254 453 1368 512 Dei.
1397 453 1467 510 Et
1500 465 1675 519 nunc,
1700 452 1789 509 ubi
1816 462 2070 525 possunt,

500 558 556 604 et
603 556 795 604 sonant
842 556 895 604 et
950 548 1128 603 levant
1168 554 1358 617 caput;
1412 544 1504 600 sed
1550 544 1921 615 particulatim,
1968 560 2075 599 non

502 639 909 704 universaliter,
937 640 1074 693 sicut
1101 637 1152 692 in
1181 637 1286 691 ﬁne
1326 635 1526 703 saeculi,
1571 635 1860 691 novissimo
1896 636 2075 691 immi-

501 729 897 801 nentejudicio.
930 731 1128 785 Tamen
1155 728 1327 797 ipsum
1348 741 1541 797 corpus
1563 735 1648 784 est
1695 736 1749 783 et
1790 728 1844 783 in
1874 728 1959 782 his
1985 726 2077 798 qui

500 822 625 877 inde
652 822 904 877 credituri
935 828 1080 886 sunt,
1116 829 1276 890 atque
1305 821 1357 874 in
1390 834 1583 890 corpus
1628 819 1769 875 aliud
1806 820 2081 875 transituri

500 912 716 980 (horum
744 912 885 967 enim
913 910 1072 965 facies
1100 910 1382 965 salubriter
1407 910 1657 979 impletur
1682 910 1989 980 ignominia,
2019 917 2077 965 ut

438 1022 443 1027 λ
497 1010 741 1073 quaerant
759 1017 949 1058 nomen
980 1000 1234 1072 Domini);
1262 1010 1317 1056 et
1343 1001 1393 1055 in
1424 1001 1528 1056 illis
1546 1002 1637 1072 qui
1663 1016 1828 1071 usque
1844 1001 1894 1055 in
1914 1000 2074 1056 finem

496 1097 551 1150 in
581 1096 768 1151 eadem
794 1094 993 1149 malitia
1016 1101 1378 1163 perseverant,
1397 1093 1485 1163 qui
1514 1100 1784 1162 ponuntur
1798 1100 1857 1147 ut
1883 1092 2074 1163 stipula

496 1193 623 1239 ante
649 1183 835 1238 faciem
860 1183 1038 1247 venti,
1070 1191 1125 1237 et
1150 1182 1297 1237 silvae
1324 1182 1697 1251 montibusque
1731 1181 2075 1237 infructuosis

494 1277 699 1332 similes
742 1278 1142 1333 comburuntur.
1195 1276 1277 1332 Ad
1328 1291 1463 1346 quos
1514 1276 1691 1331 denuo
1752 1276 2071 1344 revertitur,

495 1365 678 1421 dicens
706 1383 720 1420 :
754 1365 1084 1433 Erubescant,
1112 1376 1158 1422 et
1183 1365 1537 1421 conturbantur
1563 1365 1617 1419 in
1643 1366 1884 1420 saeculum
1909 1381 2072 1421 sarcu-

493 1456 549 1511 li.
582 1456 697 1512 Non
746 1457 888 1513 enim
927 1461 980 1512 in
1029 1456 1284 1513 saeculum
1327 1457 1507 1513 szeculi
1557 1457 1939 1513 conturbantur
1981 1458 2073 1527 qui

491 1558 736 1620 quaerunt
761 1564 953 1604 nomen
977 1549 1222 1614 Domini;
1246 1549 1340 1606 sed
1362 1549 1709 1619 respicientes
1726 1549 2070 1620 ignominiam

491 1647 828 1708 peccatorum
863 1654 1101 1705 suorum,
1130 1639 1195 1694 ad
1224 1639 1324 1695 hoc
1337 1638 1736 1706 conturbantur,
1755 1646 1814 1695 ut
1831 1648 2072 1711 quaerant

489 1748 687 1789 nomen
716 1733 945 1800 Domini,
973 1748 1067 1804 per
1094 1733 1236 1803 quod
1257 1748 1363 1788 non
1386 1735 1790 1791 conturbentur.

516 1872 519 1873 ν
560 1824 653 1879 14.
683 1823 996 1894 Rursusque
1024 1824 1090 1880 ad
1118 1824 1216 1879 hos
1241 1823 1398 1889 redit.
1435 1825 1541 1895 qui
1570 1825 1622 1880 in
1667 1826 1854 1882 eadem
1895 1827 2070 1882 socie-

490 1921 603 1970 tate
637 1914 969 1970 inimicorum
998 1914 1067 1970 ad
1096 1915 1197 1971 hoc
1234 1915 1596 1972 confundendi
1640 1926 1783 1985 sunt,
1829 1933 1897 1974 ne
1942 1933 2072 1975 con—

486 2003 777 2061 fundantur
797 2005 848 2059 in
879 2015 1134 2061 aeternum
1152 2023 1165 2073 ;
1184 2015 1239 2061 et
1263 2007 1327 2061 ad
1348 2007 1447 2062 hoc
1467 2008 1723 2078 perdendi
1746 2010 1795 2063 in
1814 2019 2070 2080 quantum

488 2097 617 2151 mali
642 2104 800 2164 sunt,
827 2104 886 2152 ut
909 2097 1031 2152 boni
1060 2097 1182 2153 facti
1229 2098 1564 2153 inveniantur
1600 2099 1653 2153 in
1687 2108 1963 2155 aeternum.
1994 2101 2071 2156 De

491 2185 578 2241 his
608 2186 750 2241 enim
778 2201 899 2242 cum
925 2186 1143 2242 dixisset
1168 2228 1184 2253 ,
1214 2186 1281 2241 Et
1307 2189 1717 2258 confundantur,
1753 2198 1803 2242 et
1831 2198 2069 2258 pereant;

490 2278 670 2333 statim
702 2280 943 2350 subjecit,
978 2281 1046 2334 Et
1074 2291 1377 2352 cognoscant
1403 2284 1522 2353 quia
1548 2299 1729 2337 nomen
1767 2283 1854 2337 tibi
1886 2283 2070 2339 Domi-

492 2384 623 2434 nus;
648 2379 700 2422 tu
725 2371 862 2424 solus
881 2372 1154 2427 altissimus
1176 2373 1230 2426 in
1256 2372 1393 2427 omni
1421 2381 1554 2428 terra
1586 2389 1604 2427 :
1628 2373 1693 2429 ad
1722 2370 1857 2429 hanc
1881 2374 2069 2445 cogni-

488 2458 687 2513 tionem
718 2461 992 2517 venientes
1031 2462 1108 2518 sic
1137 2461 1574 2531 confundantur,
1594 2470 1655 2518 ut
1683 2464 1958 2534 placeant;
1994 2466 2072 2520 sic

486 2560 727 2619 pereant,
760 2561 819 2606 ut
845 2561 1210 2623 permaneant.
1242 2553 1556 2626 Cognoscant
1577 2594 1592 2619 ,
1622 2555 1808 2625 inquit,
1833 2556 1953 2627 quia
1980 2572 2073 2610 no-

487 2657 601 2696 men
629 2643 719 2697 tibi
742 2643 987 2701 Dominus
1009 2661 1028 2700 :
1048 2655 1299 2717 tanquam
1329 2662 1435 2702 non
1462 2663 1590 2703 vero
1613 2664 1715 2704 nec
1740 2664 1837 2704 suo
1855 2648 2070 2704 nomine

493 2744 867 2803 nuncupentur
928 2736 1248 2809 quicumque
1301 2738 1389 2793 alii
1439 2738 1639 2793 domini
1697 2738 2069 2805 nominantur;

487 2823 741 2892 quoniam
766 2826 1030 2882 serviliter
1054 2827 1392 2884 dominantur
1411 2870 1426 2897 ,
1456 2838 1509 2884 et
1529 2844 1655 2885 vero
1678 2829 1904 2885 Domino
1925 2845 2073 2885 com-

489 2916 657 2985 parati
687 2931 785 2972 nec
804 2917 1003 2973 domini
1040 2928 1164 2975 sunt
1192 2936 1207 2973 :
1237 2920 1374 2975 sicut
1401 2920 1599 2976 dictum
1639 2927 1752 2985 est,
1804 2920 1914 2991 Ego
1957 2937 2071 2977 sum

486 3012 580 3081 qui
608 3028 721 3066 sum
751 3012 941 3083 (Exod.
969 3030 1048 3080 tu,
1081 3013 1206 3084 M);
1250 3024 1499 3085 tanquam
1529 3030 1636 3072 non
1685 3016 1791 3072 sint
1840 3030 1903 3071 ea
1952 3030 2073 3085 quae

486 3098 626 3156 facta
656 3111 814 3167 sunt,
836 3104 881 3158 si
910 3114 1283 3175 comparentur
1309 3107 1360 3161 ei
1390 3120 1418 3159 a
1439 3121 1547 3176 quo
1574 3107 1715 3163 facta
1740 3114 1885 3163 sunt.
1916 3105 2068 3175 Quod

490 3207 622 3248 vero
644 3192 906 3264 adjunxit,
940 3204 994 3249 tu
1034 3198 1172 3251 solus
1221 3197 1496 3253 altissimus
1520 3199 1574 3253 in
1602 3198 1738 3253 omni
1771 3208 1924 3265 terra,
1961 3199 2072 3266 vel,

488 3284 628 3340 sicut
652 3285 738 3340 alii
759 3287 970 3343 codices
1001 3288 1217 3357 habent,
1249 3306 1403 3361 super
1430 3307 1627 3345 onmem
1646 3299 1864 3357 terram;
1891 3291 2073 3361 utique

490 3384 544 3430 et
590 3376 641 3429 in
687 3378 832 3433 omni
861 3377 1020 3446 coelo,
1056 3381 1138 3435 vel
1169 3395 1331 3451 super
1374 3396 1533 3436 omne
1584 3381 1779 3437 caelum
1811 3381 1941 3437 :sed
1970 3381 2071 3436 hoc

489 3465 670 3521 dicere
718 3469 938 3533 maluit,
994 3486 1100 3540 quo
1155 3480 1364 3527 terrena
1417 3458 1663 3543 superbia
1717 3479 2067 3542 premeretur.

490 3556 697 3613 Desinit
734 3560 875 3613 enim
903 3561 1179 3631 superbire
1208 3570 1369 3627 terra,
1415 3562 1469 3617 id
1512 3572 1594 3618 est
1632 3562 1822 3630 homo,
1859 3562 1944 3618 cui
1985 3562 2071 3618 di-

490 3658 635 3704 ctum
680 3659 781 3716 est,
814 3650 974 3705 Terra
1018 3670 1069 3708 es
1116 3652 1265 3722 (Gen.
1293 3670 1368 3719 ut,
1404 3654 1522 3721 l9);
1554 3663 1627 3721 et,
1675 3654 1812 3722 Quid
1849 3652 2071 3723 superbit

493 3750 628 3795 terra
653 3750 699 3796 et
720 3742 845 3796 cinis
868 3742 1053 3813 (Eccli.
1078 3759 1138 3810 Χ,
1169 3744 1262 3815 9)?
1305 3760 1425 3799 cum
1469 3745 1738 3815 cognoscit
1784 3744 2068 3799 Dominum

490 3844 612 3884 esse
636 3830 949 3885 altissimum
989 3846 1147 3901 super
1171 3848 1383 3888 omnem
1422 3842 1638 3898 terram,
1664 3833 1715 3888 id
1742 3841 1844 3899 est,
1874 3832 2071 3886 nullius

490 3920 723 3976 hominis
744 3922 1091 3993 cogitationes
1106 3924 1280 3980 valere
1296 3926 1549 3981 adversus
1567 3939 1659 3981 eos
1671 3925 1757 3994 qui
1780 3925 2069 3979 secundum

492 4013 819 4083 propositum
845 4013 1014 4068 vocati
1042 4022 1184 4081 sunt,
1211 4023 1268 4071 et
1290 4015 1358 4071 de
1386 4017 1576 4086 quibus
1598 4016 1814 4081 dicitur,
1844 4015 1903 4069 Si
1935 4013 2073 4070 Deus

488 4120 579 4171 pro
608 4103 769 4170 nobis,
796 4104 908 4173 quis
933 4113 1108 4159 contra
1134 4121 1222 4160 nos
1251 4104 1427 4178 (Rom.
1457 4122 1569 4173 vm,
1592 4104 1684 4172 98,
1704 4105 1836 4175 5i)?

738 4350 741 4351 κ
839 4312 918 4372 IN
961 4296 1341 4375 PSALMUM
1376 4314 1708 4407 Lxxxut

1096 4454 1504 4510 ENARRATIO.

526 4660 529 4663 _
570 4593 616 4643 Ι.
648 4588 797 4663 [vers.
824 4591 899 4664 1.]
928 4591 1168 4647 Psalmus
1198 4592 1316 4657 istc,
1360 4589 1464 4644 Pro
1494 4589 1847 4653 torcularibus,
1880 4589 2071 4644 inseri-

492 4682 652 4737 liitur.
686 4682 752 4737 Et
779 4692 1029 4753 quantum
1059 4683 1289 4738 advertit
1313 4681 1588 4736 nobiscum
1612 4681 1854 4735 Charitas
1882 4680 2070 4735 Vestra

494 4774 635 4844 (quia
667 4788 761 4828 vos
785 4774 1138 4830 intentissime
1164 4773 1347 4828 audire
1376 4771 1829 4842 advertebamus),
1859 4772 1989 4827 nihil
2018 4773 2068 4827 in

492 4865 608 4933 ejus
635 4874 777 4919 textu
800 4865 999 4921 dictum
1021 4876 1101 4920 est
1128 4865 1210 4920 vel
1235 4864 1301 4920 de
1327 4865 1495 4934 prelo,
1525 4865 1606 4918 vel
1635 4864 1701 4919 de
1727 4863 1925 4919 ﬁscinis
1946 4905 1960 4930 ,
1988 4864 2070 4919 vel

489 4957 557 5011 de
591 4957 725 5021 lacu,
756 4958 836 5014 vel
866 4958 934 5013 de
964 4957 1329 5013 instrumentis
1354 4966 1446 5012 aut
1483 4956 1708 5012 tedilieio
1750 4957 2065 5023 torcularis;

488 5047 707 5102 omnino
737 5048 867 5101 nihil
912 5048 961 5102 in
1004 5062 1069 5102 eo
1104 5048 1206 5101 tale
1236 5048 1532 5103 audivimus
1564 5065 1577 5100 :
1614 5048 1754 5102 unde
1795 5047 1919 5118 quid
1967 5046 2068 5103 sibi
2088 5108 2109 5137 γι

493 5139 620 5191 velit
648 5138 828 5192 titulus
854 5138 988 5207 ejus,
1017 5138 1155 5207 quod
1188 5138 1528 5205 inscribitur,
1559 5137 1664 5192 Pro
1700 5138 2030 5192 torcularibus
2050 5177 2065 5201 ,

488 5244 595 5284 tum
633 5244 792 5299 parva
838 5229 1060 5298 qumslio
1088 5239 1188 5283 est.
1221 5229 1463 5285 Proiecto
1491 5230 1630 5285 enim
1663 5230 1706 5285 si
1744 5237 1864 5299 post
1908 5229 2063 5283 istum

486 5319 695 5373 titulum
726 5318 921 5388 aliquid
946 5318 1011 5373 de
1042 5320 1235 5375 tal’bus
1259 5321 1418 5376 rebus
1443 5321 1673 5387 diceret,
1704 5321 1889 5391 quales
1918 5334 2067 5374 com-

499 5409 801 5473 memoravi,
841 5409 1151 5466 crederetur
1173 5426 1200 5464 a
1232 5412 1531 5467 carnalibus
1560 5426 1682 5466 vere
1716 5412 1814 5465 ista
1843 5409 2066 5464 visibilia

499 5494 771 5553 toreularia
799 5497 1030 5554 voluisse
1050 5509 1265 5555 cantare
1295 5501 1452 5571 :quia
1484 5515 1611 5555 vero
1655 5500 1859 5555 titulum
1890 5499 2065 5568 impo-

478 5588 607 5650 suit,
645 5585 745 5641 Pro
775 5590 1123 5657 torcularibus,
1156 5600 1211 5647 et
1238 5592 1365 5646 nihil
1407 5600 1589 5662 postea
1632 5591 1683 5646 in
1718 5591 1861 5644 omni
1902 5604 2065 5643 versu

486 5676 680 5732 Psalmi
725 5678 858 5734 dixit
902 5680 966 5736 de
1019 5682 1101 5737 his
1150 5685 1499 5739 torcularibus
1551 5683 1842 5738 notissimis
1898 5681 2066 5736 oculis

485 5770 723 5840 nostris;
756 5788 862 5829 non
888 5773 1159 5833 dubitatur
1196 5790 1314 5832 esse
1341 5777 1439 5831 alia
1485 5774 1765 5831 toreularia
1804 5788 1922 5842 qua:
1970 5787 2067 5827 nos

1722 338 1786 399 S.
1822 339 2189 400 AUGUSTINI
2226 341 2530 402 EPISCOPI

3628 351 3761 412 1036

2186 456 2273 512 hic
2291 472 2529 528 quaerere
2549 467 2602 517 et
2630 458 2925 531 intelligere
2942 474 3111 519 volun
3129 464 3357 534 Spiritus
3380 463 3491 521 Dei.
3519 465 3759 539 Quapro-

2182 559 2301 617 pter
2322 550 2446 619 quid
2471 559 2657 622 agatur
2682 553 2733 607 in
2771 553 2855 609 his
2878 554 3173 611 visibilibus
3201 558 3550 614 torcularibus
3578 576 3758 616 recor-

2182 640 2403 709 demur,
2435 650 2490 697 et
2516 643 2617 700 hoc
2640 644 2914 701 videamus
2938 646 3380 715 quemadmodum
3409 649 3757 718 spiritualiter

2180 739 2394 800 geratur
2426 732 2480 785 in
2511 732 2769 788 Ecclesia.
2801 733 2911 790 Uva
2934 743 3080 790 certe
3111 736 3306 806 pendet
3341 736 3395 792 in
3439 738 3635 795 vitibus
3659 782 3675 807 ,
3701 752 3755 795 et

2181 819 2319 874 oliva
2345 821 2397 875 in
2423 822 2703 878 arboribus
2754 824 2860 894 (his
2887 825 3027 880 enim
3056 824 3263 881 duobus
3300 826 3558 885 fructibus
3582 831 3756 887 solent

2180 911 2460 988 toreularia
2492 915 2833 985 praeparari);
2863 925 2918 971 et
2953 918 3202 987 quamdiu
3233 920 3465 987 pendent
3516 921 3570 976 in
3603 923 3758 979 fruti-

2179 1001 2331 1057 cibus
2350 1003 2482 1070 suis,
2514 1012 2763 1075 tanquam
2789 1007 2956 1063 libero
2993 1024 3119 1064 aere
3155 1009 3527 1080 perfruuntur;
3559 1022 3614 1070 et
3658 1031 3759 1071 nec

2179 1108 2280 1149 uva
2301 1096 2479 1150 viuum
2502 1106 2604 1163 est,
2630 1113 2727 1152 nec
2755 1099 2893 1153 oliva
2923 1100 3122 1168 oleum,
3160 1113 3282 1159 ante
3311 1119 3636 1173 pressuram.
3668 1107 3757 1166 Sic

2178 1193 2303 1240 sunt
2320 1186 2558 1243 homines
2573 1205 2704 1259 quos
2718 1190 3110 1259 praedestinavit
3127 1194 3269 1249 Deus
3280 1204 3402 1251 ante
3417 1198 3609 1253 saecula
3628 1213 3758 1254 cou-

2178 1273 2375 1332 formes
2391 1277 2504 1333 fieri
2531 1279 2778 1351 imaginis
2794 1282 3047 1353 unigeniti
3069 1284 3189 1339 Filii
3218 1287 3296 1340 sui
3315 1286 3608 1357 (Rom.vut,
3636 1290 3753 1362 29),

2177 1368 2267 1439 qui
2295 1372 2561 1443 praecipue
2588 1373 2640 1428 in
2684 1375 2931 1444 passione
2967 1393 3190 1448 magnus
3233 1379 3416 1435 botrus
3467 1397 3754 1452 expressus

2177 1467 2279 1516 est.
2309 1462 2622 1534 Hujusmodi
2651 1482 2777 1537 ergo
2816 1467 3058 1526 homines
3085 1480 3367 1543 antequam
3390 1474 3648 1531 accedant
3687 1477 3752 1532 ad

2176 1555 2484 1612 servitutem
2517 1560 2645 1628 Dei,
2678 1561 2923 1618 fruuntur
2976 1565 3028 1620 in
3074 1568 3273 1623 saeculo
3324 1580 3572 1639 tanquam
3616 1572 3757 1628 deli»-

2175 1643 2317 1700 ciosa
2346 1646 2594 1704 libertate
2620 1690 2634 1714 ,
2667 1652 2812 1706 velut
2840 1668 2955 1709 uvae
2990 1664 3083 1710 aut
3120 1657 3275 1712 olivae
3299 1659 3634 1727 pendentes:
3658 1662 3753 1722 aed

2175 1736 2424 1805 quoniam
2453 1737 2651 1794 dictum
2680 1750 2781 1807 est,
2816 1742 2942 1810 Fili,
2959 1746 3199 1802 accedens
3221 1748 3291 1802 ad
3312 1750 3595 1805 servitutem
3628 1752 3749 1819 Dei,

2175 1836 2253 1880 sta
2288 1830 2341 1881 in
2381 1830 2575 1895 iustitia
2608 1844 2653 1887 et
2688 1834 2863 1893 timore
2883 1875 2898 1899 ,
2927 1847 2973 1891 et
3013 1852 3247 1907 praepara
3275 1841 3496 1895 animam
3518 1851 3657 1897 tuam
3683 1844 3750 1899 ad

2176 1920 2494 1975 tentationem
2531 1922 2714 1995 (Eccli.
2743 1942 2802 1991 ll,
2829 1928 2914 1995 l);
2946 1929 3207 1986 accedens
3233 1932 3455 2002 quisque
3477 1934 3544 1989 ad
3587 1936 3754 1991 servi-

2176 2018 2341 2065 tutem
2372 2012 2466 2068 Dei
2496 2055 2512 2079 ,
2539 2013 2605 2068 ad
2633 2016 2910 2072 toreularia
2937 2033 2996 2074 se
3021 2020 3231 2076 venisse
3258 2033 3572 2094 cognoscat;
3622 2040 3756 2081 con-

2176 2101 2530 2172 tribulabitur,
2552 2114 2876 2173 conteretur,
2915 2113 3328 2181 comprimetur;
3358 2130 3461 2170 non
3491 2127 3551 2171 ut
3576 2118 3626 2172 in
3657 2116 3757 2173 hoc

2176 2194 2374 2249 sazculo
2398 2209 2599 2267 pereat,
2627 2200 2722 2255 sed
2746 2211 2801 2256 ut
2822 2202 2872 2257 iu
2903 2204 3191 2273 apothecas
3220 2207 3315 2262 Dei
3343 2208 3559 2264 deﬂuat.
3597 2210 3757 2266 Exui-

2178 2291 2262 2339 tur
2282 2288 2575 2344 carnalium
2600 2290 2989 2349 desideriorum
3013 2298 3406 2369 integumentis,
3432 2303 3584 2372 quasi
3610 2303 3756 2358 vina-

2174 2378 2271 2432 ciis
2303 2379 2443 2440 :hoc
2460 2383 2600 2437 enim
2622 2384 2671 2440 ei
2692 2386 2914 2457 contigit
2954 2389 2972 2421 ¹
3016 2389 3068 2443 in
3109 2389 3389 2448 desideriis
3435 2396 3755 2463 carnalibus,

2176 2479 2389 2540 propter
2424 2489 2545 2544 qua:
2575 2484 2630 2531 et
2653 2476 2940 2547 Apostolus
2979 2480 3131 2547 dicit,
3172 2482 3359 2538 Exuite
3408 2500 3495 2540 vos
3547 2496 3756 2542 ueterem

2176 2561 2448 2631 hominem,
2471 2575 2519 2619 et
2546 2567 2739 2623 induite
2778 2586 2960 2624 novum
2994 2570 3211 2641 (Coloss.
3250 2589 3326 2637 tn,
3370 2573 3425 2642 9,
3478 2576 3589 2644 10).
3645 2577 3757 2634 Hoc

2175 2661 2346 2711 totum
2371 2671 2479 2712 non
2508 2656 2570 2714 fit
2596 2658 2696 2715 nisi
2735 2660 2801 2715 de
2825 2676 3068 2730 pressura
3098 2678 3111 2715 :
3145 2673 3423 2735 propterea
3472 2669 3755 2724 toreularia

2175 2748 2517 2804 nominantur
2547 2749 2799 2807 Ecclesia:
2832 2753 2924 2809 Dei
2964 2754 3121 2824 hujus
3148 2757 3422 2827 temporis.

2244 2838 2300 2894 2.
2331 2840 2437 2897 Sed
2461 2842 2513 2896 in
2537 2843 2889 2900 torcularibus
2910 2847 3061 2914 positi
3096 2848 3186 2918 qui
3207 2849 3427 2904 sumus?
3452 2850 3570 2905 Filii
3596 2850 3753 2909 Core.

2176 2929 2266 2987 Sic
2290 2931 2435 2986 enim
2473 2932 2709 2989 additum
2736 2944 2837 3003 est,
2882 2935 2988 2991 Pro
3036 2938 3385 3004 torcularibus,
3440 2941 3561 3007 ﬁliis
3609 2941 3752 2999 Core.

2177 3021 2342 3078 Filios
2366 3022 2504 3080 Core
2529 3025 2902 3095 interpretatos
2931 3026 3191 3083 habemus
3223 3029 3360 3084 filios
3385 3030 3550 3095 Calvi,
3582 3047 3753 3102 quan-

2176 3124 2289 3171 tum
2334 3118 2486 3173 nobis
2514 3120 2604 3189 qui
2643 3119 2784 3173 illam
2813 3119 3047 3191 linguam
3080 3104 3361 3189 noverunt,
3390 3138 3488 3193 per
3518 3125 3753 3180 ministe.

2176 3208 2315 3264 rium
2339 3209 2480 3279 quod
2512 3210 2624 3265 Deo
2647 3209 2932 3277 debebant,
2972 3212 3310 3284 interpretari
3341 3223 3628 3285 potuerunt
3657 3234 3670 3289 ς
3703 3227 3755 3273 et

2176 3298 2230 3356 in
2256 3299 2358 3356 hoc
2388 3316 2494 3356 non
2535 3300 2749 3373 defugio
2777 3318 3025 3374 magnum
3068 3305 3377 3376 mysterium
3433 3306 3646 3370 intueri,
3703 3318 3755 3362 et

2176 3390 2459 3460 adjuvante
2512 3391 2739 3447 Domino
2797 3394 3039 3449 invenire
3090 3396 3384 3450 vobiscum.
3447 3395 3566 3450 Non
3616 3397 3754 3451 enim

2178 3491 2427 3554 tauquam
2456 3500 2486 3539 a
2518 3484 2641 3539 filiis
2672 3485 2987 3554 pestilentiae
3010 3485 3186 3541 omnis
3228 3496 3309 3541 est
3348 3487 3616 3543 irridenda
3644 3488 3756 3542 cal-

2177 3573 2332 3630 vities
2355 3591 2369 3640 ;
2394 3590 2461 3630 ne
2497 3590 2618 3630 cum
2658 3575 2883 3647 quisque
2920 3585 3180 3632 sacratam
3221 3578 3483 3633 ealvitiem
3520 3579 3540 3610 ⁸
3573 3577 3757 3635 irrise~

2176 3665 2265 3733 rit,
2293 3680 2324 3719 a
2362 3665 2640 3721 daemoniis
2664 3666 2969 3736 dissipetur.
3008 3667 3139 3722 Nam
3186 3677 3241 3722 et
3282 3668 3505 3723 Elisaeus
3533 3669 3661 3730 ibat.
3702 3676 3756 3725 et

2178 3756 2433 3811 insensati
2464 3758 2612 3827 pueri
2638 3758 3002 3814 clamaverunt
3044 3768 3164 3829 post
3192 3775 3337 3827 eum,
3369 3759 3520 3815 Calve
3543 3802 3557 3828 ,
3587 3761 3755 3827 calce;

2176 3856 2231 3903 et
2277 3858 2492 3919 propter
2539 3858 2931 3905 sacramentum
2978 3852 3328 3920 implendum,
3369 3866 3662 3907 conversus
3688 3853 3755 3907 ad

2178 3943 2457 3999 Dominum
2491 3944 2751 4013 petivitut
2774 3958 2869 3999 eos
2896 3945 3003 3999 ursi
3023 3944 3091 3999 de
3123 3944 3254 3998 silva
3279 3954 3533 4000 exeuntes
3568 3960 3755 4000 come.

2178 4034 2367 4091 derent
2400 4035 2489 4105 (IV
2518 4034 2646 4105 Reg.
2677 4052 2737 4097 ll,
2762 4033 2854 4100 9'5,
2890 4035 3002 4102 24).
3030 4034 3261 4105 Abrepta
3291 4036 3605 4104 estquidem
3636 4036 3755 4089 illo-

2178 4147 2296 4185 rum
2325 4129 2542 4184 infantia
2572 4130 2622 4182 in
2651 4129 2871 4184 exitium
2899 4129 2921 4160 ³
2941 4129 3062 4183 vita:
3087 4128 3154 4183 de
3181 4128 3279 4183 hoc
3307 4128 3535 4193 saeculo;
3562 4129 3756 4182 mortui

2178 4236 2301 4280 sunt
2329 4226 2501 4296 pueri,
2532 4241 2689 4281 senes
2713 4226 3031 4296 quandoque
3070 4225 3311 4281 morituri
3350 4243 3362 4279 :
3390 4234 3757 4280 verumtamen

2178 4318 2495 4373 sacramenti
2523 4326 2695 4372 terror
2711 4317 2867 4371 datus
2894 4326 2975 4371 est
3002 4316 3326 4372 hominibus.
3361 4316 3583 4370 Elisarus
3612 4316 3754 4369 enim

2178 4424 2462 4479 personam
2483 4408 2756 4479 cujusdam
2790 4417 2917 4463 tunc
2944 4408 3179 4479 gerebat,
3220 4407 3374 4476 cujus
3423 4406 3511 4460 lilii
3551 4420 3753 4467 sumus.

2180 4501 2271 4555 lilii
2299 4501 2454 4564 Core,
2490 4500 2698 4555 Domini
2740 4500 2948 4555 scilicet
2995 4500 3158 4553 nostri
3198 4498 3323 4552 Jesu
3370 4496 3591 4552 Christi.
3638 4495 3755 4551 luta

2177 4593 2409 4647 occurrit
2437 4592 2693 4646 Charitati
2720 4600 2909 4645 vestrm
2934 4606 2997 4644 ex
3031 4590 3334 4658 Evangelio,
3366 4603 3531 4657 quate
3553 4589 3749 4649 calvus,

2176 4685 2392 4754 gerebat
2412 4698 2692 4752 personam
2725 4680 2917 4736 Christi
2944 4697 2957 4745 ;
2988 4680 3337 4734 recordamini
3378 4678 3517 4747 quod
3548 4679 3599 4731 in
3635 4676 3757 4731 Cal-

2180 4776 2337 4830 varire
2386 4776 2503 4830 loco
2530 4773 2815 4829 crucifixus
2865 4782 2948 4828 est
2992 4772 3201 4844 (Matth.
3250 4787 3413 4837 xxvu,
3468 4769 3579 4843 53).
3633 4770 3757 4825 Sive

2179 4881 2305 4935 ergo
2333 4865 2435 4921 hoc
2458 4866 2836 4934 interpretatur
2866 4865 2987 4932 ﬁliis
3024 4863 3169 4928 Core,
3201 4863 3338 4917 sicut
3366 4864 3530 4917 secuti
3557 4861 3712 4931 priori
3733 4877 3757 4915 s

2175 4955 2443 5023 diximus;
2474 4958 2586 5011 sive
2608 4956 2748 5010 aliud
2778 4956 2996 5026 aliquid,
3026 4956 3165 5024 quod
3197 4970 3295 5008 nos
3334 4955 3550 5007 forsitan
3591 4955 3753 5017 latet;

2178 5048 2391 5102 interim
2413 5046 2553 5115 quod
2584 5047 2837 5108 occurrit,
2880 5045 3051 5099 videte
3078 5045 3197 5113 quia
3228 5045 3438 5112 plenum
3466 5054 3548 5097 est
3580 5058 3759 5097 saera-

2175 5150 2377 5195 mento.
2409 5141 2526 5195 Filii
2554 5138 2709 5204 Coro,
2744 5139 2833 5191 filii
2859 5137 3054 5191 Christi
3084 5154 3098 5189 ε
3124 5151 3242 5189 nam
3271 5145 3326 5189 et
3354 5135 3490 5189 ﬁlios
3527 5150 3653 5189 suos
3675 5136 3752 5189 di—

2174 5233 2247 5286 cit
2269 5245 2513 5301 sponsus,
2543 5245 2662 5283 eum
2693 5228 2785 5292 ait,
2815 5226 2931 5280 Non
2957 5234 3161 5296 possunt
3188 5225 3283 5293 lilii
3302 5227 3473 5294 sponsi
3494 5226 3753 5295 jejunum,

2173 5324 2414 5394 quamdiu
2434 5338 2549 5374 cum
2575 5321 2679 5372 illis
2697 5329 2767 5371 est
2784 5334 2998 5388 sponsus
3026 5315 3132 5386 (Id.
3175 5331 3250 5383 ιχ,
3288 5316 3401 5385 l5).
3429 5314 3754 5371 Christiano-

2174 5431 2289 5471 rum
2316 5422 2439 5469 sunt
2459 5427 2583 5482 ergo
2613 5412 2712 5465 ista
2745 5408 3045 5464 toreularia.

2241 5594 2255 5624 ¹
2283 5594 2355 5642 sic
2375 5597 2450 5639 Fr.
2478 5597 2527 5639 et
2549 5596 2657 5638 Mss.
2688 5595 2739 5637 At
2761 5593 2891 5645 Lor,
2918 5584 3163 5648 contingit.

2237 5657 2256 5685 ¹
2281 5661 2386 5701 Mss.
2412 5652 2609 5714 aliquot,
2635 5642 3171 5699 sacratamcalvariam.
3214 5642 3447 5703 Nonnulli,
3471 5654 3737 5692 sacramen-

2172 5715 2446 5825 εωζιιξῖἷξξέὲ
2468 5781 2597 5832 Mss.,
2622 5771 2670 5824 in
2695 5770 2914 5824 eritum:
2940 5776 2991 5820 et
3012 5766 3243 5827 nonnulli,
3267 5765 3317 5816 in
3333 5765 3507 5816 exitus.
