4084 6476
389 319 517 377 1057

451 439 506 493 5.
547 436 604 494 In
633 443 894 511 pressuris
925 451 1100 502 autem
1127 446 1438 515 constituti,
1467 449 1534 506 ad
1583 450 1684 508 hoc
1727 453 1958 510 conteri-

381 543 521 594 mur,
541 539 596 585 ut
610 546 792 589 amore
806 544 1009 602 nostro,
1033 552 1139 607 quo
1149 537 1447 596 ferebamur
1464 541 1516 596 in
1543 542 1642 598 ista
1661 545 1952 613 mundana,

378 619 677 686 smeularia,
709 626 1018 693 temporalia
1036 667 1052 694 ,
1077 628 1216 685 ﬂuxa
1245 637 1402 700 atque
1432 633 1666 702 peritura
1687 675 1701 701 ,
1731 637 1872 706 passi
1901 638 1957 694 in

375 708 476 776 eis,
501 709 554 765 in
580 709 679 767 hac
709 713 835 780 vita,
863 725 1121 774 tormenta
1142 730 1194 775 et
1212 722 1576 780 tribulationes
1589 741 1953 796 pressurarum

374 807 431 853 et
477 800 855 860 abundantiam
913 810 1261 867 tentationum
1289 852 1302 876 ,
1357 813 1671 886 incipiamus
1716 834 1954 889 quagrere

372 886 520 942 illam
546 891 779 960 quietem
817 912 934 966 qua!
964 913 1067 954 non
1095 908 1177 954 est
1203 901 1272 958 de
1298 901 1397 958 hac
1431 905 1556 972 vita,
1594 923 1696 964 nec
1739 909 1805 965 de
1852 911 1951 967 hac

373 987 514 1034 terra
544 999 557 1033 ε
588 993 640 1037 et
663 983 720 1038 fit
750 986 1017 1052 Dominus,
1044 998 1100 1045 ut
1125 993 1377 1063 scriptum
1405 1008 1507 1063 est,
1544 1001 1796 1072 refugium
1817 1019 1949 1073 pau-

370 1071 480 1138 peri
505 1071 675 1140 (Psal.
708 1092 788 1144 ix,
815 1077 922 1148 10).
949 1079 1083 1146 Quid
1122 1091 1204 1136 est
1242 1087 1496 1154 pauperi?
1543 1071 1825 1160 Tanquam
1849 1093 1948 1150 de-

369 1160 575 1229 stituto,
610 1164 725 1220 sine
755 1182 874 1237 ope,
906 1169 1021 1224 sine
1050 1173 1267 1240 auxilio,
1298 1174 1413 1231 sine
1447 1177 1622 1248 aliqua
1649 1195 1707 1235 re
1737 1180 1804 1236 de
1841 1199 1944 1253 qua

371 1249 421 1305 In
451 1261 590 1307 terra
622 1269 927 1324 praesumat.
974 1260 1188 1318 Talibus
1237 1269 1376 1321 enim
1425 1271 1745 1340 pauperibus
1793 1275 1944 1332 adest

368 1339 531 1396 Deus.
561 1343 714 1412 Quia,
746 1346 988 1404 homines
1031 1354 1130 1407 etsi
1168 1355 1439 1412 abundent
1491 1363 1710 1429 pecunia
1751 1363 1803 1419 in
1845 1366 1942 1422 hac

364 1439 530 1500 terra,
577 1437 866 1507 respiciunt
899 1441 1035 1511 quod
1072 1444 1145 1498 ait
1185 1445 1506 1518 Apostolus,
1538 1450 1771 1523 Prwcipe
1809 1457 1942 1512 divi-

362 1524 493 1578 tibus
516 1527 670 1598 hujus
689 1531 864 1584 ntundi
883 1550 981 1586 non
1007 1537 1220 1604 superbe
1253 1555 1450 1608 sapere,
1475 1559 1630 1614 neque
1657 1563 1859 1615 sperare
1883 1549 1938 1603 in

358 1614 552 1670 incerto
600 1618 886 1676 divitiarum
939 1625 980 1696 (1
1009 1623 1138 1680 Tim.
1169 1644 1240 1694 vr,
1267 1628 1354 1701 l7)
1389 1649 1402 1686 :
1436 1640 1490 1686 et
1539 1636 1936 1696 considerantes

359 1719 518 1774 quam
544 1707 614 1762 sit
643 1710 896 1768 incertum
927 1716 1064 1772 unde
1095 1719 1428 1788 gaudebant,
1457 1734 1738 1797 antequam
1784 1745 1936 1786 acce-

355 1794 547 1851 derent
574 1799 639 1853 ad
663 1802 970 1859 servitutem
999 1807 1116 1875 Dei,
1135 1809 1184 1864 id
1211 1821 1312 1878 est,
1345 1824 1626 1886 antequam
1651 1820 1934 1876 introirent

353 1884 406 1940 in
435 1890 740 1958 toreularia,
769 1893 1037 1952 videntex
1078 1897 1208 1968 ipsis
1242 1902 1442 1959 divitiis
1491 1907 1570 1962 vel
1625 1908 1819 1966 habere
1872 1927 1932 1968 se

349 1991 632 2046 pressuras
671 1986 1070 2055 cogitationum,
1119 1995 1389 2061 quomodo
1440 2013 1500 2052 ea
1544 2000 1926 2070 gubernentur,

348 2069 620 2135 quomodo
646 2075 1042 2144 custodiantur;
1071 2081 1152 2135 vel
1180 2083 1226 2137 si
1258 2085 1526 2153 paululum
1560 2089 1930 2150 inclinaverint

348 2161 691 2230 cupiditatem
714 2174 771 2220 ut
798 2183 859 2223 ea
888 2169 1126 2240 diligant,
1155 2174 1273 2243 plus
1297 2191 1388 2231 eos
1410 2179 1616 2250 impleri
1651 2183 1925 2240 timoribus

344 2265 505 2317 quam
531 2251 811 2312 fructibus.
843 2259 978 2326 Quid
1005 2262 1144 2317 enim
1175 2273 1280 2320 tam
1314 2263 1595 2340 incertum,
1637 2289 1793 2343 quam
1836 2291 1925 2332 res

343 2340 636 2397 volubilis?
664 2344 772 2402 Nec
801 2347 1064 2406 immerito
1089 2353 1199 2422 ipsa
1229 2358 1449 2425 pecunia
1491 2361 1714 2417 rotunda
1741 2364 1919 2435 signa-

343 2439 450 2496 tur,
481 2435 603 2504 quia
635 2452 740 2492 non
772 2448 895 2496 stat.
925 2441 1082 2499 Tales
1112 2461 1256 2516 ergo,
1290 2449 1389 2503 etsi
1421 2449 1648 2508 habeant
1683 2455 1880 2527 aliquid
1900 2500 1915 2523 ,

341 2537 603 2592 pauperes
619 2537 759 2583 sunt.
782 2530 879 2598 Qui
909 2548 1036 2588 vero
1056 2535 1186 2590 nihil
1215 2537 1400 2593 horum
1427 2541 1638 2609 habent,
1658 2555 1710 2599 et
1725 2545 1919 2602 habere

335 2615 676 2687 desiderant,
706 2625 842 2680 inter
868 2629 1226 2697 reprobandos
1268 2633 1458 2690 divites
1498 2648 1914 2709 computantur:

327 2724 443 2763 non
473 2713 616 2769 enim
644 2717 866 2772 attendit
895 2719 1032 2774 Deus
1060 2721 1357 2780 facultatem
1387 2767 1402 2792 ,
1440 2728 1534 2783 sed
1560 2722 1913 2791 voluntatem.

329 2800 609 2872 Pauperes
657 2807 818 2876 igitur
861 2809 1096 2866 destituti
1139 2815 1282 2870 omni
1326 2833 1427 2887 ope
1483 2822 1740 2887 saeculari,
1790 2825 1912 2895 quia

332 2893 432 2946 etsi
463 2907 525 2946 ea
555 2895 940 2965 circumﬂuant,
963 2902 1259 2974 intelligunt
1285 2923 1439 2976 quam
1470 2909 1668 2965 incerta
1696 2893 1831 2978 sint;
1860 2923 1914 2970 et

331 2982 746 3053 iugemiscentes
772 2991 836 3045 ad
866 2993 1054 3061 Deum,
1079 2997 1206 3052 nihil
1239 2999 1491 3057 habentes
1525 3005 1579 3058 in
1615 3004 1714 3061 hoc
1744 3023 1912 3063 saecu-

329 3073 384 3128 lo
430 3091 538 3145 quo
589 3077 938 3149 delectentur,
990 3102 1094 3155 quo
1143 3096 1440 3157 teneantur,
1489 3093 1542 3148 in
1589 3096 1907 3157 abundantia

325 3179 696 3234 pressat-arum
741 3182 793 3227 et
823 3176 1167 3232 tentationum
1201 3188 1446 3252 tanquam
1478 3185 1527 3239 in
1559 3188 1906 3246 torcularibus

324 3260 621 3327 constituti,
653 3261 892 3320 defluunt
916 3268 1119 3331 vinum,
1143 3270 1381 3328 defluunt
1402 3276 1598 3330 oleum.
1629 3278 1757 3346 Qua:
1783 3291 1905 3337 sunt

323 3346 443 3411 ista,
466 3350 566 3405 nisi
599 3351 736 3407 bona
765 3353 1061 3412 desideria?
1087 3360 1269 3416 Restat
1297 3365 1436 3418 enim
1470 3367 1571 3422 illis
1599 3368 1904 3426 desideran-

321 3437 422 3494 dus
451 3442 747 3514 Deus;jam
779 3463 881 3502 non
918 3461 1096 3506 amant
1124 3463 1338 3510 terram.
1387 3458 1582 3514 Amant
1627 3464 1766 3518 enim
1810 3467 1900 3536 qui

319 3527 446 3583 fecit
475 3532 670 3587 caelum
699 3545 754 3590 et
783 3545 976 3594 terram
1007 3557 1020 3593 :
1049 3551 1247 3609 amant,
1281 3554 1336 3600 et
1377 3551 1608 3604 nondum
1659 3567 1778 3608 eum
1834 3571 1898 3610 eo

315 3629 463 3673 sunt.
497 3621 828 3680 Desideriutn
854 3643 1035 3684 eorum
1061 3631 1319 3698 differtur,
1343 3647 1401 3691 ut
1424 3651 1660 3708 crescat;
1680 3645 1893 3712 crescit,

317 3717 374 3763 ut
415 3713 609 3781 capiat.
639 3715 752 3771 Non
795 3719 934 3774 enim
983 3737 1201 3791 parvum
1248 3727 1265 3757 ί
1311 3729 1507 3799 aliquid
1550 3732 1767 3790 daturus
1814 3746 1894 3793 est

315 3800 458 3857 Deus
481 3804 841 3877 desideranti,
870 3822 960 3868 aut
984 3831 1164 3884 parum
1194 3824 1521 3880 exercendus
1550 3837 1630 3882 est
1660 3830 1723 3885 ad
1745 3847 1893 3902 capa-

310 3892 527 3950 citatem
556 3900 683 3952 tanti
709 3901 836 3957 boni
869 3922 881 3957 :
915 3921 1020 3961 non
1047 3909 1244 3979 aliquid
1280 3913 1415 3969 Deus
1435 3918 1574 3986 quod
1601 3921 1720 3975 fecit
1740 3892 1893 3978 duiu-

314 3997 406 4037 rus
436 3994 541 4052 est,
574 3989 668 4042 sed
695 3992 926 4060 seipsum
957 3997 1044 4065 qui
1079 3997 1201 4053 fecit
1238 4003 1432 4057 omnia.
1468 4006 1545 4059 Ad
1572 4010 1887 4078 capiendum

312 4071 479 4128 Deum
509 4091 786 4147 exercere;
827 4084 967 4154 quod
997 4102 1210 4157 semper
1248 4089 1523 4151 habiturus
1552 4113 1611 4154 es
1636 4071 1723 4156 diu
1751 4104 1890 4160 desi-

310 4162 456 4218 dera.
490 4167 774 4238 Reprobati
802 4183 924 4229 sunt
964 4177 1016 4230 in
1046 4181 1240 4248 pepulo
1264 4182 1451 4250 Israel,
1485 4191 1572 4259 qui
1605 4192 1887 4254 festinave-

308 4262 430 4308 runt
459 4273 472 4309 :
497 4258 710 4316 assidue
739 4262 958 4321 affectus
988 4269 1085 4325 iste
1107 4258 1511 4342 reprehenditur
1533 4280 1581 4334 in
1615 4283 1883 4356 Scriptura

308 4341 692 4407 festinantium.
723 4354 822 4422 Qui
854 4368 976 4413 sunt
1015 4341 1282 4434 enimiqui
1316 4367 1598 4427 festinant?
1626 4341 1880 4444 Qui.con-

305 4438 445 4491 versi
473 4441 540 4493 ad
593 4442 778 4511 Deum,
828 4463 948 4505 cum
997 4451 1083 4508 hic
1132 4471 1235 4511 non
1295 4455 1590 4520 invenerint
1641 4472 1880 4540 requiem

301 4539 460 4594 quam
514 4533 856 4605 quarrebant,
905 4549 957 4596 et
1000 4545 1186 4613 gaudia
1236 4565 1354 4628 quae
1415 4533 1874 4633 promittebantur,

303 4622 551 4687 tanquam
575 4624 632 4677 in
664 4625 853 4683 itinere
878 4631 1216 4705 deficientes,
1248 4650 1300 4695 et
1325 4622 1544 4714 longum
1576 4650 1674 4706 sibi
1719 4622 1876 4724 quid:

1207 4704 1211 4705 ν
1421 4704 1449 4714 ν
1639 4704 1672 4706 .-
1724 4704 1842 4724 Γ--

298 4704 422 4761 dam
448 4750 463 4776 ,
489 4709 664 4769 donec
689 4716 788 4772 hoc
817 4724 1069 4778 sacculum
1099 4729 1180 4783 vel
1207 4729 1318 4786 hanc
1348 4734 1452 4788 vita
1484 4737 1751 4810 liniantur,
1785 4760 1875 4800 re-

297 4808 442 4856 stare
464 4803 802 4874 arbitrantes,
831 4822 1200 4884 etqumrcntes
1232 4820 1316 4876 hic
1347 4825 1570 4896 aliquam
1602 4835 1834 4903 requiem
1855 4877 1871 4902 ,

297 4905 415 4959 qua:
435 4893 478 4946 si
501 4892 746 4966 habetur,
772 4901 900 4958 falsa
924 4915 1024 4971 est,
1044 4911 1334 4979 respiciunt
1359 4892 1520 4984 retro,
1544 4932 1596 4975 et
1621 4892 1872 4984 decidunt

294 4995 322 5033 a
355 4988 667 5054 proposito;
709 5007 807 5047 nec
832 4997 1112 5054 attendunt
1137 5015 1258 5056 cum
1302 5017 1500 5074 quanto
1545 5019 1749 5071 terrore
1789 5018 1871 5074 di-

293 5080 437 5126 ctum
476 5084 580 5142 est,
628 5079 932 5139 Mementote
971 5091 1145 5144 uxoris
1168 5091 1264 5146 Lot
1294 5095 1443 5163 (Luc.
1477 5114 1604 5168 xvu,
1629 5104 1737 5171 52).
1768 5107 1866 5163 Ut-

292 5163 417 5230 quid
463 5167 604 5222 enim
652 5179 825 5227 statua
869 5176 994 5231 salis
1039 5181 1227 5236 effecta
1257 5195 1337 5238 est
1368 5186 1518 5254 (Gen.
1546 5163 1654 5258 xix,
1677 5163 1793 5264 Q6),
1821 5199 1864 5254 si

289 5265 393 5306 non
443 5253 686 5314 homines
731 5264 949 5332 condit,
1005 5277 1061 5322 ut
1094 5273 1333 5340 sapiant?
1378 5277 1519 5348 Ergo
1563 5287 1862 5354 exemplum

286 5341 428 5398 illius
450 5348 669 5416 malum,
696 5353 787 5408 tibi
817 5354 874 5409 fit
898 5356 1117 5426 bonum,
1153 5364 1196 5415 si
1249 5341 1479 5422 caveris:
1521 5341 1859 5446 Mementote,

287 5431 478 5503 inquit,
505 5439 688 5496 uxoris
716 5442 814 5498 Lot
845 5461 860 5498 :
891 5451 1125 5518 respexit
1151 5454 1293 5508 enim
1314 5465 1479 5524 retro,
1509 5464 1648 5519 unde
1669 5465 1860 5524 libera-

284 5528 334 5574 ta
372 5536 490 5580 erat
532 5543 561 5582 a
611 5529 959 5602 Sodomis,.et
1001 5540 1071 5594 ibi
1104 5547 1375 5613 remansit,
1407 5551 1550 5607 unde
1577 5561 1853 5627 respexit;

283 5609 396 5681 ipsa
426 5616 477 5670 in
506 5617 624 5674 loco
659 5638 928 5694 mansura,
955 5637 1010 5684 et
1039 5640 1370 5694 transeuntes
1395 5641 1526 5698 alios
1553 5647 1850 5706 conditura.

349 5723 366 5754 ¹
392 5727 465 5775 sic
492 5733 676 5794 Remig.
703 5741 784 5784 Ms.
807 5737 892 5788 Alii
916 5737 1043 5800 libri,
1077 5754 1264 5804 parum.

1436 316 1831 391 sumente
1864 335 1928 392 IN
1967 336 2282 402 PS.\LMUll
2321 348 2598 412 LXXXIII.

3493 393 3517 447 1
3527 393 3633 454 058

2065 454 2294 559 Liberati
2334 480 2462 539 ergo
2499 487 2529 528 a
2570 473 2816 538 Sodomis
2844 490 3126 556 praeterita:
3149 496 3289 565 vitae,
3317 517 3421 560 non
3468 512 3630 580 respi-

2844 547 2859 556 _
3112 547 3116 548 ν
3163 547 3289 565 πη,
3317 547 3421 560 ..-η
3468 547 3554 565 ,νο
3577 547 3628 568 ..-

2061 547 2263 608 ciamus
2285 566 2428 614 retro
2455 579 2469 615 :
2499 577 2618 620 nam
2647 567 2747 626 hoc
2783 573 3030 636 festinare
3055 592 3137 640 est
3155 627 3170 649 ,
3200 603 3307 646 non
3352 547 3628 658 attende're

2058 639 2204 754 (11ιέ(ξῖ
2249 649 2491 712 promisit
2537 654 2699 726 Deus,
2742 663 2864 732 quia
2907 666 3064 742 longe
3104 683 3205 742 est,
3251 689 3306 734 et
3358 688 3627 754 respicere

2758 725 2773 732 ,
2949 727 2952 730 .
2995 725 3058 742 v,
3112 725 3205 742 ν--.
3254 725 3306 734 --
3358 725 3441 739 ησ
3482 725 3622 748 ,ιυιυ

2057 725 2124 782 ad
2154 729 2206 785 id
2242 736 2381 801 quod
2414 743 2710 808 proximum
2739 761 2841 821 est,
2889 759 3030 815 unde
3078 763 3189 832 jam
3239 725 3492 830 liberattis
3543 795 3622 834 es.

2058 817 2132 874 De
2169 822 2358 924 talibus
2386 831 2527 935 quid.
2551 834 2679 935 dicit
2702 817 2973 911 apostolus
2998 817 3496 935 Peirus?_d'oniiri;ii

2053 923 2130 961 res
2156 913 2258 965 veri
2280 920 2527 984 proverbii
2551 939 2571 977 :
2600 924 2749 983 Canis
2775 948 3042 994 conversus
3071 943 3087 974 ¹
3113 946 3183 998 ad
3205 963 3352 1003 suum
3379 955 3618 1012 vomitum

2053 995 2119 1066 (ll
2151 998 2289 1056 Petr.
2321 1020 2376 1070 n,
2407 1007 2520 1080 22).
2565 1013 2840 1075 Premebat
2879 1027 3020 1083 enim
3069 1044 3254 1100 pectus
3294 1044 3620 1103 conscientia

2050 1100 2426 1163 peccatorum;
2464 1113 2681 1174 accepta
2718 1109 3038 1184 indulgentia
3064 1126 3211 1192 quasi
3257 1133 3526 1201 vomuisti,
3565 1146 3619 1194 et

2051 1177 2276 1201 ...,.1,.----η
2323 1200 2326 1201 ν
2425 1197 2433 1201 Α

2868 1177 2892 1184 _
3081 1177 3094 1192 ,
3176 1177 3210 1180 -_
3266 1177 3526 1201 ---.-.......,
3566 1177 3616 1194 υ.

2050 1177 2336 1238 relevatum
2358 1197 2440 1243 est
2467 1203 2650 1260 pectus
2685 1205 2858 1269 tuum;
2890 1205 3026 1264 facta
3055 1221 3135 1268 est
3163 1215 3300 1273 bona
3339 1227 3616 1283 conscienv

2049 1268 2116 1322 tia
2145 1285 2206 1325 ex
2235 1275 2369 1331 mala
2398 1283 2725 1342 conscientia
2755 1306 2770 1342 :
2806 1295 2932 1363 quid
2963 1313 3150 1358 rursus
3175 1315 3502 1371 converteris
3545 1317 3612 1373 ad

2046 1361 2296 1418 vomitum
2329 1372 2514 1426 tuum?
2542 1373 2767 1436 Sicanis
2812 1361 2912 1440 hoc
2965 1387 3166 1450 faciens
3208 1396 3394 1458 horret
3441 1408 3611 1464 oculis

2045 1449 2167 1513 tuis,
2195 1460 2246 1506 tu
2278 1457 2403 1524 quid
2434 1462 2540 1518 eris
2565 1468 2734 1524 oculis
2761 1472 2891 1530 Dei?

2114 1543 2168 1598 4.
2220 1545 2593 1625 Unusquisque
2646 1573 2863 1632 autem,
2920 1568 3112 1630 fratres
3157 1577 3488 1654 charissimi,
3541 1590 3609 1646 de

2849 1631 2854 1632 ί
3167 1631 3488 1654 πρυ----πη
3541 1631 3600 1646 ..ι

2039 1631 2155 1688 loco
2201 1637 2405 1697 itineris
2456 1647 2572 1712 sui,
2620 1652 2685 1705 ad
2737 1670 2892 1724 quem
2949 1664 3276 1730 proficiendo
3326 1680 3600 1746 pervenit,

2037 1733 2091 1778 et
2115 1742 2273 1796 quem
2301 1736 2445 1790 vovit
2473 1737 2583 1794 Deo
2607 1782 2622 1806 ,
2673 1744 2796 1802 inde
2824 1755 3038 1821 respicit
3063 1769 3210 1816 retro
3229 1804 3243 1828 ,
3273 1779 3392 1822 cum
3436 1771 3605 1842 ipsum

2039 1816 2293 1842 ,Ιζωεμηιμὲι
2345 1825 2386 1842 ἰν
2453 1829 2464 1842 ι
2491 1830 2500 1840 ι
2647 1834 2657 1842 .

2036 1816 2316 1877 dimiserit.
2345 1825 2501 1883 Verbi
2527 1834 2716 1904 gratia,
2746 1816 2932 1897 statuit
2948 1816 3244 1908 castitatem
3273 1816 3603 1931 conjugialem
3640 1853 3646 1857 λ

2033 1923 2247 1970 servare
2289 1914 2443 1989 (inde
2481 1924 2621 1979 enim
2652 1926 2834 1999 incipit
2865 1934 3360 2009 justitia);recessit
3385 1914 3602 2010 aforni-

2031 2001 2328 2060 cationibus
2370 2018 2424 2065 et
2453 2012 2518 2068 ab
2553 2015 2636 2068 illa
2681 2001 2878 2077 uncus
2903 2001 3233 2089 immunditia
3261 2053 3274 2090 ε
3303 2043 3514 2109 quando
3541 2062 3602 2102 se

2028 2090 2095 2144 ad
2123 2091 2500 2157 fornicationes
2522 2113 2874 2178 converterit,
2906 2127 3049 2173 retro
3073 2126 3326 2193 respexit.
3358 2131 3506 2188 Alius
3531 2151 3598 2191 ex

2030 2197 2246 2239 munere
2276 2187 2364 2243 Dei
2397 2193 2564 2262 majus
2592 2199 2788 2270 aliquid
2828 2208 3006 2272 vovit,
3051 2216 3232 2272 statuit
3261 2235 3358 2276 nec
3389 2227 3597 2294 nUptias

3311 2272 3354 2276 ,_
3389 2272 3596 2294 ηρ.--

2027 2272 2170 2338 pati;
2204 2277 2290 2345 qui
2321 2295 2424 2334 non
2451 2283 2828 2359 damnaretur,
2865 2297 2909 2349 si
2936 2298 3171 2359 duxisset
3195 2322 3410 2366 uxorem
3431 2355 3445 2378 ,
3479 2326 3596 2384 post

2026 2370 2200 2417 votum
2245 2369 2385 2434 quod
2429 2370 2537 2426 Deo
2579 2380 2820 2444 promisit
2856 2384 2900 2438 si
2929 2385 3170 2457 duxerit,
3219 2369 3592 2460 damnabitlur:

2022 2467 2142 2507 cum
2177 2454 2276 2512 hoc
2307 2458 2461 2516 faciat
2488 2468 2628 2535 quod
2656 2469 2744 2526 ille
2776 2475 2865 2543 qui
2896 2493 3001 2533 non
3031 2487 3376 2558 promiserat;
3415 2503 3590 2553 tamen

2021 2541 2108 2597 ille
2141 2560 2244 2600 non
2277 2548 2589 2621 damnatur,
2636 2559 2735 2616 iste
2763 2563 3063 2624 damnatur.
3109 2573 3317 2644 Quare,
3346 2582 3445 2638 nisi
3470 2587 3589 2655 quia

2019 2630 2118 2687 iste
2147 2643 2380 2706 respexit
2408 2645 2593 2700 retro?
2634 2647 2752 2706 Jam
2781 2655 2920 2710 enim
2960 2671 3082 2716 ante
3109 2675 3223 2720 erat
3242 2709 3256 2733 ,
3287 2669 3387 2727 iste
3410 2630 3588 2732 auiem

2018 2724 2143 2783 illuc
2175 2731 2408 2787 nondum
2435 2752 2770 2807 pervenerat.
2817 2747 2905 2803 Sic
2932 2751 3095 2823 virgo,
3125 2772 3243 2826 qua:
3268 2762 3312 2814 si
3342 2766 3584 2835 nuberet,

2015 2832 2120 2871 non
2145 2835 2387 2889 peccaret
2408 2825 2450 2897 (Ι
2474 2827 2590 2883 Cor.
2618 2848 2708 2899 vn,
2737 2834 2851 2908 28),
2883 2825 3294 2906 sanctimonialis
3320 2854 3365 2908 si
3394 2871 3586 2926 nupse-

2014 2909 2101 2972 rit,
2129 2909 2323 2969 Christi
2345 2917 2582 2975 adultera
2610 2923 2963 2994 deputabitur.
2997 2933 3248 3006 Respexit
3275 2944 3414 2998 enim
3441 2909 3584 3005 retro

2012 2998 2078 3054 de
2117 3001 2233 3057 loco
2275 3020 2380 3074 quo
2420 3023 2737 3070 accesserat.
2781 3017 2872 3075 Sic
2913 2998 3121 3092 quibus-
3141 3029 3352 3100 placet,
3401 3037 3582 3095 relicta

2010 3093 2152 3146 omni
2179 3109 2274 3164 spe
2302 3101 2540 3157 sreculari
2563 3113 2616 3159 et
2640 3109 2784 3163 omni
2819 3113 3027 3170 actione
3057 3126 3263 3176 terrena
3293 3164 3308 3191 ,
3339 3128 3582 3188 conferre

2007 3197 2065 3237 se
2092 3185 2143 3239 in
2172 3188 2476 3248 societatem
2512 3207 2846 3269 sanctorum,
2879 3204 2930 3260 in
2968 3222 3302 3269 communem
3330 3217 3469 3274 illam
3499 3222 3578 3276 vi-

2009 3284 2112 3330 tam
2146 3280 2232 3333 ubi
2259 3295 2363 3336 non
2394 3283 2522 3339 dicit
2549 3287 2737 3358 aliquis
2762 3292 2956 3364 aliquid
2988 3303 3257 3370 proprium
3280 3347 3294 3370 ,
3322 3308 3418 3363 sed
3451 3320 3577 3368 sunt

2007 3365 2107 3419 illis
2138 3370 2313 3422 omnia
2354 3378 2687 3444 communia,
2735 3390 2788 3436 et
2827 3393 2910 3439 est
2945 3386 3048 3443 illis
3085 3392 3260 3448 anima
3285 3411 3383 3450 una
3409 3408 3462 3454 et
3481 3414 3577 3456 cor

2005 3471 2165 3511 unum
2199 3461 2246 3513 iu
2285 3463 2446 3518 Deum
2480 3466 2613 3536 (Act.
2638 3487 2725 3537 1v,
2757 3469 2882 3546 32)‘;
2915 3479 3152 3550 quisquis
3176 3484 3298 3542 inde
3324 3491 3576 3549 recedere

2002 3548 2254 3614 voluerit,
2298 3568 2399 3606 non
2431 3557 2552 3612 talis
2581 3559 2802 3617 habetur
2830 3569 2999 3635 qualis
3041 3572 3128 3627 ille
3156 3576 3244 3644 qui
3265 3594 3370 3634 non
3402 3581 3572 3638 intra-

2001 3641 2075 3695 vit
2103 3660 2116 3697 :
2151 3644 2241 3699 ille
2280 3647 2419 3702 enim
2467 3651 2701 3708 nondum
2729 3661 2988 3727 accessit;
3017 3662 3117 3718 iste
3146 3679 3290 3724 retro
3318 3677 3568 3743 reSpexit.

1998 3729 2364 3805 Quapmpter,
2418 3741 2753 3813 charissimi,
2803 3753 3068 3818 quomodo
3114 3759 3335 3830 quisque
3376 3729 3568 3837 potest,

2000 3835 2219 3894 vovcte,
2267 3836 2319 3887 et,
2364 3830 2564 3894 reddite
2603 3837 2827 3900 Domino
2855 3839 2965 3895 Deo
3005 3854 3180 3901 vestro
3209 3830 3566 3925 (PsalSLx-xv,

1997 3913 2088 3986 12)
2141 3923 2278 3989 quod
2331 3927 2550 3998 quisque
2595 3937 2860 4002 potuerit;
2913 3956 3070 3995 nemo
3113 3913 3258 3999 retro
3297 3913 3563 4016 respiciat;

1995 4023 2152 4074 nemo
2196 4013 2430 4081 pristinis
2467 4022 2576 4075 suis
2614 4023 2940 4098 delectetur,
2990 4049 3149 4089 nemo
3191 4043 3463 4097 avertatur
3495 4039 3563 4101 ab

1993 4112 2057 4152 eo
2084 4102 2220 4170 quod
2242 4115 2365 4161 ante
2392 4117 2489 4174 est,
2524 4111 2589 4166 ad
2618 4113 2668 4168 id
2697 4118 2838 4184 quod
2870 4131 3013 4176 retro
3039 4133 3118 4178 est
3146 4144 3159 4180 :
3187 4140 3364 4186 currat
3389 4133 3561 4191 donec

1990 4195 2260 4260 perveniat
2281 4213 2295 4262 ;
2328 4214 2431 4254 non
2461 4203 2600 4257 enim
2620 4207 2859 4275 pedibus,
2879 4213 2970 4267 sed
2988 4215 3253 4276 desiderio
3272 4227 3556 4284 currimus.

1987 4281 2174 4341 Nullus
2216 4299 2391 4345 autem
2423 4292 2473 4347 in
2521 4295 2619 4351 hac
2657 4300 2759 4354 vita
2791 4308 3097 4372 pervenisse
3125 4325 3183 4366 se
3223 4314 3382 4372 dicat.
3427 4320 3559 4386 Quis

1987 4376 2126 4430 enim
2159 4389 2331 4448 potest
2363 4392 2465 4439 tam
2496 4387 2761 4456 perfectus
2788 4408 2907 4452 esse
2932 4413 3090 4467 quam
3121 4402 3362 4463 Paulus?
3390 4413 3454 4466 Et
3481 4415 3554 4470 ait

1987 4473 2160 4522 tamen
2185 4510 2199 4536 ,
2254 4488 2272 4520 ε
2309 4471 2557 4543 Fratres,
2599 4493 2698 4549 ego
2733 4498 2818 4538 me
2855 4501 2960 4540 non
3001 4490 3229 4550 arbitror
3259 4503 3554 4568 apprehen-

1984 4555 2126 4611 disse
2155 4576 2166 4610 :
2198 4575 2359 4615 unum
2406 4573 2599 4632 autem,
2648 4585 2765 4639 qua:
2804 4584 2946 4631 retro
2979 4580 3175 4637 oblitus
3197 4625 3212 4651 ,
3261 4587 3314 4642 in
3343 4605 3403 4644 ea
3435 4611 3552 4664 qua:

1983 4661 2104 4704 ante
2130 4661 2255 4706 sunt
2297 4665 2570 4726 extentus,
2619 4665 2908 4720 secundum
2960 4671 3306 4734 intentionem
3354 4661 3551 4754 sequor

1979 4736 2043 4791 ad
2089 4740 2314 4808 palmam
2355 4759 2596 4814 superna:
2624 4754 2912 4810 vocationis
2935 4759 3024 4813 Dei
3049 4761 3099 4816 in
3134 4763 3344 4824 Christo
3368 4772 3491 4828 Jesu
3523 4797 3542 4830 ι

1980 4827 2234 4902 (Philipp.
2266 4849 2342 4902 ιη,
2374 4837 2627 4912 15ρι14).
2660 4843 2817 4899 Vides
2845 4847 3060 4907 Paulum
3097 4855 3272 4914 adhue
3307 4827 3544 4934 currere,

1977 4931 2031 4977 et
2053 4931 2102 4977 te
2126 4923 2234 4992 jam
2255 4927 2522 4982 existimas
2549 4935 2896 5000 pervenisse?

2047 5015 2098 5069 5.
2133 5013 2279 5088 [vers.
2311 5017 2390 5092 2.]
2421 5019 2476 5074 Si
2502 5037 2628 5093 ergo
2656 5013 2819 5082 sentis
2855 5044 3126 5098 pressuras
3157 5036 3311 5109 hujus
3339 5046 3541 5113 mundi,

1968 5105 2131 5160 etiam
2170 5121 2290 5161 cum
2332 5109 2452 5164 felix
2484 5127 2576 5179 es,
2623 5115 2929 5175 intellexisti
2960 5130 3010 5176 te
3038 5139 3157 5182 esse
3189 5129 3238 5182 in
3269 5135 3536 5191 torculari.

1971 5196 2174 5254 Putatis
2203 5200 2344 5255 enim
2373 5243 2388 5268 ,
2418 5202 2606 5260 fratres
2644 5209 2778 5277 mei,
2823 5211 3184 5274 infelicitatem
3212 5225 3388 5280 surculi
3424 5245 3540 5284 me-

1974 5289 2220 5343 tuendam
2248 5306 2366 5347 esse
2391 5334 2404 5358 ,
2453 5303 2506 5348 et
2550 5295 2851 5357 felicitatem
2883 5321 2988 5359 non
3019 5321 3135 5364 esse
3166 5318 3541 5376 metuendam?

1971 5376 2083 5434 lmo
2105 5396 2229 5436 vero
2255 5383 2394 5437 nulla
2423 5384 2703 5444 infelicitas
2737 5390 2945 5462 frangit,
2968 5412 3124 5466 quem
3157 5401 3377 5459 felicitas
3399 5412 3539 5468 nulla

1969 5472 2284 5540 corrumpit.
2336 5473 2612 5541 Quomodo
2651 5494 2792 5549 ergo,
2814 5473 3047 5539 cavenda
3093 5497 3144 5542 et
3189 5493 3419 5550 timenda
3459 5511 3534 5557 est

1964 5561 2078 5632 ipsa
2108 5566 2409 5634 corruptrix
2434 5607 2450 5633 ,
2499 5583 2568 5625 ne
2595 5577 2645 5626 te
2687 5570 3007 5629 blandiendo
3049 5579 3305 5638 seducat?
3348 5587 3423 5644 Ne
3451 5591 3534 5646 in-

1963 5655 2181 5711 cumbas
2207 5657 2258 5711 in
2290 5657 2530 5714 baculum
2571 5662 2870 5728 arundinis;
2917 5682 3034 5724 nam
3067 5679 3118 5728 ct
3150 5673 3248 5732 hoc
3279 5681 3530 5750 scriptum

2035 5768 2048 5797 ί
2073 5766 2206 5831 add,
2233 5780 2464 5821 ret-orsus.
2494 5779 2544 5821 .tt
2573 5778 2699 5833 δεμ,
2727 5786 2992 5831 conversus.
