4048 6472
556 340 693 398 1063

553 451 605 507 Si
635 447 851 505 deficies
877 446 945 505 ab
969 460 1181 513 amore,
1205 445 1423 502 deficies
1446 458 1475 498 a
1502 442 1658 498 laude
1682 460 1694 496 :
1717 443 1764 498 si
1787 452 1960 499 autem
1988 458 2139 496 amor

555 542 912 613 sempiternus
953 541 1089 605 erit,
1143 541 1265 611 quia
1313 538 1400 592 illa
1446 536 1759 591 insatiabilis
1803 536 2140 606 pulchritudo

556 630 688 694 erit;
718 628 825 685 noli
846 629 1033 682 timere
1058 644 1124 683 ne
1143 644 1246 682 non
1265 626 1438 696 possis
1465 640 1676 696 semper
1703 626 1918 681 laudare
1936 668 1953 695 ,
1981 643 2139 697 quem

555 737 768 792 semper
792 720 989 790 poteris
1010 734 1210 773 amare.
1241 719 1377 788 Ergo
1401 759 1415 782 ,
1445 715 1591 770 Beati
1613 716 1699 787 qui
1722 717 1950 771 habitant
1970 718 2021 772 in
2049 718 2141 772 do-

554 829 637 866 mo
664 822 749 865 tua
766 829 786 878 ;
814 812 869 865 in
893 811 1079 865 saecula
1108 807 1409 865 stcculorum
1450 808 1729 863 laudabunt
1756 817 1823 863 te.
1864 808 1996 865 lluic
2020 810 2142 865 vitae

556 902 906 971 suspiremus.

633 993 686 1047 9.
729 992 876 1065 [vers
904 992 956 1056 6,
990 990 1078 1064 7.]
1099 990 1203 1047 Sed
1232 989 1499 1061 quomodo
1528 989 1653 1044 illuc
1676 990 1986 1045 veniemus?
2012 989 2144 1044 Bea-

560 1094 639 1137 tus
666 1084 740 1137 vir
776 1083 924 1154 cujus
953 1091 1024 1136 est
1050 1082 1294 1151 susceptio
1323 1083 1430 1149 ejus
1451 1081 1538 1134 abs
1557 1089 1636 1145 te,
1670 1080 1904 1135 Domine.
1936 1081 2144 1135 Intelle—

561 1174 641 1228 xit
665 1173 753 1227 ubi
774 1181 935 1239 esset,
965 1174 1084 1243 quia
1107 1188 1201 1242 per
1221 1171 1553 1242 fragilitatem
1580 1174 1757 1227 carnis
1777 1187 1886 1225 sua:
1907 1172 1974 1225 atl
2000 1172 2141 1226 illam

560 1264 941 1321 beatitudinem
964 1264 1141 1319 volare
1166 1278 1266 1317 non
1287 1272 1463 1332 posset
1480 1280 1492 1316 :
1509 1264 1883 1333 circumspexit
1908 1264 2140 1335 pondera

559 1374 685 1425 sua;
718 1359 839 1430 quia
864 1358 1055 1414 dicitur
1078 1359 1181 1413 alio
1210 1358 1323 1413 loco
1342 1398 1359 1423 ,
1390 1356 1585 1426 Corpus
1606 1357 1735 1410 enim
1760 1358 1894 1427 quod
1917 1374 2142 1411 corrum-

560 1453 717 1522 pitur,
746 1452 1255 1521 aggravatanintam;
1282 1458 1327 1503 et
1358 1449 1591 1518 deprimit
1615 1459 1808 1503 terrena
1846 1448 2143 1504 inltabitatio

560 1558 761 1597 sensum
782 1541 940 1593 multa
967 1541 1264 1611 cogitantem
1284 1536 1303 1613 (
1321 1538 1452 1608 Sap.
1485 1555 1539 1593 Ix
1562 1582 1577 1606 ,
1612 1538 1733 1612 l5).
1762 1538 1991 1610 Spiritus
2018 1554 2141 1594 sur-

560 1648 679 1689 sum
724 1640 908 1700 vocat,
960 1630 1167 1702 pondus
1217 1630 1394 1685 carnis
1433 1630 1680 1685 deorsum
1722 1638 1975 1685 revocat:
2006 1630 2145 1687 inter

562 1726 697 1779 duos
717 1733 936 1779 conatus
956 1723 1321 1793 suspensionis
1336 1731 1391 1778 et
1413 1723 1661 1791 ponderis
1686 1724 1989 1779 colluctatio
2010 1740 2144 1794 qiua-

562 1816 684 1871 dam
714 1826 822 1882 est;
872 1825 927 1870 et
971 1815 1082 1884 ipsa
1121 1804 1423 1868 colluctatio
1452 1813 1518 1868 ad
1562 1829 1864 1885 pressuram
1911 1816 2144 1885 pertinet

563 1907 861 1962 torcularis.
895 1904 1030 1960 Audi
1062 1905 1230 1975 ipsam
1256 1905 1453 1959 luctam
1504 1904 1571 1959 de
1616 1904 1862 1959 torculari
1903 1905 1970 1959 ab
1998 1906 2143 1976 Apo-

559 2000 699 2058 SiOlO
742 2013 1084 2068 expressam;
1118 1999 1242 2070 quia
1269 2007 1322 2051 et
1354 1998 1465 2066 ipse
1509 1995 1581 2050 ibi
1611 1997 2019 2059 eonterebatur,
2072 1997 2141 2051 ibi

561 2090 937 2160 premebatur:
972 2106 991 2142 t
1018 2088 1391 2155 Condelector,
1432 2106 1451 2140 ι
1491 2088 1685 2157 inquit,
1723 2107 1741 2139 ι
1771 2088 1871 2157 legi
1913 2088 2009 2141 Dei
2058 2101 2142 2142 se-

559 2179 789 2236 cundum
819 2180 1122 2235 interiorem
1151 2180 1422 2233 hominem
1446 2196 1461 2232 :
1488 2178 1642 2234 video
1667 2187 1843 2233 autem
1870 2178 2028 2233 aliam
2062 2178 2139 2233 leo

558 2288 677 2343 gem
701 2273 751 2327 in
773 2273 1024 2327 membris
1054 2274 1208 2339 meis,
1238 2278 1615 2342 repugnantem
1637 2269 1739 2339 legi
1766 2270 1961 2325 mentis
1987 2286 2139 2338 mea),

558 2373 611 2420 et
640 2365 902 2433 captivum
944 2378 1028 2418 me
1062 2362 1343 2418 ducentem
1375 2364 1427 2417 in
1458 2363 1571 2433 lege
1619 2363 1859 2433 peccati,
1900 2378 2018 2432 quae
2060 2372 2142 2416 est

562 2455 615 2509 in
645 2453 898 2509 membris
925 2454 1077 2508 meis.
1106 2473 1124 2506 ι
1158 2454 1342 2524 Magna
1372 2454 1512 2507 lucta
1532 2496 1547 2519 ,
1577 2462 1629 2507 et
1668 2453 1922 2508 evadendi
1952 2468 2139 2523 magna

560 2548 900 2617 desperatio,
945 2547 1043 2601 nisi
1086 2546 1405 2600 subveniat‘
1432 2545 1499 2599 de
1540 2548 1883 2614 consequenti
1914 2544 2143 2614 :Infelia:

561 2653 652 2707 ego
678 2638 826 2690 homo
849 2679 863 2703 ,
899 2638 1011 2705 quis
1035 2652 1113 2688 me
1137 2636 1363 2688 liberabit
1388 2634 1451 2689 de
1483 2651 1692 2705 corpore
1730 2634 1904 2689 mortis
1946 2635 2096 2706 hujus
2116 2635 2142 2688 ?

564 2728 743 2782 Gratia
794 2727 885 2781 Dei
939 2744 1027 2797 per
1072 2725 1250 2782 Iesum
1294 2724 1549 2783 Christum
1597 2724 1871 2780 Dominum
1917 2736 2142 2780 nostrum

561 2818 753 2891 (Rom.
787 2835 894 2886 vn,
921 2815 1143 2888 22-25).
1178 2817 1316 2887 Ergo
1344 2825 1398 2871 et
1426 2818 1510 2873 hic
1552 2817 1603 2871 in
1641 2818 1848 2888 psalmo
1882 2818 1983 2871 isto
2014 2817 2141 2872 vidit

560 2913 649 2968 illa
694 2912 917 2982 gaudia,
969 2909 1218 2980 cogitavit
1251 2909 1428 2963 animo
1471 2928 1483 2964 :
1519 2908 1660 2963 Beati
1696 2910 1781 2979 qui
1820 2909 2045 2963 habitant
2087 2910 2140 2963 in

563 3005 714 3059 domo
752 3014 837 3057 tua
863 3046 875 3066 ,
920 3002 1170 3067 Domine;
1210 3003 1260 3056 in
1303 3002 1486 3057 sarcula
1521 3002 1820 3056 swculorum
1867 3001 2142 3056 laudabunt

564 3107 632 3151 te.
664 3095 768 3152 Sed
799 3095 917 3164 quis
944 3094 1069 3148 illuc
1091 3093 1381 3148 ascendet?
1411 3092 1533 3163 quid
1560 3091 1697 3146 facio
1717 3075 1785 3147 de
1806 3092 1983 3148 carnis
2006 3108 2140 3163 pon-

559 3189 723 3246 dere?
777 3188 964 3243 tBeati
992 3188 1078 3257 qui
1122 3186 1357 3239 habitant
1402 3186 1452 3238 in
1498 3184 1659 3239 domo
1701 3193 1819 3250 tua;
1851 3186 1902 3240 in
1947 3185 2139 3239 saecula

558 3282 875 3336 Steculorum
917 3278 1203 3333 laudabunt
1244 3286 1311 3330 te.
1356 3275 1706 3329 Condelector
1730 3275 1870 3329 enim
1915 3274 2014 3345 legi
2048 3275 2141 3330 Dei

561 3371 853 3427 secundum
876 3370 1183 3423 interiorem
1226 3367 1522 3421 imminent.
1556 3385 1575 3417 ι
1624 3365 1729 3421 Sed
1756 3365 1878 3434 quid
1911 3365 2142 3420 faciam?

560 3463 826 3535 quomodo
851 3460 1074 3515 volabo?
1106 3458 1369 3527 quomodo
1397 3457 1744 3527 perveniam?
1798 3456 1952 3510 Video
1987 3458 2143 3510 aliam

562 3559 718 3626 legent
743 3556 794 3607 in
821 3552 1052 3606 membris
1094 3551 1235 3615 meis,
1263 3559 1619 3620 repugnantem
1662 3548 1757 3619 legi
1797 3549 1973 3603 utentis
1999 3564 2139 3601 meat:

563 3648 702 3703 Dixit
730 3661 788 3701 se
822 3643 1086 3700 infelicem
1107 3685 1119 3706 ,
1147 3652 1199 3697 et
1225 3642 1357 3696 dixit
1385 3660 1396 3695 :
1435 3642 1558 3708 Quis
1584 3658 1661 3694 me
1689 3640 1915 3696 liberabit
1944 3642 2005 3693 de
2025 3656 2142 3693 cor-

566 3757 689 3813 pore
726 3740 898 3794 ntortis
934 3739 1116 3808 hujus,
1146 3746 1203 3789 ut
1230 3735 1515 3789 inhabilem
1550 3736 1600 3789 in
1630 3734 1790 3789 domo
1821 3734 2058 3798 Domini,
2090 3740 2144 3787 et

564 3833 616 3887 in
648 3832 840 3885 smcula
867 3828 1181 3883 saeculorum
1210 3824 1417 3880 laudem
1442 3826 1607 3879 cum?
1635 3825 1745 3894 quis
1775 3841 1851 3879 me
1879 3822 2143 3878 liberabit?

566 3922 740 3978 Gratia
768 3920 862 3973 Dei
887 3936 975 3989 per
992 3917 1168 3972 Jesunt
1194 3918 1443 3970 Christum
1472 3914 1737 3968 Dominum
1759 3925 2000 3970 nostrum.
2030 3913 2141 3969 Sic-

564 4023 620 4069 ut
646 4028 771 4082 ergo
802 4012 853 4064 in
899 4008 1075 4065 verbis
1106 4006 1340 4078 Apostoli
1371 4008 1443 4061 illi
1472 4006 1765 4063 difficultati
1795 4014 1849 4062 et
1872 4007 2018 4077 quasi
2062 4006 2144 4060 in-

564 4102 856 4162 extricabili
898 4101 1050 4155 lucttc
1085 4098 1328 4153 subvenit
1371 4098 1511 4169 quod
1549 4099 1802 4168 subjecit,
1837 4096 2011 4152 Gratia
2050 4095 2146 4149 Dei

567 4214 657 4267 per
674 4194 704 4248 J
714 4211 849 4250 esum
870 4193 1119 4246 Christum
1149 4190 1421 4245 Dominum
1442 4200 1706 4255 nostrum;
1735 4190 1812 4244 sic
1837 4198 1891 4244 et
1915 4189 1999 4242 hic
2023 4203 2143 4242 eum

567 4285 857 4354 suspiraret
896 4282 1198 4336 ﬂammante
1234 4280 1499 4336 desiderio
1530 4280 1581 4332 in
1626 4279 1839 4333 domum
1872 4278 1964 4332 Dei
2010 4287 2063 4332 et
2094 4277 2145 4331 in

568 4377 686 4432 illas
714 4374 894 4429 laudes
942 4373 1055 4437 Dei,
1085 4371 1417 4427 considerata
1456 4370 1746 4442 gravedine
1784 4369 2021 4437 corporis
2066 4368 2147 4423 sui

570 4478 626 4526 et
672 4467 810 4522 tnole
857 4464 1033 4521 carnis
1081 4480 1230 4530 suae,
1261 4473 1313 4519 et
1342 4463 1711 4533 desperatione
1754 4462 1978 4532 quadam
2024 4462 2146 4517 sub-

567 4569 711 4622 orta,
741 4572 920 4612 rursus
948 4557 998 4611 in
1027 4572 1173 4625 spem
1201 4555 1489 4625 evigilavit,
1520 4563 1573 4609 et
1599 4554 1672 4608 ait
1702 4572 1714 4607 :
1747 4552 1932 4607 Beatus
1958 4554 2034 4607 vir
2059 4571 2147 4608 cu-

550 4654 650 4722 jus
671 4665 743 4706 cst
766 4653 1013 4721 susceptio
1038 4653 1144 4721 ejus
1181 4650 1268 4704 abs
1290 4660 1354 4714 te,
1389 4648 1618 4703 Domine.

644 4745 731 4798 10.
764 4744 897 4811 Quid
921 4759 1044 4813 ergo
1072 4749 1288 4813 prmstat
1315 4742 1451 4796 Deus
1481 4740 1530 4794 in
1561 4739 1660 4793 hac
1702 4739 1892 4808 gratia,
1918 4740 1965 4794 ei
1993 4752 2148 4808 quem

571 4836 808 4903 suscepit
863 4833 1293 4903 perducendum?
1338 4831 1606 4898 Sequitur,
1643 4838 1699 4885 et
1744 4830 1864 4883 dicit
1914 4848 1927 4883 :
1969 4831 2153 4885 Ascon.

570 4946 656 4984 sus
696 4928 748 4981 in
777 4928 926 4981 corde
951 4930 1076 4997 ejus.
1116 4924 1264 4980 Facit
1304 4924 1375 4979 illi
1420 4924 1613 4993 gradus
1650 4924 1841 4993 quibus
1878 4924 2148 4979 aSCcndat.

574 5020 674 5076 Ubi
737 5019 809 5073 illi
860 5017 982 5072 facit
1032 5017 1261 5086 gradus?
1304 5015 1356 5069 In
1398 5015 1575 5069 corde.
1616 5016 1826 5080 Quanto
1866 5032 1992 5087 ergo
2038 5018 2153 5086 plus

573 5112 875 5177 amaveris,
936 5119 1083 5165 tanto
1130 5110 1245 5180 plus
1288 5108 1563 5164 ascendes.
1620 5110 1899 5175 Ascensus,
1949 5111 2151 5180 inquit,

572 5204 627 5256 in
677 5202 827 5257 corde
866 5204 976 5272 ejus
1024 5199 1289 5269 disposuit.
1352 5199 1512 5266 Quis?
1560 5200 1659 5266 Qui
1710 5201 1944 5271 suscepit
1984 5216 2150 5255 eum:

577 5290 763 5346 Beatus
804 5291 942 5346 enim
981 5292 1124 5363 cujus
1150 5299 1220 5343 est
1249 5292 1495 5360 susceptio
1544 5292 1651 5360 ejus
1704 5293 1791 5344 alas
1841 5302 1887 5344 te
1911 5333 1924 5356 ,
1975 5290 2155 5346 Domi-

576 5399 658 5437 ne.
699 5382 831 5449 Quia
878 5398 973 5453 per
1021 5397 1079 5438 se
1131 5396 1235 5435 non
1273 5390 1486 5450 potest,
1541 5396 1673 5450 Opus
1722 5394 1805 5436 est
1867 5392 1923 5436 ut
1986 5384 2153 5453 gratia

584 5481 671 5527 tua
725 5472 995 5543 suscipiat.
1048 5474 1113 5528 Ει
1171 5471 1298 5543 quid
1362 5474 1481 5528 facit
1524 5474 1688 5543 gratia
1756 5477 1886 5530 tua?
1918 5476 2157 5546 DiSpOttit

645 5688 780 5799 ιιι.ον
806 5721 819 5747 ,
846 5685 1034 5737 subveni
1066 5693 1160 5736 tur.
1203 5696 1251 5738 at
1286 5695 1359 5737 tr.
1398 5696 1447 5739 et
1489 5696 1614 5748 Vss,
1640 5688 1881 5739 subveniat
1908 5704 1925 5742 .'
1951 5703 2054 5756 sum
2075 5693 2151 5754 le,

645 5764 665 5799 ιι
686 5764 748 5799 ut.

575 5763 748 5814 grana.

1788 332 1847 391 S.
1886 328 2251 391 AUGUSTlNl
2291 332 2588 393 EPlSCOPl

3691 346 3831 408 £064

2247 459 2499 501 ascensus
2525 448 2575 501 in
2617 445 2796 507 corde.
2830 448 2927 506 Ubi
2953 449 3186 522 disponit
3224 459 3512 514 ascensus?
3546 459 3614 515 In
3641 464 3830 538 corde,

2243 538 2297 590 in
2327 540 2550 593 convalle
2574 540 2895 611 plorationis.
2932 543 3073 600 Ecce
3102 546 3310 603 habetis
3340 552 3572 607 torcular
3608 556 3830 612 conval-

2248 629 2349 683 lem
2398 632 2709 700 plorationis
2737 651 2749 687 :
2775 634 2902 702 ipsa:
2926 635 3176 707 lacrymm
3197 638 3297 708 pia:
3324 641 3826 714 contribulatorum,

2246 730 2477 775 mustum
2508 731 2631 777 sunt
2662 726 2974 779 amantium.
3003 727 3253 783 Ascensus
3278 730 3332 783 in
3359 732 3511 785 corde
3529 734 3638 804 ejus
3660 735 3833 804 dispo-

2246 812 2363 864 suit.
2404 811 2505 868 Ubi
2549 828 2677 883 ergo
2703 815 2998 885 disposuit?
3025 815 3093 871 In
3134 819 3361 874 convalle
3386 823 3705 890 plorationis.
3738 826 3833 881 llic

2245 903 2386 957 enim
2413 904 2677 975 disposuit
2702 923 2987 977 ascensus,
3018 911 3072 965 in
3108 914 3335 967 convalle
3367 916 3701 983 plorationis;
3746 920 3832 974 hic

2247 995 2388 1047 enim
2419 996 2655 1064 ploratur
2695 998 2780 1053 ubi
2821 1000 3115 1056 seminatur
3143 1020 3156 1057 :
3187 1002 3384 1060 Euntes
3407 1048 3421 1071 ,
3454 1007 3662 1078 inquit,
3693 1010 3833 1065 ibant

2246 1096 2293 1139 ct
2321 1088 2541 1156 ﬂebant,
2578 1090 2824 1144 mittentes
2859 1094 3051 1146 semina
3077 1110 3168 1148 sua
3190 1094 3363 1161 (Psal.
3387 1112 3559 1163 cxxv,
3586 1100 3660 1170 6).
3692 1101 3833 1173 Ergo

2246 1191 2499 1233 ascensus
2524 1180 2574 1233 in
2598 1180 2758 1236 corde
2786 1190 2876 1236 tuo
2901 1183 3005 1236 sint
3026 1183 3265 1253 dispositi
3294 1201 3323 1239 a
3348 1187 3458 1241 Deo
3484 1203 3577 1258 per
3605 1191 3832 1259 gratiam

2247 1270 2433 1339 ipsius.
2479 1272 2722 1328 Amando
2779 1274 3011 1330 ascende
3043 1294 3057 1330 ε
3088 1277 3209 1332 inde
3264 1288 3506 1335 cantatur
3552 1281 3830 1339 Canticum

2244 1363 2525 1433 graduum.
2582 1364 2653 1419 Et
2707 1365 2795 1421 ubi
2837 1368 2928 1422 tibi
2980 1368 3241 1439 disposuit
3268 1372 3364 1426 hos
3415 1388 3669 1429 ascensus
3688 1377 3719 1430 ?.
3764 1376 3833 1432 In

2243 1457 2426 1523 corde,
2466 1459 2518 1512 in
2560 1459 2786 1514 convalle
2844 1462 3162 1529 plorationis.
3214 1464 3353 1520 Dixit
3401 1466 3489 1522 ubi
3527 1467 3831 1537 disposuit,

2246 1549 2387 1617 quod
2445 1550 2779 1619 disposuit‘.
2820 1551 2957 1619 Quid
3002 1554 3297 1623 disposuit?
3358 1557 3625 1613 Ascensus.
3683 1559 3834 1615 Ubi?

2244 1640 2421 1706 lutus,
2478 1643 2532 1695 in
2585 1643 2758 1698 corde.
2806 1643 2861 1698 ln
2892 1660 2995 1714 qua
3040 1647 3287 1715 regione,
3332 1657 3386 1703 et
3434 1651 3584 1719 quasi
3627 1650 3834 1706 habita-

2247 1735 2405 1788 tionis
2452 1734 2602 1788 loco?
2631 1733 2697 1788 In
2740 1736 2969 1789 convalle
3016 1736 3330 1805 plorationis.
3360 1738 3429 1794 Ut
3455 1755 3559 1809 quo
3588 1741 3835 1797 ascenda-

2248 1824 2365 1877 tur?
2389 1822 2455 1877 In
2483 1825 2647 1878 locum
2672 1841 2819 1894 quem
2844 1825 3110 1896 disposuit.
3142 1826 3277 1895 Quid
3302 1838 3386 1883 est
3429 1829 3558 1895 hoc,
3607 1831 3830 1896 fratres.

2246 1916 2313 1971 In
2344 1919 2507 1971 locum
2544 1935 2686 1989 quem
2712 1918 3002 1988 disposuit?
3026 1919 3193 1987 Quem
3234 1920 3409 1977 locum
3447 1921 3649 1978 diceret
3674 1939 3831 1993 quem

2246 2009 2525 2081 disposuit,
2544 2012 2589 2066 si
2609 2010 2713 2065 diei
2735 2020 2935 2079 posset.
2952 2012 3159 2069 Dictum
3174 2012 3265 2067 tibi
3284 2024 3384 2079 est,
3404 2015 3650 2071 Ascensus
3668 2017 3833 2087 dispo-

2244 2102 2344 2155 suit
2372 2102 2423 2154 in
2445 2102 2615 2165 corde,
2639 2103 2693 2156 in
2712 2102 2937 2157 convalle
2958 2104 3276 2173 ploratiom's.
3296 2104 3503 2171 Qttznris
3531 2108 3671 2177 quo?
3697 2108 3834 2176 Quid

2248 2192 2340 2246 tibi
2363 2191 2602 2247 dicturus
2626 2194 2745 2249 est?
2778 2193 2926 2260 Quod
2951 2195 3126 2249 oculus
3155 2211 3255 2249 non
3282 2196 3406 2250 vidit
3424 2238 3438 2261 ,
3468 2213 3558 2251 nec
3584 2199 3721 2252 auris
3748 2215 3836 2253 au-

2246 2284 2396 2352 divit,
2424 2300 2513 2337 nec
2542 2284 2595 2337 in
2621 2301 2707 2338 cor
2732 2285 2948 2341 hominis
2976 2285 3200 2341 ascendit
3224 2286 3241 2352 (
3262 2284 3284 2339 Ι
3309 2286 3427 2340 Cor.
3456 2303 3491 2342 ιι
3510 2328 3525 2353 ,
3554 2288 3641 2357 9).
3668 2286 3834 2345 Collis

2244 2383 2327 2429 est
2347 2416 2362 2441 ,
2410 2389 2565 2429 mons
2604 2384 2720 2441 est,
2750 2385 2889 2431 terra
2931 2385 3043 2445 est,
3075 2386 3285 2446 pratum
3317 2388 3428 2443 est,
3460 2394 3627 2449 prope
3655 2382 3833 2436 omnia

2245 2466 2345 2522 ista
2366 2466 2538 2524 dictus
2557 2477 2640 2525 est
2656 2469 2805 2526 locus
2825 2471 2932 2526 ille.
2952 2471 3056 2528 Sed
3076 2471 3201 2543 quid
3223 2473 3292 2527 sit
3314 2488 3412 2543 per
3433 2474 3830 2544 proprietatem,

2246 2571 2353 2611 non
2383 2572 2476 2627 per
2499 2558 2899 2615 similitudinem
2945 2561 3227 2632 (videmus
3250 2563 3392 2618 enim
3420 2578 3558 2618 nunc
3585 2578 3679 2633 per
3705 2579 3833 2634 spe-
3882 2556 3885 2559 ’

2244 2648 2423 2702 culum
2448 2649 2499 2703 in
2532 2654 2813 2719 aenigmate
2834 2652 2959 2723 quid
2988 2654 3057 2708 sit
3079 2653 3164 2709 ille
3186 2654 3364 2719 locus,
3392 2663 3514 2710 tunc
3535 2654 3833 2711 videbimus

2244 2740 2379 2797 facie
2406 2742 2472 2797 ad
2499 2742 2688 2799 faciem
2729 2744 2849 2817 [Id.
2897 2761 3019 2813 xm,
3046 2746 3113 2801 l2
3137 2746 3156 2818 ]
3181 2748 3234 2816 ),
3266 2748 3387 2818 quis
3421 2748 3687 2818 explicet?
3715 2747 3832 2803 Noli

2244 2847 2373 2904 ergo
2402 2849 2644 2905 quaerere
2668 2853 2775 2906 quo
2804 2836 3091 2907 diSposuit,
3116 2838 3169 2892 in
3196 2839 3364 2893 locum
3390 2856 3536 2910 quem
3560 2839 3830 2909 disposuit.

2248 2924 2365 2994 Ipse
2404 2927 2549 2980 novit
2571 2942 2709 2996 quo,
2739 2928 2851 2996 ipse
2878 2930 3025 2983 novit
3048 2929 3138 2999 qui
3161 2929 3423 2999 disposuit
3450 2944 3557 3000 quo
3584 2941 3636 2985 te
3672 2930 3835 2985 ducat

2244 3018 2395 3088 cujus
2446 3034 2699 3075 ascensus
2762 3024 2814 3075 in
2860 3022 3023 3077 corde
3093 3022 3373 3093 disposuit.
3438 3024 3615 3093 Quid?
3673 3024 3834 3080 times

2245 3112 2572 3180 ascendere,
2638 3130 2706 3169 ne
2758 3125 2902 3171 erret
2946 3117 3034 3185 qui
3100 3125 3152 3171 te
3199 3117 3384 3172 ducit?
3422 3116 3564 3173 Ecce
3606 3118 3655 3172 in
3697 3133 3833 3173 con-

2246 3204 2383 3259 valle
2445 3205 2756 3274 ploratinnis
2826 3206 3089 3276 disposuit
3168 3222 3450 3274 ascensus,
3526 3207 3593 3262 In
3666 3210 3837 3264 locum

2243 3313 2387 3367 quem
2452 3298 2718 3366 disposuit.
2774 3299 3050 3354 Ploramus
3115 3300 3296 3356 modo.
3345 3300 3534 3357 Unde?
3588 3300 3684 3358 Ubi
3719 3303 3836 3357 dis-

2246 3387 2405 3457 positi
2444 3398 2568 3442 sunt
2598 3390 2765 3444 nostri
2786 3405 3059 3446 ascensus.
3086 3389 3233 3446 Unde
3254 3391 3545 3462 ploramus,
3580 3392 3679 3447 nisi
3707 3392 3839 3449 inde

2245 3478 2387 3534 unde
2407 3494 2466 3535 se
2493 3480 2746 3536 miserum
2775 3482 3107 3537 exclamabat
3131 3482 3417 3551 Apostolus
3433 3525 3448 3548 ,
3471 3485 3593 3553 quia
3620 3484 3839 3540 videbat

2246 3570 2401 3624 aliam
2429 3570 2597 3640 legem
2630 3574 2681 3625 in
2711 3573 2963 3627 membris
2991 3573 3101 3628 suis
3131 3583 3515 3644 repugnantem
3545 3575 3648 3647 legi
3678 3590 3834 3630 men-

2247 3660 2315 3715 tis
2343 3661 2492 3715 sum?
2520 3663 2586 3716 Et
2622 3662 2759 3718 unde
2796 3664 2894 3717 hoc
2928 3666 3123 3720 nobis?
3171 3665 3251 3721 Ex
3292 3680 3446 3735 poena
3496 3668 3719 3738 peccati.
3763 3667 3836 3722 Et

2247 3752 2561 3822 putabamus
2599 3768 2697 3810 nos
2737 3754 2893 3810 facile
2931 3756 3104 3825 justos
3146 3772 3267 3815 esse
3310 3773 3468 3827 posse
3508 3760 3658 3829 quasi
3697 3759 3831 3813 viri-

2248 3844 2345 3900 bus
2402 3846 2629 3912 nostris,
2696 3856 2980 3918 antequam
3049 3852 3412 3920 acciperemus
3487 3851 3833 3917 mandatum;

2247 3935 2563 3993 adveniente
2643 3949 2819 3993 autem
2892 3939 3177 4005 mandato,
3244 3952 3522 4011 peccatum
3603 3943 3835 3997 revixit:

2250 4043 2350 4098 ego
2376 4038 2551 4083 autem
2581 4039 2823 4085 mortuus
2849 4045 2998 4097 sum;
3031 4031 3132 4087 hoc
3154 4031 3229 4087 ait
3256 4032 3570 4103 Apestolus.
3602 4034 3728 4090 Data
3750 4044 3837 4089 est

2251 4120 2392 4173 enim
2420 4120 2527 4174 Lex
2560 4120 2885 4189 hominibus,
2903 4138 3007 4177 non
3038 4139 3156 4194 qua:
3182 4124 3414 4180 salvaret
3439 4141 3533 4180 eos
3556 4126 3665 4195 jam
3690 4165 3705 4192 ,
3737 4127 3836 4181 sed

2251 4224 2348 4279 per
2371 4224 2528 4278 quam
2570 4222 2963 4281 cognoscerent
2987 4214 3038 4268 in
3084 4230 3187 4285 qua
3225 4216 3834 4287 :egritudinejacebant.

2251 4299 2387 4355 Audi
2427 4301 2585 4357 verba
2614 4303 2853 4373 Apostoli
2886 4323 2897 4359 :
2928 4325 2945 4356 ι
2971 4305 3027 4361 Si
3055 4307 3196 4361 enim
3239 4306 3358 4362 data
3398 4318 3541 4364 esset
3568 4309 3674 4365 Lex
3712 4326 3840 4379 qua:

2252 4400 2433 4460 posset
2456 4392 2758 4462 vivificare,
2790 4396 3007 4451 omnino
3031 4413 3094 4452 ex
3135 4397 3275 4468 Lege
3303 4408 3447 4455 esset
3476 4400 3679 4470 justitia
3700 4418 3713 4465 ;
3738 4400 3839 4456 sed

2252 4483 2510 4537 conclusit
2536 4483 2803 4554 Scriptura
2832 4486 3009 4540 omnia
3040 4489 3139 4542 sub
3165 4498 3382 4558 peccato
3402 4530 3417 4555 ,
3452 4497 3511 4544 ut
3552 4490 3841 4559 promissio

2253 4590 2321 4631 ex
2373 4576 2475 4631 fide
2515 4577 2642 4633 Jesu
2688 4577 2883 4634 Christi
2922 4579 3137 4635 daretur
3198 4581 3537 4637 credentibus
3572 4601 3590 4634 ι
3628 4581 3867 4655 (Calan,

2256 4681 2348 4733 ιιι,
2370 4665 2463 4735 2i)
2495 4667 2737 4723 :veniret
2763 4669 2928 4738 gratia
2962 4679 3078 4738 post
3098 4670 3321 4740 Legem,
3358 4671 3619 4727 inveniret
3661 4671 3840 4725 homi-

2256 4772 2376 4811 nem
2400 4772 2505 4812 non
2536 4758 2707 4812 solum
2729 4758 2992 4827 jacentem
3013 4802 3025 4824 ,
3058 4759 3151 4815 sed
3173 4760 3281 4830 jam
3308 4760 3465 4815 etiam
3495 4761 3841 4818 conﬁtentem

2257 4857 2310 4904 et
2335 4849 2620 4916 dicentem,
2654 4850 2809 4905 Miser
2828 4867 2919 4921 ego
2947 4852 3116 4917 homo,
3148 4852 3259 4921 quis
3290 4869 3367 4905 me
3391 4852 3616 4907 liberabit
3641 4855 3703 4906 de
3720 4870 3844 4906 cor-

2260 4961 2382 5011 pore
2418 4946 2591 4999 mortis
2631 4944 2830 5014 hujus?
2858 4953 2911 4999 et
2936 4954 3232 5013 opportune
3257 4946 3465 5001 veniret
3490 4945 3725 5001 medicus
3771 4947 3844 5000 ad

2258 5035 2551 5089 convallem
2601 5035 2941 5104 plorationis,
2989 5046 3044 5091 et
3084 5035 3315 5102 diceret,
3343 5037 3499 5093 Certe
3545 5036 3849 5106 cognovisti

2258 5125 2379 5195 quia
2404 5125 2669 5191 cecidisti;
2701 5125 2825 5181 audi
2852 5141 2937 5181 me
2963 5135 3023 5182 ut
3049 5142 3255 5199 surgas,
3283 5129 3371 5198 qui
3403 5144 3487 5183 me
3514 5130 3853 5199 contempsi-

2259 5216 2327 5271 su
2357 5224 2414 5270 ut
2437 5216 2677 5271 caderes.
2708 5216 2835 5270 Data
2868 5225 2951 5271 est
2977 5232 3104 5288 ergo
3125 5218 3237 5273 Lex
3267 5227 3324 5273 ut
3342 5233 3539 5289 aegrum
3563 5219 3629 5273 de
3653 5218 3849 5274 morbo

2258 5307 2631 5371 convinceret,
2658 5305 2747 5375 qui
2769 5305 2870 5361 sibi
2896 5321 3058 5363 sanus
3084 5307 3389 5374 videbatur;
3421 5316 3480 5362 ut
3506 5316 3717 5378 peccata
3751 5308 3843 5362 dt:-

2261 5406 2704 5462 monslrarentur,
2737 5412 2841 5451 non
2864 5406 2921 5451 ut
2940 5397 3297 5453 adferrentur.
3327 5400 3701 5455 Demonstrato
3724 5414 3843 5467 pec-

2262 5499 2382 5543 cato
2406 5503 2500 5557 per
2538 5487 2716 5544 datam
2747 5487 2941 5557 Legem
2962 5530 2976 5555 ,
3008 5498 3221 5544 auctum
3258 5500 3341 5546 est
3366 5499 3639 5559 peccatum
3661 5530 3676 5556 ,
3721 5507 3851 5559 quia

2338 5754 2351 5782 ι
2383 5754 2453 5799 sic
2478 5751 2699 5814 [iurique
2727 5752 2861 5803 editi.
2890 5761 2937 5803 tn
2963 5762 3031 5817 B.,
3055 5766 3147 5817 quo
3169 5751 3445 5817 dispcsuil?
3534 5757 3593 5803 ιι.
