4084 6476
304 452 581 516 peccatum
612 452 694 502 est
737 455 791 502 et
829 455 1016 503 contra
1050 446 1284 520 Legem:
1338 448 1612 506 Occasione
1634 493 1651 518 ,
1684 451 1885 521 inquit,

302 544 511 605 accepta
534 576 549 601 ,
578 546 834 606 peccatum
882 555 973 608 per
1009 539 1309 595 mandatum
1350 551 1610 615 apemtum
1635 552 1704 598 est
1732 543 1785 596 in
1812 557 1891 596 me

302 643 505 681 onmem
556 626 1013 696 concupiscentiam
1041 631 1214 701 (Rom.
1241 649 1344 700 vn,
1376 634 1430 698 7,
1469 632 1502 690 8
1522 636 1562 705 ).
1602 632 1737 700 Quid
1767 641 1888 701 est,

305 718 573 772 occasione
594 732 804 789 accepta
832 739 922 792 per
957 723 1297 779 mandatum?
1339 727 1627 796 Acceptum
1669 725 1891 782 manda-

300 802 411 862 tum
445 808 596 879 quasi
638 808 839 867 viribus
863 814 973 869 suis
1010 815 1183 871 conati
1231 825 1357 870 sunt
1393 816 1570 872 facere
1613 817 1888 883 homines;

298 899 423 953 victi
454 902 887 970 concupiscentia
914 946 930 972 ,
962 905 1193 962 mandati
1218 908 1378 962 etiam
1400 908 1564 978 ipsius
1592 917 1889 979 transgres-

303 990 455 1045 sione
498 992 574 1046 rei
602 990 725 1048 facti
760 1006 903 1050 sunt.
933 995 1038 1051 Sed
1062 998 1186 1068 quid
1212 999 1286 1053 ait
1308 999 1638 1069 Apostolus?
1670 999 1768 1055 Ubi
1791 1017 1889 1053 au-

299 1088 396 1133 tem
443 1082 716 1138 abundavit
754 1097 1011 1156 peccatum
1032 1130 1048 1156 ,
1083 1106 1236 1159 super
1270 1089 1541 1147 abundavit
1574 1094 1738 1164 gratia
1764 1091 1885 1166 (Id.

299 1189 327 1227 v
352 1217 368 1241 ,
398 1176 471 1230 20
490 1175 545 1247 );
585 1178 635 1231 id
662 1188 745 1234 est
765 1221 782 1246 ,
806 1190 994 1236 auctus
1022 1192 1104 1238 est
1135 1183 1382 1251 morbus,
1409 1187 1778 1240 commendata
1807 1198 1890 1242 est

297 1267 584 1323 medicina.
631 1269 917 1339 Propterea
940 1314 955 1337 ,
988 1271 1201 1340 fratres,
1252 1276 1486 1346 quinque
1517 1277 1622 1332 illa:
1654 1278 1889 1347 porticus

295 1356 603 1414 Salomonis
626 1402 641 1424 ,
674 1363 931 1433 numquid
961 1365 1218 1421 curabant
1245 1375 1475 1437 :egrotos
1499 1410 1514 1432 ,
1548 1369 1635 1424 ubi
1661 1379 1777 1424 erat
1804 1371 1887 1441 pio

295 1448 445 1504 scina
490 1451 540 1505 iu
588 1451 766 1507 medio
794 1456 1020 1509 earum?
1064 1453 1133 1510 Et
1159 1456 1431 1528 jacebant,
1480 1458 1681 1529 inquit,
1710 1461 1888 1531 wgroti

294 1540 348 1594 in
377 1543 598 1613 quinque
622 1545 896 1613 porticibus
923 1546 1120 1617 (Joan.
1145 1564 1197 1617 v,
1239 1550 1342 1622 ‘5);
1402 1551 1455 1605 in
1485 1551 1774 1623 Evangelio
1805 1554 1886 1609 le-

294 1642 440 1685 ctum
467 1634 482 1663 ¹
509 1633 788 1689 habemus.
821 1636 1066 1708 Quinque
1106 1640 1207 1696 ill-.e
1252 1642 1508 1711 porticus,
1557 1643 1665 1699 Lex
1705 1654 1786 1700 est
1829 1645 1882 1701 in

294 1726 533 1796 quinque
569 1724 720 1783 libris
759 1729 945 1801 Moysi.
976 1731 1057 1786 Ad
1102 1732 1200 1788 hoc
1230 1734 1661 1803 producebantur
1697 1738 1883 1808 trgroti

293 1814 363 1871 de
390 1816 641 1874 domibus
669 1821 780 1876 suis
798 1862 814 1887 ,
838 1832 896 1876 ut
911 1822 1152 1891 jacerent
1181 1825 1231 1879 in
1264 1827 1574 1896 porticibus.
1616 1827 1758 1900 Ergo
1800 1830 1881 1885 lex

294 1908 559 1976 prodebat
582 1921 830 1980 a‘grotos,
860 1927 963 1967 non
992 1915 1243 1981 sanabat;
1276 1917 1367 1971 sed
1399 1917 1766 1976 benedictione
1790 1920 1883 1976 Dei

293 2001 609 2057 turbabatur
635 2019 791 2075 aqua,
824 2015 1071 2077 tanquam
1117 2010 1307 2080 angelo
1342 2010 1699 2067 descendente
1730 2032 1743 2068 :
1772 2014 1881 2068 visa

290 2107 428 2160 aqua
460 2093 667 2147 turbata
688 2138 703 2160 ,
734 2098 820 2166 qui
850 2107 1060 2167 poterat
1103 2116 1238 2155 unus
1267 2100 1626 2158 descendebat
1653 2114 1706 2159 et
1728 2120 1883 2159 sana-

291 2180 473 2236 batur.
505 2184 654 2254 Aqua
682 2184 771 2239 illa
813 2189 983 2242 cincta
1023 2189 1257 2263 quinque
1284 2192 1609 2260 porticibus,
1656 2195 1882 2264 pepultts

292 2270 598 2331 Iud-.eorum
625 2287 740 2332 erat
765 2278 905 2348 Lege
921 2282 1206 2337 conclusus
1232 2300 1245 2336 :
1275 2282 1417 2339 hunc
1432 2287 1759 2355 perturbavit
1781 2288 1880 2341 Do-

292 2365 472 2419 minus
512 2371 794 2437 prmsrntia
824 2386 917 2426 sua
938 2413 955 2438 ,
988 2382 1044 2427 ut
1068 2373 1419 2429 occideretur.
1450 2375 1560 2429 Nisi
1598 2377 1738 2433 enim
1782 2377 1879 2433 de-

293 2470 484 2509 scensu
508 2472 606 2513 suo
634 2458 891 2516 Dominus
912 2464 1246 2533 perturbaret
1271 2465 1523 2535 populum
1547 2466 1873 2531 Iudaeorum,

292 2550 550 2620 numquid
577 2554 1015 2624 cruciﬁgeretur?
1060 2558 1241 2628 Itaque
1273 2560 1475 2614 turbata
1502 2576 1640 2630 aqua
1679 2564 1879 2631 passio-

292 2655 415 2694 ιιι-ιιι
452 2642 657 2697 Domini
703 2645 1065 2715 signiﬁcabat,
1115 2664 1234 2720 qua:
1272 2649 1406 2704 facta
1447 2659 1529 2706 est
1573 2653 1878 2722 perturbata

290 2745 450 2805 gente
474 2733 799 2792 Juda‘orutu.
829 2739 884 2794 ln
907 2740 1041 2795 hanc
1062 2742 1361 2811 passionem
1390 2744 1557 2800 credit
1578 2745 1875 2817 languidus,

290 2834 544 2895 tauquam
577 2828 627 2880 in
659 2842 847 2898 aquam
878 2831 1141 2888 turbatam
1168 2832 1497 2891 descendens
1516 2878 1532 2901 ,
1561 2845 1616 2892 et
1639 2848 1875 2893 sanatur.

289 2915 387 2983 Qui
418 2932 522 2971 non
551 2919 837 2975 sanabatur
875 2921 1048 2993 Lege,
1082 2924 1134 2980 id
1173 2934 1256 2980 est
1296 2927 1623 2996 porticibus,
1664 2942 1880 2986 sanatur

287 3009 489 3078 gratia,
521 3026 615 3080 per
645 3014 907 3081 passionis
951 3016 1108 3072 ﬁdem
1140 3018 1350 3074 Domini
1378 3024 1544 3077 nostri
1570 3023 1696 3079 Jesu
1727 3026 1878 3081 Chri-

288 3100 376 3152 sti.
406 3097 577 3167 Unus,
605 3103 728 3173 quia
758 3106 949 3161 unitas.
987 3108 1123 3178 Ergo
1149 3119 1203 3164 et
1224 3109 1310 3166 hic
1338 3112 1464 3182 quid
1490 3113 1602 3169 ait?
1630 3115 1879 3171 Ascensus

288 3190 339 3243 in
366 3192 520 3249 corde
556 3196 665 3264 ejus
687 3195 953 3267 disposuit,
985 3199 1039 3253 in
1066 3202 1296 3256 convalle
1336 3204 1632 3272 ploratiouis
1651 3248 1665 3273 ,
1699 3208 1751 3261 in
1805 3207 1880 3263 lo-

288 3298 401 3336 cum
426 3301 576 3354 quem
603 3286 884 3357 disposuit:
908 3290 1018 3359 jam
1049 3290 1100 3345 in
1128 3291 1221 3346 illo
1252 3292 1369 3349 loco
1397 3295 1763 3365 gaudebimus.

359 3374 453 3429 ll.
481 3372 500 3447 [
524 3392 651 3430 vers.
677 3376 756 3449 8.]
777 3377 951 3446 Quare
974 3392 1149 3436 autem
1174 3424 1191 3449 ,
1213 3383 1266 3437 in
1293 3384 1519 3439 convalle
1547 3386 1879 3455 ploratiouis?

290 3460 352 3515 Et
379 3479 453 3518 ex
484 3481 584 3535 qua
615 3469 854 3523 convalle
885 3471 1195 3539 ploratiouis
1219 3473 1284 3529 ad
1312 3475 1461 3530 illum
1493 3476 1667 3531 locum
1699 3479 1877 3548 gaudii

289 3554 607 3609 veniemus?
636 3553 773 3609 Nam
800 3568 845 3611 et
871 3560 1281 3629 benedictionem,
1314 3564 1499 3634 inquit,
1530 3566 1667 3620 dabit
1690 3570 1777 3638 qui
1800 3570 1877 3623 le-

290 3662 397 3711 gem
428 3646 587 3701 dedit.
620 3646 821 3704 Al‘llixit
849 3666 946 3706 nos
974 3652 1137 3725 Lege,
1170 3656 1363 3727 pressit
1389 3673 1485 3713 nos
1513 3659 1672 3730 Lege,
1700 3673 1879 3718 osten-

290 3733 365 3789 dit
395 3737 550 3792 nobis
581 3740 831 3807 torcular;
861 3742 1090 3800 vidimus
1118 3762 1440 3816 pressuram,
1474 3753 1653 3807 carnis
1679 3765 1878 3810 nostra:

290 3828 684 3889 tribulationem
738 3834 1086 3904 cognovimus
1118 3879 1133 3906 ,
1184 3839 1535 3910 ingemuituus
1592 3844 1879 3904 rebellante

290 3930 508 3989 peccato
525 3922 780 3979 adversus
801 3938 1031 3981 tuentem
1055 3938 1312 3995 n0stram,
1332 3933 1699 4002 elamavimus,
1721 3938 1878 3993 Miser

288 4027 377 4079 ego
406 4014 559 4067 homo
588 4030 606 4069 :
634 4015 732 4069 sub
759 4015 897 4088 Lege
934 4020 1264 4088 gemuituus;
1293 4022 1420 4092 quid
1462 4034 1666 4095 restat,
1695 4028 1795 4082 nisi
1824 4038 1880 4084 ut

287 4100 713 4159 benedictionem
752 4098 841 4162 det
864 4109 954 4178 qui
984 4109 1177 4181 Legem
1206 4111 1388 4168 dedit?
1414 4114 1673 4173 Adveniet
1709 4121 1877 4189 gratia

286 4202 407 4259 post
440 4192 668 4263 Legem;
700 4196 809 4268 ipsa
838 4208 918 4252 est
946 4198 1261 4256 benedictio.
1293 4203 1360 4258 Et
1401 4205 1525 4275 quid
1566 4208 1717 4263 nobis
1745 4226 1879 4280 prae-

285 4281 419 4337 stitit
450 4286 548 4338 ista
570 4287 737 4356 gratia
762 4299 815 4343 et
844 4289 1174 4348 benedictio?
1195 4312 1212 4346 ι
1237 4295 1594 4355 Ambulabunt
1616 4317 1646 4356 a
1674 4302 1881 4359 virtuti-

285 4373 385 4429 bus
414 4375 469 4432 in
490 4379 793 4434 virtutem.»
818 4381 913 4437 llic
939 4384 1079 4439 enim
1108 4401 1204 4455 per
1219 4388 1440 4458 gratiam
1460 4392 1639 4448 multa:
1657 4396 1880 4453 virtutes

285 4464 513 4521 dantur:
537 4470 667 4524 «Alii
685 4471 898 4541 quidem
919 4474 1073 4530 datur
1097 4492 1189 4547 per
1207 4479 1458 4549 Spiritum
1477 4496 1654 4539 sermo
1665 4488 1878 4556 sapien-

286 4559 486 4625 tingalii
502 4576 679 4617 sermo
690 4566 1237 4634 scientiagsecundum
1253 4576 1498 4630 eumdem
1509 4576 1877 4647 Spiritum,alii

286 4649 441 4713 fides,
462 4651 552 4705 alii
571 4653 786 4710 donatio
806 4659 1111 4728 sanitatum,
1135 4662 1221 4716 alii
1246 4679 1438 4734 genera
1466 4666 1876 4738 liuguarum.alii

283 4740 657 4812 interpretatio
679 4762 1004 4815 sermonum,
1022 4754 1108 4807 alii
1130 4755 1458 4825 prophetatio
1478 4778 1495 4810 ι
1520 4759 1561 4829 (l
1575 4760 1689 4815 Cor.
1708 4780 1799 4830 xu,
1814 4765 1877 4820 8-

284 4830 397 4903 10).
412 4832 587 4890 Multae
605 4836 842 4905 virtutes,
865 4842 954 4897 sed
976 4842 1061 4898 hic
1078 4849 1391 4903 necessaria:
1410 4866 1423 4913 ;
1439 4858 1495 4905 et
1515 4852 1581 4907 ab
1600 4852 1683 4908 his
1707 4856 1876 4910 virtu-

283 4923 429 4977 tibus
456 4924 597 4980 imus
614 4926 666 4983 in
685 4929 949 4987 virtutem.
974 4935 1140 5002 Quam
1160 4937 1447 4993 virtutem?
1466 4939 1758 5010 Christum,
1784 4946 1875 5002 Dei

285 5011 548 5072 Virtutem
575 5059 590 5082 ,
621 5029 674 5074 et
704 5020 795 5076 Dei
826 5022 1146 5093 Sapientiam
1180 5024 1287 5098 (Id.
1318 5045 1356 5097 t,
1379 5029 1491 5100 24).
1524 5031 1639 5101 Ipse
1674 5034 1765 5089 dat
1793 5036 1876 5090 di-

282 5120 466 5162 \ersas
495 5110 719 5167 virtutes
746 5114 796 5168 in
830 5116 944 5170 loco
974 5117 1075 5174 hoc
1098 5162 1113 5185 ,
1138 5121 1226 5190 qui
1260 5138 1354 5192 pro
1391 5125 1637 5179 omnibus
1667 5127 1875 5182 virtuti-

282 5196 381 5251 bus
416 5204 732 5258 necessariis
751 5206 801 5259 iu
829 5209 1067 5264 convalle
1089 5211 1395 5281 ploratiouis
1417 5224 1469 5269 et
1490 5216 1705 5271 utilibus
1730 5217 1877 5274 dabit

280 5304 441 5344 unam
466 5293 734 5361 virtutem,
754 5299 1007 5368 seipsum.
1028 5301 1159 5356 Nam
1187 5312 1239 5357 et
1266 5305 1486 5360 virtutes
1510 5307 1728 5376 agendae
1752 5309 1872 5366 vita:

279 5390 484 5437 nostra:
511 5395 738 5455 quatuor
756 5389 1129 5448 describuntur
1154 5410 1183 5447 a
1215 5396 1396 5451 multis
1414 5439 1429 5462 ,
1453 5406 1506 5452 et
1528 5398 1579 5453 iu
1602 5400 1871 5471 Scriptura

280 5470 640 5532 inveniuntur.
672 5478 952 5537 Prudentia
989 5483 1199 5549 dicitur,
1232 5502 1334 5556 qua
1356 5470 1872 5558 diguoscimusiuter

282 5560 479 5620 bonunt
529 5578 585 5623 et
632 5573 848 5625 malum.
895 5573 1107 5630 Justitia
1153 5578 1384 5655 dicitur,
1417 5594 1517 5649 qua
1548 5596 1641 5634 sua
1681 5584 1870 5653 cuique

284 5656 596 5727 tribuimus;
643 5664 842 5718 nemini
886 5666 1172 5737 quidquam
1216 5658 1510 5741 debentes,
1541 5671 1635 5728 sed
1684 5688 1870 5730 omnes

359 5761 376 5792 ‘
401 5762 477 5813 sic
509 5770 583 5813 llr.
610 5774 662 5817 et
685 5776 788 5819 MSS.
814 5778 887 5821 At.
911 5778 1018 5821 ιον.
1045 5771 1246 5824 dictum.

525 5848 752 5908 SsNC't'.
804 5854 1079 5913 Aunus'r.
1125 5855 1230 5912 IV.

1354 335 1746 393 ENARKATIO
1783 335 1847 391 ΙΝ
1889 335 2207 395 PSALMUM
2244 336 2525 394 LXXXIII.

3443 352 3467 406 4
3480 352 3588 406 066

1999 447 2279 521 diligentes
2306 451 2493 522 (Rom.
2536 468 2658 521 xm,
2690 452 2782 525 8).
2825 455 3195 527 Temperantia
3228 460 3419 518 dieitur
3441 507 3454 529 ,
3482 481 3584 536 qua

1999 540 2246 598 libidines
2282 544 2634 601 refrenamus.
2683 546 2963 603 Fortitudo
3011 549 3205 607 dicitur
3227 594 3243 620 ,
3273 569 3375 625 qua
3406 558 3584 611 omnia

1999 632 2220 687 molesta
2281 635 2585 691 toleramus.
2619 637 2740 694 Ista:
2781 639 3003 697 virtutes
3059 659 3198 698 nunc
3239 645 3291 699 in
3344 649 3587 703 convalle

2000 721 2309 792 ploratiouis
2339 740 2432 795 per
2455 728 2676 795 gratiam
2709 728 2800 785 Dei
2827 730 3018 786 dantur
3044 733 3197 789 nobis
3227 752 3242 790 :
3273 737 3340 791 ab
3365 736 3447 793 his
3476 740 3589 794 vir-

2001 814 2199 870 tutibus
2230 816 2367 887 imus
2398 819 2448 872 in
2488 818 2629 873 illam
2661 821 2928 878 virtutem.
2963 825 3029 879 Et
3065 843 3185 896 quae
3212 829 3316 884 erit
3355 831 3445 887 illa
3476 833 3586 887 vir-

2000 916 2117 971 tus,
2146 910 2246 963 nisi
2292 911 2458 967 solius
2497 916 2958 985 contemplationis
3007 917 3468 979 Dei?.\'ecessaria
3514 926 3585 981 ibi

1996 1014 2102 1054 non
2131 1000 2233 1055 erit
2258 1001 2355 1056 ista
2380 1002 2678 1072 prudentia,
2703 1006 2789 1060 ubi
2815 1008 2956 1064 nulla
2979 1010 3116 1064 mala
3143 1027 3426 1070 occursum
3456 1029 3582 1072 sunt

1996 1106 2114 1159 qua:
2153 1092 2399 1147 vitemus.
2431 1093 2537 1149 Sed
2590 1096 2717 1165 quid
2762 1108 3005 1167 putamus
3028 1144 3044 1167 ,
3076 1102 3435 1162 fratres?Nou
3484 1111 3583 1165 ista

1989 1183 2215 1254 justitia,
2238 1186 2325 1241 ubi
2348 1187 2488 1242 nulla
2512 1188 2612 1244 erit
2636 1190 2946 1261 cujusquam
2976 1193 3263 1266 indigentia
3284 1200 3368 1254 cui
3392 1201 3584 1257 subve-

1994 1276 2110 1332 nire
2145 1276 2455 1334 debeamus.
2485 1279 2598 1335 Non
2631 1282 2727 1336 ista
2766 1288 3112 1354 temperantia
3138 1329 3152 1351 ,
3181 1290 3271 1345 ubi
3312 1293 3451 1347 nulla
3482 1297 3583 1350 erit

1995 1365 2157 1422 libido
2186 1368 2519 1425 refrenanda.
2554 1371 2667 1427 Non
2699 1373 2798 1429 ista
2831 1376 3103 1443 fortitudo,
3135 1380 3222 1434 ubi
3253 1383 3394 1438 nulla
3424 1397 3583 1441 erunt

1994 1458 2131 1511 mala
2174 1459 2468 1515 toleranda.
2499 1462 2637 1534 Ergo
2661 1464 2728 1518 ab
2758 1463 2841 1520 his
2867 1466 3149 1524 virtutibus
3176 1470 3333 1541 hujus
3359 1475 3583 1530 actionis

1992 1547 2185 1603 ibimus
2228 1549 2281 1603 in
2330 1552 2572 1607 virtutem
2618 1554 2759 1609 illius
2786 1558 3249 1628 contemplationis
3273 1603 3289 1628 ,
3325 1579 3428 1633 qua
3454 1580 3582 1620 con-

1993 1640 2309 1707 templemur
2346 1641 2518 1709 Deum
2554 1660 2566 1697 :
2596 1642 2733 1698 sicut
2772 1646 3025 1717 scriptmu
3054 1657 3137 1704 est
3161 1692 3177 1715 ,
3214 1650 3369 1707 Hane
3407 1657 3583 1709 astabo

1990 1728 2098 1796 tibi,
2122 1737 2168 1782 et
2194 1732 2570 1803 contemplabor
2597 1733 2766 1805 (Psal.
2800 1753 2827 1787 v
2849 1779 2865 1804 ,
2893 1738 2973 1808 5).
3004 1739 3067 1793 Et
3094 1740 3214 1795 audi
3243 1743 3366 1812 quia
3390 1744 3458 1800 ab
3484 1746 3581 1801 ltu-

1985 1821 2074 1891 jus
2099 1823 2322 1879 actionis
2351 1826 2667 1894 virtutibus,
2699 1829 2749 1883 in
2774 1829 2916 1885 illam
2947 1833 3447 1903 contemplationem
3478 1839 3579 1895 ibi-

1992 1931 2129 1969 mus.
2157 1915 2406 1986 Sequitur
2432 1916 2523 1985 ibi,
2543 1916 2695 1973 Ibunt
2718 1936 2749 1973 a
2770 1921 3031 1976 virtutibus
3052 1923 3106 1978 in
3124 1924 3354 1981 virtutem
3381 1944 3401 1981 :
3420 1944 3579 1999 quam

1988 2005 2237 2061 virtutem
2255 2009 2278 2059 ?
2294 2006 2717 2080 Contemplaudi.
2740 2011 2875 2080 Quid
2897 2023 3000 2080 est,
3020 2017 3448 2086 contemplandi?
3469 2021 3577 2091 Ap-

1989 2097 2177 2165 parebit
2189 2096 2328 2151 Deus
2340 2100 2546 2153 deorum
2559 2102 2609 2154 in
2623 2102 2770 2157 Sion.
2784 2102 2923 2159 Deus
2935 2106 3163 2175 deorum,
3177 2107 3417 2167 Christus
3428 2110 3578 2169 Chri-

1985 2187 2298 2243 stianorum.
2313 2189 2739 2258 QuomodoDeus
2758 2194 2985 2263 deorum,
2999 2198 3239 2254 Christus
3253 2200 3581 2260 Christianos

1987 2280 2142 2333 rum?
2174 2279 2284 2351 Ego
2309 2282 2437 2348 dixi,
2468 2280 2558 2335 Dii
2578 2285 2695 2338 estis
2712 2324 2728 2350 ,
2753 2296 2800 2338 et
2822 2286 2919 2355 ﬁlii
2941 2287 3185 2343 Altissimi
3210 2308 3379 2346 anates
3404 2292 3574 2365 (Psal.

1985 2369 2569 2439 t.xxxr,6).Deditenim
2587 2373 2666 2429 eis
2678 2383 2989 2444 potestatem
3003 2379 3141 2433 ﬁlios
3155 2380 3243 2437 Dei
3263 2382 3376 2438 ﬁeri
3394 2383 3581 2455 (Joan.

1985 2474 2023 2525 t,
2046 2461 2153 2529 12),
2172 2461 2261 2515 ille
2284 2462 2333 2515 in
2350 2478 2506 2531 quem
2524 2463 2864 2534 credidimus,
2878 2468 3100 2538 pulcher
3117 2485 3364 2541 Sponsus,
3386 2474 3473 2544 qui
3490 2474 3575 2530 hic

1986 2560 2201 2621 propter
2220 2552 2604 2609 deformitatem
2626 2567 2862 2612 nostram
2878 2558 3133 2616 deformis
3153 2566 3400 2633 apparuit
3419 2585 3432 2622 :
3450 2568 3573 2638 quia

1983 2643 2197 2697 vidimus
2209 2661 2340 2712 eum,
2356 2645 2595 2716 inquit,et
2610 2664 2708 2701 non
2724 2648 2933 2704 habebat
2948 2653 3161 2721 speciem
3176 2670 3331 2725 neque
3346 2656 3575 2713 decorent

1985 2734 2135 2807 (lsai.
2167 2752 2253 2790 Llll
2278 2778 2293 2802 ,
2323 2736 2403 2807 2).
2430 2738 2601 2795 Finita
2645 2741 2792 2797 omni
2834 2745 3151 2800 necessitate
3196 2748 3534 2805 mortalitatis
3556 2793 3572 2818 ,

1983 2827 2136 2882 sicuti
2173 2837 2254 2883 est
2300 2830 2439 2885 Deus
2472 2832 2612 2902 apud
2645 2833 2810 2889 Deum
2836 2877 2851 2903 ,
2877 2835 3110 2893 Verbum
3133 2840 3272 2909 apud
3312 2841 3523 2898 Patrem
3554 2886 3570 2911 ,

1983 2935 2079 2989 per
2107 2921 2248 2990 quod
2281 2920 2413 2977 facta
2460 2933 2585 2980 sunt
2630 2927 2809 2980 omnia
2839 2970 2852 2993 ,
2885 2931 3161 3000 apparebit
3204 2933 3416 2989 mundis
3452 2950 3575 2991 cor-

1984 3011 2093 3066 de:
2133 3012 2271 3067 beati
2308 3014 2452 3069 enim
2497 3016 2678 3070 tuuudi
2724 3019 2886 3073 corde
2912 3060 2925 3083 ,
2955 3022 3202 3091 quoniam
3256 3024 3354 3093 ipsi
3406 3026 3571 3081 Deum

1984 3104 2237 3162 videbunt
2280 3106 2489 3176 (Matth.
2536 3126 2587 3176 v,
2631 3110 2711 3183 8).
2764 3111 3036 3183 Apparebit
3078 3114 3219 3171 Deus
3257 3117 3465 3174 deorum
3521 3122 3573 3176 iu

1986 3196 2134 3252 Sion.

2056 3290 2142 3344 12.
2172 3288 2320 3363 [vers.
2344 3290 2421 3365 9.]
2450 3293 2513 3348 Et
2550 3309 2731 3350 rursus
2774 3296 2869 3351 istc
2917 3312 2945 3353 a
2998 3301 3315 3369 cogitatione
3364 3303 3572 3360 illorum

1982 3379 2296 3449 gaudiorum
2324 3384 2461 3438 redit
2487 3384 2551 3438 ad
2579 3387 2803 3455 suspiria
2834 3402 2949 3442 sua.
2971 3388 3126 3445 Videt
3146 3392 3269 3461 quid
3297 3408 3571 3462 prtevene-

1986 3470 2054 3524 rit
2076 3484 2192 3541 spe,
2224 3480 2279 3526 et
2313 3472 2398 3526 ubi
2425 3472 2599 3528 adhuc
2627 3475 2696 3529 sit
2724 3491 2803 3531 re.
2837 3478 3111 3547 Apparebit
3144 3490 3267 3535 tunc
3293 3481 3428 3538 Deus
3447 3485 3572 3538 deo-

1982 3579 2095 3616 rum
2118 3564 2169 3617 in
2200 3563 2327 3619 Sion
2352 3581 2372 3620 :
2403 3566 2503 3621 hoc
2523 3575 2606 3623 est
2631 3567 2772 3623 unde
2799 3570 3166 3640 gaudebimus;
3186 3573 3357 3644 ipsum
3382 3576 3434 3631 in
3466 3592 3587 3633 sse--

1983 3653 2099 3708 cula
2127 3655 2439 3711 saeculorum
2474 3658 2820 3715 laudabimus.
2845 3661 2949 3717 Sed
2969 3663 3145 3719 adhuc
3174 3667 3333 3722 modo
3362 3678 3570 3739 tempus

1983 3753 2065 3799 est
2092 3746 2301 3815 orandi,
2329 3756 2536 3818 tempus
2561 3750 2878 3821 deprecandi
2902 3771 2916 3820 ;
2939 3766 2994 3811 et
3022 3756 3065 3810 si
3093 3758 3417 3829 aliquantum
3442 3777 3572 3833 gan-

1983 3837 2143 3893 dendi
2165 3881 2181 3905 ,
2215 3839 2308 3895 sed
2338 3840 2512 3896 adhuc
2553 3843 2605 3897 in
2632 3858 2726 3914 Spe
2756 3862 2770 3899 :
2800 3845 2853 3900 in
2894 3850 3317 3918 peregrinatione
3352 3867 3569 3922 sumus,

1986 3931 2037 3984 itt
2091 3933 2330 3987 convalle
2369 3933 2679 4002 ploratiouis
2730 3951 2932 3990 sumus.
2962 3938 3040 3992 Ad
3100 3940 3255 4010 hujus
3298 3958 3425 4013 ergo
3470 3946 3571 4001 loci

1984 4021 2236 4090 gemitum
2263 4021 2474 4076 rediens
2501 4023 2658 4089 dicit,
2693 4023 2907 4080 Domine
2931 4025 3069 4080 Deus
3090 4030 3358 4097 virtutum,
3382 4037 3589 4089 exaudi

1988 4127 2181 4181 precem
2220 4128 2420 4177 meam;
2448 4114 2655 4169 auribus
2684 4117 2885 4186 percipe
2907 4159 2921 4183 ,
2950 4117 3086 4174 Deus
3122 4120 3282 4177 Jacob
3309 4140 3328 4177 :
3355 4126 3476 4194 quia
3517 4136 3571 4182 et

1987 4202 2156 4272 ipsum
2199 4202 2365 4259 Jacob
2393 4202 2564 4260 fecisti
2595 4205 2663 4261 de
2702 4206 2867 4265 Jacob
2916 4210 3093 4266 Israel.
3131 4214 3388 4284 Apparuit
3426 4218 3590 4277 enim.

1986 4294 2057 4349 illi
2106 4295 2264 4363 Deus,
2288 4305 2341 4351 et
2367 4296 2539 4353 dictus
2564 4307 2648 4354 est
2672 4298 2831 4357 Israel
2860 4300 3014 4372 (Gen.
3040 4320 3182 4359 χχχιι
3204 4349 3218 4369 ,
3245 4306 3360 4380 28),
3387 4312 3573 4368 videns

1988 4386 2176 4442 Deum.
2209 4386 2345 4443 Audi
2373 4403 2502 4459 ergo
2527 4405 2614 4444 me
2640 4432 2655 4456 ,
2688 4391 2828 4448 Deus
2855 4392 3019 4451 Jacob
3039 4437 3053 4458 ,
3082 4405 3137 4451 et
3165 4397 3246 4453 fac
3275 4415 3359 4456 me
3388 4401 3570 4460 Israel.

1984 4480 2205 4547 Quando
2245 4480 2366 4537 ﬁam
2397 4482 2598 4539 Israel?
2624 4482 2755 4540 Cum
2780 4487 3059 4557 apparebit
3099 4490 3240 4547 Deus
3264 4493 3486 4551 deorum
3519 4498 3570 4553 in

1984 4575 2132 4630 Sion.

2056 4667 2144 4723 15.
2186 4664 2353 4739 [ver_s.
2383 4666 2507 4740 10.]
2537 4666 2800 4724 Protector
2840 4681 3010 4727 noster
3042 4675 3212 4742 aspice
3231 4717 3246 4742 ,
3274 4675 3431 4733 Deus.
3461 4682 3574 4736 Sub

1985 4759 2170 4815 umbra
2214 4761 2415 4816 alarum
2455 4770 2664 4817 tuarum
2703 4765 2991 4832 sperabunt
3040 4767 3213 4838 (Psal.
3260 4782 3441 4839 xxxv,
3480 4775 3569 4845 8):
3646 4784 3649 4787 ’

1985 4850 2125 4915 ideo,
2156 4849 2419 4906 Protector
2439 4864 2608 4907 noster
2624 4856 2813 4924 aspice,
2838 4856 2991 4912 Deus.
3023 4858 3083 4912 Et
3106 4862 3293 4929 respice
3312 4864 3364 4917 in
3391 4867 3573 4935 faciem

1985 4940 2171 4996 Christi
2191 4943 2283 4995 tui.
2307 4942 2531 5010 Quando
2549 4945 2690 4998 enim
2712 4961 2815 4999 non
2843 4949 3059 5017 respicit
3086 4951 3138 5004 in
3167 4950 3352 5008 faciem
3375 4955 3572 5012 Christi

1984 5032 2064 5085 sui
2095 5031 2264 5087 Deus?
2290 5033 2414 5101 quid
2437 5042 2551 5096 est,
2585 5034 2798 5105 Respice
2824 5037 2875 5089 in
2907 5039 3087 5107 [aciem
3116 5040 3303 5096 Christi
3329 5046 3438 5098 tui?
3471 5047 3571 5101 Per

1984 5123 2167 5178 faciem
2198 5123 2577 5179 innoteseimus
2606 5142 2620 5179 :
2645 5126 2771 5196 quid
2799 5136 2879 5182 est
2908 5144 3055 5199 ergo,
3074 5131 3288 5202 Respice
3311 5135 3365 5188 in
3388 5137 3571 5206 faciem

1983 5216 2169 5270 Christi
2193 5217 2265 5270 tui
2287 5217 2310 5268 ?
2331 5216 2438 5272 Fac
2459 5218 2793 5274 innotescere
2821 5222 3067 5276 omnibus
3092 5223 3362 5279 Christum
3396 5236 3587 5285 tuum.

1982 5306 2196 5380 Respice
2222 5311 2275 5363 in
2304 5311 2482 5381 {aciem
2506 5310 2695 5366 Christi
2723 5313 2796 5367 tui
2824 5329 2843 5367 :
2874 5324 3029 5369 notus
3057 5316 3125 5369 sit
3149 5318 3395 5373 omnibus
3419 5320 3567 5377 Chri-

1980 5411 2091 5455 stus
2122 5410 2264 5468 tuus,
2296 5414 2351 5456 ut
2375 5404 2642 5474 possimus
2670 5404 2747 5458 ire
2768 5421 2797 5459 a
2817 5405 3095 5459 virtutibus
3122 5406 3173 5461 in
3202 5406 3477 5480 virtutem,
3512 5425 3570 5470 ut

1980 5494 2148 5563 possit
2173 5494 2609 5565 superabundare
2639 5497 2827 5565 gratia,
2855 5497 3104 5565 quoniam
3132 5498 3419 5569 abundavit
3445 5519 3571 5575 pec-

1978 5598 2176 5641 catum.

2052 5678 2137 5733 H.
2171 5678 2323 5751 [vers.
2362 5680 2471 5753 ll.]
2507 5681 2754 5746 Quoniam
2789 5680 2966 5735 melior
2991 5692 3063 5737 est
3091 5685 3197 5739 dies
3217 5703 3322 5742 una
3352 5689 3402 5744 in
3422 5693 3567 5750 atriis

1976 5772 2077 5826 tuis
2103 5789 2255 5843 super
2283 5774 2461 5829 millia.
2494 5775 2636 5828 Atria
2672 5773 2755 5828 illa
2786 5784 2907 5829 sunt
2933 5776 2982 5829 itt
3014 5793 3131 5846 qua:
3159 5780 3478 5852 suspirabat,
3508 5786 3565 5843 in

2749 5868 2841 5928 {1'
2843 5873 3324 5945 rente-auatreJ
3346 5950 3354 5957 _
