  <div class='ocr_page' id='page_1' title='image "/cluster/home/n/w/nwhite01/storage/ocr_20150623/37/hvd.32044015471477/027.png"; bbox 0 0 4084 6476; ppageno 0'>
   <div class='ocr_carea' id='block_1_1' title="bbox 557 333 690 402">
    <p class='ocr_par' dir='ltr' id='par_1_1' title="bbox 557 333 690 402">
     <span class='ocr_line' id='line_1_1' title="bbox 557 333 690 402; baseline 0 -1"><span class='ocrx_word' id='word_1_1' title='bbox 557 333 690 402; x_wconf 63' lang='lat' dir='ltr'><strong>toi)?</strong></span> 
     </span>
    </p>
   </div>
   <div class='ocr_carea' id='block_1_2' title="bbox 547 454 2126 530">
    <p class='ocr_par' dir='ltr' id='par_1_2' title="bbox 547 454 2126 530">
     <span class='ocr_line' id='line_1_2' title="bbox 547 454 2126 530; baseline -0.004 -16"><span class='ocrx_word' id='word_1_2' title='bbox 547 475 662 530; x_wconf 69' lang='lat' dir='ltr'><strong>qure</strong></span> <span class='ocrx_word' id='word_1_3' title='bbox 685 457 980 514; x_wconf 75' lang='lat' dir='ltr'><strong>deﬁciebat.</strong></span> <span class='ocrx_word' id='word_1_4' title='bbox 1009 456 1279 513; x_wconf 88' lang='lat' dir='ltr'><strong>Desiderat</strong></span> <span class='ocrx_word' id='word_1_5' title='bbox 1301 465 1354 512; x_wconf 88' lang='lat' dir='ltr'><strong>et</strong></span> <span class='ocrx_word' id='word_1_6' title='bbox 1381 455 1557 510; x_wconf 75' lang='lat' dir='ltr'><strong>deﬁcit</strong></span> <span class='ocrx_word' id='word_1_7' title='bbox 1584 454 1756 509; x_wconf 88' lang='lat' dir='ltr'><strong>anima</strong></span> <span class='ocrx_word' id='word_1_8' title='bbox 1779 469 1894 510; x_wconf 88' lang='lat' dir='ltr'><strong>mea</strong></span> <span class='ocrx_word' id='word_1_9' title='bbox 1919 455 1970 510; x_wconf 87' lang='lat' dir='ltr'><strong>in</strong></span> <span class='ocrx_word' id='word_1_10' title='bbox 1993 456 2126 509; x_wconf 82' lang='lat' dir='ltr'><strong>atria</strong></span> 
     </span>
    </p>
   </div>
   <div class='ocr_carea' id='block_1_3' title="bbox 551 545 2120 615">
    <p class='ocr_par' dir='ltr' id='par_1_3' title="bbox 551 545 2120 615">
     <span class='ocr_line' id='line_1_3' title="bbox 551 545 2120 615; baseline -0.002 -12"><span class='ocrx_word' id='word_1_11' title='bbox 551 551 755 603; x_wconf 85' lang='lat' dir='ltr'><strong>Domini</strong></span> <span class='ocrx_word' id='word_1_12' title='bbox 782 569 794 603; x_wconf 90' lang='lat'>:</span> <span class='ocrx_word' id='word_1_13' title='bbox 815 549 1001 603; x_wconf 88' lang='lat' dir='ltr'><strong>melior</strong></span> <span class='ocrx_word' id='word_1_14' title='bbox 1025 559 1103 602; x_wconf 89' lang='lat' dir='ltr'><strong>est</strong></span> <span class='ocrx_word' id='word_1_15' title='bbox 1135 548 1204 602; x_wconf 85' lang='lat' dir='ltr'><strong>ibi</strong></span> <span class='ocrx_word' id='word_1_16' title='bbox 1231 561 1365 611; x_wconf 83' lang='lat' dir='ltr'><strong>unus</strong></span> <span class='ocrx_word' id='word_1_17' title='bbox 1389 546 1502 600; x_wconf 86' lang='lat' dir='ltr'><strong>dies</strong></span> <span class='ocrx_word' id='word_1_18' title='bbox 1527 559 1688 615; x_wconf 83' lang='lat' dir='ltr'><strong>super</strong></span> <span class='ocrx_word' id='word_1_19' title='bbox 1707 545 2120 601; x_wconf 73' lang='lat' dir='ltr'><strong>millia&#39;dierum.</strong></span> 
     </span>
    </p>
   </div>
   <div class='ocr_carea' id='block_1_4' title="bbox 548 636 2124 699">
    <p class='ocr_par' dir='ltr' id='par_1_4' title="bbox 548 636 2124 699">
     <span class='ocr_line' id='line_1_4' title="bbox 548 636 2124 699; baseline -0.001 -7"><span class='ocrx_word' id='word_1_20' title='bbox 548 640 705 694; x_wconf 78' lang='lat' dir='ltr'><strong>Millia</strong></span> <span class='ocrx_word' id='word_1_21' title='bbox 747 639 951 694; x_wconf 89' lang='lat' dir='ltr'><strong>dierum</strong></span> <span class='ocrx_word' id='word_1_22' title='bbox 979 639 1280 693; x_wconf 83' lang='lat' dir='ltr'><strong>desiderant</strong></span> <span class='ocrx_word' id='word_1_23' title='bbox 1309 636 1550 690; x_wconf 81' lang='lat' dir='ltr'><strong>homines</strong></span> <span class='ocrx_word' id='word_1_24' title='bbox 1573 677 1586 699; x_wconf 91' lang='lat'><strong>,</strong></span> <span class='ocrx_word' id='word_1_25' title='bbox 1611 643 1663 690; x_wconf 87' lang='lat' dir='ltr'><strong>et</strong></span> <span class='ocrx_word' id='word_1_26' title='bbox 1691 637 1910 690; x_wconf 87' lang='lat' dir='ltr'><strong>multmn</strong></span> <span class='ocrx_word' id='word_1_27' title='bbox 1942 637 2124 692; x_wconf 91' lang='lat' dir='ltr'><strong>volunt</strong></span> 
     </span>
    </p>
   </div>
   <div class='ocr_carea' id='block_1_5' title="bbox 548 725 2124 793">
    <p class='ocr_par' dir='ltr' id='par_1_5' title="bbox 548 725 2124 793">
     <span class='ocr_line' id='line_1_5' title="bbox 548 725 2124 793; baseline 0.001 -12"><span class='ocrx_word' id='word_1_28' title='bbox 548 729 635 784; x_wconf 82' lang='lat' dir='ltr'><strong>hic</strong></span> <span class='ocrx_word' id='word_1_29' title='bbox 681 729 900 784; x_wconf 85' lang='lat' dir='ltr'><strong>vivere:</strong></span> <span class='ocrx_word' id='word_1_30' title='bbox 940 736 1281 783; x_wconf 88' lang='lat' dir='ltr'><strong>contemnant</strong></span> <span class='ocrx_word' id='word_1_31' title='bbox 1323 727 1485 781; x_wconf 90' lang='lat' dir='ltr'><strong>millia</strong></span> <span class='ocrx_word' id='word_1_32' title='bbox 1537 726 1740 781; x_wconf 90' lang='lat' dir='ltr'><strong>dierum</strong></span> <span class='ocrx_word' id='word_1_33' title='bbox 1766 769 1781 793; x_wconf 92' lang='lat'><strong>,</strong></span> <span class='ocrx_word' id='word_1_34' title='bbox 1821 725 2124 783; x_wconf 81' lang='lat' dir='ltr'><strong>desiderent</strong></span> 
     </span>
    </p>
   </div>
   <div class='ocr_carea' id='block_1_6' title="bbox 547 818 2118 892">
    <p class='ocr_par' dir='ltr' id='par_1_6' title="bbox 547 818 2118 892">
     <span class='ocr_line' id='line_1_6' title="bbox 547 818 2118 892; baseline -0.001 -17"><span class='ocrx_word' id='word_1_35' title='bbox 547 838 709 877; x_wconf 89' lang='lat' dir='ltr'><strong>unum</strong></span> <span class='ocrx_word' id='word_1_36' title='bbox 738 823 901 887; x_wconf 89' lang='lat' dir='ltr'><strong>diem,</strong></span> <span class='ocrx_word' id='word_1_37' title='bbox 929 822 1016 892; x_wconf 92' lang='lat' dir='ltr'><strong>qui</strong></span> <span class='ocrx_word' id='word_1_38' title='bbox 1049 836 1151 874; x_wconf 91' lang='lat' dir='ltr'><strong>non</strong></span> <span class='ocrx_word' id='word_1_39' title='bbox 1181 818 1338 874; x_wconf 89' lang='lat' dir='ltr'><strong>habet</strong></span> <span class='ocrx_word' id='word_1_40' title='bbox 1361 828 1534 873; x_wconf 88' lang='lat' dir='ltr'><strong>ortum</strong></span> <span class='ocrx_word' id='word_1_41' title='bbox 1563 828 1618 874; x_wconf 91' lang='lat' dir='ltr'><strong>et</strong></span> <span class='ocrx_word' id='word_1_42' title='bbox 1645 834 1924 884; x_wconf 90' lang='lat' dir='ltr'><strong>occasum;</strong></span> <span class='ocrx_word' id='word_1_43' title='bbox 1955 835 2118 874; x_wconf 89' lang='lat' dir='ltr'><strong>unum</strong></span> 
     </span>
    </p>
   </div>
   <div class='ocr_carea' id='block_1_7' title="bbox 542 909 2116 980">
    <p class='ocr_par' dir='ltr' id='par_1_7' title="bbox 542 909 2116 980">
     <span class='ocr_line' id='line_1_7' title="bbox 542 909 2116 980; baseline 0 -15"><span class='ocrx_word' id='word_1_44' title='bbox 542 915 681 968; x_wconf 86' lang='lat' dir='ltr'><strong>diem</strong></span> <span class='ocrx_word' id='word_1_45' title='bbox 703 955 716 977; x_wconf 85' lang='lat'><strong>,</strong></span> <span class='ocrx_word' id='word_1_46' title='bbox 750 914 888 968; x_wconf 86' lang='lat' dir='ltr'><strong>diem</strong></span> <span class='ocrx_word' id='word_1_47' title='bbox 919 911 1295 980; x_wconf 88' lang='lat' dir='ltr'><strong>sempiternum</strong></span> <span class='ocrx_word' id='word_1_48' title='bbox 1326 952 1340 974; x_wconf 92' lang='lat'><strong>,</strong></span> <span class='ocrx_word' id='word_1_49' title='bbox 1369 909 1456 964; x_wconf 89' lang='lat' dir='ltr'><strong>cui</strong></span> <span class='ocrx_word' id='word_1_50' title='bbox 1487 925 1588 964; x_wconf 89' lang='lat' dir='ltr'><strong>non</strong></span> <span class='ocrx_word' id='word_1_51' title='bbox 1619 911 1757 966; x_wconf 88' lang='lat' dir='ltr'><strong>cedit</strong></span> <span class='ocrx_word' id='word_1_52' title='bbox 1796 909 2075 965; x_wconf 81' lang='lat' dir='ltr'><strong>bc5ternus</strong></span> <span class='ocrx_word' id='word_1_53' title='bbox 2101 951 2116 975; x_wconf 92' lang='lat'><strong>,</strong></span> 
     </span>
    </p>
   </div>
   <div class='ocr_carea' id='block_1_8' title="bbox 541 1000 2121 1074">
    <p class='ocr_par' dir='ltr' id='par_1_8' title="bbox 541 1000 2121 1074">
     <span class='ocr_line' id='line_1_8' title="bbox 541 1000 2121 1074; baseline 0 -17"><span class='ocrx_word' id='word_1_54' title='bbox 541 1017 700 1074; x_wconf 77' lang='lat' dir='ltr'><strong>quem</strong></span> <span class='ocrx_word' id='word_1_55' title='bbox 729 1019 831 1058; x_wconf 89' lang='lat' dir='ltr'><strong>non</strong></span> <span class='ocrx_word' id='word_1_56' title='bbox 853 1011 1000 1072; x_wconf 85' lang='lat' dir='ltr'><strong>urget</strong></span> <span class='ocrx_word' id='word_1_57' title='bbox 1029 1001 1312 1056; x_wconf 86' lang='lat' dir='ltr'><strong>crastinus.</strong></span> <span class='ocrx_word' id='word_1_58' title='bbox 1339 1001 1456 1072; x_wconf 71' lang='lat' dir='ltr'><strong>Ipse</strong></span> <span class='ocrx_word' id='word_1_59' title='bbox 1485 1017 1619 1056; x_wconf 80' lang='lat' dir='ltr'><strong>tinus</strong></span> <span class='ocrx_word' id='word_1_60' title='bbox 1649 1001 1762 1056; x_wconf 78' lang='lat' dir='ltr'><strong>dies</strong></span> <span class='ocrx_word' id='word_1_61' title='bbox 1789 1000 2121 1057; x_wconf 85' lang='lat' dir='ltr'><strong>desideretur</strong></span> 
     </span>
    </p>
   </div>
   <div class='ocr_carea' id='block_1_9' title="bbox 477 1087 2117 1162">
    <p class='ocr_par' dir='ltr' id='par_1_9' title="bbox 477 1087 2117 1162">
     <span class='ocr_line' id='line_1_9' title="bbox 477 1087 2117 1162; baseline -0.002 -13"><span class='ocrx_word' id='word_1_62' title='bbox 477 1134 482 1136; x_wconf 86' lang='grc'><strong>-</strong></span> <span class='ocrx_word' id='word_1_63' title='bbox 541 1110 570 1149; x_wconf 86' lang='lat' dir='ltr'><strong>a</strong></span> <span class='ocrx_word' id='word_1_64' title='bbox 601 1094 772 1148; x_wconf 91' lang='lat' dir='ltr'><strong>nobis.</strong></span> <span class='ocrx_word' id='word_1_65' title='bbox 802 1087 1111 1162; x_wconf 70' lang='lat' dir='ltr'><strong>Quid&#39;nobis</strong></span> <span class='ocrx_word' id='word_1_66' title='bbox 1130 1099 1210 1146; x_wconf 89' lang='lat' dir='ltr'><strong>est</strong></span> <span class='ocrx_word' id='word_1_67' title='bbox 1236 1107 1356 1146; x_wconf 90' lang='lat' dir='ltr'><strong>cum</strong></span> <span class='ocrx_word' id='word_1_68' title='bbox 1389 1091 1620 1154; x_wconf 83' lang='lat' dir='ltr'><strong>millibus</strong></span> <span class='ocrx_word' id='word_1_69' title='bbox 1647 1091 1891 1146; x_wconf 84' lang='lat' dir='ltr'><strong>dierum?</strong></span> <span class='ocrx_word' id='word_1_70' title='bbox 1923 1092 2062 1147; x_wconf 89' lang='lat' dir='ltr'><strong>Imus</strong></span> <span class='ocrx_word' id='word_1_71' title='bbox 2087 1107 2117 1146; x_wconf 90' lang='lat' dir='ltr'><strong>a</strong></span> 
     </span>
    </p>
   </div>
   <div class='ocr_carea' id='block_1_10' title="bbox 545 1181 2118 1248">
    <p class='ocr_par' dir='ltr' id='par_1_10' title="bbox 545 1181 2118 1248">
     <span class='ocr_line' id='line_1_10' title="bbox 545 1181 2118 1248; baseline 0.001 -10"><span class='ocrx_word' id='word_1_72' title='bbox 545 1184 773 1238; x_wconf 79' lang='lat' dir='ltr'><strong>millibus</strong></span> <span class='ocrx_word' id='word_1_73' title='bbox 801 1183 1005 1238; x_wconf 89' lang='lat' dir='ltr'><strong>dierum</strong></span> <span class='ocrx_word' id='word_1_74' title='bbox 1035 1182 1102 1238; x_wconf 90' lang='lat' dir='ltr'><strong>ad</strong></span> <span class='ocrx_word' id='word_1_75' title='bbox 1129 1197 1291 1238; x_wconf 90' lang='lat' dir='ltr'><strong>unum</strong></span> <span class='ocrx_word' id='word_1_76' title='bbox 1319 1183 1460 1238; x_wconf 92' lang='lat' dir='ltr'><strong>dicm</strong></span> <span class='ocrx_word' id='word_1_77' title='bbox 1481 1184 1522 1248; x_wconf 77' lang='grc'><strong>⁸,</strong></span> <span class='ocrx_word' id='word_1_78' title='bbox 1570 1184 1707 1238; x_wconf 93' lang='lat' dir='ltr'><strong>sicut</strong></span> <span class='ocrx_word' id='word_1_79' title='bbox 1730 1181 1868 1239; x_wconf 89' lang='lat' dir='ltr'><strong>imus</strong></span> <span class='ocrx_word' id='word_1_80' title='bbox 1896 1199 1924 1238; x_wconf 89' lang='lat' dir='ltr'><strong>a</strong></span> <span class='ocrx_word' id='word_1_81' title='bbox 1952 1185 2118 1240; x_wconf 83' lang='lat' dir='ltr'><strong>virtu-</strong></span> 
     </span>
    </p>
   </div>
   <div class='ocr_carea' id='block_1_11' title="bbox 541 1276 2116 1331">
    <p class='ocr_par' dir='ltr' id='par_1_11' title="bbox 541 1276 2116 1331">
     <span class='ocr_line' id='line_1_11' title="bbox 541 1276 2116 1331; baseline 0 -1"><span class='ocrx_word' id='word_1_82' title='bbox 541 1278 679 1331; x_wconf 86' lang='lat' dir='ltr'><strong>tibus</strong></span> <span class='ocrx_word' id='word_1_83' title='bbox 709 1276 760 1330; x_wconf 90' lang='lat' dir='ltr'><strong>in</strong></span> <span class='ocrx_word' id='word_1_84' title='bbox 792 1277 1059 1330; x_wconf 83' lang='lat' dir='ltr'><strong>virtutem.</strong></span> <span class='ocrx_word' id='word_1_85' title='bbox 2110 1283 2116 1305; x_wconf 73' lang='grc'><strong>⁷</strong></span> 
     </span>
    </p>
   </div>
   <div class='ocr_carea' id='block_1_12' title="bbox 610 1364 2116 1437">
    <p class='ocr_par' dir='ltr' id='par_1_12' title="bbox 610 1364 2116 1437">
     <span class='ocr_line' id='line_1_12' title="bbox 610 1364 2116 1437; baseline 0 -17"><span class='ocrx_word' id='word_1_86' title='bbox 610 1368 695 1423; x_wconf 80' lang='grc'><strong>15.</strong></span> <span class='ocrx_word' id='word_1_87' title='bbox 724 1365 873 1436; x_wconf 74' lang='lat' dir='ltr'><strong>Elogi</strong></span> <span class='ocrx_word' id='word_1_88' title='bbox 897 1367 1045 1437; x_wconf 81' lang='lat' dir='ltr'><strong>abjici</strong></span> <span class='ocrx_word' id='word_1_89' title='bbox 1073 1366 1122 1420; x_wconf 89' lang='lat' dir='ltr'><strong>in</strong></span> <span class='ocrx_word' id='word_1_90' title='bbox 1147 1366 1302 1420; x_wconf 83' lang='lat' dir='ltr'><strong>domo</strong></span> <span class='ocrx_word' id='word_1_91' title='bbox 1327 1364 1556 1429; x_wconf 82' lang='lat' dir='ltr'><strong>Domini,</strong></span> <span class='ocrx_word' id='word_1_92' title='bbox 1589 1366 1748 1436; x_wconf 74' lang='lat' dir='ltr'><strong>magis</strong></span> <span class='ocrx_word' id='word_1_93' title='bbox 1789 1382 1938 1436; x_wconf 77' lang='lat' dir='ltr'><strong>quam</strong></span> <span class='ocrx_word' id='word_1_94' title='bbox 1967 1367 2116 1420; x_wconf 77' lang='lat' dir='ltr'><strong>habi-</strong></span> 
     </span>
    </p>
   </div>
   <div class='ocr_carea' id='block_1_13' title="bbox 537 1457 2112 1528">
    <p class='ocr_par' dir='ltr' id='par_1_13' title="bbox 537 1457 2112 1528">
     <span class='ocr_line' id='line_1_13' title="bbox 537 1457 2112 1528; baseline 0.001 -17"><span class='ocrx_word' id='word_1_95' title='bbox 537 1469 643 1514; x_wconf 87' lang='lat' dir='ltr'><strong>tare</strong></span> <span class='ocrx_word' id='word_1_96' title='bbox 670 1461 722 1514; x_wconf 84' lang='lat' dir='ltr'><strong>in</strong></span> <span class='ocrx_word' id='word_1_97' title='bbox 751 1458 1082 1513; x_wconf 70' lang='lat' dir='ltr'><strong>tabernaculis</strong></span> <span class='ocrx_word' id='word_1_98' title='bbox 1111 1466 1447 1528; x_wconf 79' lang='lat' dir='ltr'><strong>peccatorum.</strong></span> <span class='ocrx_word' id='word_1_99' title='bbox 1470 1457 1676 1512; x_wconf 81' lang='lat' dir='ltr'><strong>Invenit</strong></span> <span class='ocrx_word' id='word_1_100' title='bbox 1704 1458 1845 1512; x_wconf 88' lang='lat' dir='ltr'><strong>enim</strong></span> <span class='ocrx_word' id='word_1_101' title='bbox 1872 1458 1969 1511; x_wconf 89' lang='lat' dir='ltr'><strong>iste</strong></span> <span class='ocrx_word' id='word_1_102' title='bbox 1993 1473 2112 1513; x_wconf 81' lang='lat' dir='ltr'><strong>con-</strong></span> 
     </span>
    </p>
   </div>
   <div class='ocr_carea' id='block_1_14' title="bbox 534 1551 2116 1624">
    <p class='ocr_par' dir='ltr' id='par_1_14' title="bbox 534 1551 2116 1624">
     <span class='ocr_line' id='line_1_14' title="bbox 534 1551 2116 1624; baseline 0.003 -19"><span class='ocrx_word' id='word_1_103' title='bbox 534 1553 725 1608; x_wconf 85' lang='lat' dir='ltr'><strong>vallem</strong></span> <span class='ocrx_word' id='word_1_104' title='bbox 779 1553 1121 1624; x_wconf 85' lang='lat' dir='ltr'><strong>ploratiouis,</strong></span> <span class='ocrx_word' id='word_1_105' title='bbox 1163 1552 1363 1606; x_wconf 76' lang='lat' dir='ltr'><strong>invenit</strong></span> <span class='ocrx_word' id='word_1_106' title='bbox 1413 1552 1512 1607; x_wconf 86' lang='lat' dir='ltr'><strong>iste</strong></span> <span class='ocrx_word' id='word_1_107' title='bbox 1569 1551 1917 1608; x_wconf 85' lang='lat' dir='ltr'><strong>humilitatem</strong></span> <span class='ocrx_word' id='word_1_108' title='bbox 1976 1555 2116 1609; x_wconf 88' lang='lat' dir='ltr'><strong>unde</strong></span> 
     </span>
    </p>
   </div>
   <div class='ocr_carea' id='block_1_15' title="bbox 538 1644 2111 1715">
    <p class='ocr_par' dir='ltr' id='par_1_15' title="bbox 538 1644 2111 1715">
     <span class='ocr_line' id='line_1_15' title="bbox 538 1644 2111 1715; baseline 0.003 -17"><span class='ocrx_word' id='word_1_109' title='bbox 538 1645 787 1700; x_wconf 88' lang='lat' dir='ltr'><strong>ascendat</strong></span> <span class='ocrx_word' id='word_1_110' title='bbox 821 1665 835 1700; x_wconf 90' lang='lat'><em>:</em></span> <span class='ocrx_word' id='word_1_111' title='bbox 865 1646 959 1699; x_wconf 88' lang='lat' dir='ltr'><strong>scit</strong></span> <span class='ocrx_word' id='word_1_112' title='bbox 987 1645 1106 1715; x_wconf 86' lang='lat' dir='ltr'><strong>quia</strong></span> <span class='ocrx_word' id='word_1_113' title='bbox 1134 1644 1177 1698; x_wconf 93' lang='lat' dir='ltr'><strong>si</strong></span> <span class='ocrx_word' id='word_1_114' title='bbox 1205 1653 1274 1700; x_wconf 82' lang='lat' dir='ltr'><strong>se‘</strong></span> <span class='ocrx_word' id='word_1_115' title='bbox 1291 1645 1546 1699; x_wconf 81' lang='lat' dir='ltr'><strong>extollere</strong></span> <span class='ocrx_word' id='word_1_116' title='bbox 1572 1644 1816 1708; x_wconf 89' lang='lat' dir='ltr'><strong>voluerit,</strong></span> <span class='ocrx_word' id='word_1_117' title='bbox 1848 1645 2035 1712; x_wconf 91' lang='lat' dir='ltr'><strong>cadet,</strong></span> <span class='ocrx_word' id='word_1_118' title='bbox 2065 1648 2111 1702; x_wconf 91' lang='lat' dir='ltr'><strong>si</strong></span> 
     </span>
    </p>
   </div>
   <div class='ocr_carea' id='block_1_16' title="bbox 533 1734 2108 1806">
    <p class='ocr_par' dir='ltr' id='par_1_16' title="bbox 533 1734 2108 1806">
     <span class='ocr_line' id='line_1_16' title="bbox 533 1734 2108 1806; baseline 0 -15"><span class='ocrx_word' id='word_1_119' title='bbox 533 1752 592 1792; x_wconf 85' lang='lat' dir='ltr'><strong>se</strong></span> <span class='ocrx_word' id='word_1_120' title='bbox 622 1736 994 1800; x_wconf 86' lang='lat' dir='ltr'><strong>humiliaverit,</strong></span> <span class='ocrx_word' id='word_1_121' title='bbox 1025 1736 1288 1806; x_wconf 79' lang='lat' dir='ltr'><strong>erigetur;</strong></span> <span class='ocrx_word' id='word_1_122' title='bbox 1318 1735 1475 1805; x_wconf 78' lang='lat' dir='ltr'><strong>elegit</strong></span> <span class='ocrx_word' id='word_1_123' title='bbox 1496 1734 1671 1805; x_wconf 79' lang='lat' dir='ltr'><strong>abjici,</strong></span> <span class='ocrx_word' id='word_1_124' title='bbox 1702 1743 1758 1790; x_wconf 89' lang='lat' dir='ltr'><strong>ut</strong></span> <span class='ocrx_word' id='word_1_125' title='bbox 1781 1735 2108 1792; x_wconf 86' lang='lat' dir='ltr'><strong>sublevetur.</strong></span> 
     </span>
    </p>
   </div>
   <div class='ocr_carea' id='block_1_17' title="bbox 533 1825 2108 1895">
    <p class='ocr_par' dir='ltr' id='par_1_17' title="bbox 533 1825 2108 1895">
     <span class='ocr_line' id='line_1_17' title="bbox 533 1825 2108 1895; baseline 0.001 -16"><span class='ocrx_word' id='word_1_126' title='bbox 533 1827 698 1895; x_wconf 82' lang='lat' dir='ltr'><strong>Quam</strong></span> <span class='ocrx_word' id='word_1_127' title='bbox 731 1826 880 1880; x_wconf 92' lang='lat' dir='ltr'><strong>multi</strong></span> <span class='ocrx_word' id='word_1_128' title='bbox 912 1835 1102 1895; x_wconf 61' lang='lat' dir='ltr'><strong>praeter</strong></span> <span class='ocrx_word' id='word_1_129' title='bbox 1131 1825 1523 1879; x_wconf 83' lang='lat' dir='ltr'><strong>tabernaculum</strong></span> <span class='ocrx_word' id='word_1_130' title='bbox 1554 1825 1653 1879; x_wconf 90' lang='lat' dir='ltr'><strong>hoc</strong></span> <span class='ocrx_word' id='word_1_131' title='bbox 1696 1825 1971 1880; x_wconf 88' lang='lat' dir='ltr'><strong>torcularis</strong></span> <span class='ocrx_word' id='word_1_132' title='bbox 2010 1827 2108 1881; x_wconf 84' lang='lat' dir='ltr'><strong>do-</strong></span> 
     </span>
    </p>
   </div>
   <div class='ocr_carea' id='block_1_18' title="bbox 532 1916 2110 1988">
    <p class='ocr_par' dir='ltr' id='par_1_18' title="bbox 532 1916 2110 1988">
     <span class='ocr_line' id='line_1_18' title="bbox 532 1916 2110 1988; baseline 0.002 -16"><span class='ocrx_word' id='word_1_133' title='bbox 532 1919 741 1981; x_wconf 89' lang='lat' dir='ltr'><strong>minici,</strong></span> <span class='ocrx_word' id='word_1_134' title='bbox 777 1917 829 1972; x_wconf 88' lang='lat' dir='ltr'><strong>id</strong></span> <span class='ocrx_word' id='word_1_135' title='bbox 857 1926 956 1980; x_wconf 77' lang='lat' dir='ltr'><strong>est,</strong></span> <span class='ocrx_word' id='word_1_136' title='bbox 993 1925 1184 1986; x_wconf 73' lang='lat' dir='ltr'><strong>przeter</strong></span> <span class='ocrx_word' id='word_1_137' title='bbox 1208 1917 1502 1971; x_wconf 82' lang='lat' dir='ltr'><strong>Eeclesiam</strong></span> <span class='ocrx_word' id='word_1_138' title='bbox 1527 1916 1839 1988; x_wconf 81' lang='lat' dir='ltr'><strong>catholicam</strong></span> <span class='ocrx_word' id='word_1_139' title='bbox 1868 1917 2110 1975; x_wconf 83' lang='lat' dir='ltr'><strong>volentes</strong></span> 
     </span>
    </p>
   </div>
   <div class='ocr_carea' id='block_1_19' title="bbox 529 2007 2109 2089">
    <p class='ocr_par' dir='ltr' id='par_1_19' title="bbox 529 2007 2109 2089">
     <span class='ocr_line' id='line_1_19' title="bbox 529 2007 2109 2089; baseline 0.001 -25"><span class='ocrx_word' id='word_1_140' title='bbox 529 2009 822 2072; x_wconf 89' lang='lat' dir='ltr'><strong>sublimari,</strong></span> <span class='ocrx_word' id='word_1_141' title='bbox 841 2018 894 2064; x_wconf 89' lang='lat' dir='ltr'><strong>et</strong></span> <span class='ocrx_word' id='word_1_142' title='bbox 909 2017 1145 2062; x_wconf 85' lang='lat' dir='ltr'><strong>amantes</strong></span> <span class='ocrx_word' id='word_1_143' title='bbox 1167 2007 1399 2062; x_wconf 84' lang='lat' dir='ltr'><strong>honores</strong></span> <span class='ocrx_word' id='word_1_144' title='bbox 1417 2022 1563 2074; x_wconf 86' lang='lat' dir='ltr'><strong>suos,</strong></span> <span class='ocrx_word' id='word_1_145' title='bbox 1580 2008 1764 2062; x_wconf 90' lang='lat' dir='ltr'><strong>nolunt</strong></span> <span class='ocrx_word' id='word_1_146' title='bbox 1783 2023 2109 2089; x_wconf 81' lang='lat' dir='ltr'><strong>cegnoseere</strong></span> 
     </span>
    </p>
   </div>
   <div class='ocr_carea' id='block_1_20' title="bbox 527 2097 2110 2172">
    <p class='ocr_par' dir='ltr' id='par_1_20' title="bbox 527 2097 2110 2172">
     <span class='ocr_line' id='line_1_20' title="bbox 527 2097 2110 2172; baseline -0.001 -18"><span class='ocrx_word' id='word_1_147' title='bbox 527 2101 802 2156; x_wconf 87' lang='lat' dir='ltr'><strong>veritatem</strong></span> <span class='ocrx_word' id='word_1_148' title='bbox 823 2098 936 2168; x_wconf 83' lang='lat' dir='ltr'><strong>(a)?</strong></span> <span class='ocrx_word' id='word_1_149' title='bbox 958 2099 1011 2154; x_wconf 89' lang='lat' dir='ltr'><strong>Si</strong></span> <span class='ocrx_word' id='word_1_150' title='bbox 1038 2107 1180 2153; x_wconf 88' lang='lat' dir='ltr'><strong>esset</strong></span> <span class='ocrx_word' id='word_1_151' title='bbox 1208 2097 1312 2152; x_wconf 89' lang='lat' dir='ltr'><strong>illis</strong></span> <span class='ocrx_word' id='word_1_152' title='bbox 1338 2100 1389 2152; x_wconf 90' lang='lat' dir='ltr'><strong>in</strong></span> <span class='ocrx_word' id='word_1_153' title='bbox 1416 2097 1577 2152; x_wconf 86' lang='lat' dir='ltr'><strong>corde</strong></span> <span class='ocrx_word' id='word_1_154' title='bbox 1607 2112 1791 2152; x_wconf 88' lang='lat' dir='ltr'><strong>versus</strong></span> <span class='ocrx_word' id='word_1_155' title='bbox 1820 2099 1936 2162; x_wconf 90' lang='lat' dir='ltr'><strong>iste,</strong></span> <span class='ocrx_word' id='word_1_156' title='bbox 1963 2098 2110 2172; x_wconf 73' lang='lat' dir='ltr'><strong>Elogi</strong></span> 
     </span>
    </p>
   </div>
   <div class='ocr_carea' id='block_1_21' title="bbox 525 2188 2109 2262">
    <p class='ocr_par' dir='ltr' id='par_1_21' title="bbox 525 2188 2109 2262">
     <span class='ocr_line' id='line_1_21' title="bbox 525 2188 2109 2262; baseline -0.003 -16"><span class='ocrx_word' id='word_1_157' title='bbox 525 2192 677 2262; x_wconf 79' lang='lat' dir='ltr'><strong>abjici</strong></span> <span class='ocrx_word' id='word_1_158' title='bbox 701 2192 752 2245; x_wconf 83' lang='lat' dir='ltr'><strong>in</strong></span> <span class='ocrx_word' id='word_1_159' title='bbox 782 2190 930 2244; x_wconf 84' lang='lat' dir='ltr'><strong>domo</strong></span> <span class='ocrx_word' id='word_1_160' title='bbox 952 2189 1177 2255; x_wconf 87' lang='lat' dir='ltr'><strong>Domini,</strong></span> <span class='ocrx_word' id='word_1_161' title='bbox 1203 2189 1364 2259; x_wconf 78' lang='lat' dir='ltr'><strong>magis</strong></span> <span class='ocrx_word' id='word_1_162' title='bbox 1389 2205 1539 2259; x_wconf 77' lang='lat' dir='ltr'><strong>quam</strong></span> <span class='ocrx_word' id='word_1_163' title='bbox 1565 2188 1790 2242; x_wconf 74' lang='lat' dir='ltr'><strong>habitare</strong></span> <span class='ocrx_word' id='word_1_164' title='bbox 1803 2189 1854 2243; x_wconf 88' lang='lat' dir='ltr'><strong>in</strong></span> <span class='ocrx_word' id='word_1_165' title='bbox 1877 2188 2109 2243; x_wconf 71' lang='lat' dir='ltr'><strong>tabcrna~</strong></span> 
     </span>
    </p>
   </div>
   <div class='ocr_carea' id='block_1_22' title="bbox 527 2279 2103 2350">
    <p class='ocr_par' dir='ltr' id='par_1_22' title="bbox 527 2279 2103 2350">
     <span class='ocr_line' id='line_1_22' title="bbox 527 2279 2103 2350; baseline -0.002 -13"><span class='ocrx_word' id='word_1_166' title='bbox 527 2285 657 2338; x_wconf 76' lang='lat' dir='ltr'><strong>culis</strong></span> <span class='ocrx_word' id='word_1_167' title='bbox 681 2291 1030 2350; x_wconf 79' lang='lat' dir='ltr'><strong>peccatorum;</strong></span> <span class='ocrx_word' id='word_1_168' title='bbox 1055 2295 1232 2336; x_wconf 85' lang='lat' dir='ltr'><strong>nonne</strong></span> <span class='ocrx_word' id='word_1_169' title='bbox 1255 2280 1544 2350; x_wconf 83' lang='lat' dir='ltr'><strong>abjioerent</strong></span> <span class='ocrx_word' id='word_1_170' title='bbox 1568 2279 1825 2347; x_wconf 87' lang='lat' dir='ltr'><strong>honores,</strong></span> <span class='ocrx_word' id='word_1_171' title='bbox 1845 2289 1902 2336; x_wconf 86' lang='lat' dir='ltr'><strong>et</strong></span> <span class='ocrx_word' id='word_1_172' title='bbox 1919 2295 2103 2336; x_wconf 89' lang='lat' dir='ltr'><strong>curre-</strong></span> 
     </span>
    </p>
   </div>
   <div class='ocr_carea' id='block_1_23' title="bbox 525 2371 2104 2443">
    <p class='ocr_par' dir='ltr' id='par_1_23' title="bbox 525 2371 2104 2443">
     <span class='ocr_line' id='line_1_23' title="bbox 525 2371 2104 2443; baseline 0 -15"><span class='ocrx_word' id='word_1_173' title='bbox 525 2381 646 2431; x_wconf 88' lang='lat' dir='ltr'><strong>rent</strong></span> <span class='ocrx_word' id='word_1_174' title='bbox 692 2374 757 2429; x_wconf 90' lang='lat' dir='ltr'><strong>ad</strong></span> <span class='ocrx_word' id='word_1_175' title='bbox 807 2373 1098 2429; x_wconf 79' lang='lat' dir='ltr'><strong>convallem</strong></span> <span class='ocrx_word' id='word_1_176' title='bbox 1150 2372 1460 2443; x_wconf 83' lang='lat' dir='ltr'><strong>plorationis</strong></span> <span class='ocrx_word' id='word_1_177' title='bbox 1493 2413 1505 2436; x_wconf 94' lang='lat'><strong>,</strong></span> <span class='ocrx_word' id='word_1_178' title='bbox 1539 2379 1593 2427; x_wconf 91' lang='lat' dir='ltr'><strong>et</strong></span> <span class='ocrx_word' id='word_1_179' title='bbox 1632 2371 1756 2426; x_wconf 85' lang='lat' dir='ltr'><strong>hinc</strong></span> <span class='ocrx_word' id='word_1_180' title='bbox 1807 2372 2104 2428; x_wconf 85' lang='lat' dir='ltr'><strong>invenirent</strong></span> 
     </span>
    </p>
   </div>
   <div class='ocr_carea' id='block_1_24' title="bbox 522 2462 2103 2530">
    <p class='ocr_par' dir='ltr' id='par_1_24' title="bbox 522 2462 2103 2530">
     <span class='ocr_line' id='line_1_24' title="bbox 522 2462 2103 2530; baseline -0.001 -10"><span class='ocrx_word' id='word_1_181' title='bbox 522 2483 774 2522; x_wconf 77' lang='lat' dir='ltr'><strong>ascensus</strong></span> <span class='ocrx_word' id='word_1_182' title='bbox 801 2467 852 2520; x_wconf 90' lang='lat' dir='ltr'><strong>in</strong></span> <span class='ocrx_word' id='word_1_183' title='bbox 879 2464 1062 2530; x_wconf 89' lang='lat' dir='ltr'><strong>corde,</strong></span> <span class='ocrx_word' id='word_1_184' title='bbox 1085 2471 1142 2518; x_wconf 90' lang='lat' dir='ltr'><strong>et</strong></span> <span class='ocrx_word' id='word_1_185' title='bbox 1161 2464 1284 2518; x_wconf 89' lang='lat' dir='ltr'><strong>hinc</strong></span> <span class='ocrx_word' id='word_1_186' title='bbox 1311 2464 1448 2518; x_wconf 87' lang='lat' dir='ltr'><strong>irent</strong></span> <span class='ocrx_word' id='word_1_187' title='bbox 1480 2477 1509 2516; x_wconf 89' lang='lat' dir='ltr'><strong>a</strong></span> <span class='ocrx_word' id='word_1_188' title='bbox 1533 2462 1812 2518; x_wconf 83' lang='lat' dir='ltr'><strong>virtutibus</strong></span> <span class='ocrx_word' id='word_1_189' title='bbox 1843 2465 1894 2517; x_wconf 92' lang='lat' dir='ltr'><strong>in</strong></span> <span class='ocrx_word' id='word_1_190' title='bbox 1931 2465 2103 2518; x_wconf 86' lang='lat' dir='ltr'><strong>virtu-</strong></span> 
     </span>
    </p>
   </div>
   <div class='ocr_carea' id='block_1_25' title="bbox 523 2552 2104 2626">
    <p class='ocr_par' dir='ltr' id='par_1_25' title="bbox 523 2552 2104 2626">
     <span class='ocr_line' id='line_1_25' title="bbox 523 2552 2104 2626; baseline -0.001 -15"><span class='ocrx_word' id='word_1_191' title='bbox 523 2565 652 2623; x_wconf 86' lang='lat' dir='ltr'><strong>tem,</strong></span> <span class='ocrx_word' id='word_1_192' title='bbox 680 2565 936 2626; x_wconf 81' lang='lat' dir='ltr'><strong>ponentes</strong></span> <span class='ocrx_word' id='word_1_193' title='bbox 962 2569 1110 2623; x_wconf 88' lang='lat' dir='ltr'><strong>spem</strong></span> <span class='ocrx_word' id='word_1_194' title='bbox 1139 2569 1286 2608; x_wconf 83' lang='lat' dir='ltr'><strong>suam</strong></span> <span class='ocrx_word' id='word_1_195' title='bbox 1325 2554 1377 2607; x_wconf 94' lang='lat' dir='ltr'><strong>iu</strong></span> <span class='ocrx_word' id='word_1_196' title='bbox 1417 2552 1630 2608; x_wconf 88' lang='lat' dir='ltr'><strong>Christo</strong></span> <span class='ocrx_word' id='word_1_197' title='bbox 1654 2595 1668 2618; x_wconf 90' lang='lat'><strong>,</strong></span> <span class='ocrx_word' id='word_1_198' title='bbox 1698 2568 1803 2608; x_wconf 89' lang='lat' dir='ltr'><strong>non</strong></span> <span class='ocrx_word' id='word_1_199' title='bbox 1837 2554 1889 2607; x_wconf 90' lang='lat' dir='ltr'><strong>in</strong></span> <span class='ocrx_word' id='word_1_200' title='bbox 1923 2556 2104 2609; x_wconf 89' lang='lat' dir='ltr'><strong>nescio</strong></span> 
     </span>
    </p>
   </div>
   <div class='ocr_carea' id='block_1_26' title="bbox 522 2643 2098 2715">
    <p class='ocr_par' dir='ltr' id='par_1_26' title="bbox 522 2643 2098 2715">
     <span class='ocr_line' id='line_1_26' title="bbox 522 2643 2098 2715; baseline 0.003 -17"><span class='ocrx_word' id='word_1_201' title='bbox 522 2664 628 2714; x_wconf 83' lang='lat' dir='ltr'><strong>quo</strong></span> <span class='ocrx_word' id='word_1_202' title='bbox 657 2648 908 2703; x_wconf 83' lang='lat' dir='ltr'><strong>homine?</strong></span> <span class='ocrx_word' id='word_1_203' title='bbox 935 2647 1074 2700; x_wconf 77' lang='lat' dir='ltr'><strong>Bona</strong></span> <span class='ocrx_word' id='word_1_204' title='bbox 1101 2661 1222 2709; x_wconf 79' lang='lat' dir='ltr'><strong>vox,</strong></span> <span class='ocrx_word' id='word_1_205' title='bbox 1240 2643 1512 2715; x_wconf 74' lang='lat' dir='ltr'><strong>gaudenda</strong></span> <span class='ocrx_word' id='word_1_206' title='bbox 1539 2659 1664 2708; x_wconf 78' lang='lat' dir='ltr'><strong>vox,</strong></span> <span class='ocrx_word' id='word_1_207' title='bbox 1696 2645 1938 2714; x_wconf 85' lang='lat' dir='ltr'><strong>eligenda</strong></span> <span class='ocrx_word' id='word_1_208' title='bbox 1963 2661 2061 2700; x_wconf 79' lang='lat' dir='ltr'><strong>vox</strong></span> <span class='ocrx_word' id='word_1_209' title='bbox 2085 2665 2098 2702; x_wconf 92' lang='lat'><strong>:</strong></span> 
     </span>
    </p>
   </div>
   <div class='ocr_carea' id='block_1_27' title="bbox 522 2735 2101 2810">
    <p class='ocr_par' dir='ltr' id='par_1_27' title="bbox 522 2735 2101 2810">
     <span class='ocr_line' id='line_1_27' title="bbox 522 2735 2101 2810; baseline 0 -18"><span class='ocrx_word' id='word_1_210' title='bbox 522 2738 670 2809; x_wconf 67' lang='lat' dir='ltr'><strong>Elogi</strong></span> <span class='ocrx_word' id='word_1_211' title='bbox 693 2739 842 2810; x_wconf 80' lang='lat' dir='ltr'><strong>abjici</strong></span> <span class='ocrx_word' id='word_1_212' title='bbox 880 2739 932 2792; x_wconf 83' lang='lat' dir='ltr'><strong>in</strong></span> <span class='ocrx_word' id='word_1_213' title='bbox 971 2737 1120 2792; x_wconf 83' lang='lat' dir='ltr'><strong>domo</strong></span> <span class='ocrx_word' id='word_1_214' title='bbox 1148 2735 1389 2802; x_wconf 86' lang='lat' dir='ltr'><strong>Domini,</strong></span> <span class='ocrx_word' id='word_1_215' title='bbox 1422 2735 1582 2804; x_wconf 74' lang='lat' dir='ltr'><strong>&quot;regis</strong></span> <span class='ocrx_word' id='word_1_216' title='bbox 1618 2753 1767 2806; x_wconf 73' lang='lat' dir='ltr'><strong>quam</strong></span> <span class='ocrx_word' id='word_1_217' title='bbox 1796 2737 2024 2792; x_wconf 72' lang='lat' dir='ltr'><strong>habitare</strong></span> <span class='ocrx_word' id='word_1_218' title='bbox 2047 2740 2101 2793; x_wconf 78' lang='lat' dir='ltr'><strong>in</strong></span> 
     </span>
    </p>
   </div>
   <div class='ocr_carea' id='block_1_28' title="bbox 521 2827 2104 2900">
    <p class='ocr_par' dir='ltr' id='par_1_28' title="bbox 521 2827 2104 2900">
     <span class='ocr_line' id='line_1_28' title="bbox 521 2827 2104 2900; baseline -0.001 -16"><span class='ocrx_word' id='word_1_219' title='bbox 521 2831 852 2886; x_wconf 75' lang='lat' dir='ltr'><strong>tabernaculis</strong></span> <span class='ocrx_word' id='word_1_220' title='bbox 875 2840 1206 2900; x_wconf 79' lang='lat' dir='ltr'><strong>peccatorum.</strong></span> <span class='ocrx_word' id='word_1_221' title='bbox 1232 2827 1348 2898; x_wconf 79' lang='lat' dir='ltr'><strong>ipse</strong></span> <span class='ocrx_word' id='word_1_222' title='bbox 1376 2827 1534 2899; x_wconf 81' lang='lat' dir='ltr'><strong>elegit</strong></span> <span class='ocrx_word' id='word_1_223' title='bbox 1561 2828 1712 2900; x_wconf 81' lang='lat' dir='ltr'><strong>abjiei</strong></span> <span class='ocrx_word' id='word_1_224' title='bbox 1736 2829 1789 2884; x_wconf 91' lang='lat' dir='ltr'><strong>in</strong></span> <span class='ocrx_word' id='word_1_225' title='bbox 1817 2830 1974 2885; x_wconf 87' lang='lat' dir='ltr'><strong>domo</strong></span> <span class='ocrx_word' id='word_1_226' title='bbox 1999 2832 2104 2884; x_wconf 75' lang='lat' dir='ltr'><strong>llo-</strong></span> 
     </span>
    </p>
   </div>
   <div class='ocr_carea' id='block_1_29' title="bbox 521 2919 2097 2991">
    <p class='ocr_par' dir='ltr' id='par_1_29' title="bbox 521 2919 2097 2991">
     <span class='ocr_line' id='line_1_29' title="bbox 521 2919 2097 2991; baseline -0.001 -14"><span class='ocrx_word' id='word_1_227' title='bbox 521 2924 650 2978; x_wconf 91' lang='lat' dir='ltr'><strong>mini</strong></span> <span class='ocrx_word' id='word_1_228' title='bbox 676 2940 690 2988; x_wconf 91' lang='lat'><strong>;</strong></span> <span class='ocrx_word' id='word_1_229' title='bbox 715 2922 804 2978; x_wconf 90' lang='lat' dir='ltr'><strong>sed</strong></span> <span class='ocrx_word' id='word_1_230' title='bbox 833 2923 922 2976; x_wconf 90' lang='lat' dir='ltr'><strong>ille</strong></span> <span class='ocrx_word' id='word_1_231' title='bbox 963 2922 1051 2991; x_wconf 91' lang='lat' dir='ltr'><strong>qui</strong></span> <span class='ocrx_word' id='word_1_232' title='bbox 1082 2920 1320 2975; x_wconf 86' lang='lat' dir='ltr'><strong>invitavit</strong></span> <span class='ocrx_word' id='word_1_233' title='bbox 1353 2919 1419 2974; x_wconf 91' lang='lat' dir='ltr'><strong>ad</strong></span> <span class='ocrx_word' id='word_1_234' title='bbox 1457 2920 1754 2975; x_wconf 84' lang='lat' dir='ltr'><strong>convivium</strong></span> <span class='ocrx_word' id='word_1_235' title='bbox 1777 2961 1794 2987; x_wconf 87' lang='lat'><strong>,</strong></span> <span class='ocrx_word' id='word_1_236' title='bbox 1817 2921 2097 2991; x_wconf 71' lang='lat' dir='ltr'><strong>eligentem</strong></span> 
     </span>
    </p>
   </div>
   <div class='ocr_carea' id='block_1_30' title="bbox 517 3012 2094 3083">
    <p class='ocr_par' dir='ltr' id='par_1_30' title="bbox 517 3012 2094 3083">
     <span class='ocr_line' id='line_1_30' title="bbox 517 3012 2094 3083; baseline -0.001 -13"><span class='ocrx_word' id='word_1_237' title='bbox 517 3016 822 3071; x_wconf 72' lang='lat' dir='ltr'><strong>lni&#39;erior.=m</strong></span> <span class='ocrx_word' id='word_1_238' title='bbox 863 3015 1035 3069; x_wconf 91' lang='lat' dir='ltr'><strong>locum</strong></span> <span class='ocrx_word' id='word_1_239' title='bbox 1062 3022 1213 3068; x_wconf 89' lang='lat' dir='ltr'><strong>vocat</strong></span> <span class='ocrx_word' id='word_1_240' title='bbox 1241 3012 1307 3067; x_wconf 87' lang='lat' dir='ltr'><strong>ad</strong></span> <span class='ocrx_word' id='word_1_241' title='bbox 1343 3012 1670 3083; x_wconf 86' lang='lat' dir='ltr'><strong>superiorem</strong></span> <span class='ocrx_word' id='word_1_242' title='bbox 1696 3053 1712 3077; x_wconf 93' lang='lat'><strong>,</strong></span> <span class='ocrx_word' id='word_1_243' title='bbox 1734 3021 1788 3068; x_wconf 91' lang='lat' dir='ltr'><strong>et</strong></span> <span class='ocrx_word' id='word_1_244' title='bbox 1829 3013 1956 3068; x_wconf 89' lang='lat' dir='ltr'><strong>dicit</strong></span> <span class='ocrx_word' id='word_1_245' title='bbox 1982 3015 2056 3068; x_wconf 86' lang='lat' dir='ltr'><strong>illi</strong></span> <span class='ocrx_word' id='word_1_246' title='bbox 2080 3057 2094 3078; x_wconf 92' lang='lat'><strong>,</strong></span> 
     </span>
    </p>
   </div>
   <div class='ocr_carea' id='block_1_31' title="bbox 520 3103 2097 3179">
    <p class='ocr_par' dir='ltr' id='par_1_31' title="bbox 520 3103 2097 3179">
     <span class='ocr_line' id='line_1_31' title="bbox 520 3103 2097 3179; baseline -0.001 -18"><span class='ocrx_word' id='word_1_247' title='bbox 520 3107 740 3161; x_wconf 77' lang='lat' dir='ltr'><strong>Ascende</strong></span> <span class='ocrx_word' id='word_1_248' title='bbox 764 3104 910 3179; x_wconf 83' lang='lat' dir='ltr'><strong>(Luc.</strong></span> <span class='ocrx_word' id='word_1_249' title='bbox 935 3120 1044 3172; x_wconf 67' lang='grc' dir='ltr'><strong>χεν,</strong></span> <span class='ocrx_word' id='word_1_250' title='bbox 1078 3103 1183 3176; x_wconf 84' lang='grc'><strong>10).</strong></span> <span class='ocrx_word' id='word_1_251' title='bbox 1209 3104 1326 3174; x_wconf 84' lang='lat' dir='ltr'><strong>Ipse</strong></span> <span class='ocrx_word' id='word_1_252' title='bbox 1351 3112 1655 3158; x_wconf 86' lang='lat' dir='ltr'><strong>tamennon</strong></span> <span class='ocrx_word' id='word_1_253' title='bbox 1675 3103 1831 3173; x_wconf 78' lang='lat' dir='ltr'><strong>elegit</strong></span> <span class='ocrx_word' id='word_1_254' title='bbox 1861 3104 1957 3158; x_wconf 83' lang='lat' dir='ltr'><strong>nisi</strong></span> <span class='ocrx_word' id='word_1_255' title='bbox 1980 3119 2097 3162; x_wconf 83' lang='lat' dir='ltr'><strong>esse</strong></span> 
     </span>
    </p>
   </div>
   <div class='ocr_carea' id='block_1_32' title="bbox 517 3195 2094 3266">
    <p class='ocr_par' dir='ltr' id='par_1_32' title="bbox 517 3195 2094 3266">
     <span class='ocr_line' id='line_1_32' title="bbox 517 3195 2094 3266; baseline -0.001 -14"><span class='ocrx_word' id='word_1_256' title='bbox 517 3200 566 3252; x_wconf 89' lang='lat' dir='ltr'><strong>in</strong></span> <span class='ocrx_word' id='word_1_257' title='bbox 593 3199 752 3253; x_wconf 89' lang='lat' dir='ltr'><strong>domo</strong></span> <span class='ocrx_word' id='word_1_258' title='bbox 776 3197 1000 3261; x_wconf 88' lang='lat' dir='ltr'><strong>Domini,</strong></span> <span class='ocrx_word' id='word_1_259' title='bbox 1024 3197 1077 3250; x_wconf 91' lang='lat' dir='ltr'><strong>in</strong></span> <span class='ocrx_word' id='word_1_260' title='bbox 1097 3209 1428 3266; x_wconf 89' lang='lat' dir='ltr'><strong>quocumque</strong></span> <span class='ocrx_word' id='word_1_261' title='bbox 1453 3195 1592 3260; x_wconf 89' lang='lat' dir='ltr'><strong>loco,</strong></span> <span class='ocrx_word' id='word_1_262' title='bbox 1618 3208 1724 3248; x_wconf 92' lang='lat' dir='ltr'><strong>non</strong></span> <span class='ocrx_word' id='word_1_263' title='bbox 1749 3204 1921 3250; x_wconf 88' lang='lat' dir='ltr'><strong>tamen</strong></span> <span class='ocrx_word' id='word_1_264' title='bbox 1945 3207 2094 3251; x_wconf 79' lang='lat' dir='ltr'><strong>extra</strong></span> 
     </span>
    </p>
   </div>
   <div class='ocr_carea' id='block_1_33' title="bbox 515 3291 694 3345">
    <p class='ocr_par' dir='ltr' id='par_1_33' title="bbox 515 3291 694 3345">
     <span class='ocr_line' id='line_1_33' title="bbox 515 3291 694 3345; baseline -0.011 -1"><span class='ocrx_word' id='word_1_265' title='bbox 515 3291 694 3345; x_wconf 82' lang='lat' dir='ltr'><strong>limen.</strong></span> 
     </span>
    </p>
   </div>
   <div class='ocr_carea' id='block_1_34' title="bbox 584 3376 2083 3453">
    <p class='ocr_par' dir='ltr' id='par_1_34' title="bbox 584 3376 2083 3453">
     <span class='ocr_line' id='line_1_34' title="bbox 584 3376 2083 3453; baseline -0.001 -17"><span class='ocrx_word' id='word_1_266' title='bbox 584 3383 670 3436; x_wconf 73' lang='lat'><strong>16.</strong></span> <span class='ocrx_word' id='word_1_267' title='bbox 704 3381 852 3453; x_wconf 82' lang='lat' dir='ltr'><strong>[vers.</strong></span> <span class='ocrx_word' id='word_1_268' title='bbox 898 3378 1008 3452; x_wconf 68' lang='lat'><strong>12.]</strong></span> <span class='ocrx_word' id='word_1_269' title='bbox 1034 3379 1207 3447; x_wconf 84' lang='lat' dir='ltr'><strong>Quare</strong></span> <span class='ocrx_word' id='word_1_270' title='bbox 1230 3377 1390 3448; x_wconf 76' lang='lat' dir='ltr'><strong>elegit</strong></span> <span class='ocrx_word' id='word_1_271' title='bbox 1416 3376 1652 3448; x_wconf 89' lang='lat' dir='ltr'><strong>ahjectus</strong></span> <span class='ocrx_word' id='word_1_272' title='bbox 1691 3393 1810 3434; x_wconf 90' lang='lat' dir='ltr'><strong>esse</strong></span> <span class='ocrx_word' id='word_1_273' title='bbox 1841 3379 1892 3432; x_wconf 91' lang='lat' dir='ltr'><strong>in</strong></span> <span class='ocrx_word' id='word_1_274' title='bbox 1922 3378 2083 3434; x_wconf 88' lang='lat' dir='ltr'><strong>domo</strong></span> 
     </span>
    </p>
   </div>
   <div class='ocr_carea' id='block_1_35' title="bbox 515 3467 2091 3540">
    <p class='ocr_par' dir='ltr' id='par_1_35' title="bbox 515 3467 2091 3540">
     <span class='ocr_line' id='line_1_35' title="bbox 515 3467 2091 3540; baseline -0.003 -12"><span class='ocrx_word' id='word_1_275' title='bbox 515 3472 742 3533; x_wconf 83' lang='lat' dir='ltr'><strong>Domini,</strong></span> <span class='ocrx_word' id='word_1_276' title='bbox 789 3471 955 3540; x_wconf 78' lang='lat' dir='ltr'><strong>magis</strong></span> <span class='ocrx_word' id='word_1_277' title='bbox 979 3485 1133 3540; x_wconf 89' lang='lat' dir='ltr'><strong>quam</strong></span> <span class='ocrx_word' id='word_1_278' title='bbox 1163 3467 1401 3522; x_wconf 87' lang='lat' dir='ltr'><strong>habitare</strong></span> <span class='ocrx_word' id='word_1_279' title='bbox 1441 3469 1492 3522; x_wconf 90' lang='lat' dir='ltr'><strong>in</strong></span> <span class='ocrx_word' id='word_1_280' title='bbox 1524 3467 1876 3522; x_wconf 88' lang='lat' dir='ltr'><strong>tabernaculis</strong></span> <span class='ocrx_word' id='word_1_281' title='bbox 1901 3481 2091 3538; x_wconf 83' lang='lat' dir='ltr'><strong>pecca-</strong></span> 
     </span>
    </p>
   </div>
   <div class='ocr_carea' id='block_1_36' title="bbox 514 3559 2088 3630">
    <p class='ocr_par' dir='ltr' id='par_1_36' title="bbox 514 3559 2088 3630">
     <span class='ocr_line' id='line_1_36' title="bbox 514 3559 2088 3630; baseline -0.003 -13"><span class='ocrx_word' id='word_1_282' title='bbox 514 3563 732 3618; x_wconf 80' lang='lat' dir='ltr'><strong>torum?</strong></span> <span class='ocrx_word' id='word_1_283' title='bbox 761 3563 892 3630; x_wconf 83' lang='lat' dir='ltr'><strong>Quia</strong></span> <span class='ocrx_word' id='word_1_284' title='bbox 933 3560 1328 3615; x_wconf 76' lang='lat' dir='ltr'><strong>misericordiam</strong></span> <span class='ocrx_word' id='word_1_285' title='bbox 1353 3569 1399 3612; x_wconf 82' lang='lat' dir='ltr'><strong>et</strong></span> <span class='ocrx_word' id='word_1_286' title='bbox 1425 3559 1678 3613; x_wconf 80' lang='lat' dir='ltr'><strong>veritatem</strong></span> <span class='ocrx_word' id='word_1_287' title='bbox 1721 3560 1885 3629; x_wconf 82' lang='lat' dir='ltr'><strong>diligit</strong></span> <span class='ocrx_word' id='word_1_288' title='bbox 1930 3559 2088 3614; x_wconf 65' lang='lat' dir='ltr'><strong>Dcite.</strong></span> 
     </span>
    </p>
   </div>
   <div class='ocr_carea' id='block_1_37' title="bbox 512 3649 2091 3720">
    <p class='ocr_par' dir='ltr' id='par_1_37' title="bbox 512 3649 2091 3720">
     <span class='ocr_line' id='line_1_37' title="bbox 512 3649 2091 3720; baseline -0.002 -11"><span class='ocrx_word' id='word_1_289' title='bbox 512 3657 768 3709; x_wconf 75' lang='lat' dir='ltr'><strong>Dominus</strong></span> <span class='ocrx_word' id='word_1_290' title='bbox 810 3650 1229 3708; x_wconf 86' lang='lat' dir='ltr'><strong>misericordiam</strong></span> <span class='ocrx_word' id='word_1_291' title='bbox 1259 3649 1449 3719; x_wconf 81' lang='lat' dir='ltr'><strong>diligit,</strong></span> <span class='ocrx_word' id='word_1_292' title='bbox 1480 3663 1583 3720; x_wconf 88' lang='lat' dir='ltr'><strong>qua</strong></span> <span class='ocrx_word' id='word_1_293' title='bbox 1612 3649 1739 3704; x_wconf 87' lang='lat' dir='ltr'><strong>mihi</strong></span> <span class='ocrx_word' id='word_1_294' title='bbox 1770 3651 1942 3720; x_wconf 88' lang='lat' dir='ltr'><strong>primo</strong></span> <span class='ocrx_word' id='word_1_295' title='bbox 1967 3650 2091 3706; x_wconf 82' lang='lat' dir='ltr'><strong>sub-</strong></span> 
     </span>
    </p>
   </div>
   <div class='ocr_carea' id='block_1_38' title="bbox 511 3741 2090 3814">
    <p class='ocr_par' dir='ltr' id='par_1_38' title="bbox 511 3741 2090 3814">
     <span class='ocr_line' id='line_1_38' title="bbox 511 3741 2090 3814; baseline -0.003 -14"><span class='ocrx_word' id='word_1_296' title='bbox 511 3749 653 3802; x_wconf 83' lang='lat' dir='ltr'><strong>venit</strong></span> <span class='ocrx_word' id='word_1_297' title='bbox 681 3763 694 3801; x_wconf 91' lang='lat'>:</span> <span class='ocrx_word' id='word_1_298' title='bbox 724 3747 998 3802; x_wconf 79' lang='lat' dir='ltr'><strong>veritatem</strong></span> <span class='ocrx_word' id='word_1_299' title='bbox 1027 3743 1214 3814; x_wconf 77' lang='lat' dir='ltr'><strong>diligit,</strong></span> <span class='ocrx_word' id='word_1_300' title='bbox 1246 3749 1304 3797; x_wconf 91' lang='lat' dir='ltr'><strong>ut</strong></span> <span class='ocrx_word' id='word_1_301' title='bbox 1326 3741 1561 3796; x_wconf 87' lang='lat' dir='ltr'><strong>credenti</strong></span> <span class='ocrx_word' id='word_1_302' title='bbox 1589 3741 1676 3796; x_wconf 90' lang='lat' dir='ltr'><strong>det</strong></span> <span class='ocrx_word' id='word_1_303' title='bbox 1703 3742 1843 3812; x_wconf 86' lang='lat' dir='ltr'><strong>quod</strong></span> <span class='ocrx_word' id='word_1_304' title='bbox 1890 3743 2090 3811; x_wconf 88' lang='lat' dir='ltr'><strong>promi-</strong></span> 
     </span>
    </p>
   </div>
   <div class='ocr_carea' id='block_1_39' title="bbox 509 3833 2084 3903">
    <p class='ocr_par' dir='ltr' id='par_1_39' title="bbox 509 3833 2084 3903">
     <span class='ocr_line' id='line_1_39' title="bbox 509 3833 2084 3903; baseline 0 -13"><span class='ocrx_word' id='word_1_305' title='bbox 509 3841 596 3892; x_wconf 69' lang='lat' dir='ltr'><strong>sit.</strong></span> <span class='ocrx_word' id='word_1_306' title='bbox 624 3836 754 3892; x_wconf 78' lang='lat' dir='ltr'><strong>Audi</strong></span> <span class='ocrx_word' id='word_1_307' title='bbox 777 3835 1189 3891; x_wconf 78' lang='lat' dir='ltr'><strong>misericordiam</strong></span> <span class='ocrx_word' id='word_1_308' title='bbox 1209 3841 1264 3889; x_wconf 92' lang='lat' dir='ltr'><strong>et</strong></span> <span class='ocrx_word' id='word_1_309' title='bbox 1278 3833 1553 3888; x_wconf 87' lang='lat' dir='ltr'><strong>veritatem</strong></span> <span class='ocrx_word' id='word_1_310' title='bbox 1570 3834 1620 3888; x_wconf 89' lang='lat' dir='ltr'><strong>in</strong></span> <span class='ocrx_word' id='word_1_311' title='bbox 1643 3836 1882 3903; x_wconf 81' lang='lat' dir='ltr'><strong>apostolo</strong></span> <span class='ocrx_word' id='word_1_312' title='bbox 1899 3836 2084 3900; x_wconf 69' lang='lat' dir='ltr'><strong>Paulo,</strong></span> 
     </span>
    </p>
   </div>
   <div class='ocr_carea' id='block_1_40' title="bbox 508 3924 2088 3999">
    <p class='ocr_par' dir='ltr' id='par_1_40' title="bbox 508 3924 2088 3999">
     <span class='ocr_line' id='line_1_40' title="bbox 508 3924 2088 3999; baseline 0.001 -18"><span class='ocrx_word' id='word_1_313' title='bbox 508 3929 654 3999; x_wconf 85' lang='lat' dir='ltr'><strong>prius</strong></span> <span class='ocrx_word' id='word_1_314' title='bbox 695 3928 856 3984; x_wconf 88' lang='lat' dir='ltr'><strong>Sanlo</strong></span> <span class='ocrx_word' id='word_1_315' title='bbox 901 3935 1256 3996; x_wconf 87' lang='lat' dir='ltr'><strong>persecutore.</strong></span> <span class='ocrx_word' id='word_1_316' title='bbox 1308 3924 1579 3994; x_wconf 83' lang='lat' dir='ltr'><strong>indigebat</strong></span> <span class='ocrx_word' id='word_1_317' title='bbox 1624 3925 2006 3993; x_wconf 74' lang='lat' dir='ltr'><strong>misericordia,</strong></span> <span class='ocrx_word' id='word_1_318' title='bbox 2035 3937 2088 3983; x_wconf 87' lang='lat' dir='ltr'><strong>et</strong></span> 
     </span>
    </p>
   </div>
   <div class='ocr_carea' id='block_1_41' title="bbox 506 4015 2087 4087">
    <p class='ocr_par' dir='ltr' id='par_1_41' title="bbox 506 4015 2087 4087">
     <span class='ocr_line' id='line_1_41' title="bbox 506 4015 2087 4087; baseline 0.002 -15"><span class='ocrx_word' id='word_1_319' title='bbox 506 4019 636 4074; x_wconf 83' lang='lat' dir='ltr'><strong>dixit</strong></span> <span class='ocrx_word' id='word_1_320' title='bbox 667 4019 717 4073; x_wconf 91' lang='lat' dir='ltr'><strong>in</strong></span> <span class='ocrx_word' id='word_1_321' title='bbox 759 4033 817 4073; x_wconf 92' lang='lat' dir='ltr'><strong>se</strong></span> <span class='ocrx_word' id='word_1_322' title='bbox 863 4015 1051 4072; x_wconf 78' lang='lat' dir='ltr'><strong>lactant</strong></span> <span class='ocrx_word' id='word_1_323' title='bbox 1085 4035 1097 4071; x_wconf 92' lang='lat'>:</span> <span class='ocrx_word' id='word_1_324' title='bbox 1133 4033 1152 4067; x_wconf 72' lang='grc' dir='ltr'>ι</span> <span class='ocrx_word' id='word_1_325' title='bbox 1189 4015 1287 4083; x_wconf 91' lang='lat' dir='ltr'><strong>Qui</strong></span> <span class='ocrx_word' id='word_1_326' title='bbox 1334 4017 1477 4085; x_wconf 86' lang='lat' dir='ltr'><strong>prius</strong></span> <span class='ocrx_word' id='word_1_327' title='bbox 1521 4016 1593 4071; x_wconf 81' lang='lat' dir='ltr'><strong>lui</strong></span> <span class='ocrx_word' id='word_1_328' title='bbox 1640 4016 1997 4087; x_wconf 76' lang='lat' dir='ltr'><strong>blasphemus,</strong></span> <span class='ocrx_word' id='word_1_329' title='bbox 2033 4031 2087 4074; x_wconf 90' lang='lat' dir='ltr'><strong>et</strong></span> 
     </span>
    </p>
   </div>
   <div class='ocr_carea' id='block_1_42' title="bbox 506 4107 2085 4178">
    <p class='ocr_par' dir='ltr' id='par_1_42' title="bbox 506 4107 2085 4178">
     <span class='ocr_line' id='line_1_42' title="bbox 506 4107 2085 4178; baseline 0.001 -16"><span class='ocrx_word' id='word_1_330' title='bbox 506 4119 832 4178; x_wconf 87' lang='lat' dir='ltr'><strong>perseeutor,</strong></span> <span class='ocrx_word' id='word_1_331' title='bbox 876 4117 930 4162; x_wconf 90' lang='lat' dir='ltr'><strong>et</strong></span> <span class='ocrx_word' id='word_1_332' title='bbox 972 4107 1295 4173; x_wconf 53' lang='lat' dir='ltr'><strong>iniuriosus;</strong></span> <span class='ocrx_word' id='word_1_333' title='bbox 1331 4107 1424 4161; x_wconf 86' lang='lat' dir='ltr'><strong>sed</strong></span> <span class='ocrx_word' id='word_1_334' title='bbox 1449 4107 1866 4162; x_wconf 84' lang='lat' dir='ltr'><strong>misericordiam</strong></span> <span class='ocrx_word' id='word_1_335' title='bbox 1894 4125 2085 4165; x_wconf 58' lang='lat' dir='ltr'><strong>conse-</strong></span> 
     </span>
    </p>
   </div>
   <div class='ocr_carea' id='block_1_43' title="bbox 503 4194 2084 4272">
    <p class='ocr_par' dir='ltr' id='par_1_43' title="bbox 503 4194 2084 4272">
     <span class='ocr_line' id='line_1_43' title="bbox 503 4194 2084 4272; baseline 0 -17"><span class='ocrx_word' id='word_1_336' title='bbox 503 4213 658 4255; x_wconf 83' lang='lat' dir='ltr'><strong>cutus</strong></span> <span class='ocrx_word' id='word_1_337' title='bbox 686 4214 824 4264; x_wconf 90' lang='lat' dir='ltr'><strong>sum,</strong></span> <span class='ocrx_word' id='word_1_338' title='bbox 848 4207 904 4251; x_wconf 93' lang='lat' dir='ltr'><strong>ut</strong></span> <span class='ocrx_word' id='word_1_339' title='bbox 931 4199 978 4251; x_wconf 91' lang='lat' dir='ltr'><strong>iu</strong></span> <span class='ocrx_word' id='word_1_340' title='bbox 1002 4213 1085 4251; x_wconf 90' lang='lat' dir='ltr'><strong>me</strong></span> <span class='ocrx_word' id='word_1_341' title='bbox 1107 4195 1412 4272; x_wconf 83' lang='lat' dir='ltr'><strong>ostenderet</strong></span> <span class='ocrx_word' id='word_1_342' title='bbox 1431 4194 1673 4251; x_wconf 85' lang='lat' dir='ltr'><strong>Christus</strong></span> <span class='ocrx_word' id='word_1_343' title='bbox 1693 4198 1848 4252; x_wconf 83' lang='lat' dir='ltr'><strong>.lcsus</strong></span> <span class='ocrx_word' id='word_1_344' title='bbox 1869 4215 2084 4256; x_wconf 76' lang='lat' dir='ltr'><strong>omnem</strong></span> 
     </span>
    </p>
   </div>
   <div class='ocr_carea' id='block_1_44' title="bbox 507 4285 2082 4361">
    <p class='ocr_par' dir='ltr' id='par_1_44' title="bbox 507 4285 2082 4361">
     <span class='ocr_line' id='line_1_44' title="bbox 507 4285 2082 4361; baseline 0.002 -17"><span class='ocrx_word' id='word_1_345' title='bbox 507 4290 952 4361; x_wconf 74' lang='lat' dir='ltr'><strong>longanimitatem</strong></span> <span class='ocrx_word' id='word_1_346' title='bbox 987 4289 1037 4342; x_wconf 90' lang='lat' dir='ltr'><strong>in</strong></span> <span class='ocrx_word' id='word_1_347' title='bbox 1077 4303 1168 4343; x_wconf 89' lang='lat' dir='ltr'><strong>eos</strong></span> <span class='ocrx_word' id='word_1_348' title='bbox 1199 4287 1284 4356; x_wconf 85' lang='lat' dir='ltr'><strong>qui</strong></span> <span class='ocrx_word' id='word_1_349' title='bbox 1309 4285 1558 4342; x_wconf 86' lang='lat' dir='ltr'><strong>credituri</strong></span> <span class='ocrx_word' id='word_1_350' title='bbox 1584 4302 1701 4343; x_wconf 87' lang='lat' dir='ltr'><strong>sunt</strong></span> <span class='ocrx_word' id='word_1_351' title='bbox 1733 4289 1806 4343; x_wconf 88' lang='lat' dir='ltr'><strong>illi</strong></span> <span class='ocrx_word' id='word_1_352' title='bbox 1840 4292 1891 4345; x_wconf 92' lang='lat' dir='ltr'><strong>iu</strong></span> <span class='ocrx_word' id='word_1_353' title='bbox 1923 4293 2082 4347; x_wconf 86' lang='lat' dir='ltr'><strong>vitam</strong></span> 
     </span>
    </p>
   </div>
   <div class='ocr_carea' id='block_1_45' title="bbox 507 4375 2082 4451">
    <p class='ocr_par' dir='ltr' id='par_1_45' title="bbox 507 4375 2082 4451">
     <span class='ocr_line' id='line_1_45' title="bbox 507 4375 2082 4451; baseline 0.001 -15"><span class='ocrx_word' id='word_1_354' title='bbox 507 4392 760 4436; x_wconf 85' lang='lat' dir='ltr'><strong>aeternam</strong></span> <span class='ocrx_word' id='word_1_355' title='bbox 794 4398 814 4432; x_wconf 75' lang='grc' dir='ltr'><strong><em>ι</em></strong></span> <span class='ocrx_word' id='word_1_356' title='bbox 851 4377 887 4445; x_wconf 89' lang='grc'><strong>(1</strong></span> <span class='ocrx_word' id='word_1_357' title='bbox 921 4378 1053 4433; x_wconf 85' lang='lat' dir='ltr'><strong>Tim.</strong></span> <span class='ocrx_word' id='word_1_358' title='bbox 1086 4393 1124 4442; x_wconf 77' lang='grc' dir='ltr'><strong>ι,</strong></span> <span class='ocrx_word' id='word_1_359' title='bbox 1169 4375 1255 4442; x_wconf 68' lang='lat' dir='ltr'><strong>lii,</strong></span> <span class='ocrx_word' id='word_1_360' title='bbox 1302 4377 1412 4449; x_wconf 67' lang='lat'><strong>16).</strong></span> <span class='ocrx_word' id='word_1_361' title='bbox 1455 4377 1524 4434; x_wconf 90' lang='lat' dir='ltr'><strong>Ut</strong></span> <span class='ocrx_word' id='word_1_362' title='bbox 1553 4393 1672 4433; x_wconf 78' lang='lat' dir='ltr'><strong>cuin</strong></span> <span class='ocrx_word' id='word_1_363' title='bbox 1705 4379 2082 4451; x_wconf 82' lang='lat' dir='ltr'><strong>indulgentiam</strong></span> 
     </span>
    </p>
   </div>
   <div class='ocr_carea' id='block_1_46' title="bbox 507 4470 2082 4544">
    <p class='ocr_par' dir='ltr' id='par_1_46' title="bbox 507 4470 2082 4544">
     <span class='ocr_line' id='line_1_46' title="bbox 507 4470 2082 4544; baseline 0 -18"><span class='ocrx_word' id='word_1_364' title='bbox 507 4481 771 4527; x_wconf 88' lang='lat' dir='ltr'><strong>tantorum</strong></span> <span class='ocrx_word' id='word_1_365' title='bbox 798 4472 1055 4526; x_wconf 82' lang='lat' dir='ltr'><strong>scelerum</strong></span> <span class='ocrx_word' id='word_1_366' title='bbox 1080 4471 1346 4540; x_wconf 87' lang='lat' dir='ltr'><strong>acciperet</strong></span> <span class='ocrx_word' id='word_1_367' title='bbox 1383 4470 1598 4537; x_wconf 78' lang='lat' dir='ltr'><strong>Paulus,</strong></span> <span class='ocrx_word' id='word_1_368' title='bbox 1644 4486 1802 4527; x_wconf 89' lang='lat' dir='ltr'><strong>nemo</strong></span> <span class='ocrx_word' id='word_1_369' title='bbox 1827 4473 2082 4544; x_wconf 85' lang='lat' dir='ltr'><strong>despera—</strong></span> 
     </span>
    </p>
   </div>
   <div class='ocr_carea' id='block_1_47' title="bbox 506 4561 2083 4633">
    <p class='ocr_par' dir='ltr' id='par_1_47' title="bbox 506 4561 2083 4633">
     <span class='ocr_line' id='line_1_47' title="bbox 506 4561 2083 4633; baseline 0.003 -15"><span class='ocrx_word' id='word_1_370' title='bbox 506 4575 589 4620; x_wconf 87' lang='lat' dir='ltr'><strong>ret</strong></span> <span class='ocrx_word' id='word_1_371' title='bbox 634 4579 789 4633; x_wconf 88' lang='lat' dir='ltr'><strong>posse</strong></span> <span class='ocrx_word' id='word_1_372' title='bbox 816 4566 836 4594; x_wconf 80' lang='lat'>&#39;</span> <span class='ocrx_word' id='word_1_373' title='bbox 885 4563 983 4617; x_wconf 85' lang='lat' dir='ltr'><strong>sibi</strong></span> <span class='ocrx_word' id='word_1_374' title='bbox 1029 4561 1220 4616; x_wconf 86' lang='lat' dir='ltr'><strong>donari</strong></span> <span class='ocrx_word' id='word_1_375' title='bbox 1266 4577 1611 4631; x_wconf 75' lang='lat' dir='ltr'><strong>quzccumqne</strong></span> <span class='ocrx_word' id='word_1_376' title='bbox 1658 4575 1890 4632; x_wconf 87' lang='lat' dir='ltr'><strong>peccata.</strong></span> <span class='ocrx_word' id='word_1_377' title='bbox 1947 4567 2083 4624; x_wconf 84' lang='lat' dir='ltr'><strong>Ecce</strong></span> 
     </span>
    </p>
   </div>
   <div class='ocr_carea' id='block_1_48' title="bbox 505 4653 2082 4714">
    <p class='ocr_par' dir='ltr' id='par_1_48' title="bbox 505 4653 2082 4714">
     <span class='ocr_line' id='line_1_48' title="bbox 505 4653 2082 4714; baseline 0.003 -6"><span class='ocrx_word' id='word_1_378' title='bbox 505 4657 671 4710; x_wconf 83' lang='lat' dir='ltr'><strong>babes</strong></span> <span class='ocrx_word' id='word_1_379' title='bbox 700 4653 1135 4709; x_wconf 66' lang='lat' dir='ltr'><strong>misericordiam.</strong></span> <span class='ocrx_word' id='word_1_380' title='bbox 1167 4653 1344 4707; x_wconf 85' lang='lat' dir='ltr'><strong>Noluit</strong></span> <span class='ocrx_word' id='word_1_381' title='bbox 1387 4661 1511 4707; x_wconf 78' lang='lat' dir='ltr'><strong>tunc</strong></span> <span class='ocrx_word' id='word_1_382' title='bbox 1545 4653 1684 4708; x_wconf 90' lang='lat' dir='ltr'><strong>Deus</strong></span> <span class='ocrx_word' id='word_1_383' title='bbox 1713 4670 1963 4712; x_wconf 80' lang='lat' dir='ltr'><strong>exercere</strong></span> <span class='ocrx_word' id='word_1_384' title='bbox 1992 4675 2082 4714; x_wconf 87' lang='lat' dir='ltr'><strong>ve-</strong></span> 
     </span>
    </p>
   </div>
   <div class='ocr_carea' id='block_1_49' title="bbox 501 4745 2084 4816">
    <p class='ocr_par' dir='ltr' id='par_1_49' title="bbox 501 4745 2084 4816">
     <span class='ocr_line' id='line_1_49' title="bbox 501 4745 2084 4816; baseline 0.001 -14"><span class='ocrx_word' id='word_1_385' title='bbox 501 4749 733 4811; x_wconf 86' lang='lat' dir='ltr'><strong>ritatem,</strong></span> <span class='ocrx_word' id='word_1_386' title='bbox 765 4756 823 4804; x_wconf 83' lang='lat' dir='ltr'><strong>ut</strong></span> <span class='ocrx_word' id='word_1_387' title='bbox 860 4746 1070 4816; x_wconf 89' lang='lat' dir='ltr'><strong>puniret</strong></span> <span class='ocrx_word' id='word_1_388' title='bbox 1116 4753 1444 4815; x_wconf 88' lang='lat' dir='ltr'><strong>peccantem.</strong></span> <span class='ocrx_word' id='word_1_389' title='bbox 1487 4745 1692 4800; x_wconf 85' lang='lat' dir='ltr'><strong>Etenim</strong></span> <span class='ocrx_word' id='word_1_390' title='bbox 1720 4747 1763 4801; x_wconf 85' lang='lat' dir='ltr'><strong>si</strong></span> <span class='ocrx_word' id='word_1_391' title='bbox 1809 4749 2084 4816; x_wconf 86' lang='lat' dir='ltr'><strong>puniretur</strong></span> 
     </span>
    </p>
   </div>
   <div class='ocr_carea' id='block_1_50' title="bbox 503 4834 2079 4908">
    <p class='ocr_par' dir='ltr' id='par_1_50' title="bbox 503 4834 2079 4908">
     <span class='ocr_line' id='line_1_50' title="bbox 503 4834 2079 4908; baseline 0.003 -16"><span class='ocrx_word' id='word_1_392' title='bbox 503 4845 768 4908; x_wconf 82' lang='lat' dir='ltr'><strong>peccator,</strong></span> <span class='ocrx_word' id='word_1_393' title='bbox 792 4853 966 4891; x_wconf 81' lang='lat' dir='ltr'><strong>nonne</strong></span> <span class='ocrx_word' id='word_1_394' title='bbox 983 4837 1175 4891; x_wconf 88' lang='lat' dir='ltr'><strong>veritas</strong></span> <span class='ocrx_word' id='word_1_395' title='bbox 1197 4834 1377 4891; x_wconf 87' lang='lat' dir='ltr'><strong>esset?</strong></span> <span class='ocrx_word' id='word_1_396' title='bbox 1396 4845 1485 4890; x_wconf 89' lang='lat' dir='ltr'><strong>aut</strong></span> <span class='ocrx_word' id='word_1_397' title='bbox 1503 4835 1725 4892; x_wconf 85' lang='lat' dir='ltr'><strong>auderet</strong></span> <span class='ocrx_word' id='word_1_398' title='bbox 1743 4837 1940 4905; x_wconf 86' lang='lat' dir='ltr'><strong>dicere,</strong></span> <span class='ocrx_word' id='word_1_399' title='bbox 1966 4841 2079 4896; x_wconf 83' lang='lat' dir='ltr'><strong>Non</strong></span> 
     </span>
    </p>
   </div>
   <div class='ocr_carea' id='block_1_51' title="bbox 503 4926 2080 5000">
    <p class='ocr_par' dir='ltr' id='par_1_51' title="bbox 503 4926 2080 5000">
     <span class='ocr_line' id='line_1_51' title="bbox 503 4926 2080 5000; baseline 0 -16"><span class='ocrx_word' id='word_1_400' title='bbox 503 4929 672 4984; x_wconf 85' lang='lat' dir='ltr'><strong>debeo</strong></span> <span class='ocrx_word' id='word_1_401' title='bbox 701 4927 894 5000; x_wconf 77' lang='lat' dir='ltr'><strong>puniti,</strong></span> <span class='ocrx_word' id='word_1_402' title='bbox 926 4927 1013 4996; x_wconf 85' lang='lat' dir='ltr'><strong>qui</strong></span> <span class='ocrx_word' id='word_1_403' title='bbox 1063 4942 1165 4980; x_wconf 92' lang='lat' dir='ltr'><strong>nou</strong></span> <span class='ocrx_word' id='word_1_404' title='bbox 1214 4935 1394 4996; x_wconf 61' lang='lat' dir='ltr'><strong>posset</strong></span> <span class='ocrx_word' id='word_1_405' title='bbox 1419 4926 1616 4992; x_wconf 90' lang='lat' dir='ltr'><strong>dicere,</strong></span> <span class='ocrx_word' id='word_1_406' title='bbox 1665 4927 1779 4982; x_wconf 80' lang='lat' dir='ltr'><strong>Non</strong></span> <span class='ocrx_word' id='word_1_407' title='bbox 1827 4934 2080 4998; x_wconf 86' lang='lat' dir='ltr'><strong>peccavi?</strong></span> 
     </span>
    </p>
   </div>
   <div class='ocr_carea' id='block_1_52' title="bbox 506 5019 2079 5092">
    <p class='ocr_par' dir='ltr' id='par_1_52' title="bbox 506 5019 2079 5092">
     <span class='ocr_line' id='line_1_52' title="bbox 506 5019 2079 5092; baseline -0.001 -13"><span class='ocrx_word' id='word_1_408' title='bbox 506 5025 570 5079; x_wconf 83' lang='lat' dir='ltr'><strong>Et</strong></span> <span class='ocrx_word' id='word_1_409' title='bbox 598 5023 642 5078; x_wconf 92' lang='lat' dir='ltr'><strong>si</strong></span> <span class='ocrx_word' id='word_1_410' title='bbox 668 5023 890 5086; x_wconf 88' lang='lat' dir='ltr'><strong>diceret,</strong></span> <span class='ocrx_word' id='word_1_411' title='bbox 916 5020 1032 5076; x_wconf 87' lang='lat' dir='ltr'><strong>Non</strong></span> <span class='ocrx_word' id='word_1_412' title='bbox 1061 5019 1271 5091; x_wconf 80' lang='lat' dir='ltr'><strong>peccavi</strong></span> <span class='ocrx_word' id='word_1_413' title='bbox 1307 5038 1318 5072; x_wconf 93' lang='lat'><strong>:</strong></span> <span class='ocrx_word' id='word_1_414' title='bbox 1348 5021 1432 5074; x_wconf 89' lang='lat' dir='ltr'><strong>cui</strong></span> <span class='ocrx_word' id='word_1_415' title='bbox 1461 5019 1703 5076; x_wconf 84' lang='lat' dir='ltr'><strong>diceret?</strong></span> <span class='ocrx_word' id='word_1_416' title='bbox 1729 5038 1886 5092; x_wconf 87' lang='lat' dir='ltr'><strong>quem</strong></span> <span class='ocrx_word' id='word_1_417' title='bbox 1933 5023 2079 5080; x_wconf 71' lang='lat' dir='ltr'><strong>talie-</strong></span> 
     </span>
    </p>
   </div>
   <div class='ocr_carea' id='block_1_53' title="bbox 501 5111 2076 5185">
    <p class='ocr_par' dir='ltr' id='par_1_53' title="bbox 501 5111 2076 5185">
     <span class='ocr_line' id='line_1_53' title="bbox 501 5111 2076 5185; baseline 0.003 -18"><span class='ocrx_word' id='word_1_418' title='bbox 501 5113 620 5169; x_wconf 84' lang='lat' dir='ltr'><strong>ret?</strong></span> <span class='ocrx_word' id='word_1_419' title='bbox 681 5114 824 5185; x_wconf 78' lang='lat' dir='ltr'><strong>Ergo</strong></span> <span class='ocrx_word' id='word_1_420' title='bbox 866 5114 1037 5183; x_wconf 87' lang='lat' dir='ltr'><strong>primo</strong></span> <span class='ocrx_word' id='word_1_421' title='bbox 1086 5112 1338 5166; x_wconf 86' lang='lat' dir='ltr'><strong>Dominus</strong></span> <span class='ocrx_word' id='word_1_422' title='bbox 1384 5111 1438 5164; x_wconf 88' lang='lat' dir='ltr'><strong>in</strong></span> <span class='ocrx_word' id='word_1_423' title='bbox 1486 5126 1608 5166; x_wconf 90' lang='lat' dir='ltr'><strong>eum</strong></span> <span class='ocrx_word' id='word_1_424' title='bbox 1659 5112 2076 5171; x_wconf 87' lang='lat' dir='ltr'><strong>misericordiam</strong></span> 
     </span>
    </p>
   </div>
   <div class='ocr_carea' id='block_1_54' title="bbox 493 5200 2075 5275">
    <p class='ocr_par' dir='ltr' id='par_1_54' title="bbox 493 5200 2075 5275">
     <span class='ocr_line' id='line_1_54' title="bbox 493 5200 2075 5275; baseline 0.003 -17"><span class='ocrx_word' id='word_1_425' title='bbox 493 5205 853 5275; x_wconf 78' lang='lat' dir='ltr'><strong>praerogavit;</strong></span> <span class='ocrx_word' id='word_1_426' title='bbox 906 5212 1024 5274; x_wconf 82' lang='lat' dir='ltr'><strong>pest</strong></span> <span class='ocrx_word' id='word_1_427' title='bbox 1072 5200 1489 5257; x_wconf 87' lang='lat' dir='ltr'><strong>miscricordiam</strong></span> <span class='ocrx_word' id='word_1_428' title='bbox 1517 5241 1532 5266; x_wconf 94' lang='lat'><strong>,</strong></span> <span class='ocrx_word' id='word_1_429' title='bbox 1583 5202 1880 5259; x_wconf 81' lang='lat' dir='ltr'><strong>veritatem.</strong></span> <span class='ocrx_word' id='word_1_430' title='bbox 1943 5206 2075 5262; x_wconf 88' lang='lat' dir='ltr'><strong>Audi</strong></span> 
     </span>
    </p>
   </div>
   <div class='ocr_carea' id='block_1_55' title="bbox 501 5293 2073 5369">
    <p class='ocr_par' dir='ltr' id='par_1_55' title="bbox 501 5293 2073 5369">
     <span class='ocr_line' id='line_1_55' title="bbox 501 5293 2073 5369; baseline 0.003 -19"><span class='ocrx_word' id='word_1_431' title='bbox 501 5299 645 5351; x_wconf 91' lang='lat' dir='ltr'><strong>illum</strong></span> <span class='ocrx_word' id='word_1_432' title='bbox 672 5300 781 5368; x_wconf 84' lang='lat' dir='ltr'><strong>jam</strong></span> <span class='ocrx_word' id='word_1_433' title='bbox 829 5298 1124 5369; x_wconf 79' lang='lat' dir='ltr'><strong>exigentem</strong></span> <span class='ocrx_word' id='word_1_434' title='bbox 1164 5295 1457 5351; x_wconf 87' lang='lat' dir='ltr'><strong>veritatem.</strong></span> <span class='ocrx_word' id='word_1_435' title='bbox 1485 5293 1664 5350; x_wconf 83' lang='lat' dir='ltr'><strong>Primo</strong></span> <span class='ocrx_word' id='word_1_436' title='bbox 1707 5310 1833 5367; x_wconf 75' lang='lat' dir='ltr'><strong>ergo</strong></span> <span class='ocrx_word' id='word_1_437' title='bbox 1863 5298 2029 5369; x_wconf 84' lang='lat' dir='ltr'><strong>inquit</strong></span> <span class='ocrx_word' id='word_1_438' title='bbox 2060 5320 2073 5356; x_wconf 94' lang='lat'><strong>:</strong></span> 
     </span>
    </p>
   </div>
   <div class='ocr_carea' id='block_1_56' title="bbox 561 5447 2076 5514">
    <p class='ocr_par' dir='ltr' id='par_1_56' title="bbox 561 5447 2076 5514">
     <span class='ocr_line' id='line_1_56' title="bbox 561 5447 2076 5514; baseline 0.001 -12"><span class='ocrx_word' id='word_1_439' title='bbox 561 5457 575 5484; x_wconf 86' lang='grc'>¹</span> <span class='ocrx_word' id='word_1_440' title='bbox 606 5455 687 5502; x_wconf 83' lang='lat' dir='ltr'><strong>llic</strong></span> <span class='ocrx_word' id='word_1_441' title='bbox 705 5453 884 5504; x_wconf 80' lang='lat' dir='ltr'><strong>addam</strong></span> <span class='ocrx_word' id='word_1_442' title='bbox 900 5453 1011 5502; x_wconf 68' lang='grc' dir='ltr'><strong>ΕΜ.</strong></span> <span class='ocrx_word' id='word_1_443' title='bbox 1037 5467 1048 5501; x_wconf 91' lang='lat'><strong>:</strong></span> <span class='ocrx_word' id='word_1_444' title='bbox 1079 5449 1149 5501; x_wconf 73' lang='lat' dir='ltr'><strong>,td</strong></span> <span class='ocrx_word' id='word_1_445' title='bbox 1181 5462 1330 5500; x_wconf 84' lang='lat' dir='ltr'><strong>unum</strong></span> <span class='ocrx_word' id='word_1_446' title='bbox 1364 5448 1494 5501; x_wconf 87' lang='lat' dir='ltr'><strong>diem</strong></span> <span class='ocrx_word' id='word_1_447' title='bbox 1514 5447 1787 5512; x_wconf 72' lang='lat' dir='ltr'><strong>festinatius</strong></span> <span class='ocrx_word' id='word_1_448' title='bbox 1809 5461 1942 5514; x_wconf 89' lang='lat' dir='ltr'><strong>:quo</strong></span> <span class='ocrx_word' id='word_1_449' title='bbox 1964 5453 2076 5504; x_wconf 89' lang='lat' dir='ltr'><strong>boni</strong></span> 
     </span>
    </p>
   </div>
   <div class='ocr_carea' id='block_1_57' title="bbox 498 5521 816 5567">
    <p class='ocr_par' dir='ltr' id='par_1_57' title="bbox 498 5521 816 5567">
     <span class='ocr_line' id='line_1_57' title="bbox 498 5521 816 5567; baseline -0.019 0"><span class='ocrx_word' id='word_1_450' title='bbox 498 5521 606 5567; x_wconf 73' lang='lat' dir='ltr'><strong>Mss.</strong></span> <span class='ocrx_word' id='word_1_451' title='bbox 632 5523 816 5564; x_wconf 80' lang='lat' dir='ltr'><strong>carent.</strong></span> 
     </span>
    </p>
   </div>
   <div class='ocr_carea' id='block_1_58' title="bbox 562 5573 1578 5638">
    <p class='ocr_par' dir='ltr' id='par_1_58' title="bbox 562 5573 1578 5638">
     <span class='ocr_line' id='line_1_58' title="bbox 562 5573 1578 5638; baseline -0.005 -12"><span class='ocrx_word' id='word_1_452' title='bbox 562 5582 581 5610; x_wconf 67' lang='grc' dir='ltr'>κ</span> <span class='ocrx_word' id='word_1_453' title='bbox 606 5578 680 5626; x_wconf 80' lang='lat' dir='ltr'><strong>sic</strong></span> <span class='ocrx_word' id='word_1_454' title='bbox 697 5583 802 5626; x_wconf 72' lang='lat' dir='ltr'><strong>Mss.</strong></span> <span class='ocrx_word' id='word_1_455' title='bbox 827 5575 939 5623; x_wconf 74' lang='lat' dir='ltr'><strong>add.</strong></span> <span class='ocrx_word' id='word_1_456' title='bbox 965 5587 1102 5634; x_wconf 85' lang='lat' dir='ltr'><strong>vero,</strong></span> <span class='ocrx_word' id='word_1_457' title='bbox 1132 5573 1390 5638; x_wconf 85' lang='lat' dir='ltr'><strong>desperare</strong></span> <span class='ocrx_word' id='word_1_458' title='bbox 1407 5577 1578 5637; x_wconf 79' lang='lat' dir='ltr'><strong>posset.</strong></span> 
     </span>
    </p>
   </div>
   <div class='ocr_carea' id='block_1_59' title="bbox 558 5654 2072 5723">
    <p class='ocr_par' dir='ltr' id='par_1_59' title="bbox 558 5654 2072 5723">
     <span class='ocr_line' id='line_1_59' title="bbox 558 5654 2072 5723; baseline -0.002 -13"><span class='ocrx_word' id='word_1_459' title='bbox 558 5661 632 5723; x_wconf 78' lang='grc' dir='ltr'><strong>(α)</strong></span> <span class='ocrx_word' id='word_1_460' title='bbox 657 5667 794 5723; x_wconf 75' lang='lat' dir='ltr'><strong>Forte</strong></span> <span class='ocrx_word' id='word_1_461' title='bbox 828 5656 1049 5723; x_wconf 68' lang='lat' dir='ltr'><strong>nonduin</strong></span> <span class='ocrx_word' id='word_1_462' title='bbox 1073 5655 1316 5723; x_wconf 78' lang='lat' dir='ltr'><strong>prodierat</strong></span> <span class='ocrx_word' id='word_1_463' title='bbox 1342 5654 1652 5723; x_wconf 73' lang='lat' dir='ltr'><strong>Carthaginet.</strong></span> <span class='ocrx_word' id='word_1_464' title='bbox 1670 5655 1730 5723; x_wconf 78' lang='lat' dir='ltr'><strong>:is</strong></span> <span class='ocrx_word' id='word_1_465' title='bbox 1751 5655 1964 5723; x_wconf 70' lang='lat' dir='ltr'><strong>an._401,</strong></span> <span class='ocrx_word' id='word_1_466' title='bbox 1992 5657 2072 5723; x_wconf 88' lang='lat' dir='ltr'><strong>die</strong></span> 
     </span>
    </p>
   </div>
   <div class='ocr_carea' id='block_1_60' title="bbox 501 5717 2100 5784">
    <p class='ocr_par' dir='ltr' id='par_1_60' title="bbox 501 5717 2100 5784">
     <span class='ocr_line' id='line_1_60' title="bbox 501 5717 2100 5784; baseline -0.003 -12"><span class='ocrx_word' id='word_1_467' title='bbox 501 5717 830 5784; x_wconf 47' lang='lat' dir='ltr'><strong>lB&#39;S&#39;eptetnb.</strong></span> <span class='ocrx_word' id='word_1_468' title='bbox 870 5717 1370 5784; x_wconf 37' lang='lat' dir='ltr'><strong>concil_ii_’decrctutn,</strong></span> <span class='ocrx_word' id='word_1_469' title='bbox 1409 5725 1462 5766; x_wconf 89' lang='lat' dir='ltr'><strong>ut</strong></span> <span class='ocrx_word' id='word_1_470' title='bbox 1493 5717 1651 5766; x_wconf 77' lang='lat' dir='ltr'><strong>cleric.</strong></span> <span class='ocrx_word' id='word_1_471' title='bbox 1700 5717 1940 5767; x_wconf 62' lang='lat' dir='ltr'><strong>ionatistte</strong></span> <span class='ocrx_word' id='word_1_472' title='bbox 1981 5739 2001 5766; x_wconf 75' lang='grc' dir='ltr'><strong>(ι</strong></span> <span class='ocrx_word' id='word_1_473' title='bbox 2027 5721 2100 5768; x_wconf 57' lang='lat' dir='ltr'><strong>in&#39;</strong></span> 
     </span>
    </p>
   </div>
   <div class='ocr_carea' id='block_1_61' title="bbox 501 5780 1278 5841">
    <p class='ocr_par' dir='ltr' id='par_1_61' title="bbox 501 5780 1278 5841">
     <span class='ocr_line' id='line_1_61' title="bbox 501 5780 1278 5841; baseline -0.015 -7"><span class='ocrx_word' id='word_1_474' title='bbox 501 5790 600 5834; x_wconf 77' lang='lat' dir='ltr'><strong>suis</strong></span> <span class='ocrx_word' id='word_1_475' title='bbox 621 5780 882 5833; x_wconf 72' lang='lat' dir='ltr'><strong>honoribus</strong></span> <span class='ocrx_word' id='word_1_476' title='bbox 905 5780 1046 5841; x_wconf 62' lang='lat' dir='ltr'><strong>suscit</strong></span> <span class='ocrx_word' id='word_1_477' title='bbox 1063 5780 1234 5828; x_wconf 77' lang='lat' dir='ltr'><strong>lantur.</strong></span> <span class='ocrx_word' id='word_1_478' title='bbox 1256 5794 1278 5822; x_wconf 70' lang='grc' dir='ltr'><strong>ι</strong></span> 
     </span>
    </p>
   </div>
   <div class='ocr_carea' id='block_1_62' title="bbox 1784 337 2586 403">
    <p class='ocr_par' dir='ltr' id='par_1_62' title="bbox 1784 337 2586 403">
     <span class='ocr_line' id='line_1_62' title="bbox 1784 337 2586 403; baseline 0.009 -9"><span class='ocrx_word' id='word_1_479' title='bbox 1784 339 1839 394; x_wconf 89' lang='lat' dir='ltr'><strong>S.</strong></span> <span class='ocrx_word' id='word_1_480' title='bbox 1883 339 1920 392; x_wconf 76' lang='grc' dir='ltr'><strong>Α</strong></span> <span class='ocrx_word' id='word_1_481' title='bbox 1933 337 2242 394; x_wconf 69' lang='grc' dir='ltr'><strong>υςυετιΝι</strong></span> <span class='ocrx_word' id='word_1_482' title='bbox 2285 340 2586 403; x_wconf 75' lang='lat' dir='ltr'><strong>EPISCOPI</strong></span> 
     </span>
    </p>
   </div>
   <div class='ocr_carea' id='block_1_63' title="bbox 3676 365 3808 425">
    <p class='ocr_par' dir='ltr' id='par_1_63' title="bbox 3676 365 3808 425">
     <span class='ocr_line' id='line_1_63' title="bbox 3676 365 3808 425; baseline 0.053 -7"><span class='ocrx_word' id='word_1_483' title='bbox 3676 365 3808 425; x_wconf 74' lang='grc'><strong>11168</strong></span> 
     </span>
    </p>
   </div>
   <div class='ocr_carea' id='block_1_64' title="bbox 2240 458 3806 548">
    <p class='ocr_par' dir='ltr' id='par_1_64' title="bbox 2240 458 3806 548">
     <span class='ocr_line' id='line_1_64' title="bbox 2240 458 3806 548; baseline 0.02 -39"><span class='ocrx_word' id='word_1_484' title='bbox 2240 476 2259 509; x_wconf 75' lang='grc' dir='ltr'>ι</span> <span class='ocrx_word' id='word_1_485' title='bbox 2295 458 2712 520; x_wconf 80' lang='lat' dir='ltr'><strong>Misericordiam</strong></span> <span class='ocrx_word' id='word_1_486' title='bbox 2739 479 3055 526; x_wconf 86' lang='lat' dir='ltr'><strong>consecutus</strong></span> <span class='ocrx_word' id='word_1_487' title='bbox 3099 487 3237 540; x_wconf 84' lang='lat' dir='ltr'><strong>sum,</strong></span> <span class='ocrx_word' id='word_1_488' title='bbox 3269 475 3359 548; x_wconf 87' lang='lat' dir='ltr'><strong>qui</strong></span> <span class='ocrx_word' id='word_1_489' title='bbox 3405 479 3550 548; x_wconf 81' lang='lat' dir='ltr'><strong>prius</strong></span> <span class='ocrx_word' id='word_1_490' title='bbox 3595 481 3668 537; x_wconf 80' lang='lat' dir='ltr'><strong>lui</strong></span> <span class='ocrx_word' id='word_1_491' title='bbox 3699 486 3806 540; x_wconf 84' lang='lat' dir='ltr'><strong>bla-</strong></span> 
     </span>
    </p>
   </div>
   <div class='ocr_carea' id='block_1_65' title="bbox 2232 551 3808 640">
    <p class='ocr_par' dir='ltr' id='par_1_65' title="bbox 2232 551 3808 640">
     <span class='ocr_line' id='line_1_65' title="bbox 2232 551 3808 640; baseline 0.017 -37"><span class='ocrx_word' id='word_1_492' title='bbox 2232 551 2503 620; x_wconf 89' lang='lat' dir='ltr'><strong>sphemus,</strong></span> <span class='ocrx_word' id='word_1_493' title='bbox 2531 563 2586 610; x_wconf 91' lang='lat' dir='ltr'><strong>et</strong></span> <span class='ocrx_word' id='word_1_494' title='bbox 2612 567 2939 628; x_wconf 86' lang='lat' dir='ltr'><strong>persecutor,</strong></span> <span class='ocrx_word' id='word_1_495' title='bbox 2971 571 3024 617; x_wconf 89' lang='lat' dir='ltr'><strong>et</strong></span> <span class='ocrx_word' id='word_1_496' title='bbox 3049 563 3337 634; x_wconf 70' lang='lat' dir='ltr'><strong>iniuriosus</strong></span> <span class='ocrx_word' id='word_1_497' title='bbox 3362 583 3376 633; x_wconf 91' lang='lat'><strong>;</strong></span> <span class='ocrx_word' id='word_1_498' title='bbox 3409 569 3502 623; x_wconf 90' lang='lat' dir='ltr'><strong>sed</strong></span> <span class='ocrx_word' id='word_1_499' title='bbox 3529 573 3694 640; x_wconf 83' lang='lat' dir='ltr'><strong>gratia</strong></span> <span class='ocrx_word' id='word_1_500' title='bbox 3721 575 3808 632; x_wconf 83' lang='lat' dir='ltr'><strong>Del</strong></span> 
     </span>
    </p>
   </div>
   <div class='ocr_carea' id='block_1_66' title="bbox 2229 647 3807 730">
    <p class='ocr_par' dir='ltr' id='par_1_66' title="bbox 2229 647 3807 730">
     <span class='ocr_line' id='line_1_66' title="bbox 2229 647 3807 730; baseline 0.016 -32"><span class='ocrx_word' id='word_1_501' title='bbox 2229 659 2347 700; x_wconf 83' lang='lat' dir='ltr'><strong>sum</strong></span> <span class='ocrx_word' id='word_1_502' title='bbox 2374 647 2514 716; x_wconf 90' lang='lat' dir='ltr'><strong>quod</strong></span> <span class='ocrx_word' id='word_1_503' title='bbox 2545 665 2659 703; x_wconf 90' lang='lat' dir='ltr'><strong>sum</strong></span> <span class='ocrx_word' id='word_1_504' title='bbox 2696 669 2713 703; x_wconf 80' lang='grc' dir='ltr'><strong><em>ι</em></strong></span> <span class='ocrx_word' id='word_1_505' title='bbox 2747 652 2792 722; x_wconf 88' lang='lat' dir='ltr'><strong>(l</strong></span> <span class='ocrx_word' id='word_1_506' title='bbox 2820 650 2937 707; x_wconf 89' lang='lat' dir='ltr'><strong>Cor.</strong></span> <span class='ocrx_word' id='word_1_507' title='bbox 2986 670 3073 721; x_wconf 77' lang='lat' dir='ltr'><strong>xv,</strong></span> <span class='ocrx_word' id='word_1_508' title='bbox 3122 655 3233 728; x_wconf 80' lang='grc'><strong>10).</strong></span> <span class='ocrx_word' id='word_1_509' title='bbox 3283 658 3471 715; x_wconf 87' lang='lat' dir='ltr'><strong>Postea</strong></span> <span class='ocrx_word' id='word_1_510' title='bbox 3509 662 3657 730; x_wconf 84' lang='lat' dir='ltr'><strong>dicit,</strong></span> <span class='ocrx_word' id='word_1_511' title='bbox 3689 681 3807 724; x_wconf 86' lang='lat' dir='ltr'><strong>eum</strong></span> 
     </span>
    </p>
   </div>
   <div class='ocr_carea' id='block_1_67' title="bbox 2231 737 3810 823">
    <p class='ocr_par' dir='ltr' id='par_1_67' title="bbox 2231 737 3810 823">
     <span class='ocr_line' id='line_1_67' title="bbox 2231 737 3810 823; baseline 0.015 -34"><span class='ocrx_word' id='word_1_512' title='bbox 2231 737 2462 804; x_wconf 87' lang='lat' dir='ltr'><strong>passioni</strong></span> <span class='ocrx_word' id='word_1_513' title='bbox 2491 740 2867 812; x_wconf 88' lang='lat' dir='ltr'><strong>propinquaret</strong></span> <span class='ocrx_word' id='word_1_514' title='bbox 2890 761 2904 798; x_wconf 92' lang='lat'><strong>:</strong></span> <span class='ocrx_word' id='word_1_515' title='bbox 2933 763 2951 796; x_wconf 74' lang='grc' dir='ltr'>ι</span> <span class='ocrx_word' id='word_1_516' title='bbox 2982 745 3185 802; x_wconf 85' lang='lat' dir='ltr'><strong>Bonum</strong></span> <span class='ocrx_word' id='word_1_517' title='bbox 3208 765 3431 820; x_wconf 76' lang='lat' dir='ltr'><strong>agonem</strong></span> <span class='ocrx_word' id='word_1_518' title='bbox 3455 757 3675 823; x_wconf 82' lang='lat' dir='ltr'><strong>certavi,</strong></span> <span class='ocrx_word' id='word_1_519' title='bbox 3698 774 3810 814; x_wconf 58' lang='lat' dir='ltr'><strong>cur.</strong></span> 
     </span>
    </p>
   </div>
   <div class='ocr_carea' id='block_1_68' title="bbox 2227 835 3806 914">
    <p class='ocr_par' dir='ltr' id='par_1_68' title="bbox 2227 835 3806 914">
     <span class='ocr_line' id='line_1_68' title="bbox 2227 835 3806 914; baseline 0.014 -33"><span class='ocrx_word' id='word_1_520' title='bbox 2227 843 2344 882; x_wconf 88' lang='lat' dir='ltr'><strong>sum</strong></span> <span class='ocrx_word' id='word_1_521' title='bbox 2375 835 2757 900; x_wconf 89' lang='lat' dir='ltr'><strong>consummavi,</strong></span> <span class='ocrx_word' id='word_1_522' title='bbox 2805 835 2964 892; x_wconf 80' lang='lat' dir='ltr'><strong>fidem</strong></span> <span class='ocrx_word' id='word_1_523' title='bbox 2997 841 3238 908; x_wconf 82' lang='lat' dir='ltr'><strong>servavi;</strong></span> <span class='ocrx_word' id='word_1_524' title='bbox 3267 857 3509 914; x_wconf 88' lang='lat' dir='ltr'><strong>superest</strong></span> <span class='ocrx_word' id='word_1_525' title='bbox 3537 848 3669 903; x_wconf 88' lang='lat' dir='ltr'><strong>mihi</strong></span> <span class='ocrx_word' id='word_1_526' title='bbox 3711 867 3806 906; x_wconf 76' lang='lat' dir='ltr'><strong>co-</strong></span> 
     </span>
    </p>
   </div>
   <div class='ocr_carea' id='block_1_69' title="bbox 2226 921 3806 1006">
    <p class='ocr_par' dir='ltr' id='par_1_69' title="bbox 2226 921 3806 1006">
     <span class='ocr_line' id='line_1_69' title="bbox 2226 921 3806 1006; baseline 0.016 -32"><span class='ocrx_word' id='word_1_527' title='bbox 2226 937 2356 976; x_wconf 88' lang='lat' dir='ltr'><strong>rona</strong></span> <span class='ocrx_word' id='word_1_528' title='bbox 2378 921 2594 993; x_wconf 79' lang='lat' dir='ltr'><strong>justiti-.e</strong></span> <span class='ocrx_word' id='word_1_529' title='bbox 2623 943 2668 980; x_wconf 72' lang='grc' dir='ltr'><strong>ι.</strong></span> <span class='ocrx_word' id='word_1_530' title='bbox 2702 925 2794 982; x_wconf 83' lang='lat' dir='ltr'><strong>Ille</strong></span> <span class='ocrx_word' id='word_1_531' title='bbox 2832 930 2918 999; x_wconf 92' lang='lat' dir='ltr'><strong>qui</strong></span> <span class='ocrx_word' id='word_1_532' title='bbox 2951 930 3135 986; x_wconf 89' lang='lat' dir='ltr'><strong>tribuit</strong></span> <span class='ocrx_word' id='word_1_533' title='bbox 3163 935 3602 1006; x_wconf 88' lang='lat' dir='ltr'><strong>misericordiam,</strong></span> <span class='ocrx_word' id='word_1_534' title='bbox 3631 953 3806 999; x_wconf 86' lang='lat' dir='ltr'><strong>servat</strong></span> 
     </span>
    </p>
   </div>
   <div class='ocr_carea' id='block_1_70' title="bbox 2225 1012 3808 1091">
    <p class='ocr_par' dir='ltr' id='par_1_70' title="bbox 2225 1012 3808 1091">
     <span class='ocr_line' id='line_1_70' title="bbox 2225 1012 3808 1091; baseline 0.017 -28"><span class='ocrx_word' id='word_1_535' title='bbox 2225 1012 2519 1068; x_wconf 88' lang='lat' dir='ltr'><strong>veritatem.</strong></span> <span class='ocrx_word' id='word_1_536' title='bbox 2549 1014 2702 1072; x_wconf 87' lang='lat' dir='ltr'><strong>Unde</strong></span> <span class='ocrx_word' id='word_1_537' title='bbox 2727 1027 2903 1074; x_wconf 89' lang='lat' dir='ltr'><strong>servat</strong></span> <span class='ocrx_word' id='word_1_538' title='bbox 2931 1022 3204 1078; x_wconf 87' lang='lat' dir='ltr'><strong>veritatem</strong></span> <span class='ocrx_word' id='word_1_539' title='bbox 3226 1026 3252 1079; x_wconf 82' lang='lat'><strong>?</strong></span> <span class='ocrx_word' id='word_1_540' title='bbox 3278 1025 3441 1091; x_wconf 84' lang='lat' dir='ltr'><strong>Quam</strong></span> <span class='ocrx_word' id='word_1_541' title='bbox 3470 1032 3642 1086; x_wconf 79' lang='lat' dir='ltr'><strong>reddet</strong></span> <span class='ocrx_word' id='word_1_542' title='bbox 3683 1035 3808 1091; x_wconf 72' lang='lat' dir='ltr'><strong>milii</strong></span> 
     </span>
    </p>
   </div>
   <div class='ocr_carea' id='block_1_71' title="bbox 2225 1101 3803 1194">
    <p class='ocr_par' dir='ltr' id='par_1_71' title="bbox 2225 1101 3803 1194">
     <span class='ocr_line' id='line_1_71' title="bbox 2225 1101 3803 1194; baseline 0.016 -41"><span class='ocrx_word' id='word_1_543' title='bbox 2225 1101 2472 1158; x_wconf 80' lang='lat' dir='ltr'><strong>Dominus</strong></span> <span class='ocrx_word' id='word_1_544' title='bbox 2497 1105 2549 1159; x_wconf 82' lang='lat' dir='ltr'><strong>in</strong></span> <span class='ocrx_word' id='word_1_545' title='bbox 2580 1107 2669 1161; x_wconf 89' lang='lat' dir='ltr'><strong>illo</strong></span> <span class='ocrx_word' id='word_1_546' title='bbox 2694 1108 2774 1162; x_wconf 82' lang='lat' dir='ltr'><strong>die</strong></span> <span class='ocrx_word' id='word_1_547' title='bbox 2791 1110 2966 1180; x_wconf 75' lang='lat' dir='ltr'><strong>justus</strong></span> <span class='ocrx_word' id='word_1_548' title='bbox 2983 1113 3148 1182; x_wconf 68' lang='lat' dir='ltr'><strong>iudex</strong></span> <span class='ocrx_word' id='word_1_549' title='bbox 3172 1113 3236 1186; x_wconf 82' lang='lat' dir='ltr'><strong>(ll</strong></span> <span class='ocrx_word' id='word_1_550' title='bbox 3267 1116 3396 1172; x_wconf 86' lang='lat' dir='ltr'><strong>Tim.</strong></span> <span class='ocrx_word' id='word_1_551' title='bbox 3425 1135 3498 1188; x_wconf 85' lang='lat' dir='ltr'><strong>tv,</strong></span> <span class='ocrx_word' id='word_1_552' title='bbox 3529 1122 3578 1188; x_wconf 88' lang='lat'><strong>7,</strong></span> <span class='ocrx_word' id='word_1_553' title='bbox 3609 1123 3686 1194; x_wconf 80' lang='lat'><strong>8}.</strong></span> <span class='ocrx_word' id='word_1_554' title='bbox 3718 1126 3803 1180; x_wconf 62' lang='lat' dir='ltr'><strong>lu-</strong></span> 
     </span>
    </p>
   </div>
   <div class='ocr_carea' id='block_1_72' title="bbox 2222 1190 3801 1272">
    <p class='ocr_par' dir='ltr' id='par_1_72' title="bbox 2222 1190 3801 1272">
     <span class='ocr_line' id='line_1_72' title="bbox 2222 1190 3801 1272; baseline 0.016 -27"><span class='ocrx_word' id='word_1_555' title='bbox 2222 1190 2543 1262; x_wconf 71' lang='lat' dir='ltr'><strong>diligentiam</strong></span> <span class='ocrx_word' id='word_1_556' title='bbox 2588 1195 2836 1265; x_wconf 87' lang='lat' dir='ltr'><strong>donavit,</strong></span> <span class='ocrx_word' id='word_1_557' title='bbox 2885 1213 3138 1258; x_wconf 89' lang='lat' dir='ltr'><strong>coronam</strong></span> <span class='ocrx_word' id='word_1_558' title='bbox 3186 1206 3373 1262; x_wconf 89' lang='lat' dir='ltr'><strong>reddet</strong></span> <span class='ocrx_word' id='word_1_559' title='bbox 3407 1227 3422 1263; x_wconf 89' lang='lat'><strong><em>:</em></strong></span> <span class='ocrx_word' id='word_1_560' title='bbox 3451 1190 3677 1269; x_wconf 86' lang='lat' dir='ltr'><strong>donator</strong></span> <span class='ocrx_word' id='word_1_561' title='bbox 3720 1227 3801 1272; x_wconf 88' lang='lat' dir='ltr'><strong>cst</strong></span> 
     </span>
    </p>
   </div>
   <div class='ocr_carea' id='block_1_73' title="bbox 2221 1279 3802 1374">
    <p class='ocr_par' dir='ltr' id='par_1_73' title="bbox 2221 1279 3802 1374">
     <span class='ocr_line' id='line_1_73' title="bbox 2221 1279 3802 1374; baseline 0.017 -41"><span class='ocrx_word' id='word_1_562' title='bbox 2221 1279 2580 1352; x_wconf 69' lang='lat' dir='ltr'><strong>iudulgentim,</strong></span> <span class='ocrx_word' id='word_1_563' title='bbox 2611 1285 2819 1342; x_wconf 87' lang='lat' dir='ltr'><strong>debitor</strong></span> <span class='ocrx_word' id='word_1_564' title='bbox 2863 1305 3097 1347; x_wconf 77' lang='lat' dir='ltr'><strong>coronzr.</strong></span> <span class='ocrx_word' id='word_1_565' title='bbox 3148 1293 3299 1351; x_wconf 88' lang='lat' dir='ltr'><strong>Unde</strong></span> <span class='ocrx_word' id='word_1_566' title='bbox 3326 1297 3572 1355; x_wconf 80' lang='lat' dir='ltr'><strong>debitor?</strong></span> <span class='ocrx_word' id='word_1_567' title='bbox 3597 1307 3802 1374; x_wconf 78' lang='lat' dir='ltr'><strong>accepit</strong></span> 
     </span>
    </p>
   </div>
   <div class='ocr_carea' id='block_1_74' title="bbox 2219 1372 3800 1468">
    <p class='ocr_par' dir='ltr' id='par_1_74' title="bbox 2219 1372 3800 1468">
     <span class='ocr_line' id='line_1_74' title="bbox 2219 1372 3800 1468; baseline 0.019 -46"><span class='ocrx_word' id='word_1_568' title='bbox 2219 1372 2455 1442; x_wconf 83' lang='lat' dir='ltr'><strong>aliquid?</strong></span> <span class='ocrx_word' id='word_1_569' title='bbox 2483 1375 2577 1429; x_wconf 91' lang='lat' dir='ltr'><strong>Cui</strong></span> <span class='ocrx_word' id='word_1_570' title='bbox 2605 1377 2762 1434; x_wconf 88' lang='lat' dir='ltr'><strong>debet</strong></span> <span class='ocrx_word' id='word_1_571' title='bbox 2793 1380 2987 1451; x_wconf 88' lang='lat' dir='ltr'><strong>aliquid</strong></span> <span class='ocrx_word' id='word_1_572' title='bbox 3028 1383 3207 1439; x_wconf 81' lang='lat' dir='ltr'><strong>Deus?</strong></span> <span class='ocrx_word' id='word_1_573' title='bbox 3233 1386 3370 1445; x_wconf 81' lang='lat' dir='ltr'><strong>Ecce</strong></span> <span class='ocrx_word' id='word_1_574' title='bbox 3409 1392 3648 1450; x_wconf 87' lang='lat' dir='ltr'><strong>videmus</strong></span> <span class='ocrx_word' id='word_1_575' title='bbox 3675 1372 3800 1468; x_wconf 82' lang='lat' dir='ltr'><strong>quia</strong></span> 
     </span>
    </p>
   </div>
   <div class='ocr_carea' id='block_1_75' title="bbox 2219 1467 3801 1542">
    <p class='ocr_par' dir='ltr' id='par_1_75' title="bbox 2219 1467 3801 1542">
     <span class='ocr_line' id='line_1_75' title="bbox 2219 1467 3801 1542; baseline 0.018 -27"><span class='ocrx_word' id='word_1_576' title='bbox 2219 1470 2365 1518; x_wconf 88' lang='lat' dir='ltr'><strong>tenet</strong></span> <span class='ocrx_word' id='word_1_577' title='bbox 2406 1481 2525 1519; x_wconf 92' lang='lat' dir='ltr'><strong>eum</strong></span> <span class='ocrx_word' id='word_1_578' title='bbox 2555 1467 2848 1524; x_wconf 87' lang='lat' dir='ltr'><strong>debitorem</strong></span> <span class='ocrx_word' id='word_1_579' title='bbox 2896 1471 3112 1540; x_wconf 83' lang='lat' dir='ltr'><strong>Paulus,</strong></span> <span class='ocrx_word' id='word_1_580' title='bbox 3140 1491 3458 1536; x_wconf 85' lang='lat' dir='ltr'><strong>consecutus</strong></span> <span class='ocrx_word' id='word_1_581' title='bbox 3487 1467 3801 1542; x_wconf 56' lang='lat' dir='ltr'><strong>misericor-</strong></span> 
     </span>
    </p>
   </div>
   <div class='ocr_carea' id='block_1_76' title="bbox 2217 1551 3800 1644">
    <p class='ocr_par' dir='ltr' id='par_1_76' title="bbox 2217 1551 3800 1644">
     <span class='ocr_line' id='line_1_76' title="bbox 2217 1551 3800 1644; baseline 0.018 -39"><span class='ocrx_word' id='word_1_582' title='bbox 2217 1551 2376 1618; x_wconf 86' lang='lat' dir='ltr'><strong>diam,</strong></span> <span class='ocrx_word' id='word_1_583' title='bbox 2410 1556 2627 1626; x_wconf 77' lang='lat' dir='ltr'><strong>exigens</strong></span> <span class='ocrx_word' id='word_1_584' title='bbox 2658 1560 2932 1616; x_wconf 83' lang='lat' dir='ltr'><strong>veritatem</strong></span> <span class='ocrx_word' id='word_1_585' title='bbox 2962 1580 2979 1616; x_wconf 89' lang='lat'><strong>:</strong></span> <span class='ocrx_word' id='word_1_586' title='bbox 3011 1564 3201 1620; x_wconf 78' lang='lat' dir='ltr'><strong>Reddet</strong></span> <span class='ocrx_word' id='word_1_587' title='bbox 3229 1570 3373 1638; x_wconf 79' lang='lat' dir='ltr'><strong>mihi,</strong></span> <span class='ocrx_word' id='word_1_588' title='bbox 3406 1569 3590 1644; x_wconf 87' lang='lat' dir='ltr'><strong>inquit,</strong></span> <span class='ocrx_word' id='word_1_589' title='bbox 3619 1575 3800 1632; x_wconf 81' lang='lat' dir='ltr'><strong>Domi-</strong></span> 
     </span>
    </p>
   </div>
   <div class='ocr_carea' id='block_1_77' title="bbox 2216 1648 3801 1733">
    <p class='ocr_par' dir='ltr' id='par_1_77' title="bbox 2216 1648 3801 1733">
     <span class='ocr_line' id='line_1_77' title="bbox 2216 1648 3801 1733; baseline 0.018 -36"><span class='ocrx_word' id='word_1_590' title='bbox 2216 1662 2310 1699; x_wconf 78' lang='lat' dir='ltr'><strong>nus</strong></span> <span class='ocrx_word' id='word_1_591' title='bbox 2333 1648 2385 1700; x_wconf 85' lang='lat' dir='ltr'><strong>in</strong></span> <span class='ocrx_word' id='word_1_592' title='bbox 2410 1649 2500 1702; x_wconf 88' lang='lat' dir='ltr'><strong>illo</strong></span> <span class='ocrx_word' id='word_1_593' title='bbox 2517 1649 2616 1703; x_wconf 80' lang='lat' dir='ltr'><strong>die.</strong></span> <span class='ocrx_word' id='word_1_594' title='bbox 2649 1651 2785 1719; x_wconf 89' lang='lat' dir='ltr'><strong>Quid</strong></span> <span class='ocrx_word' id='word_1_595' title='bbox 2815 1654 2906 1708; x_wconf 89' lang='lat' dir='ltr'><strong>tibi</strong></span> <span class='ocrx_word' id='word_1_596' title='bbox 2933 1656 3141 1725; x_wconf 87' lang='lat' dir='ltr'><strong>reddet,</strong></span> <span class='ocrx_word' id='word_1_597' title='bbox 3174 1659 3275 1714; x_wconf 87' lang='lat' dir='ltr'><strong>nisi</strong></span> <span class='ocrx_word' id='word_1_598' title='bbox 3302 1664 3446 1733; x_wconf 85' lang='lat' dir='ltr'><strong>quod</strong></span> <span class='ocrx_word' id='word_1_599' title='bbox 3473 1666 3566 1722; x_wconf 86' lang='lat' dir='ltr'><strong>tibi</strong></span> <span class='ocrx_word' id='word_1_600' title='bbox 3594 1668 3752 1725; x_wconf 73' lang='lat' dir='ltr'><strong>debet</strong></span> <span class='ocrx_word' id='word_1_601' title='bbox 3772 1673 3801 1724; x_wconf 68' lang='grc' dir='ltr'><strong><em>τ</em></strong></span> 
     </span>
    </p>
   </div>
   <div class='ocr_carea' id='block_1_78' title="bbox 2217 1735 3798 1827">
    <p class='ocr_par' dir='ltr' id='par_1_78' title="bbox 2217 1735 3798 1827">
     <span class='ocr_line' id='line_1_78' title="bbox 2217 1735 3798 1827; baseline 0.016 -37"><span class='ocrx_word' id='word_1_602' title='bbox 2217 1735 2370 1792; x_wconf 87' lang='lat' dir='ltr'><strong>Unde</strong></span> <span class='ocrx_word' id='word_1_603' title='bbox 2413 1739 2504 1794; x_wconf 87' lang='lat' dir='ltr'><strong>tibi</strong></span> <span class='ocrx_word' id='word_1_604' title='bbox 2543 1740 2744 1796; x_wconf 83' lang='lat' dir='ltr'><strong>debet?</strong></span> <span class='ocrx_word' id='word_1_605' title='bbox 2787 1745 2913 1814; x_wconf 85' lang='lat' dir='ltr'><strong>quid</strong></span> <span class='ocrx_word' id='word_1_606' title='bbox 2941 1747 2988 1801; x_wconf 89' lang='lat' dir='ltr'><strong>ei</strong></span> <span class='ocrx_word' id='word_1_607' title='bbox 3015 1746 3256 1804; x_wconf 78' lang='lat' dir='ltr'><strong>dedisti?</strong></span> <span class='ocrx_word' id='word_1_608' title='bbox 3294 1752 3424 1820; x_wconf 84' lang='lat' dir='ltr'><strong>Quis</strong></span> <span class='ocrx_word' id='word_1_609' title='bbox 3477 1757 3622 1827; x_wconf 86' lang='lat' dir='ltr'><strong>prior</strong></span> <span class='ocrx_word' id='word_1_610' title='bbox 3647 1759 3798 1817; x_wconf 85' lang='lat' dir='ltr'><strong>dedit</strong></span> 
     </span>
    </p>
   </div>
   <div class='ocr_carea' id='block_1_79' title="bbox 2214 1827 3795 1912">
    <p class='ocr_par' dir='ltr' id='par_1_79' title="bbox 2214 1827 3795 1912">
     <span class='ocr_line' id='line_1_79' title="bbox 2214 1827 3795 1912; baseline 0.016 -31"><span class='ocrx_word' id='word_1_611' title='bbox 2214 1827 2312 1893; x_wconf 90' lang='lat' dir='ltr'><strong>illi,</strong></span> <span class='ocrx_word' id='word_1_612' title='bbox 2339 1838 2391 1884; x_wconf 89' lang='lat' dir='ltr'><strong>et</strong></span> <span class='ocrx_word' id='word_1_613' title='bbox 2418 1830 2743 1888; x_wconf 87' lang='lat' dir='ltr'><strong>retribuetur</strong></span> <span class='ocrx_word' id='word_1_614' title='bbox 2764 1835 2813 1889; x_wconf 90' lang='lat' dir='ltr'><strong>el</strong></span> <span class='ocrx_word' id='word_1_615' title='bbox 2843 1835 3020 1906; x_wconf 79' lang='lat' dir='ltr'><strong>(Rom.</strong></span> <span class='ocrx_word' id='word_1_616' title='bbox 3053 1840 3138 1906; x_wconf 78' lang='lat' dir='ltr'><strong>li,</strong></span> <span class='ocrx_word' id='word_1_617' title='bbox 3172 1843 3309 1912; x_wconf 78' lang='lat'><strong>55)?</strong></span> <span class='ocrx_word' id='word_1_618' title='bbox 3351 1846 3652 1904; x_wconf 89' lang='lat' dir='ltr'><strong>Debitorem</strong></span> <span class='ocrx_word' id='word_1_619' title='bbox 3682 1851 3795 1906; x_wconf 79' lang='lat' dir='ltr'><strong>Do-</strong></span> 
     </span>
    </p>
   </div>
   <div class='ocr_carea' id='block_1_80' title="bbox 2212 1919 3792 2007">
    <p class='ocr_par' dir='ltr' id='par_1_80' title="bbox 2212 1919 3792 2007">
     <span class='ocr_line' id='line_1_80' title="bbox 2212 1919 3792 2007; baseline 0.018 -35"><span class='ocrx_word' id='word_1_620' title='bbox 2212 1919 2390 1976; x_wconf 90' lang='lat' dir='ltr'><strong>minus</strong></span> <span class='ocrx_word' id='word_1_621' title='bbox 2414 1922 2526 1992; x_wconf 82' lang='lat' dir='ltr'><strong>ipse</strong></span> <span class='ocrx_word' id='word_1_622' title='bbox 2544 1938 2602 1979; x_wconf 87' lang='lat' dir='ltr'><strong>sc</strong></span> <span class='ocrx_word' id='word_1_623' title='bbox 2621 1924 2763 1992; x_wconf 81' lang='lat' dir='ltr'><strong>fecit,</strong></span> <span class='ocrx_word' id='word_1_624' title='bbox 2787 1943 2892 1984; x_wconf 90' lang='lat' dir='ltr'><strong>non</strong></span> <span class='ocrx_word' id='word_1_625' title='bbox 2919 1931 3250 2002; x_wconf 87' lang='lat' dir='ltr'><strong>accipiendo,</strong></span> <span class='ocrx_word' id='word_1_626' title='bbox 3279 1937 3371 1992; x_wconf 86' lang='lat' dir='ltr'><strong>sed</strong></span> <span class='ocrx_word' id='word_1_627' title='bbox 3396 1941 3751 2007; x_wconf 86' lang='lat' dir='ltr'><strong>promittendo</strong></span> <span class='ocrx_word' id='word_1_628' title='bbox 3775 1965 3792 2000; x_wconf 88' lang='lat'><strong>:</strong></span> 
     </span>
    </p>
   </div>
   <div class='ocr_carea' id='block_1_81' title="bbox 2211 2014 3796 2100">
    <p class='ocr_par' dir='ltr' id='par_1_81' title="bbox 2211 2014 3796 2100">
     <span class='ocr_line' id='line_1_81' title="bbox 2211 2014 3796 2100; baseline 0.017 -35"><span class='ocrx_word' id='word_1_629' title='bbox 2211 2027 2316 2067; x_wconf 90' lang='lat' dir='ltr'><strong>non</strong></span> <span class='ocrx_word' id='word_1_630' title='bbox 2347 2014 2394 2067; x_wconf 92' lang='lat' dir='ltr'><strong>ei</strong></span> <span class='ocrx_word' id='word_1_631' title='bbox 2439 2014 2648 2082; x_wconf 90' lang='lat' dir='ltr'><strong>dicitur,</strong></span> <span class='ocrx_word' id='word_1_632' title='bbox 2696 2018 2878 2075; x_wconf 81' lang='lat' dir='ltr'><strong>Redde</strong></span> <span class='ocrx_word' id='word_1_633' title='bbox 2923 2022 3064 2092; x_wconf 90' lang='lat' dir='ltr'><strong>quod</strong></span> <span class='ocrx_word' id='word_1_634' title='bbox 3117 2028 3406 2097; x_wconf 88' lang='lat' dir='ltr'><strong>accepisti;</strong></span> <span class='ocrx_word' id='word_1_635' title='bbox 3439 2031 3558 2100; x_wconf 90' lang='lat' dir='ltr'><strong>sed,</strong></span> <span class='ocrx_word' id='word_1_636' title='bbox 3607 2034 3796 2093; x_wconf 80' lang='lat' dir='ltr'><strong>Redde</strong></span> 
     </span>
    </p>
   </div>
   <div class='ocr_carea' id='block_1_82' title="bbox 2209 2102 3794 2197">
    <p class='ocr_par' dir='ltr' id='par_1_82' title="bbox 2209 2102 3794 2197">
     <span class='ocr_line' id='line_1_82' title="bbox 2209 2102 3794 2197; baseline 0.016 -42"><span class='ocrx_word' id='word_1_637' title='bbox 2209 2102 2348 2172; x_wconf 89' lang='lat' dir='ltr'><strong>quod</strong></span> <span class='ocrx_word' id='word_1_638' title='bbox 2380 2105 2689 2172; x_wconf 83' lang='lat' dir='ltr'><strong>promisisti.</strong></span> <span class='ocrx_word' id='word_1_639' title='bbox 2724 2109 3132 2168; x_wconf 75' lang='lat' dir='ltr'><strong>Misericordiam</strong></span> <span class='ocrx_word' id='word_1_640' title='bbox 3160 2115 3286 2170; x_wconf 76' lang='lat' dir='ltr'><strong>mihi</strong></span> <span class='ocrx_word' id='word_1_641' title='bbox 3314 2122 3570 2190; x_wconf 79' lang='lat' dir='ltr'><strong>erogavit,</strong></span> <span class='ocrx_word' id='word_1_642' title='bbox 3597 2121 3794 2197; x_wconf 84' lang='lat' dir='ltr'><strong>inquit,</strong></span> 
     </span>
    </p>
   </div>
   <div class='ocr_carea' id='block_1_83' title="bbox 2209 2193 3797 2285">
    <p class='ocr_par' dir='ltr' id='par_1_83' title="bbox 2209 2193 3797 2285">
     <span class='ocr_line' id='line_1_83' title="bbox 2209 2193 3797 2285; baseline 0.016 -38"><span class='ocrx_word' id='word_1_643' title='bbox 2209 2202 2267 2247; x_wconf 92' lang='lat' dir='ltr'><strong>ut</strong></span> <span class='ocrx_word' id='word_1_644' title='bbox 2293 2193 2492 2249; x_wconf 77' lang='lat' dir='ltr'><strong>laceret</strong></span> <span class='ocrx_word' id='word_1_645' title='bbox 2513 2211 2602 2251; x_wconf 88' lang='lat' dir='ltr'><strong>me</strong></span> <span class='ocrx_word' id='word_1_646' title='bbox 2625 2196 2960 2258; x_wconf 88' lang='lat' dir='ltr'><strong>innocentem</strong></span> <span class='ocrx_word' id='word_1_647' title='bbox 2991 2221 3005 2257; x_wconf 90' lang='lat'>:</span> <span class='ocrx_word' id='word_1_648' title='bbox 3033 2219 3156 2259; x_wconf 84' lang='lat' dir='ltr'><strong>nam</strong></span> <span class='ocrx_word' id='word_1_649' title='bbox 3182 2207 3325 2275; x_wconf 89' lang='lat' dir='ltr'><strong>prius</strong></span> <span class='ocrx_word' id='word_1_650' title='bbox 3347 2211 3416 2264; x_wconf 79' lang='lat' dir='ltr'><strong>fui</strong></span> <span class='ocrx_word' id='word_1_651' title='bbox 3447 2193 3797 2285; x_wconf 74' lang='lat' dir='ltr'><strong>blaSpheinus</strong></span> 
     </span>
    </p>
   </div>
   <div class='ocr_carea' id='block_1_84' title="bbox 2208 2286 3790 2364">
    <p class='ocr_par' dir='ltr' id='par_1_84' title="bbox 2208 2286 3790 2364">
     <span class='ocr_line' id='line_1_84' title="bbox 2208 2286 3790 2364; baseline 0.015 -25"><span class='ocrx_word' id='word_1_652' title='bbox 2208 2293 2262 2340; x_wconf 88' lang='lat' dir='ltr'><strong>et</strong></span> <span class='ocrx_word' id='word_1_653' title='bbox 2287 2286 2568 2356; x_wconf 72' lang='lat' dir='ltr'><strong>iniuriosus</strong></span> <span class='ocrx_word' id='word_1_654' title='bbox 2589 2304 2606 2353; x_wconf 92' lang='lat'><strong>;</strong></span> <span class='ocrx_word' id='word_1_655' title='bbox 2631 2289 2723 2344; x_wconf 90' lang='lat' dir='ltr'><strong>sed</strong></span> <span class='ocrx_word' id='word_1_656' title='bbox 2747 2306 2810 2346; x_wconf 85' lang='lat' dir='ltr'><strong>ex</strong></span> <span class='ocrx_word' id='word_1_657' title='bbox 2834 2292 2978 2350; x_wconf 84' lang='lat' dir='ltr'><strong>illius</strong></span> <span class='ocrx_word' id='word_1_658' title='bbox 2995 2297 3158 2364; x_wconf 81' lang='lat' dir='ltr'><strong>gratia</strong></span> <span class='ocrx_word' id='word_1_659' title='bbox 3179 2297 3344 2356; x_wconf 84' lang='lat' dir='ltr'><strong>lactus</strong></span> <span class='ocrx_word' id='word_1_660' title='bbox 3371 2317 3487 2356; x_wconf 90' lang='lat' dir='ltr'><strong>sum</strong></span> <span class='ocrx_word' id='word_1_661' title='bbox 3511 2305 3790 2362; x_wconf 86' lang='lat' dir='ltr'><strong>innocens.</strong></span> 
     </span>
    </p>
   </div>
   <div class='ocr_carea' id='block_1_85' title="bbox 2207 2376 3792 2470">
    <p class='ocr_par' dir='ltr' id='par_1_85' title="bbox 2207 2376 3792 2470">
     <span class='ocr_line' id='line_1_85' title="bbox 2207 2376 3792 2470; baseline 0.014 -40"><span class='ocrx_word' id='word_1_662' title='bbox 2207 2376 2300 2431; x_wconf 88' lang='lat' dir='ltr'><strong>Ille</strong></span> <span class='ocrx_word' id='word_1_663' title='bbox 2327 2386 2503 2432; x_wconf 88' lang='lat' dir='ltr'><strong>autem</strong></span> <span class='ocrx_word' id='word_1_664' title='bbox 2534 2379 2623 2449; x_wconf 88' lang='lat' dir='ltr'><strong>qui</strong></span> <span class='ocrx_word' id='word_1_665' title='bbox 2655 2385 2969 2453; x_wconf 72' lang='lat' dir='ltr'><strong>prmrogavit</strong></span> <span class='ocrx_word' id='word_1_666' title='bbox 2994 2387 3410 2446; x_wconf 87' lang='lat' dir='ltr'><strong>misericordiam</strong></span> <span class='ocrx_word' id='word_1_667' title='bbox 3430 2433 3444 2456; x_wconf 96' lang='lat'><strong>,</strong></span> <span class='ocrx_word' id='word_1_668' title='bbox 3477 2409 3668 2466; x_wconf 76' lang='lat' dir='ltr'><strong>negare</strong></span> <span class='ocrx_word' id='word_1_669' title='bbox 3693 2415 3792 2470; x_wconf 66' lang='lat' dir='ltr'><strong>po.</strong></span> 
     </span>
    </p>
   </div>
   <div class='ocr_carea' id='block_1_86' title="bbox 2208 2468 3790 2544">
    <p class='ocr_par' dir='ltr' id='par_1_86' title="bbox 2208 2468 3790 2544">
     <span class='ocr_line' id='line_1_86' title="bbox 2208 2468 3790 2544; baseline 0.016 -24"><span class='ocrx_word' id='word_1_670' title='bbox 2208 2468 2333 2521; x_wconf 90' lang='lat' dir='ltr'><strong>terit</strong></span> <span class='ocrx_word' id='word_1_671' title='bbox 2360 2468 2639 2524; x_wconf 84' lang='lat' dir='ltr'><strong>debitum?</strong></span> <span class='ocrx_word' id='word_1_672' title='bbox 2665 2471 2846 2544; x_wconf 83' lang='lat' dir='ltr'><strong>Diligit</strong></span> <span class='ocrx_word' id='word_1_673' title='bbox 2867 2476 3257 2532; x_wconf 70' lang='lat' dir='ltr'><strong>misericordia»:</strong></span> <span class='ocrx_word' id='word_1_674' title='bbox 3277 2491 3324 2536; x_wconf 83' lang='lat' dir='ltr'><strong>et</strong></span> <span class='ocrx_word' id='word_1_675' title='bbox 3348 2485 3621 2541; x_wconf 82' lang='lat' dir='ltr'><strong>veritatem.</strong></span> <span class='ocrx_word' id='word_1_676' title='bbox 3651 2468 3790 2544; x_wconf 77' lang='lat' dir='ltr'><strong>Gra-</strong></span> 
     </span>
    </p>
   </div>
   <div class='ocr_carea' id='block_1_87' title="bbox 2206 2559 3792 2651">
    <p class='ocr_par' dir='ltr' id='par_1_87' title="bbox 2206 2559 3792 2651">
     <span class='ocr_line' id='line_1_87' title="bbox 2206 2559 3792 2651; baseline 0.018 -41"><span class='ocrx_word' id='word_1_677' title='bbox 2206 2559 2327 2612; x_wconf 87' lang='lat' dir='ltr'><strong>tiam</strong></span> <span class='ocrx_word' id='word_1_678' title='bbox 2353 2569 2401 2614; x_wconf 82' lang='lat' dir='ltr'><strong>et</strong></span> <span class='ocrx_word' id='word_1_679' title='bbox 2428 2561 2642 2631; x_wconf 82' lang='lat' dir='ltr'><strong>gloriam</strong></span> <span class='ocrx_word' id='word_1_680' title='bbox 2671 2565 2825 2619; x_wconf 80' lang='lat' dir='ltr'><strong>dabit.</strong></span> <span class='ocrx_word' id='word_1_681' title='bbox 2854 2566 3021 2634; x_wconf 90' lang='lat' dir='ltr'><strong>Quam</strong></span> <span class='ocrx_word' id='word_1_682' title='bbox 3041 2569 3287 2639; x_wconf 81' lang='lat' dir='ltr'><strong>gratiam,</strong></span> <span class='ocrx_word' id='word_1_683' title='bbox 3316 2574 3416 2628; x_wconf 91' lang='lat' dir='ltr'><strong>nisi</strong></span> <span class='ocrx_word' id='word_1_684' title='bbox 3445 2575 3514 2631; x_wconf 88' lang='lat' dir='ltr'><strong>de</strong></span> <span class='ocrx_word' id='word_1_685' title='bbox 3539 2593 3638 2648; x_wconf 89' lang='lat' dir='ltr'><strong>qua</strong></span> <span class='ocrx_word' id='word_1_686' title='bbox 3669 2579 3792 2651; x_wconf 87' lang='lat' dir='ltr'><strong>ipse</strong></span> 
     </span>
    </p>
   </div>
   <div class='ocr_carea' id='block_1_88' title="bbox 2172 2652 3788 2739">
    <p class='ocr_par' dir='ltr' id='par_1_88' title="bbox 2172 2652 3788 2739">
     <span class='ocr_line' id='line_1_88' title="bbox 2172 2652 3788 2739; baseline 0.016 -35"><span class='ocrx_word' id='word_1_687' title='bbox 2172 2652 2354 2737; x_wconf 49' lang='lat' dir='ltr'><strong>.dixit,</strong></span> <span class='ocrx_word' id='word_1_688' title='bbox 2386 2654 2560 2708; x_wconf 80' lang='lat' dir='ltr'><strong>Gratia</strong></span> <span class='ocrx_word' id='word_1_689' title='bbox 2587 2656 2682 2712; x_wconf 81' lang='lat' dir='ltr'><strong>Dei</strong></span> <span class='ocrx_word' id='word_1_690' title='bbox 2721 2675 2831 2713; x_wconf 76' lang='lat' dir='ltr'><strong>sum</strong></span> <span class='ocrx_word' id='word_1_691' title='bbox 2856 2662 2993 2728; x_wconf 77' lang='lat' dir='ltr'><strong>quod</strong></span> <span class='ocrx_word' id='word_1_692' title='bbox 3018 2665 3174 2718; x_wconf 75' lang='lat' dir='ltr'><strong>sunt?</strong></span> <span class='ocrx_word' id='word_1_693' title='bbox 3197 2664 3364 2732; x_wconf 83' lang='lat' dir='ltr'><strong>Quam</strong></span> <span class='ocrx_word' id='word_1_694' title='bbox 3406 2670 3649 2739; x_wconf 83' lang='lat' dir='ltr'><strong>gloriam,</strong></span> <span class='ocrx_word' id='word_1_695' title='bbox 3682 2675 3788 2730; x_wconf 84' lang='lat' dir='ltr'><strong>nisi</strong></span> 
     </span>
    </p>
   </div>
   <div class='ocr_carea' id='block_1_89' title="bbox 2204 2743 3605 2830">
    <p class='ocr_par' dir='ltr' id='par_1_89' title="bbox 2204 2743 3605 2830">
     <span class='ocr_line' id='line_1_89' title="bbox 2204 2743 3605 2830; baseline 0.014 -32"><span class='ocrx_word' id='word_1_696' title='bbox 2204 2743 2268 2799; x_wconf 88' lang='lat' dir='ltr'><strong>dc</strong></span> <span class='ocrx_word' id='word_1_697' title='bbox 2297 2761 2399 2814; x_wconf 85' lang='lat' dir='ltr'><strong>qua</strong></span> <span class='ocrx_word' id='word_1_698' title='bbox 2433 2746 2544 2816; x_wconf 88' lang='lat' dir='ltr'><strong>ipse</strong></span> <span class='ocrx_word' id='word_1_699' title='bbox 2571 2747 2721 2814; x_wconf 82' lang='lat' dir='ltr'><strong>dixit,</strong></span> <span class='ocrx_word' id='word_1_700' title='bbox 2757 2750 2996 2820; x_wconf 76' lang='lat' dir='ltr'><strong>Superest</strong></span> <span class='ocrx_word' id='word_1_701' title='bbox 3019 2755 3143 2808; x_wconf 82' lang='lat' dir='ltr'><strong>mihi</strong></span> <span class='ocrx_word' id='word_1_702' title='bbox 3167 2773 3352 2811; x_wconf 80' lang='lat' dir='ltr'><strong>corona</strong></span> <span class='ocrx_word' id='word_1_703' title='bbox 3371 2761 3605 2830; x_wconf 73' lang='lat' dir='ltr'><strong>justitite.</strong></span> 
     </span>
    </p>
   </div>
   <div class='ocr_carea' id='block_1_90' title="bbox 2277 2836 3785 2923">
    <p class='ocr_par' dir='ltr' id='par_1_90' title="bbox 2277 2836 3785 2923">
     <span class='ocr_line' id='line_1_90' title="bbox 2277 2836 3785 2923; baseline 0.012 -33"><span class='ocrx_word' id='word_1_704' title='bbox 2277 2837 2358 2890; x_wconf 83' lang='grc'><strong>17.</strong></span> <span class='ocrx_word' id='word_1_705' title='bbox 2391 2836 2537 2909; x_wconf 73' lang='lat' dir='ltr'><strong>[vei-3.</strong></span> <span class='ocrx_word' id='word_1_706' title='bbox 2587 2838 2700 2911; x_wconf 72' lang='lat'><strong>15.]</strong></span> <span class='ocrx_word' id='word_1_707' title='bbox 2735 2841 2876 2906; x_wconf 88' lang='lat' dir='ltr'><strong>Ideo,</strong></span> <span class='ocrx_word' id='word_1_708' title='bbox 2902 2840 3168 2910; x_wconf 73' lang='lat' dir='ltr'><strong>Dominus,</strong></span> <span class='ocrx_word' id='word_1_709' title='bbox 3203 2846 3392 2917; x_wconf 86' lang='lat' dir='ltr'><strong>inquit,</strong></span> <span class='ocrx_word' id='word_1_710' title='bbox 3434 2867 3534 2905; x_wconf 86' lang='lat' dir='ltr'><strong>non</strong></span> <span class='ocrx_word' id='word_1_711' title='bbox 3573 2854 3785 2923; x_wconf 76' lang='lat' dir='ltr'><strong>privabit</strong></span> 
     </span>
    </p>
   </div>
   <div class='ocr_carea' id='block_1_91' title="bbox 2202 2930 3784 3013">
    <p class='ocr_par' dir='ltr' id='par_1_91' title="bbox 2202 2930 3784 3013">
     <span class='ocr_line' id='line_1_91' title="bbox 2202 2930 3784 3013; baseline 0.013 -31"><span class='ocrx_word' id='word_1_712' title='bbox 2202 2930 2343 2984; x_wconf 73' lang='lat' dir='ltr'><strong>bouis</strong></span> <span class='ocrx_word' id='word_1_713' title='bbox 2381 2932 2690 2986; x_wconf 66' lang='lat' dir='ltr'><strong>(cumulantes</strong></span> <span class='ocrx_word' id='word_1_714' title='bbox 2716 2935 2768 2988; x_wconf 87' lang='lat' dir='ltr'><strong>in</strong></span> <span class='ocrx_word' id='word_1_715' title='bbox 2798 2936 3102 2993; x_wconf 82' lang='lat' dir='ltr'><strong>innocentia.</strong></span> <span class='ocrx_word' id='word_1_716' title='bbox 3151 2939 3326 3007; x_wconf 88' lang='lat' dir='ltr'><strong>Quare</strong></span> <span class='ocrx_word' id='word_1_717' title='bbox 3369 2958 3497 3013; x_wconf 74' lang='lat' dir='ltr'><strong>ergo</strong></span> <span class='ocrx_word' id='word_1_718' title='bbox 3538 2943 3784 3003; x_wconf 89' lang='lat' dir='ltr'><strong>homines</strong></span> 
     </span>
    </p>
   </div>
   <div class='ocr_carea' id='block_1_92' title="bbox 2202 3023 3846 3095">
    <p class='ocr_par' dir='ltr' id='par_1_92' title="bbox 2202 3023 3846 3095">
     <span class='ocr_line' id='line_1_92' title="bbox 2202 3023 3846 3095; baseline 0.01 -18"><span class='ocrx_word' id='word_1_719' title='bbox 2202 3039 2308 3077; x_wconf 89' lang='lat' dir='ltr'><strong>non</strong></span> <span class='ocrx_word' id='word_1_720' title='bbox 2336 3023 2494 3078; x_wconf 79' lang='lat' dir='ltr'><strong>vultis</strong></span> <span class='ocrx_word' id='word_1_721' title='bbox 2517 3033 2698 3080; x_wconf 90' lang='lat' dir='ltr'><strong>tenere</strong></span> <span class='ocrx_word' id='word_1_722' title='bbox 2728 3025 3105 3095; x_wconf 84' lang='lat' dir='ltr'><strong>innocentiam,</strong></span> <span class='ocrx_word' id='word_1_723' title='bbox 3135 3031 3233 3084; x_wconf 91' lang='lat' dir='ltr'><strong>nisi</strong></span> <span class='ocrx_word' id='word_1_724' title='bbox 3261 3039 3317 3085; x_wconf 92' lang='lat' dir='ltr'><strong>ut</strong></span> <span class='ocrx_word' id='word_1_725' title='bbox 3341 3031 3580 3091; x_wconf 87' lang='lat' dir='ltr'><strong>habeatis</strong></span> <span class='ocrx_word' id='word_1_726' title='bbox 3603 3036 3738 3092; x_wconf 86' lang='lat' dir='ltr'><strong>bona</strong></span> <span class='ocrx_word' id='word_1_727' title='bbox 3757 3039 3784 3093; x_wconf 81' lang='lat'><strong>?</strong></span> <span class='ocrx_word' id='word_1_728' title='bbox 3844 3049 3846 3051; x_wconf 84' lang='lat'>&#39;</span> 
     </span>
    </p>
   </div>
   <div class='ocr_carea' id='block_1_93' title="bbox 2199 3104 3780 3200">
    <p class='ocr_par' dir='ltr' id='par_1_93' title="bbox 2199 3104 3780 3200">
     <span class='ocr_line' id='line_1_93' title="bbox 2199 3104 3780 3200; baseline 0.011 -32"><span class='ocrx_word' id='word_1_729' title='bbox 2199 3115 2312 3168; x_wconf 83' lang='lat' dir='ltr'><strong>Non</strong></span> <span class='ocrx_word' id='word_1_730' title='bbox 2357 3116 2465 3168; x_wconf 83' lang='lat' dir='ltr'><strong>vult</strong></span> <span class='ocrx_word' id='word_1_731' title='bbox 2497 3117 2513 3148; x_wconf 81' lang='grc'>¹</span> <span class='ocrx_word' id='word_1_732' title='bbox 2545 3125 2724 3172; x_wconf 89' lang='lat' dir='ltr'><strong>tenere</strong></span> <span class='ocrx_word' id='word_1_733' title='bbox 2751 3104 3132 3188; x_wconf 84' lang='lat' dir='ltr'><strong>innocentiam,</strong></span> <span class='ocrx_word' id='word_1_734' title='bbox 3163 3131 3219 3177; x_wconf 92' lang='lat' dir='ltr'><strong>ut</strong></span> <span class='ocrx_word' id='word_1_735' title='bbox 3265 3138 3370 3179; x_wconf 89' lang='lat' dir='ltr'><strong>non</strong></span> <span class='ocrx_word' id='word_1_736' title='bbox 3410 3125 3596 3183; x_wconf 85' lang='lat' dir='ltr'><strong>reddat</strong></span> <span class='ocrx_word' id='word_1_737' title='bbox 3638 3130 3780 3200; x_wconf 82' lang='lat' dir='ltr'><strong>quod</strong></span> 
     </span>
    </p>
   </div>
   <div class='ocr_carea' id='block_1_94' title="bbox 2200 3207 3780 3286">
    <p class='ocr_par' dir='ltr' id='par_1_94' title="bbox 2200 3207 3780 3286">
     <span class='ocr_line' id='line_1_94' title="bbox 2200 3207 3780 3286; baseline 0.01 -27"><span class='ocrx_word' id='word_1_738' title='bbox 2200 3207 2270 3260; x_wconf 78' lang='lat' dir='ltr'><strong>illi</strong></span> <span class='ocrx_word' id='word_1_739' title='bbox 2298 3207 2596 3276; x_wconf 79' lang='lat' dir='ltr'><strong>assignatur</strong></span> <span class='ocrx_word' id='word_1_740' title='bbox 2625 3226 2636 3260; x_wconf 92' lang='lat'><strong>:</strong></span> <span class='ocrx_word' id='word_1_741' title='bbox 2664 3223 2855 3267; x_wconf 86' lang='lat' dir='ltr'><strong>aurum</strong></span> <span class='ocrx_word' id='word_1_742' title='bbox 2883 3211 2991 3265; x_wconf 88' lang='lat' dir='ltr'><strong>vult</strong></span> <span class='ocrx_word' id='word_1_743' title='bbox 3020 3211 3217 3269; x_wconf 88' lang='lat' dir='ltr'><strong>habere</strong></span> <span class='ocrx_word' id='word_1_744' title='bbox 3245 3224 3300 3270; x_wconf 92' lang='lat' dir='ltr'><strong>et</strong></span> <span class='ocrx_word' id='word_1_745' title='bbox 3325 3216 3498 3286; x_wconf 89' lang='lat' dir='ltr'><strong>perdit</strong></span> <span class='ocrx_word' id='word_1_746' title='bbox 3521 3219 3780 3276; x_wconf 85' lang='lat' dir='ltr'><strong>innocen-</strong></span> 
     </span>
    </p>
   </div>
   <div class='ocr_carea' id='block_1_95' title="bbox 2199 3300 3779 3374">
    <p class='ocr_par' dir='ltr' id='par_1_95' title="bbox 2199 3300 3779 3374">
     <span class='ocr_line' id='line_1_95' title="bbox 2199 3300 3779 3374; baseline 0.011 -21"><span class='ocrx_word' id='word_1_747' title='bbox 2199 3300 2344 3354; x_wconf 90' lang='lat' dir='ltr'><strong>tiam.</strong></span> <span class='ocrx_word' id='word_1_748' title='bbox 2364 3300 2498 3368; x_wconf 88' lang='lat' dir='ltr'><strong>Quid</strong></span> <span class='ocrx_word' id='word_1_749' title='bbox 2522 3301 2791 3356; x_wconf 82' lang='lat' dir='ltr'><strong>lueratur?</strong></span> <span class='ocrx_word' id='word_1_750' title='bbox 2813 3304 2937 3374; x_wconf 91' lang='lat' dir='ltr'><strong>quid</strong></span> <span class='ocrx_word' id='word_1_751' title='bbox 2954 3304 3356 3364; x_wconf 86' lang='lat' dir='ltr'><strong>damnilicatur?</strong></span> <span class='ocrx_word' id='word_1_752' title='bbox 3381 3310 3552 3368; x_wconf 85' lang='lat' dir='ltr'><strong>Habet</strong></span> <span class='ocrx_word' id='word_1_753' title='bbox 3572 3313 3779 3370; x_wconf 86' lang='lat' dir='ltr'><strong>lucrum</strong></span> 
     </span>
    </p>
   </div>
   <div class='ocr_carea' id='block_1_96' title="bbox 2196 3393 3778 3478">
    <p class='ocr_par' dir='ltr' id='par_1_96' title="bbox 2196 3393 3778 3478">
     <span class='ocr_line' id='line_1_96' title="bbox 2196 3393 3778 3478; baseline 0.012 -33"><span class='ocrx_word' id='word_1_754' title='bbox 2196 3393 2330 3456; x_wconf 87' lang='lat' dir='ltr'><strong>auri,</strong></span> <span class='ocrx_word' id='word_1_755' title='bbox 2358 3407 2543 3462; x_wconf 74' lang='lat' dir='ltr'><strong>passus</strong></span> <span class='ocrx_word' id='word_1_756' title='bbox 2569 3402 2650 3448; x_wconf 86' lang='lat' dir='ltr'><strong>est</strong></span> <span class='ocrx_word' id='word_1_757' title='bbox 2670 3394 2921 3451; x_wconf 86' lang='lat' dir='ltr'><strong>damnum</strong></span> <span class='ocrx_word' id='word_1_758' title='bbox 2952 3397 3285 3456; x_wconf 71' lang='lat' dir='ltr'><strong>innocentim.</strong></span> <span class='ocrx_word' id='word_1_759' title='bbox 3317 3403 3412 3458; x_wconf 87' lang='lat' dir='ltr'><strong>Est</strong></span> <span class='ocrx_word' id='word_1_760' title='bbox 3431 3405 3629 3474; x_wconf 90' lang='lat' dir='ltr'><strong>aliquid</strong></span> <span class='ocrx_word' id='word_1_761' title='bbox 3657 3425 3778 3478; x_wconf 87' lang='lat' dir='ltr'><strong>pre-</strong></span> 
     </span>
    </p>
   </div>
   <div class='ocr_carea' id='block_1_97' title="bbox 2197 3485 3776 3567">
    <p class='ocr_par' dir='ltr' id='par_1_97' title="bbox 2197 3485 3776 3567">
     <span class='ocr_line' id='line_1_97' title="bbox 2197 3485 3776 3567; baseline 0.011 -30"><span class='ocrx_word' id='word_1_762' title='bbox 2197 3485 2386 3539; x_wconf 79' lang='lat' dir='ltr'><strong>tiosius</strong></span> <span class='ocrx_word' id='word_1_763' title='bbox 2417 3486 2756 3542; x_wconf 86' lang='lat' dir='ltr'><strong>innocentia?</strong></span> <span class='ocrx_word' id='word_1_764' title='bbox 2783 3489 2887 3544; x_wconf 88' lang='lat' dir='ltr'><strong>Sed</strong></span> <span class='ocrx_word' id='word_1_765' title='bbox 2927 3490 2970 3544; x_wconf 91' lang='lat' dir='ltr'><strong>si</strong></span> <span class='ocrx_word' id='word_1_766' title='bbox 3002 3491 3358 3548; x_wconf 86' lang='lat' dir='ltr'><strong>innocentiam</strong></span> <span class='ocrx_word' id='word_1_767' title='bbox 3400 3497 3660 3567; x_wconf 87' lang='lat' dir='ltr'><strong>retinebo,</strong></span> <span class='ocrx_word' id='word_1_768' title='bbox 3691 3501 3776 3555; x_wconf 62' lang='lat' dir='ltr'><strong>in-</strong></span> 
     </span>
    </p>
   </div>
   <div class='ocr_carea' id='block_1_98' title="bbox 2195 3577 3778 3656">
    <p class='ocr_par' dir='ltr' id='par_1_98' title="bbox 2195 3577 3778 3656">
     <span class='ocr_line' id='line_1_98' title="bbox 2195 3577 3778 3656; baseline 0.014 -30"><span class='ocrx_word' id='word_1_769' title='bbox 2195 3577 2327 3646; x_wconf 82' lang='lat' dir='ltr'><strong>quit,</strong></span> <span class='ocrx_word' id='word_1_770' title='bbox 2364 3593 2565 3647; x_wconf 75' lang='lat' dir='ltr'><strong>pauper</strong></span> <span class='ocrx_word' id='word_1_771' title='bbox 2603 3593 2716 3633; x_wconf 91' lang='lat' dir='ltr'><strong>cro.</strong></span> <span class='ocrx_word' id='word_1_772' title='bbox 2759 3579 3012 3638; x_wconf 70' lang='lat' dir='ltr'><strong>Parvtene</strong></span> <span class='ocrx_word' id='word_1_773' title='bbox 3039 3583 3238 3640; x_wconf 66' lang='lat' dir='ltr'><strong>divitiae</strong></span> <span class='ocrx_word' id='word_1_774' title='bbox 3278 3587 3388 3656; x_wconf 90' lang='lat' dir='ltr'><strong>ipsa</strong></span> <span class='ocrx_word' id='word_1_775' title='bbox 3434 3589 3778 3648; x_wconf 85' lang='lat' dir='ltr'><strong>innocentia?</strong></span> 
     </span>
    </p>
   </div>
   <div class='ocr_carea' id='block_1_99' title="bbox 2194 3667 3778 3742">
    <p class='ocr_par' dir='ltr' id='par_1_99' title="bbox 2194 3667 3778 3742">
     <span class='ocr_line' id='line_1_99' title="bbox 2194 3667 3778 3742; baseline 0.011 -20"><span class='ocrx_word' id='word_1_776' title='bbox 2194 3667 2250 3722; x_wconf 90' lang='lat' dir='ltr'><strong>Si</strong></span> <span class='ocrx_word' id='word_1_777' title='bbox 2279 3683 2454 3723; x_wconf 90' lang='lat' dir='ltr'><strong>arcam</strong></span> <span class='ocrx_word' id='word_1_778' title='bbox 2498 3669 2704 3738; x_wconf 88' lang='lat' dir='ltr'><strong>plenam</strong></span> <span class='ocrx_word' id='word_1_779' title='bbox 2730 3685 2862 3725; x_wconf 89' lang='lat' dir='ltr'><strong>auro</strong></span> <span class='ocrx_word' id='word_1_780' title='bbox 2907 3672 3176 3742; x_wconf 89' lang='lat' dir='ltr'><strong>habueris,</strong></span> <span class='ocrx_word' id='word_1_781' title='bbox 3223 3677 3371 3734; x_wconf 90' lang='lat' dir='ltr'><strong>dives</strong></span> <span class='ocrx_word' id='word_1_782' title='bbox 3413 3680 3519 3735; x_wconf 89' lang='lat' dir='ltr'><strong>eris</strong></span> <span class='ocrx_word' id='word_1_783' title='bbox 3550 3699 3566 3737; x_wconf 90' lang='lat'><strong>:</strong></span> <span class='ocrx_word' id='word_1_784' title='bbox 3593 3683 3638 3738; x_wconf 92' lang='lat' dir='ltr'><strong>si</strong></span> <span class='ocrx_word' id='word_1_785' title='bbox 3680 3698 3778 3740; x_wconf 86' lang='lat' dir='ltr'><strong>cor</strong></span> 
     </span>
    </p>
   </div>
   <div class='ocr_carea' id='block_1_100' title="bbox 2195 3759 3776 3838">
    <p class='ocr_par' dir='ltr' id='par_1_100' title="bbox 2195 3759 3776 3838">
     <span class='ocr_line' id='line_1_100' title="bbox 2195 3759 3776 3838; baseline 0.011 -24"><span class='ocrx_word' id='word_1_786' title='bbox 2195 3759 2441 3814; x_wconf 87' lang='lat' dir='ltr'><strong>habueris</strong></span> <span class='ocrx_word' id='word_1_787' title='bbox 2483 3762 2694 3830; x_wconf 88' lang='lat' dir='ltr'><strong>plenmn</strong></span> <span class='ocrx_word' id='word_1_788' title='bbox 2742 3763 3062 3832; x_wconf 88' lang='lat' dir='ltr'><strong>innocentia,</strong></span> <span class='ocrx_word' id='word_1_789' title='bbox 3105 3781 3304 3838; x_wconf 91' lang='lat' dir='ltr'><strong>pauper</strong></span> <span class='ocrx_word' id='word_1_790' title='bbox 3331 3771 3478 3826; x_wconf 87' lang='lat' dir='ltr'><strong>eris?</strong></span> <span class='ocrx_word' id='word_1_791' title='bbox 3506 3771 3610 3828; x_wconf 91' lang='lat' dir='ltr'><strong>Sed</strong></span> <span class='ocrx_word' id='word_1_792' title='bbox 3647 3790 3776 3832; x_wconf 88' lang='lat' dir='ltr'><strong>ecce</strong></span> 
     </span>
    </p>
   </div>
   <div class='ocr_carea' id='block_1_101' title="bbox 2193 3851 3770 3933">
    <p class='ocr_par' dir='ltr' id='par_1_101' title="bbox 2193 3851 3770 3933">
     <span class='ocr_line' id='line_1_101' title="bbox 2193 3851 3770 3933; baseline 0.012 -28"><span class='ocrx_word' id='word_1_793' title='bbox 2193 3851 2328 3906; x_wconf 88' lang='lat' dir='ltr'><strong>bona</strong></span> <span class='ocrx_word' id='word_1_794' title='bbox 2353 3853 2684 3921; x_wconf 86' lang='lat' dir='ltr'><strong>desiderans,</strong></span> <span class='ocrx_word' id='word_1_795' title='bbox 2711 3855 2870 3911; x_wconf 90' lang='lat' dir='ltr'><strong>modo</strong></span> <span class='ocrx_word' id='word_1_796' title='bbox 2897 3857 2949 3913; x_wconf 91' lang='lat' dir='ltr'><strong>in</strong></span> <span class='ocrx_word' id='word_1_797' title='bbox 2975 3869 3227 3929; x_wconf 83' lang='lat' dir='ltr'><strong>egestate,</strong></span> <span class='ocrx_word' id='word_1_798' title='bbox 3255 3864 3304 3917; x_wconf 91' lang='lat' dir='ltr'><strong>in</strong></span> <span class='ocrx_word' id='word_1_799' title='bbox 3331 3865 3688 3933; x_wconf 90' lang='lat' dir='ltr'><strong>tribulatione,</strong></span> <span class='ocrx_word' id='word_1_800' title='bbox 3718 3871 3770 3925; x_wconf 91' lang='lat' dir='ltr'><strong>iu</strong></span> 
     </span>
    </p>
   </div>
   <div class='ocr_carea' id='block_1_102' title="bbox 2191 3947 3822 4025">
    <p class='ocr_par' dir='ltr' id='par_1_102' title="bbox 2191 3947 3822 4025">
     <span class='ocr_line' id='line_1_102' title="bbox 2191 3947 3822 4025; baseline 0.009 -25"><span class='ocrx_word' id='word_1_801' title='bbox 2191 3947 2429 4000; x_wconf 80' lang='lat' dir='ltr'><strong>convalle</strong></span> <span class='ocrx_word' id='word_1_802' title='bbox 2445 3948 2772 4016; x_wconf 87' lang='lat' dir='ltr'><strong>plorationis,</strong></span> <span class='ocrx_word' id='word_1_803' title='bbox 2793 3949 2844 4004; x_wconf 90' lang='lat' dir='ltr'><strong>in</strong></span> <span class='ocrx_word' id='word_1_804' title='bbox 2861 3965 3125 4020; x_wconf 88' lang='lat' dir='ltr'><strong>pressura,</strong></span> <span class='ocrx_word' id='word_1_805' title='bbox 3146 3953 3195 4007; x_wconf 91' lang='lat' dir='ltr'><strong>in</strong></span> <span class='ocrx_word' id='word_1_806' title='bbox 3217 3957 3772 4025; x_wconf 84' lang='lat' dir='ltr'><strong>tentationibus,serva</strong></span> <span class='ocrx_word' id='word_1_807' title='bbox 3819 3987 3822 3989; x_wconf 50' lang='grc'>&gt;</span> 
     </span>
    </p>
   </div>
   <div class='ocr_carea' id='block_1_103' title="bbox 2192 4038 3770 4113">
    <p class='ocr_par' dir='ltr' id='par_1_103' title="bbox 2192 4038 3770 4113">
     <span class='ocr_line' id='line_1_103' title="bbox 2192 4038 3770 4113; baseline 0.01 -22"><span class='ocrx_word' id='word_1_808' title='bbox 2192 4038 2569 4092; x_wconf 85' lang='lat' dir='ltr'><strong>innocentiam.</strong></span> <span class='ocrx_word' id='word_1_809' title='bbox 2621 4038 2733 4094; x_wconf 85' lang='lat' dir='ltr'><strong>Erit</strong></span> <span class='ocrx_word' id='word_1_810' title='bbox 2759 4042 2898 4096; x_wconf 90' lang='lat' dir='ltr'><strong>enim</strong></span> <span class='ocrx_word' id='word_1_811' title='bbox 2946 4053 3127 4113; x_wconf 83' lang='lat' dir='ltr'><strong>pestea</strong></span> <span class='ocrx_word' id='word_1_812' title='bbox 3169 4047 3327 4100; x_wconf 89' lang='lat' dir='ltr'><strong>etiam</strong></span> <span class='ocrx_word' id='word_1_813' title='bbox 3377 4047 3574 4104; x_wconf 81' lang='lat' dir='ltr'><strong>bonum</strong></span> <span class='ocrx_word' id='word_1_814' title='bbox 3623 4060 3770 4106; x_wconf 90' lang='lat' dir='ltr'><strong>tuum</strong></span> 
     </span>
    </p>
   </div>
   <div class='ocr_carea' id='block_1_104' title="bbox 2189 4130 3766 4211">
    <p class='ocr_par' dir='ltr' id='par_1_104' title="bbox 2189 4130 3766 4211">
     <span class='ocr_line' id='line_1_104' title="bbox 2189 4130 3766 4211; baseline 0.013 -31"><span class='ocrx_word' id='word_1_815' title='bbox 2189 4131 2328 4198; x_wconf 88' lang='lat' dir='ltr'><strong>quod</strong></span> <span class='ocrx_word' id='word_1_816' title='bbox 2368 4130 2676 4197; x_wconf 73' lang='lat' dir='ltr'><strong>desideras;</strong></span> <span class='ocrx_word' id='word_1_817' title='bbox 2722 4134 2952 4203; x_wconf 89' lang='lat' dir='ltr'><strong>requies,</strong></span> <span class='ocrx_word' id='word_1_818' title='bbox 3001 4137 3298 4203; x_wconf 74' lang='lat' dir='ltr'><strong>mternitas,</strong></span> <span class='ocrx_word' id='word_1_819' title='bbox 3353 4139 3718 4199; x_wconf 83' lang='lat' dir='ltr'><strong>immortalitas</strong></span> <span class='ocrx_word' id='word_1_820' title='bbox 3749 4187 3766 4211; x_wconf 92' lang='lat'><strong>,</strong></span> 
     </span>
    </p>
   </div>
   <div class='ocr_carea' id='block_1_105' title="bbox 2191 4221 3771 4302">
    <p class='ocr_par' dir='ltr' id='par_1_105' title="bbox 2191 4221 3771 4302">
     <span class='ocr_line' id='line_1_105' title="bbox 2191 4221 3771 4302; baseline 0.012 -29"><span class='ocrx_word' id='word_1_821' title='bbox 2191 4221 2586 4291; x_wconf 89' lang='lat' dir='ltr'><strong>impassibilitas</strong></span> <span class='ocrx_word' id='word_1_822' title='bbox 2613 4225 2714 4277; x_wconf 89' lang='lat' dir='ltr'><strong>erit</strong></span> <span class='ocrx_word' id='word_1_823' title='bbox 2742 4233 2922 4293; x_wconf 88' lang='lat' dir='ltr'><strong>postea</strong></span> <span class='ocrx_word' id='word_1_824' title='bbox 2952 4243 2964 4279; x_wconf 91' lang='lat'><strong>:</strong></span> <span class='ocrx_word' id='word_1_825' title='bbox 2999 4226 3109 4296; x_wconf 85' lang='lat' dir='ltr'><strong>ipsa</strong></span> <span class='ocrx_word' id='word_1_826' title='bbox 3141 4240 3264 4284; x_wconf 91' lang='lat' dir='ltr'><strong>sunt</strong></span> <span class='ocrx_word' id='word_1_827' title='bbox 3289 4230 3424 4286; x_wconf 87' lang='lat' dir='ltr'><strong>bona</strong></span> <span class='ocrx_word' id='word_1_828' title='bbox 3451 4249 3568 4302; x_wconf 78' lang='lat' dir='ltr'><strong>qua:</strong></span> <span class='ocrx_word' id='word_1_829' title='bbox 3593 4247 3771 4292; x_wconf 83' lang='lat' dir='ltr'><strong>servat</strong></span> 
     </span>
    </p>
   </div>
   <div class='ocr_carea' id='block_1_106' title="bbox 2191 4312 3770 4396">
    <p class='ocr_par' dir='ltr' id='par_1_106' title="bbox 2191 4312 3770 4396">
     <span class='ocr_line' id='line_1_106' title="bbox 2191 4312 3770 4396; baseline 0.01 -31"><span class='ocrx_word' id='word_1_830' title='bbox 2191 4312 2330 4366; x_wconf 77' lang='lat' dir='ltr'><strong>Deus</strong></span> <span class='ocrx_word' id='word_1_831' title='bbox 2354 4313 2512 4383; x_wconf 90' lang='lat' dir='ltr'><strong>justis</strong></span> <span class='ocrx_word' id='word_1_832' title='bbox 2537 4314 2664 4369; x_wconf 90' lang='lat' dir='ltr'><strong>suis.</strong></span> <span class='ocrx_word' id='word_1_833' title='bbox 2697 4315 2827 4370; x_wconf 86' lang='lat' dir='ltr'><strong>Nam</strong></span> <span class='ocrx_word' id='word_1_834' title='bbox 2868 4318 3002 4371; x_wconf 88' lang='lat' dir='ltr'><strong>bona</strong></span> <span class='ocrx_word' id='word_1_835' title='bbox 3033 4334 3149 4389; x_wconf 60' lang='lat' dir='ltr'><strong>qua:</strong></span> <span class='ocrx_word' id='word_1_836' title='bbox 3175 4320 3334 4376; x_wconf 88' lang='lat' dir='ltr'><strong>modo</strong></span> <span class='ocrx_word' id='word_1_837' title='bbox 3360 4323 3631 4380; x_wconf 82' lang='lat' dir='ltr'><strong>desideras</strong></span> <span class='ocrx_word' id='word_1_838' title='bbox 3671 4342 3770 4396; x_wconf 91' lang='lat' dir='ltr'><strong>pro</strong></span> 
     </span>
    </p>
   </div>
   <div class='ocr_carea' id='block_1_107' title="bbox 2189 4409 3763 4483">
    <p class='ocr_par' dir='ltr' id='par_1_107' title="bbox 2189 4409 3763 4483">
     <span class='ocr_line' id='line_1_107' title="bbox 2189 4409 3763 4483; baseline 0.01 -24"><span class='ocrx_word' id='word_1_839' title='bbox 2189 4421 2402 4476; x_wconf 75' lang='lat' dir='ltr'><strong>magno,</strong></span> <span class='ocrx_word' id='word_1_840' title='bbox 2433 4416 2647 4477; x_wconf 85' lang='lat' dir='ltr'><strong>propter</strong></span> <span class='ocrx_word' id='word_1_841' title='bbox 2667 4423 2785 4476; x_wconf 70' lang='lat' dir='ltr'><strong>qua:</strong></span> <span class='ocrx_word' id='word_1_842' title='bbox 2809 4409 2884 4462; x_wconf 83' lang='lat' dir='ltr'><strong>vis</strong></span> <span class='ocrx_word' id='word_1_843' title='bbox 2901 4423 3019 4464; x_wconf 90' lang='lat' dir='ltr'><strong>esse</strong></span> <span class='ocrx_word' id='word_1_844' title='bbox 3049 4427 3266 4476; x_wconf 77' lang='lat' dir='ltr'><strong>noeens,</strong></span> <span class='ocrx_word' id='word_1_845' title='bbox 3287 4423 3340 4468; x_wconf 84' lang='lat' dir='ltr'><strong>ct</strong></span> <span class='ocrx_word' id='word_1_846' title='bbox 3361 4430 3464 4468; x_wconf 86' lang='lat' dir='ltr'><strong>non</strong></span> <span class='ocrx_word' id='word_1_847' title='bbox 3488 4416 3763 4483; x_wconf 69' lang='lat' dir='ltr'><strong>innocens,</strong></span> 
     </span>
    </p>
   </div>
   <div class='ocr_carea' id='block_1_108' title="bbox 2187 4499 3769 4573">
    <p class='ocr_par' dir='ltr' id='par_1_108' title="bbox 2187 4499 3769 4573">
     <span class='ocr_line' id='line_1_108' title="bbox 2187 4499 3769 4573; baseline 0.009 -22"><span class='ocrx_word' id='word_1_848' title='bbox 2187 4499 2400 4554; x_wconf 89' lang='lat' dir='ltr'><strong>attende</strong></span> <span class='ocrx_word' id='word_1_849' title='bbox 2428 4500 2520 4554; x_wconf 79' lang='lat' dir='ltr'><strong>illa</strong></span> <span class='ocrx_word' id='word_1_850' title='bbox 2545 4501 2634 4567; x_wconf 86' lang='lat' dir='ltr'><strong>qui</strong></span> <span class='ocrx_word' id='word_1_851' title='bbox 2662 4501 2909 4567; x_wconf 87' lang='lat' dir='ltr'><strong>habeant,</strong></span> <span class='ocrx_word' id='word_1_852' title='bbox 2942 4505 3030 4573; x_wconf 91' lang='lat' dir='ltr'><strong>qui</strong></span> <span class='ocrx_word' id='word_1_853' title='bbox 3064 4505 3252 4560; x_wconf 88' lang='lat' dir='ltr'><strong>talibus</strong></span> <span class='ocrx_word' id='word_1_854' title='bbox 3279 4506 3570 4563; x_wconf 86' lang='lat' dir='ltr'><strong>abundant.</strong></span> <span class='ocrx_word' id='word_1_855' title='bbox 3607 4510 3769 4567; x_wconf 82' lang='lat' dir='ltr'><strong>Vides</strong></span> 
     </span>
    </p>
   </div>
   <div class='ocr_carea' id='block_1_109' title="bbox 2188 4589 3762 4666">
    <p class='ocr_par' dir='ltr' id='par_1_109' title="bbox 2188 4589 3762 4666">
     <span class='ocr_line' id='line_1_109' title="bbox 2188 4589 3762 4666; baseline 0.009 -24"><span class='ocrx_word' id='word_1_856' title='bbox 2188 4589 2397 4644; x_wconf 85' lang='lat' dir='ltr'><strong>divitias</strong></span> <span class='ocrx_word' id='word_1_857' title='bbox 2427 4590 2565 4659; x_wconf 86' lang='lat' dir='ltr'><strong>apud</strong></span> <span class='ocrx_word' id='word_1_858' title='bbox 2595 4592 2846 4657; x_wconf 80' lang='lat' dir='ltr'><strong>latrones,</strong></span> <span class='ocrx_word' id='word_1_859' title='bbox 2877 4593 3013 4662; x_wconf 91' lang='lat' dir='ltr'><strong>apud</strong></span> <span class='ocrx_word' id='word_1_860' title='bbox 3043 4595 3250 4664; x_wconf 85' lang='lat' dir='ltr'><strong>impios,</strong></span> <span class='ocrx_word' id='word_1_861' title='bbox 3283 4598 3422 4666; x_wconf 90' lang='lat' dir='ltr'><strong>apud</strong></span> <span class='ocrx_word' id='word_1_862' title='bbox 3455 4599 3762 4656; x_wconf 83' lang='lat' dir='ltr'><strong>sceleratos.</strong></span> 
     </span>
    </p>
   </div>
   <div class='ocr_carea' id='block_1_110' title="bbox 2186 4684 3765 4756">
    <p class='ocr_par' dir='ltr' id='par_1_110' title="bbox 2186 4684 3765 4756">
     <span class='ocr_line' id='line_1_110' title="bbox 2186 4684 3765 4756; baseline 0.007 -19"><span class='ocrx_word' id='word_1_863' title='bbox 2186 4684 2323 4752; x_wconf 87' lang='lat' dir='ltr'><strong>apml</strong></span> <span class='ocrx_word' id='word_1_864' title='bbox 2375 4693 2590 4753; x_wconf 87' lang='lat' dir='ltr'><strong>turpes;</strong></span> <span class='ocrx_word' id='word_1_865' title='bbox 2635 4685 2772 4753; x_wconf 90' lang='lat' dir='ltr'><strong>apud</strong></span> <span class='ocrx_word' id='word_1_866' title='bbox 2822 4686 3109 4756; x_wconf 79' lang='lat' dir='ltr'><strong>ﬂagitiosos</strong></span> <span class='ocrx_word' id='word_1_867' title='bbox 3137 4699 3190 4743; x_wconf 92' lang='lat' dir='ltr'><strong>et</strong></span> <span class='ocrx_word' id='word_1_868' title='bbox 3234 4690 3562 4748; x_wconf 79' lang='lat' dir='ltr'><strong>facinorosos</strong></span> <span class='ocrx_word' id='word_1_869' title='bbox 3614 4694 3765 4748; x_wconf 88' lang='lat' dir='ltr'><strong>vides</strong></span> 
     </span>
    </p>
   </div>
   <div class='ocr_carea' id='block_1_111' title="bbox 2186 4775 3766 4849">
    <p class='ocr_par' dir='ltr' id='par_1_111' title="bbox 2186 4775 3766 4849">
     <span class='ocr_line' id='line_1_111' title="bbox 2186 4775 3766 4849; baseline 0.005 -19"><span class='ocrx_word' id='word_1_870' title='bbox 2186 4775 2396 4830; x_wconf 79' lang='lat' dir='ltr'><strong>divitias</strong></span> <span class='ocrx_word' id='word_1_871' title='bbox 2423 4792 2436 4827; x_wconf 90' lang='lat'><strong>:</strong></span> <span class='ocrx_word' id='word_1_872' title='bbox 2463 4775 2551 4829; x_wconf 82' lang='lat' dir='ltr'><strong>dat</strong></span> <span class='ocrx_word' id='word_1_873' title='bbox 2593 4775 2698 4829; x_wconf 89' lang='lat' dir='ltr'><strong>illis</strong></span> <span class='ocrx_word' id='word_1_874' title='bbox 2743 4776 2882 4832; x_wconf 90' lang='lat' dir='ltr'><strong>Deus</strong></span> <span class='ocrx_word' id='word_1_875' title='bbox 2929 4778 3027 4832; x_wconf 87' lang='lat' dir='ltr'><strong>ista</strong></span> <span class='ocrx_word' id='word_1_876' title='bbox 3077 4787 3291 4849; x_wconf 84' lang='lat' dir='ltr'><strong>pmpter</strong></span> <span class='ocrx_word' id='word_1_877' title='bbox 3335 4784 3766 4840; x_wconf 85' lang='lat' dir='ltr'><strong>communionem</strong></span> 
     </span>
    </p>
   </div>
   <div class='ocr_carea' id='block_1_112' title="bbox 2185 4866 3766 4938">
    <p class='ocr_par' dir='ltr' id='par_1_112' title="bbox 2185 4866 3766 4938">
     <span class='ocr_line' id='line_1_112' title="bbox 2185 4866 3766 4938; baseline 0.006 -17"><span class='ocrx_word' id='word_1_878' title='bbox 2185 4866 2397 4934; x_wconf 78' lang='lat' dir='ltr'><strong>generis</strong></span> <span class='ocrx_word' id='word_1_879' title='bbox 2443 4866 2686 4932; x_wconf 88' lang='lat' dir='ltr'><strong>humani,</strong></span> <span class='ocrx_word' id='word_1_880' title='bbox 2736 4877 2952 4938; x_wconf 84' lang='lat' dir='ltr'><strong>prepter</strong></span> <span class='ocrx_word' id='word_1_881' title='bbox 2993 4869 3347 4926; x_wconf 86' lang='lat' dir='ltr'><strong>abundantem</strong></span> <span class='ocrx_word' id='word_1_882' title='bbox 3393 4873 3715 4933; x_wconf 82' lang='lat' dir='ltr'><strong>afﬂuentiam</strong></span> <span class='ocrx_word' id='word_1_883' title='bbox 3743 4880 3766 4910; x_wconf 73' lang='lat'>&#39;</span> 
     </span>
    </p>
   </div>
   <div class='ocr_carea' id='block_1_113' title="bbox 2188 4958 3798 5040">
    <p class='ocr_par' dir='ltr' id='par_1_113' title="bbox 2188 4958 3798 5040">
     <span class='ocr_line' id='line_1_113' title="bbox 2188 4958 3798 5040; baseline 0.007 -26"><span class='ocrx_word' id='word_1_884' title='bbox 2188 4960 2435 5014; x_wconf 83' lang='lat' dir='ltr'><strong>bonitatis</strong></span> <span class='ocrx_word' id='word_1_885' title='bbox 2459 4974 2568 5014; x_wconf 74' lang='lat' dir='ltr'><strong>sum</strong></span> <span class='ocrx_word' id='word_1_886' title='bbox 2592 4976 2606 5025; x_wconf 90' lang='lat'><strong>;</strong></span> <span class='ocrx_word' id='word_1_887' title='bbox 2633 4958 2720 5030; x_wconf 89' lang='lat' dir='ltr'><strong>qui</strong></span> <span class='ocrx_word' id='word_1_888' title='bbox 2749 4961 2906 5016; x_wconf 86' lang='lat' dir='ltr'><strong>etiam</strong></span> <span class='ocrx_word' id='word_1_889' title='bbox 2929 4961 3095 5016; x_wconf 87' lang='lat' dir='ltr'><strong>solem</strong></span> <span class='ocrx_word' id='word_1_890' title='bbox 3127 4979 3280 5018; x_wconf 88' lang='lat' dir='ltr'><strong>suum</strong></span> <span class='ocrx_word' id='word_1_891' title='bbox 3302 4965 3428 5020; x_wconf 90' lang='lat' dir='ltr'><strong>oriri</strong></span> <span class='ocrx_word' id='word_1_892' title='bbox 3456 4967 3579 5022; x_wconf 75' lang='lat' dir='ltr'><strong>facit</strong></span> <span class='ocrx_word' id='word_1_893' title='bbox 3604 4985 3770 5040; x_wconf 74' lang='lat' dir='ltr'><strong>super</strong></span> <span class='ocrx_word' id='word_1_894' title='bbox 3793 5005 3798 5016; x_wconf 67' lang='grc' dir='ltr'>ς</span> 
     </span>
    </p>
   </div>
   <div class='ocr_carea' id='block_1_114' title="bbox 2186 5050 3825 5128">
    <p class='ocr_par' dir='ltr' id='par_1_114' title="bbox 2186 5050 3825 5128">
     <span class='ocr_line' id='line_1_114' title="bbox 2186 5050 3825 5128; baseline 0.006 -24"><span class='ocrx_word' id='word_1_895' title='bbox 2186 5050 2357 5105; x_wconf 90' lang='lat' dir='ltr'><strong>bonos</strong></span> <span class='ocrx_word' id='word_1_896' title='bbox 2405 5060 2460 5105; x_wconf 90' lang='lat' dir='ltr'><strong>et</strong></span> <span class='ocrx_word' id='word_1_897' title='bbox 2509 5050 2696 5114; x_wconf 91' lang='lat' dir='ltr'><strong>malos,</strong></span> <span class='ocrx_word' id='word_1_898' title='bbox 2749 5061 2802 5106; x_wconf 89' lang='lat' dir='ltr'><strong>et</strong></span> <span class='ocrx_word' id='word_1_899' title='bbox 2849 5052 2979 5121; x_wconf 88' lang='lat' dir='ltr'><strong>pluit</strong></span> <span class='ocrx_word' id='word_1_900' title='bbox 3027 5068 3188 5122; x_wconf 90' lang='lat' dir='ltr'><strong>super</strong></span> <span class='ocrx_word' id='word_1_901' title='bbox 3227 5054 3400 5125; x_wconf 90' lang='lat' dir='ltr'><strong>justos</strong></span> <span class='ocrx_word' id='word_1_902' title='bbox 3441 5066 3496 5112; x_wconf 90' lang='lat' dir='ltr'><strong>et</strong></span> <span class='ocrx_word' id='word_1_903' title='bbox 3537 5059 3768 5128; x_wconf 87' lang='lat' dir='ltr'><strong>injustos</strong></span> <span class='ocrx_word' id='word_1_904' title='bbox 3824 5099 3825 5102; x_wconf 59' lang='grc' dir='ltr'><strong>η</strong></span> 
     </span>
    </p>
   </div>
   <div class='ocr_carea' id='block_1_115' title="bbox 2187 5141 3765 5216">
    <p class='ocr_par' dir='ltr' id='par_1_115' title="bbox 2187 5141 3765 5216">
     <span class='ocr_line' id='line_1_115' title="bbox 2187 5141 3765 5216; baseline 0.004 -20"><span class='ocrx_word' id='word_1_905' title='bbox 2187 5143 2399 5216; x_wconf 79' lang='lat' dir='ltr'><strong>(Matth.</strong></span> <span class='ocrx_word' id='word_1_906' title='bbox 2418 5159 2472 5209; x_wconf 91' lang='lat' dir='ltr'><strong>v,</strong></span> <span class='ocrx_word' id='word_1_907' title='bbox 2493 5142 2604 5215; x_wconf 70' lang='grc'><strong>45).</strong></span> <span class='ocrx_word' id='word_1_908' title='bbox 2632 5141 2800 5198; x_wconf 85' lang='lat' dir='ltr'><strong>Tanta</strong></span> <span class='ocrx_word' id='word_1_909' title='bbox 2820 5142 2911 5198; x_wconf 91' lang='lat' dir='ltr'><strong>dat</strong></span> <span class='ocrx_word' id='word_1_910' title='bbox 2934 5153 2985 5198; x_wconf 89' lang='lat' dir='ltr'><strong>et</strong></span> <span class='ocrx_word' id='word_1_911' title='bbox 3009 5145 3180 5209; x_wconf 87' lang='lat' dir='ltr'><strong>malis,</strong></span> <span class='ocrx_word' id='word_1_912' title='bbox 3204 5154 3260 5200; x_wconf 91' lang='lat' dir='ltr'><strong>et</strong></span> <span class='ocrx_word' id='word_1_913' title='bbox 3277 5145 3368 5202; x_wconf 89' lang='lat' dir='ltr'><strong>tibi</strong></span> <span class='ocrx_word' id='word_1_914' title='bbox 3396 5147 3524 5202; x_wconf 87' lang='lat' dir='ltr'><strong>nihil</strong></span> <span class='ocrx_word' id='word_1_915' title='bbox 3547 5149 3765 5203; x_wconf 86' lang='lat' dir='ltr'><strong>servat?</strong></span> 
     </span>
    </p>
   </div>
   <div class='ocr_carea' id='block_1_116' title="bbox 2184 5233 3763 5304">
    <p class='ocr_par' dir='ltr' id='par_1_116' title="bbox 2184 5233 3763 5304">
     <span class='ocr_line' id='line_1_116' title="bbox 2184 5233 3763 5304; baseline 0.003 -14"><span class='ocrx_word' id='word_1_916' title='bbox 2184 5236 2395 5290; x_wconf 80' lang='lat' dir='ltr'><strong>Falsum</strong></span> <span class='ocrx_word' id='word_1_917' title='bbox 2423 5244 2504 5290; x_wconf 88' lang='lat' dir='ltr'><strong>est</strong></span> <span class='ocrx_word' id='word_1_918' title='bbox 2527 5233 2669 5304; x_wconf 89' lang='lat' dir='ltr'><strong>quod</strong></span> <span class='ocrx_word' id='word_1_919' title='bbox 2701 5235 2790 5288; x_wconf 89' lang='lat' dir='ltr'><strong>tibi</strong></span> <span class='ocrx_word' id='word_1_920' title='bbox 2812 5235 3094 5304; x_wconf 86' lang='lat' dir='ltr'><strong>promisit?</strong></span> <span class='ocrx_word' id='word_1_921' title='bbox 3122 5235 3307 5290; x_wconf 84' lang='lat' dir='ltr'><strong>Servat</strong></span> <span class='ocrx_word' id='word_1_922' title='bbox 3331 5252 3346 5302; x_wconf 93' lang='lat'><strong>;</strong></span> <span class='ocrx_word' id='word_1_923' title='bbox 3379 5252 3601 5293; x_wconf 90' lang='lat' dir='ltr'><strong>securus</strong></span> <span class='ocrx_word' id='word_1_924' title='bbox 3625 5250 3763 5294; x_wconf 88' lang='lat' dir='ltr'><strong>esto.</strong></span> 
     </span>
    </p>
   </div>
   <div class='ocr_carea' id='block_1_117' title="bbox 2183 5324 3764 5395">
    <p class='ocr_par' dir='ltr' id='par_1_117' title="bbox 2183 5324 3764 5395">
     <span class='ocr_line' id='line_1_117' title="bbox 2183 5324 3764 5395; baseline 0.004 -17"><span class='ocrx_word' id='word_1_925' title='bbox 2183 5325 2280 5392; x_wconf 91' lang='lat' dir='ltr'><strong>Qui</strong></span> <span class='ocrx_word' id='word_1_926' title='bbox 2309 5325 2558 5379; x_wconf 89' lang='lat' dir='ltr'><strong>misertus</strong></span> <span class='ocrx_word' id='word_1_927' title='bbox 2582 5333 2661 5377; x_wconf 86' lang='lat' dir='ltr'><strong>est</strong></span> <span class='ocrx_word' id='word_1_928' title='bbox 2692 5324 2783 5387; x_wconf 91' lang='lat' dir='ltr'><strong>tui,</strong></span> <span class='ocrx_word' id='word_1_929' title='bbox 2834 5339 2953 5376; x_wconf 89' lang='lat' dir='ltr'><strong>cum</strong></span> <span class='ocrx_word' id='word_1_930' title='bbox 3003 5339 3150 5380; x_wconf 83' lang='lat' dir='ltr'><strong>esses</strong></span> <span class='ocrx_word' id='word_1_931' title='bbox 3187 5326 3414 5395; x_wconf 82' lang='lat' dir='ltr'><strong>impius;</strong></span> <span class='ocrx_word' id='word_1_932' title='bbox 3447 5327 3646 5383; x_wconf 88' lang='lat' dir='ltr'><strong>deserit</strong></span> <span class='ocrx_word' id='word_1_933' title='bbox 3675 5339 3727 5384; x_wconf 93' lang='lat' dir='ltr'><strong>te</strong></span> <span class='ocrx_word' id='word_1_934' title='bbox 3748 5371 3764 5395; x_wconf 90' lang='lat'><strong>,</strong></span> 
     </span>
    </p>
   </div>
   <div class='ocr_carea' id='block_1_118' title="bbox 2182 5415 3764 5486">
    <p class='ocr_par' dir='ltr' id='par_1_118' title="bbox 2182 5415 3764 5486">
     <span class='ocr_line' id='line_1_118' title="bbox 2182 5415 3764 5486; baseline 0.003 -14"><span class='ocrx_word' id='word_1_935' title='bbox 2182 5433 2300 5472; x_wconf 92' lang='lat' dir='ltr'><strong>cum</strong></span> <span class='ocrx_word' id='word_1_936' title='bbox 2334 5415 2503 5472; x_wconf 82' lang='lat' dir='ltr'><strong>factus</strong></span> <span class='ocrx_word' id='word_1_937' title='bbox 2553 5431 2611 5469; x_wconf 85' lang='lat' dir='ltr'><strong>es</strong></span> <span class='ocrx_word' id='word_1_938' title='bbox 2652 5415 2809 5485; x_wconf 84' lang='lat' dir='ltr'><strong>pius?</strong></span> <span class='ocrx_word' id='word_1_939' title='bbox 2837 5415 2925 5486; x_wconf 88' lang='lat' dir='ltr'><strong>qui</strong></span> <span class='ocrx_word' id='word_1_940' title='bbox 2969 5420 3232 5486; x_wconf 78' lang='lat' dir='ltr'><strong>peccatori</strong></span> <span class='ocrx_word' id='word_1_941' title='bbox 3279 5418 3495 5474; x_wconf 88' lang='lat' dir='ltr'><strong>donavit</strong></span> <span class='ocrx_word' id='word_1_942' title='bbox 3536 5430 3764 5477; x_wconf 84' lang='lat' dir='ltr'><strong>mortem</strong></span> 
     </span>
    </p>
   </div>
   <div class='ocr_carea' id='block_1_119' title="bbox 2248 5525 3765 5594">
    <p class='ocr_par' dir='ltr' id='par_1_119' title="bbox 2248 5525 3765 5594">
     <span class='ocr_line' id='line_1_119' title="bbox 2248 5525 3765 5594; baseline 0.004 -18"><span class='ocrx_word' id='word_1_943' title='bbox 2248 5533 2274 5594; x_wconf 12' lang='grc' dir='ltr'><strong>ιθ</strong></span> <span class='ocrx_word' id='word_1_944' title='bbox 2291 5530 2363 5576; x_wconf 89' lang='lat' dir='ltr'><strong>sic</strong></span> <span class='ocrx_word' id='word_1_945' title='bbox 2387 5525 2555 5594; x_wconf 78' lang='lat' dir='ltr'><strong>plures</strong></span> <span class='ocrx_word' id='word_1_946' title='bbox 2575 5533 2682 5575; x_wconf 78' lang='lat' dir='ltr'><strong>Mss.</strong></span> <span class='ocrx_word' id='word_1_947' title='bbox 2712 5533 2768 5594; x_wconf 57' lang='lat' dir='ltr'><strong>at</strong></span> <span class='ocrx_word' id='word_1_948' title='bbox 2787 5526 2918 5594; x_wconf 61' lang='lat' dir='ltr'><strong>Edd.,</strong></span> <span class='ocrx_word' id='word_1_949' title='bbox 2939 5540 3045 5594; x_wconf 86' lang='lat' dir='ltr'><strong>_no_n</strong></span> <span class='ocrx_word' id='word_1_950' title='bbox 3069 5527 3208 5578; x_wconf 70' lang='lat' dir='ltr'><strong>vultis</strong></span> <span class='ocrx_word' id='word_1_951' title='bbox 3237 5541 3254 5578; x_wconf 90' lang='lat'><strong><em>:</em></strong></span> <span class='ocrx_word' id='word_1_952' title='bbox 3281 5528 3507 5594; x_wconf 38' lang='lat' dir='ltr'><strong>etuinfra,</strong></span> <span class='ocrx_word' id='word_1_953' title='bbox 3533 5531 3658 5594; x_wconf 83' lang='lat' dir='ltr'><strong>quod</strong></span> <span class='ocrx_word' id='word_1_954' title='bbox 3681 5532 3765 5584; x_wconf 82' lang='lat' dir='ltr'><strong>ille</strong></span> 
     </span>
    </p>
   </div>
   <div class='ocr_carea' id='block_1_120' title="bbox 2179 5587 3764 5655">
    <p class='ocr_par' dir='ltr' id='par_1_120' title="bbox 2179 5587 3764 5655">
     <span class='ocr_line' id='line_1_120' title="bbox 2179 5587 3764 5655; baseline 0.001 -13"><span class='ocrx_word' id='word_1_955' title='bbox 2179 5587 2400 5655; x_wconf 70' lang='lat' dir='ltr'><strong>assignat</strong></span> <span class='ocrx_word' id='word_1_956' title='bbox 2418 5601 2434 5638; x_wconf 88' lang='lat'><strong><em>:</em></strong></span> <span class='ocrx_word' id='word_1_957' title='bbox 2451 5589 2542 5655; x_wconf 77' lang='lat' dir='ltr'><strong>ubi</strong></span> <span class='ocrx_word' id='word_1_958' title='bbox 2692 5587 2914 5655; x_wconf 71' lang='lat' dir='ltr'><strong>plerique</strong></span> <span class='ocrx_word' id='word_1_959' title='bbox 2939 5589 3139 5650; x_wconf 83' lang='lat' dir='ltr'><strong>habent,</strong></span> <span class='ocrx_word' id='word_1_960' title='bbox 3164 5591 3290 5654; x_wconf 84' lang='lat' dir='ltr'><strong>quod</strong></span> <span class='ocrx_word' id='word_1_961' title='bbox 3314 5589 3390 5642; x_wconf 83' lang='lat' dir='ltr'><strong>illi</strong></span> <span class='ocrx_word' id='word_1_962' title='bbox 3409 5587 3698 5655; x_wconf 71' lang='lat' dir='ltr'><strong>assignatur,</strong></span> <span class='ocrx_word' id='word_1_963' title='bbox 3716 5595 3764 5643; x_wconf 85' lang='lat' dir='ltr'><strong>td</strong></span> 
     </span>
    </p>
   </div>
   <div class='ocr_carea' id='block_1_121' title="bbox 2182 5643 2930 5712">
    <p class='ocr_par' dir='ltr' id='par_1_121' title="bbox 2182 5643 2930 5712">
     <span class='ocr_line' id='line_1_121' title="bbox 2182 5643 2930 5712; baseline -0.008 -8"><span class='ocrx_word' id='word_1_964' title='bbox 2182 5643 2568 5712; x_wconf 71' lang='lat' dir='ltr'><strong>est,&quot;depcsitum</strong></span> <span class='ocrx_word' id='word_1_965' title='bbox 2586 5647 2651 5712; x_wconf 78' lang='lat' dir='ltr'><strong>illi</strong></span> <span class='ocrx_word' id='word_1_966' title='bbox 2676 5643 2930 5698; x_wconf 79' lang='lat' dir='ltr'><strong>creditum.</strong></span> 
     </span>
    </p>
   </div>
   <div class='ocr_carea' id='block_1_122' title="bbox 2243 5710 3768 5780">
    <p class='ocr_par' dir='ltr' id='par_1_122' title="bbox 2243 5710 3768 5780">
     <span class='ocr_line' id='line_1_122' title="bbox 2243 5710 3768 5780; baseline 0.005 -20"><span class='ocrx_word' id='word_1_967' title='bbox 2243 5710 2466 5780; x_wconf 46' lang='grc' dir='ltr'><strong>τςίςξιῐτ.</strong></span> <span class='ocrx_word' id='word_1_968' title='bbox 2508 5719 2557 5761; x_wconf 88' lang='lat' dir='ltr'><strong>et</strong></span> <span class='ocrx_word' id='word_1_969' title='bbox 2589 5710 2770 5774; x_wconf 86' lang='lat' dir='ltr'><strong>aliquot</strong></span> <span class='ocrx_word' id='word_1_970' title='bbox 2800 5718 2905 5762; x_wconf 74' lang='lat' dir='ltr'><strong>Mss.</strong></span> <span class='ocrx_word' id='word_1_971' title='bbox 2944 5721 2994 5762; x_wconf 80' lang='lat' dir='ltr'><strong>At</strong></span> <span class='ocrx_word' id='word_1_972' title='bbox 3027 5721 3164 5776; x_wconf 87' lang='lat' dir='ltr'><strong>l.ov.,</strong></span> <span class='ocrx_word' id='word_1_973' title='bbox 3193 5723 3387 5780; x_wconf 70' lang='lat' dir='ltr'><strong>promer</strong></span> <span class='ocrx_word' id='word_1_974' title='bbox 3420 5718 3768 5770; x_wconf 83' lang='lat' dir='ltr'><strong>abundantiam</strong></span> 
     </span>
    </p>
   </div>
   <div class='ocr_carea' id='block_1_123' title="bbox 2183 5775 2449 5841">
    <p class='ocr_par' dir='ltr' id='par_1_123' title="bbox 2183 5775 2449 5841">
     <span class='ocr_line' id='line_1_123' title="bbox 2183 5775 2449 5841; baseline -0.023 -14"><span class='ocrx_word' id='word_1_975' title='bbox 2183 5775 2449 5841; x_wconf 64' lang='lat' dir='ltr'><strong>aﬂluentiw.</strong></span> 
     </span>
    </p>
   </div>
  </div>
