4084 6472
255 457 375 518 Filii
400 426 506 522 sui,
549 453 680 528 quid
720 462 900 511 servat
937 451 1144 508 salvato
1178 465 1275 523 per
1311 460 1539 520 mortem
1566 447 1689 504 Filii
1718 446 1847 503 sui}

247 551 488 610 Securus
515 563 646 620 ergo
669 557 812 604 esto.
842 547 988 603 Tene
1011 546 1330 610 debitorem,
1359 543 1479 614 quia
1505 539 1777 598 credidisti
1796 540 1849 595 in

247 641 659 714 promissorem.
693 637 941 692 Dominus
971 654 1072 692 non
1109 636 1323 708 privabit
1362 634 1505 690 bonis
1534 632 1848 686 ambulantes

245 737 301 791 in
327 732 636 794 innocentia.
667 730 808 802 Ergo
826 729 950 801 quid
972 729 1129 784 nobis
1145 727 1232 783 hic
1249 734 1411 782 restat
1434 726 1485 781 in
1505 723 1774 792 torculari,
1795 722 1847 777 in

244 827 565 893 alﬂictione,
593 826 646 881 in
678 839 736 882 re
762 823 916 885 dura.
947 823 998 877 in
1030 821 1313 893 prmsenlia
1343 821 1464 874 vita:
1489 815 1847 890 periculosa?

244 919 372 990 quid
405 919 565 974 nobis
593 924 774 979 restat,
801 923 858 971 ut
881 914 1003 969 illuc
1025 908 1435 984 perveniamus?
1466 907 1683 964 Domine
1707 905 1847 962 Deus

245 1015 509 1077 rit-tutum,
541 1010 717 1066 beatus
743 1011 894 1064 homo
917 1008 1005 1080 qui
1025 1014 1192 1080 sperat
1216 1006 1271 1060 in
1301 1016 1348 1061 te
1378 1004 1420 1059 '.

1439 1132 1851 1154 Μ

244 1139 1438 1166 _______________________._.__._

614 1221 699 1282 IN
740 1217 1123 1281 PSALMUM
1166 1214 1500 1278 LXXXIV

826 1339 1244 1399 ENARRATIO.

752 1472 924 1516 δειιιιο
956 1472 1025 1514 ΔΙ)
1053 1472 1280 1514 ηειιειι.

317 1576 377 1632 1.
423 1574 702 1645 Deprecati
750 1588 934 1628 smnus
963 1571 1245 1628 Dominum
1292 1569 1457 1626 Deum
1483 1576 1747 1634 nostrum,
1784 1574 1845 1622 ut

243 1666 504 1725 ostemiat
532 1666 686 1722 nobis
706 1663 1128 1722 misericordiam
1157 1677 1332 1729 suam,
1355 1670 1412 1716 et
1436 1661 1668 1718 salutare
1687 1674 1842 1714 suum

237 1759 344 1816 det
379 1759 560 1816 nobis.
585 1758 798 1814 Dictum
827 1765 911 1813 est
937 1756 1041 1812 hoc
1067 1755 1281 1825 quidem
1313 1755 1364 1809 in
1391 1751 1690 1824 prOphetia,
1720 1765 1843 1807 cum

245 1853 482 1926 primum
502 1850 700 1906 Psalmi
728 1850 811 1905 isti
837 1848 1146 1904 dicerentur
1167 1854 1223 1902 et
1248 1845 1610 1901 scriberentur
1637 1860 1651 1898 :
1683 1852 1847 1898 crete-

248 1961 368 2000 rqu
389 1944 535 2015 quod
567 1943 754 1998 attinet
779 1940 846 1996 ad
874 1939 978 1996 hoc
1003 1948 1232 2011 tempus,
1264 1937 1370 2009 iam
1401 1935 1633 1992 ostendit
1659 1935 1839 1991 Domi-

239 2050 350 2092 tius
369 2034 634 2092 Gentibus
654 2031 1072 2089 misericordiam
1093 2044 1267 2097 suam,
1282 2038 1338 2086 et
1349 2028 1496 2085 dedit
1512 2028 1593 2085 eis
1611 2028 1843 2084 salutare

247 2141 428 2182 suum.
459 2125 552 2180 Ille
578 2121 794 2196 quidem
823 2121 1094 2188 ostendit;
1123 2120 1220 2178 sed
1247 2119 1399 2177 multi
1426 2117 1604 2175 sanari
1631 2116 1836 2184 nolunt,

241 2229 309 2273 ut
331 2218 552 2273 videant.
575 2215 718 2289 quod
759 2213 1010 2271 ostendit.
1053 2212 1161 2270 Sed
1186 2213 1308 2284 quia
1339 2213 1452 2283 ipse
1475 2219 1632 2266 sanat
1655 2209 1842 2267 oculos

235 2312 429 2367 cordis
471 2309 540 2366 ad
589 2308 873 2365 videndum
917 2322 1016 2371 se;
1073 2315 1356 2378 propterea
1407 2319 1530 2360 cum
1577 2302 1837 2370 dixisset,

240 2402 477 2458 Ostende
517 2401 660 2456 nobis
702 2399 1096 2455 ntisericordiam
1137 2406 1309 2465 (nam,
1355 2403 1606 2466 tauquam
1658 2393 1841 2450 multis

246 2494 418 2550 ca.sz
449 2491 706 2558 dicturis,
747 2489 1026 2560 Quomodo
1065 2488 1402 2554 videbimus,
1447 2503 1568 2543 cum
1615 2486 1838 2557 emperit

235 2582 577 2640 ostendere?
598 2581 859 2652 adiunxit,
886 2580 950 2636 Et
969 2579 1190 2636 salutare
1212 2588 1356 2636 tuum
1376 2579 1444 2633 da
1469 2578 1630 2634 nobis.
1655 2577 1840 2634 Danda

245 2679 395 2733 enim
426 2676 656 2732 salutare
695 2689 874 2741 suum,
915 2681 1070 2730 sanat
1113 2674 1165 2728 in
1205 2672 1360 2728 nobis
1386 2671 1530 2728 unde
1571 2671 1839 2742 possimus

245 2767 436 2823 videre
479 2766 620 2838 quod
649 2765 884 2822 ostendit
915 2782 930 2820 :
958 2780 1068 2820 non
1095 2762 1367 2836 quomodo
1395 2762 1634 2820 medicus
1675 2761 1836 2818 homo

245 2861 366 2933 ipse
388 2869 560 2925 curat,
585 2867 646 2915 ut
670 2859 842 2916 lucem
868 2859 1025 2914 istam
1066 2857 1313 2914 ostendat
1335 2856 1413 2912 eis
1451 2871 1587 2928 quos
1611 2870 1839 2912 curave-

235 2954 358 3018 rit;
397 2963 454 3009 ct
475 2951 619 3007 aliud
647 2959 730 3007 est
759 2951 859 3007 ista
901 2948 992 3006 lus
1019 2964 1178 3020 quam
1206 2947 1671 3006 demonstraturus
1710 2956 1794 3004 est
1815 2987 1833 3015 ,

234 3049 389 3105 aliud
431 3057 610 3104 atuem
657 3049 771 3120 ipse
815 3048 1052 3104 medicus
1094 3048 1185 3119 qui
1227 3053 1382 3102 curat
1422 3045 1606 3102 oculos
1644 3042 1836 3114 quibus

232 3143 492 3199 ostendat
535 3143 730 3210 lucem,
758 3157 878 3213 qam
908 3142 994 3198 lux
1023 3155 1130 3196 non
1170 3148 1256 3196 est
1281 3141 1412 3211 ipse.
1444 3138 1559 3194 Non
1598 3153 1728 3207 ergo
1756 3137 1836 3192 sic

236 3233 506 3290 vomicas
551 3233 694 3288 Deus
736 3240 919 3289 uoster
948 3249 964 3286 :
998 3232 1112 3303 ipse
1149 3239 1234 3287 est
1276 3231 1418 3286 enim
1463 3229 1703 3286 medicus
1743 3228 1836 3300 qui

242 3336 399 3381 curat
447 3325 589 3382 unde
636 3325 823 3382 videre
860 3325 1149 3397 possimus,
1176 3332 1236 3381 et
1273 3325 1392 3395 ipse
1426 3333 1510 3380 est
1544 3324 1633 3379 lux
1672 3338 1834 3394 quam

237 3416 436 3473 videre
472 3415 758 3487 possimus.
801 3415 996 3472 'l'otuui
1049 3425 1226 3471 tamen
1258 3416 1524 3470 Psalmum
1557 3415 1828 3481 breviter,

235 3518 502 3582 quantum
541 3524 848 3580 possumus,
898 3519 1156 3580 quantum
1207 3508 1372 3564 donat
1413 3508 1700 3575 Dominus,
1735 3522 1834 3579 pro

232 3602 486 3674 angustia
513 3602 768 3672 temporis
793 3601 980 3658 attenti
1005 3614 1303 3656 curramus.

311 3695 367 3749 2.
399 3693 554 3768 [cera
582 3692 659 3767 1.]
689 3692 899 3749 Titulus
926 3693 1042 3763 ejus
1067 3701 1171 3760 est,
1201 3691 1266 3746 In
1305 3691 1480 3763 ﬁnem,
1511 3691 1633 3760 ﬁliis
1665 3691 1827 3757 Core,

236 3785 505 3843 Paulinus.
545 3785 734 3844 Finem
779 3801 902 3842 non
933 3785 1320 3856 intelligamus,
1355 3785 1454 3840 nisi
1501 3797 1659 3854 quem
1703 3784 1832 3839 dicit

241 3879 552 3949 Apostolus.
578 3877 726 3934 Finis
746 3879 879 3933 enim
897 3876 1048 3948 Legit
1069 3877 1317 3942 Christus,
1337 3876 1406 3930 ad
1414 3876 1667 3948 justitiam
1693 3877 1830 3930 omni

231 3969 465 4025 credenti
495 3954 754 4041 (Roma,
783 3967 859 4041 6).
889 3969 1032 4040 Ergo
1057 3985 1178 4024 cum
1211 3970 1383 4039 primo
1408 3969 1461 4023 in
1491 3969 1645 4024 titulo
1682 3969 1828 4024 Psalo

240 4062 312 4117 mi
341 4062 628 4131 posuit,ln
648 4063 835 4132 ﬁnem;
861 4062 1055 4118 direxit
1073 4076 1168 4118 cor
1193 4071 1432 4117 nostrum
1459 4061 1510 4116 in
1534 4061 1826 4118 Christum.

239 4151 297 4210 lu
324 4155 474 4208 illum
500 4155 544 4207 si
583 4153 939 4220 intendamus,
963 4169 1069 4209 non
1100 4153 1436 4219 errabimus;
1463 4155 1586 4224 quia
1615 4155 1728 4225 ipse
1748 4162 1830 4210 est

233 4247 438 4301 veritas
465 4262 572 4316 quo
587 4246 926 4310 festinamus,
959 4255 1016 4301 et
1043 4247 1156 4317 ipse
1183 4255 1268 4304 est
1293 4247 1376 4302 via
1407 4263 1500 4318 per
1525 4262 1682 4318 quam
1709 4262 1830 4304 cur-

233 4352 424 4394 ramus
444 4338 624 4406 (toan.
649 4354 760 4403 xiv,
787 4338 864 4412 li).
891 4338 1030 4407 Quid
1053 4349 1153 4406 est,
1180 4341 1301 4408 ﬁliis
1316 4339 1484 4396 Core?
1512 4340 1828 4410 Interpreta-

231 4437 324 4483 tur
351 4429 495 4483 Core
523 4445 591 4484 cx
613 4430 787 4484 verbo
831 4430 1046 4486 hebrazo
1091 4432 1142 4485 in
1175 4431 1394 4486 latinum
1426 4432 1642 4488 Calvus.
1688 4434 1827 4504 Ergo

237 4521 360 4589 ﬁliis
403 4520 554 4582 Core.
589 4520 708 4575 ﬁliis
735 4521 893 4576 calvi.
939 4523 1070 4588 Quis
1111 4532 1195 4577 est
1234 4522 1334 4579 iste
1361 4524 1586 4579 calvus?
1626 4524 1740 4579 Non
1769 4523 1846 4582 ut‘

229 4611 558 4666 irrideamus
578 4611 754 4677 illum,
801 4612 899 4668 sed
931 4623 986 4667 ut
1023 4614 1296 4683 plorcmus
1336 4624 1461 4671 ante
1492 4616 1660 4670 illum.
1692 4616 1822 4672 Nam

177 4751 188 4775 ἰ
234 4703 522 4757 irriseruut
547 4701 782 4772 quidam,
802 4711 859 4757 et
885 4718 915 4758 a
941 4703 1270 4758 dzcmouibus
1290 4707 1473 4760 vastati
1501 4715 1622 4761 sunt
1653 4724 1667 4761 :
1697 4723 1824 4777 quo.

182 4793 185 4795 ’
243 4794 394 4850 nodo
437 4794 491 4848 in
519 4794 824 4864 Regnorum
854 4794 989 4849 libro
1017 4796 1224 4850 calvum
1261 4796 1516 4852 Elismum
1549 4799 1826 4854 irriserunt

229 4888 407 4957 pueri,
439 4885 794 4957 dicebantque
821 4896 942 4958 post
977 4888 1146 4951 illum,
1189 4886 1359 4955 Calve,
1403 4890 1576 4956 calve;
1607 4905 1823 4960 proces-

231 4989 418 5034 serunt
463 4979 574 5034 ursi
600 4979 668 5034 de
706 4979 859 5044 silva,
900 4988 954 5034 et
977 4980 1324 5036 comederunt
1354 4996 1542 5051 pueros
1569 4984 1707 5038 male
1743 4985 1822 5038 ri-

231 5075 425 5126 dentes
455 5070 544 5144 (IV
575 5071 702 5142 Reg.
739 5087 794 5137 ιι,
824 5073 918 5137 23,
946 5072 1063 5144 24),
1096 5081 1150 5128 et
1173 5074 1500 5144 plangendus
1526 5089 1555 5128 a
1585 5077 1822 5146 parenti-

233 5164 330 5217 bus
353 5161 491 5217 suis.
519 5161 846 5232 Signiﬁcavit
891 5163 994 5219 hoc
1017 5165 1210 5219 factum
1242 5161 1518 5235 prophetia
1549 5167 1817 5236 quadam,

232 5256 466 5311 ruiturum
492 5257 773 5310 Dorniuum
796 5266 1032 5312 nostrum
1053 5257 1234 5314 desum
1251 5257 1542 5313 Christum.
1569 5257 1661 5314 lllc
1679 5261 1820 5316 enim

230 5362 258 5400 a
281 5347 486 5402 Judaais
513 5347 859 5402 irridentibus
880 5349 1026 5404 velut
1066 5350 1244 5404 calvus
1269 5350 1456 5407 irrisus
1481 5362 1584 5418 est1
1615 5353 1737 5423 quia
1766 5355 1818 5408 in

230 5440 488 5495 Calvariaa
532 5441 652 5495 loco
679 5443 967 5497 cruciﬁxus
1002 5448 1084 5498 cst
1118 5443 1337 5509 (Matth.
1377 5461 1547 5512 xxvu,
1576 5447 1686 5518 51).
1717 5448 1822 5503 Nos

289 5575 310 5645 ξ
349 5574 414 5623 Ad
437 5575 545 5624 haec
565 5575 828 5645 verba-uss
861 5582 962 5645 tres
975 5576 1186 5645 addunt:
1213 5588 1446 5632 conuerso
1462 5584 1527 5634 ad
1549 5584 1818 5645 Dominum,

227 5649 259 5684 ο
279 5636 630 5708 ἱμιιιοεεηεκᾳηὶ
650 5636 770 5706 {tibi
794 5638 1018 5708 defuerit,
1044 5638 1088 5688 si
1107 5638 1324 5708 innocens
1339 5652 1544 5708 proptrr
1571 5649 1706 5698 [fami
1724 5636 1821 5698 mni

232 5697 326 5747 eris
345 5711 374 5767 _:
398 5697 625 5767 quoninn
665 5697 1116 5767 ἱρδιιηιςιιρηιίημηι
1152 5697 1380 5767 possides,
1426 5697 1508 5767 qui
1545 5697 1714 5760 amtor
1744 5697 1819 5762 ῥει

232 5759 438 5836 orantium
478 5759 734 5836 rirlntmn,’
758 5761 841 5836 qni
881 5761 964 5811 dat
996 5759 1194 5836 t'irtatés
1212 5759 1568 5836 .ininMc'entia
1599 5759 1818 5836 pqt'set'e;

231 5821 440 5872 tantibus
483 5831 605 5885 Ergo
627 5836 653 5872 ε
678 5821 894 5883 tboiztns,
921 5822 1006 5887 qni
1024 5831 1183 5888 sperat
1205 5825 1253 5876 in
1275 5833 1338 5892 te,
1368 5837 1507 5880 Dens.

1285 331 1686 391 ENARRATIO
1725 329 1788 386 IN
1826 331 2150 391 PS.\LMUM
2191 337 2473 406 ιΧΧΧιν.

3399 364 3538 421 110ἷο

1961 458 2137 543 autem
2177 453 2222 507 si
2257 455 2308 510 in
2351 456 2498 513 illum
2529 453 3073 534 crediderimusglilii
3123 471 3288 543 ipsius
3330 492 3540 536 sumus.

1951 539 2116 638 ljobis
2135 559 2263 617 ergo
2282 558 2525 606 cantatur
2544 552 2643 609 iste
2668 557 2924 628 psalmus,
2945 561 3033 616 ubi
3051 539 3378 635 inscribitur,
3414 571 3537 638 ﬁliis

1953 629 2112 688 Core:
2127 648 2309 733 sumus
2321 639 2461 694 enim
2478 641 2572 698 lilii
2588 646 2768 715 sponsi
2790 645 3080 721 (Mettius,
3103 654 3212 727 15).
3226 655 3324 714 ille
3335 629 3534 733 quippe

1951 738 2200 794 Sponsus,
2229 729 2358 786 dans
2387 732 2598 788 arrbam
2635 753 2851 808 sponsa:
2880 757 3011 812 sum,
3043 729 3365 818 sanguinem
3381 729 3534 808 suum

1950 826 2004 869 et
2030 815 2282 886 Spiritum
2310 833 2573 890 sanctum,
2603 843 2709 898 quo
2737 829 3077 904 locupletavit
3111 815 3208 894 nos
3237 841 3447 900 interim
3481 846 3534 901 in

1952 907 2050 964 ista
2093 913 2513 983 peregrinatione
2537 934 2552 981 ;
2579 920 2752 977 adhuc
2774 938 2950 981 autem
2975 940 3152 985 servat
3174 933 3327 989 nobis
3351 939 3536 992 occul-

1951 1011 2033 1058 tas
2059 1004 2273 1102 divitias
2297 1025 2442 1068 suas.
2486 1011 2641 1070 Unde
2666 1017 2812 1073 enim
2859 1019 2966 1078 tale
2993 1024 3186 1095 pignus
3213 1026 3379 1096 dedit,
3407 1032 3532 1102 quid

1945 1105 2032 1151 est
2059 1098 2200 1168 quod
2229 1101 2447 1160 servat?

2025 1189 2074 1245 5.
2111 1188 2258 1262 [vera
2288 1191 2369 1268 2.]
2399 1194 2576 1269 Itaque
2605 1209 2782 1256 cantat
2803 1202 2852 1258 ei
2879 1204 3141 1277 Propheta
3182 1210 3234 1266 in
3262 1209 3531 1282 initurum,

1949 1289 2004 1335 et
2026 1282 2190 1338 utitur
2211 1285 2385 1342 verbis
2407 1291 2678 1363 quasijam
2697 1295 2949 1364 prmteriti
2967 1301 3254 1370 temporis;
3283 1312 3534 1377 tanquam

1950 1376 2086 1430 facta
2115 1375 2265 1444 dicit,
2313 1395 2433 1451 quae
2481 1381 2656 1440 futura
2697 1396 2890 1456 erant;
2936 1390 3059 1461 quia
3101 1394 3243 1463 apud
3285 1375 3450 1452 Deum
3479 1409 3535 1454 ct

1949 1466 2090 1558 quod
2119 1467 2350 1526 futurum
2381 1483 2481 1542 est,
2507 1473 2618 1545 jam
2648 1475 2843 1534 factum
2873 1490 2975 1536 est.
3005 1481 3081 1539 lbi
3109 1498 3237 1556 ergo
3261 1486 3529 1558 Propheta

1951 1557 2164 1616 videbat
2191 1560 2361 1618 futura
2393 1565 2567 1634 nobis,
2609 1567 2716 1637 jam
2751 1585 2877 1627 vero
2919 1571 3058 1630 facta
3101 1574 3153 1630 in
3186 1576 3327 1632 illius
3355 1557 3535 1648 provi-

1949 1648 2127 1706 dcutia
2167 1660 2223 1709 et
2249 1655 2712 1724 prmdestinatioue
2755 1664 3069 1734 certissima,
3098 1668 3364 1738 quomodo
3406 1669 3538 1726 dicit

1949 1751 2006 1797 et
2031 1741 2084 1798 in
2113 1743 2202 1799 illo
2242 1745 2446 1816 psalmo
2477 1749 2566 1805 ubi
2593 1766 2782 1808 omnes
2806 1753 3074 1812 Christum
3102 1770 3428 1828 agnoscunt;
3459 1763 3538 1818 sic

1951 1834 2093 1888 enim
2117 1837 2371 1894 recitatur
2401 1840 2439 1906 ι,
2472 1848 2722 1914 tanquam
2750 1845 3090 1918 Evangelium
3116 1851 3355 1922 legatur:
3377 1872 3399 1907 ι
3425 1854 3535 1911 Fo-

1949 1927 2144 1985 deruut
2178 1947 2365 1988 manus
2391 1950 2538 1992 meas
2561 1945 2618 1993 et
2645 1939 2830 2009 pedes,
2861 1940 3329 2002 dinumeraverunt
3355 1950 3532 2002 omnia

1947 2032 2069 2076 ossa
2096 2037 2254 2090 mea;
2287 2023 2387 2096 ipsi
2412 2041 2540 2084 vero
2566 2028 3038 2089 consideraveruut
3057 2047 3116 2092 et
3139 2048 3536 2108 conspexerunt

1948 2125 2055 2179 me,
2083 2112 2378 2170 diviserunt
2417 2117 2517 2172 sibi
2541 2120 2856 2178 vestimenta
2902 2139 3020 2179 mea
3046 2134 3102 2181 et
3137 2142 3299 2196 super
3329 2138 3533 2190 vestem

1948 2219 2121 2260 meum
2139 2206 2402 2264 miserunt
2420 2218 2618 2266 sortem
2649 2231 2668 2266 ι
2695 2213 2868 2285 (Psal.
2896 2231 3010 2285 nt,
3033 2219 3238 2291 1749).
3257 2219 3386 2288 Quis
3405 2237 3531 2289 non,

1947 2293 2156 2366 legente
2199 2297 2401 2356 lectore
2439 2301 2726 2369 Psalmum,
2768 2317 3022 2376 agitoscat
3049 2309 3440 2382 Evangelium?
3468 2315 3536 2370 Et

1947 2396 2122 2445 tamen
2163 2405 2286 2446 cum
2333 2391 2600 2450 diceretur
2644 2397 2697 2450 in
2728 2397 2961 2463 Psalmo,
3010 2415 3122 2456 non
3167 2401 3365 2458 dictum
3409 2414 3530 2472 est,

1946 2479 2163 2536 Fossuri
2191 2492 2314 2539 sunt
2333 2500 2522 2541 manus
2539 2501 2688 2543 meas
2707 2497 2762 2544 et
2783 2490 2985 2561 pedes;
3018 2492 3132 2558 sed,
3157 2495 3393 2565 foderunt
3420 2513 3532 2551 nta-

1945 2587 2040 2626 nus
2064 2589 2200 2628 mea;
2231 2583 2278 2628 et
2306 2575 2457 2647 pedes
2474 2593 2498 2630 ε
2516 2593 2614 2632 nec
2639 2579 2839 2634 dictum
2862 2591 2966 2650 est,
2994 2583 3387 2642 Dinumeraturi
3408 2599 3532 2643 sunt

1945 2676 2066 2717 ossa
2089 2678 2207 2718 mea
2231 2681 2245 2732 ;
2277 2664 2390 2731 sed,
2425 2667 2865 2726 dinumeravernnt
2887 2689 3003 2728 om
3023 2691 3134 2729 mea
3165 2692 3186 2731 :
3213 2692 3312 2733 nec
3331 2678 3529 2734 dictum

1946 2761 2045 2819 est,
2093 2755 2322 2812 Divisuri
2368 2767 2494 2814 sunt
2533 2760 2847 2818 vestimenta
2893 2779 3045 2830 mea;
3094 2767 3211 2836 sed,
3258 2769 3531 2824 diviserunt

1946 2848 2038 2904 sibi
2083 2850 2375 2905 vestimenta
2409 2869 2540 2907 mea.
2571 2852 2698 2911 Haec
2735 2857 2912 2912 omnia
2954 2874 3074 2930 qum
3117 2859 3292 2917 futura
3321 2862 3533 2920 videbat

1943 2940 2233 3012 Propheta,
2275 2953 2523 3016 tanquam
2553 2949 2820 3018 prazterita
2867 2949 3137 3008 indicabat
3169 2972 3182 3008 :
3215 2954 3292 3010 sic
3317 2963 3373 3011 et
3400 2957 3484 3012 hic
3505 2997 3526 3022 ,

1941 3032 2269 3105 Benedimisti,
2298 3036 2538 3107 Domine,
2573 3051 2757 3098 terram
2797 3052 2941 3098 tuam
2957 3060 2979 3112 ;
3006 3055 3256 3118 tauquam
3302 3047 3413 3118 jam
3449 3048 3530 3105 fe-

1939 3131 2096 3186 cerit.

2015 3223 2069 3278 4.
2100 3224 2336 3280 Avertisti
2383 3227 2724 3297 cap.'ivitatem
2751 3227 2933 3288 Jacob.
2969 3231 3201 3303 Populus
3228 3232 3346 3304 ejus
3385 3235 3528 3290 anti-

1941 3329 2075 3386 quus
2098 3315 2284 3384 Jacob,
2313 3318 2538 3388 populus
2555 3317 2738 3387 Israel,
2768 3329 2924 3378 natus
2949 3322 3017 3379 de
3042 3325 3247 3380 semine
3271 3325 3524 3392 Abrahm,

1941 3404 1995 3461 in
2026 3407 2440 3476 repromissione
2483 3406 2693 3466 futurus
2715 3410 2998 3482 aliquando
3033 3413 3210 3471 haeres
3245 3415 3361 3471 Dei.
3397 3417 3527 3472 Erat

1939 3499 2154 3570 quidem
2186 3515 2314 3571 ergo
2344 3500 2432 3558 ille
2471 3503 2729 3573 populus,
2752 3505 2840 3561 cui
2877 3505 3058 3562 datum
3097 3517 3180 3564 est
3205 3508 3524 3565 Testamen-

1939 3599 2050 3646 tum
2077 3592 2275 3660 Vetus;
2299 3593 2394 3649 sed
2421 3594 2471 3650 in
2498 3593 2694 3652 Vetere
2715 3595 3057 3655 Testamento
3079 3599 3404 3672 ﬁgurabatur
3426 3601 3528 3658 Te-

1938 3695 2261 3742 stamentum
2286 3686 2490 3742 Novum
2519 3689 2575 3744 ἐ
2603 3688 2689 3744 illa
2719 3690 2884 3760 ﬁgura
2931 3702 3082 3761 erat,
3111 3693 3226 3750 lucc
3247 3699 3524 3767 expressio

1937 3779 2198 3834 verita-tis.
2243 3778 2302 3834 in
2344 3780 2430 3836 illa
2480 3789 2658 3836 autem
2686 3781 2855 3855 ﬁgura
2900 3787 3192 3842 secundum
3242 3789 3523 3859 quamdam

1941 3870 2434 3940 prae-nuntiatiouem
2462 3870 2763 3928 futurorum
2781 3915 2795 3938 .
2824 3873 2944 3929 data
2971 3885 3060 3932 est
3088 3877 3165 3932 illi
3197 3880 3393 3949 populo
3415 3891 3524 3936 ter-

1939 3977 1997 4016 ra
2036 3961 2278 4032 quardam
2345 3964 2744 4032 promissionis,
2787 3967 2842 4020 in
2890 3968 3115 4038 quadam
3165 3971 3384 4041 regione
3435 3972 3520 4028 ubi

1937 4053 2195 4110 habitavit
2217 4056 2444 4126 populus
2461 4055 2768 4112 Judmorum
2789 4073 2802 4124 ;
2823 4058 2915 4113 ubi
2936 4069 3018 4115 est
3045 4061 3205 4116 etiam
3225 4062 3521 4120 Jerusalem

1938 4149 2161 4216 civitas,
2193 4149 2344 4220 cujus
2381 4164 2575 4207 nomen
2616 4165 2810 4207 omnes
2859 4153 3175 4210 audivimus.
3223 4157 3369 4214 lianc
3394 4175 3524 4230 erga

1939 4250 2132 4296 terram
2158 4256 2279 4297 cum
2309 4243 2603 4314 accepisset
2631 4243 2717 4300 ille
2745 4245 2975 4318 populus
2996 4287 3010 4311 ,
3044 4247 3112 4303 ab
3138 4247 3387 4306 hostibus
3411 4252 3522 4307 suis

1936 4333 2128 4390 vicinis
2155 4334 2568 4406 circumquaque
2593 4335 2987 4393 inimicantibus
3018 4342 3214 4397 multas
3247 4344 3523 4400 molestias

1936 4426 2233 4496 patiebatur
2261 4442 2275 4481 :
2306 4437 2360 4483 et
2389 4443 2508 4482 cum
2538 4429 2792 4497 peccabat
2820 4430 2874 4484 in
2901 4431 3066 4486 Deum
3091 4445 3264 4496 suum,
3298 4433 3523 4494 dabatur

1935 4517 1988 4572 iu
2023 4518 2418 4588 captivitatem;
2465 4532 2572 4574 non
2599 4519 2664 4574 ad
2705 4519 3013 4586 interitum,
3055 4524 3149 4578 sed
3179 4525 3522 4600 ad'discipli-
3583 4555 3598 4568 -

1934 4623 2090 4674 nam;
2124 4623 2229 4662 non
2259 4607 2546 4664 damnante
2574 4618 2722 4678 patre
2745 4652 2760 4677 ,
2789 4612 2881 4667 sed
2931 4611 3247 4684 ﬂagellante.
3290 4618 3359 4673 Et
3397 4634 3518 4676 cum

1932 4714 2178 4770 possessa
2207 4707 2370 4767 esset,
2391 4699 2735 4768 liberabatur,
2756 4711 2817 4758 et
2839 4701 3118 4773 aliquoties
3141 4708 3407 4778 captivata
3432 4722 3523 4767 est

1933 4803 1988 4848 et
2014 4792 2237 4847 liberata
2265 4801 2346 4846 εει
2375 4792 2463 4846 illa
2494 4807 2625 4862 gens
2650 4811 2663 4847 :
2694 4803 2750 4848 et
2793 4794 2951 4849 modo
2981 4796 3031 4851 in
3057 4799 3363 4868 captivitate
3391 4813 3474 4858 est
3497 4845 3514 4866 .

1932 4893 1988 4942 et
2017 4885 2117 4938 hoc
2145 4899 2240 4954 pro
2265 4893 2482 4953 peccato
2509 4899 2719 4954 magno,
2746 4885 2886 4956 quod
2909 4888 3190 4946 Dominum
3213 4907 3368 4950 suum
3396 4910 3516 4951 ειυς

1930 4977 2116 5034 cilixit.
2143 4977 2281 5044 Quid
2315 4978 2473 5048 igitur
2514 4978 2806 5034 secundum
2837 4980 2968 5037 istos
3005 4985 3297 5055 accipimus
3325 5028 3342 5055 ,
3373 4989 3518 5059 quod

1929 5073 2040 5137 ait,
2074 5071 2309 5125 Avertisli
2350 5070 2691 5141 captivitatem
2726 5071 2932 5128 Iacob?
2959 5075 3041 5147 An
3085 5077 3223 5135 forte
3262 5082 3518 5153 intelligi-

1931 5181 2049 5221 mus
2077 5164 2166 5219 bic
2193 5163 2349 5218 aliam
2374 5162 2733 5233 captivitatem
2758 5206 2773 5231 ,
2796 5165 2864 5222 de
2889 5183 2993 5238 qua
3016 5183 3204 5226 omnes
3243 5186 3340 5226 nos
3366 5175 3519 5230 volu~
3583 5245 3593 5249 _

1929 5273 2049 5312 mus
2076 5256 2327 5312 liberari?
2351 5254 2485 5313 Nam
2524 5272 2711 5313 omnes
2757 5261 3083 5327 pertinemus
3126 5263 3192 5318 ad
3231 5264 3400 5322 Jacob
3423 5309 3436 5333 ,
3471 5271 3518 5325 si

1930 5349 2260 5420 pertinemus
2287 5347 2351 5404 ad
2380 5362 2564 5404 semen
2595 5347 2844 5406 Abrabtn.
2895 5352 3007 5408 lloc
3032 5355 3174 5410 enim
3207 5356 3342 5414 dicit
3373 5361 3536 5432 Apo»

1927 5442 2098 5497 stolus
2128 5460 2142 5496 :
2175 5439 2240 5495 In
2274 5439 2430 5496 Isaac
2474 5441 2730 5497 vocabitur
2759 5444 2846 5498 tibi
2887 5461 3051 5499 semen
3071 5462 3090 5510 ,'
3114 5449 3167 5502 id
3192 5460 3264 5504 est
3284 5492 3298 5518 ,
3334 5469 3433 5508 non
3463 5456 3518 5509 lii

1927 5534 2010 5604 qui
2036 5534 2132 5604 ﬁlii
2161 5534 2326 5588 carnis
2345 5575 2360 5601 ,
2399 5533 2452 5587 Ιιὶ
2495 5534 2592 5602 ﬁlii
2620 5533 2716 5588 Dei
2741 5573 2756 5599 ,
2787 5535 2876 5588 scd
2903 5537 2999 5604 ﬁlii
3039 5543 3388 5609 promissionis
3429 5547 3519 5601 de-

1992 5650 2009 5680 ι
2044 5649 2116 5697 sic
2137 5646 2320 5710 aliquot
2337 5654 2444 5698 Mss.
2469 5648 2555 5698 Alii
2577 5662 2687 5699 eum
2709 5649 2841 5710 add,
2867 5649 3094 5704 recitatae
3114 5662 3184 5705 est
3211 5659 3441 5709 Psalnms.

1990 5713 2010 5742 ⁸
2047 5717 2110 5782 Ita
2135 5711 2182 5760 in
2207 5717 2309 5782 uss.
2327 5717 2393 5782 _At
2418 5712 2464 5760 in
2485 5710 2798 5782 Edd.,_ltwres
2825 5713 2912 5764 ι)ίὶ
2930 5723 3052 5765 erat.
3077 5718 3280 5782 (malum
3303 5735 3419 5782 ergo
3434 5720 3518 5773 ille

1927 5771 2130 5844 populus
2154 5769 2232 5844 cui
2254 5771 2418 5823 datam
2442 5778 2511 5824 est
2540 5769 2882 5826 Tealanwntum
2912 5784 3068 5841 ntus,
3085 5769 3332 5844 ﬁgurabat
3358 5769 3517 5835 iisti:

1927 5841 2134 5887 metuunt
2161 5843 2349 5886 aevum.
