4048 6480
598 347 724 404 ιθιι

597 474 838 533 putantur
863 465 913 519 in
942 480 1107 521 semen
1129 463 1313 537 (Rom.
1337 479 1385 518 Ix
1411 505 1424 530 ,
1452 464 1512 528 7,
1543 461 1634 533 8).
1663 461 1721 517 Si
1748 460 1836 516 lilii
1863 461 2173 532 promissio-

595 558 679 619 ttis
710 560 761 614 in
790 574 972 615 semen
995 557 1334 629 deputantur,
1359 554 1677 611 olfendendo
1698 556 1862 611 Deum
1888 555 2056 611 ,ιιιάεεί
2080 555 2174 611 dc-

594 660 983 719 generaverunt
1016 668 1032 717 ;
1073 667 1171 705 nos
1214 649 1569 720 promerendo
1601 648 1763 705 Deum
1799 692 1815 718 ,
1869 648 1937 705 de
1979 664 2173 721 genere

597 743 821 797 Abraha:
846 742 968 797 facti
999 755 1209 805 sumus,
1239 755 1344 795 non
1374 740 1697 809 pertinentes
1723 741 1788 796 ad
1816 756 2053 808 carnem,
2078 741 2171 796 sed

596 835 923 905 pertinentes
961 833 1027 888 ad
1069 833 1249 888 ﬁdem.
1290 831 1483 887 imitati
1513 833 1652 887 enim
1689 832 1846 887 ﬁdem
1875 875 1890 899 ,
1917 833 2009 887 lilii
2049 831 2169 887 facti

591 942 774 983 sumus
805 944 818 981 :
872 926 943 980 illi
973 934 1149 979 autem
1180 923 1555 994 degenerando
1580 939 1608 976 a
1651 923 1753 979 ﬁde
1776 966 1792 989 ,
1837 923 2166 979 exhwrcdari

589 1026 913 1075 meruerunt.
937 1016 1069 1071 Nam
1086 1058 1104 1081 ,
1136 1026 1190 1070 ut
1222 1016 1478 1070 noveritis
1501 1018 1621 1086 quia
1647 1014 1987 1085 perdiderunt
2014 1014 2163 1081 illud,

585 1112 723 1182 quod
752 1110 859 1166 nati
890 1118 1045 1166 erant
1070 1109 1138 1165 de
1159 1108 1428 1165 Abraham
1450 1150 1464 1175 ,
1492 1124 1613 1164 cum
1658 1123 1716 1163 se
1743 1115 2055 1178 arroganter
2085 1106 2169 1177 ja-

582 1213 793 1261 ctarent
822 1204 1069 1260 audiente
1093 1203 1322 1271 Domino
1347 1202 1472 1257 Jesu
1496 1200 1711 1256 Christo
1732 1242 1747 1265 ,
1776 1199 2065 1270 gloriantes
2094 1198 2165 1254 de

581 1298 843 1367 sanguine
872 1306 926 1352 et
968 1312 1072 1352 non
1099 1295 1168 1351 de
1194 1296 1299 1350 vita
1326 1336 1343 1361 ,
1388 1304 1441 1350 ct
1480 1293 1718 1349 dicerent
1757 1292 2018 1355 Domino,
2054 1291 2165 1346 Nos

580 1398 773 1459 patrem
801 1388 1039 1444 habemus
1058 1388 1355 1451 Abraham;
1384 1386 1456 1440 ait
1485 1386 1589 1439 illis
1619 1383 1872 1438 Dominus
1913 1391 2161 1453 tanquam

580 1479 1066 1551 degenerantibus:
1097 1479 1157 1534 Si
1194 1478 1290 1547 ﬁlii
1318 1478 1534 1530 Abrahae
1576 1476 1723 1540 estis,
1770 1475 1906 1543 facta
1948 1475 2163 1528 Abrnlne

582 1574 731 1645 facile
763 1571 951 1643 (Joan.
974 1587 1093 1637 vui,
1125 1571 1247 1640 59).
1275 1568 1328 1624 Si
1359 1583 1486 1639 ergo
1513 1569 1583 1623 illi
1611 1575 1889 1638 propterea
1916 1567 2023 1638 jam
2054 1573 2159 1623 non

581 1664 695 1731 ﬁlii,
726 1663 849 1734 quia
881 1678 985 1717 non
1014 1661 1276 1717 faciebant
1303 1658 1438 1714 facta
1464 1658 1725 1723 Abrahm;
1757 1673 1855 1713 nos
1878 1666 2157 1729 propterea

580 1754 704 1819 ﬁlii,
754 1754 875 1826 quia
926 1752 1148 1808 facimus
1195 1750 1333 1806 facta
1379 1749 1629 1805 Abrahm.
1677 1749 1808 1817 Qua:
1850 1759 1975 1804 sunt
2021 1750 2157 1805 facta

576 1844 808 1899 Abrahae
834 1858 953 1914 quae
980 1842 1245 1898 facimus?
1270 1840 1508 1896 Credidit
1527 1849 1704 1894 autem
1734 1839 1999 1895 Abraham
2025 1839 2153 1905 Deo,

574 1946 629 1990 et
647 1935 957 2004 deputatum
1006 1942 1088 1989 εει
1132 1934 1204 1987 illi
1248 1932 1313 1987 ad
1357 1931 1619 2003 justitiam
1663 1930 1832 2003 (Gen.
1871 1947 1970 1997 xv,
2006 1933 2076 1998 6,
2110 1941 2157 1987 et

576 2028 748 2082 Colat.
785 2032 840 2081 Ill
873 2069 889 2094 ,
921 2026 1008 2096 6).
1054 2025 1197 2096 Ergo
1239 2039 1425 2080 omnes
1464 2023 1531 2079 ad
1574 2023 1739 2079 Jaeob
1789 2024 2151 2094 pertinemus,

472 2136 475 2137 '
570 2121 842 2176 imitantes
871 2118 1096 2174 Abrahae
1126 2117 1283 2173 ﬁdem
1303 2161 1318 2186 ,
1347 2119 1435 2190 qui
1468 2117 1694 2174 credidit
1720 2116 1829 2171 Deo
1848 2158 1865 2183 ,
1905 2125 1959 2171 et
1989 2117 2153 2188 depu-

571 2221 738 2268 tatum
761 2220 843 2266 est
863 2211 937 2265 illi
964 2211 1027 2265 ad
1051 2210 1332 2281 justitiam.
1351 2211 1480 2278 Quae
1503 2220 1583 2267 est
1611 2226 1739 2281 ergo
1763 2210 1851 2264 illa
1874 2211 2153 2281 captivitas

571 2306 713 2363 unde
739 2320 836 2361 nos
859 2305 1101 2360 volumus
1127 2304 1384 2371 liberari?
1411 2312 1539 2375 puto
1564 2304 1705 2360 enim
1736 2304 2003 2359 nemiuem
2056 2319 2151 2358 no-

569 2407 739 2453 strum
767 2396 926 2452 modo
952 2411 1076 2451 esse
1102 2395 1240 2467 apud
1264 2396 1544 2463 Barbaros,
1565 2411 1662 2451 nec
1687 2396 1913 2466 aliquam
1935 2406 2149 2467 gentem

569 2490 790 2545 irruisse
812 2498 1067 2544 armatam
1089 2530 1104 2555 ,
1128 2498 1181 2543 et
1206 2488 1445 2557 captivos
1469 2487 1686 2542 duxisse
1711 2502 1828 2542 nos.
1855 2487 1961 2543 Sed
1988 2486 2149 2543 modo

567 2579 791 2637 ostendo
812 2579 1097 2649 quamdam
1122 2578 1483 2648 captivitatem
1510 2618 1523 2642 ,
1556 2577 1609 2631 in
1643 2593 1744 2647 qua
1770 2579 2030 2648 gemimus
2050 2621 2066 2645 ,
2094 2586 2150 2634 et

568 2672 708 2728 unde
735 2686 833 2727 nos
864 2670 1077 2725 liberari
1109 2669 1378 2740 cupimus.
1407 2669 1602 2724 Paulus
1644 2670 1915 2740 apostolus
1956 2685 2143 2741 proco.

566 2764 656 2819 dat
680 2805 695 2830 ,
729 2763 843 2833 ipse
870 2762 1011 2817 illam
1036 2761 1209 2825 dicat;
1242 2760 1311 2815 sit
1335 2761 1449 2831 ipse
1469 2762 1745 2831 speculum
1770 2770 2031 2828 nostrum,
2058 2762 2147 2819 ille

564 2856 833 2926 loquatur,
858 2863 911 2909 et
930 2869 1026 2907 nos
1048 2854 1117 2908 ibi
1139 2852 1446 2908 videamus:
1476 2868 1632 2907 nemo
1654 2862 1735 2908 est
1755 2853 1895 2908 enim
1924 2854 2011 2925 qui
2040 2870 2145 2909 non

564 2946 652 3001 hic
680 2960 739 3002 se
767 2953 1037 3015 agnoscat.
1085 2945 1171 2997 Ait
1197 2958 1323 3013 ergo
1346 2943 1435 2998 ille
1465 2943 1652 2998 beatus
1676 2944 1948 3014 apostolus
1966 2987 1979 3009 ,
2006 2944 2143 3000 Con-

564 3040 783 3094 delertor
810 3037 941 3090 enim
970 3036 1067 3106 legi
1090 3034 1185 3089 Dei
1209 3035 1484 3089 secundum
1531 3036 1815 3091 interiorem
1843 3036 2096 3090 hominem
2122 3052 2146 3101 ;

561 3134 705 3187 intus
749 3129 982 3184 delectat
1012 3142 1098 3183 me
1122 3127 1205 3181 lex
1244 3127 1375 3182 Dei:
1423 3128 1565 3181 video
1607 3136 1774 3181 autem
1803 3128 1957 3181 aliam
1982 3129 2143 3200 legem

560 3227 613 3279 in
643 3223 875 3279 membris
902 3223 1023 3277 meis
1043 3263 1058 3287 ,
1103 3229 1464 3293 repugnantem
1490 3220 1589 3292 legi
1630 3221 1813 3276 mentis
1852 3238 1993 3277 meat.
2022 3223 2140 3279 Jam

559 3315 754 3370 audisti
781 3315 981 3385 legem,
1013 3311 1203 3368 audisti
1232 3326 1490 3382 pugnam;
1517 3312 1879 3382 captivitatem
1904 3314 2139 3369 nondum

563 3408 825 3471 audieras,
847 3406 968 3461 audi
990 3420 1109 3475 qum-
1138 3412 1429 3473 sequuntur
1453 3421 1465 3457 :
1496 3403 1915 3476 Repugnantem,
1941 3407 2137 3477 inquit,

562 3502 658 3571 legi
683 3499 857 3553 mentis
879 3513 1000 3552 mea:
1017 3540 1029 3561 ,
1057 3506 1103 3550 et
1135 3497 1384 3566 captivum
1410 3513 1490 3550 me
1517 3496 1777 3552 ducentem
1802 3499 1855 3552 in
1887 3500 1994 3571 lege
2020 3515 2137 3569 pec-

556 3591 675 3654 cati,
697 3605 809 3661 quae
826 3598 899 3642 est
920 3589 972 3642 in
992 3587 1226 3642 membris
1241 3587 1381 3641 meis.
1400 3588 1729 3658 Agnovimus
1744 3590 2134 3659 captivitatem:

556 3682 673 3752 quis
704 3688 944 3735 nostrum
967 3678 1164 3747 estqui
1197 3679 1328 3733 nolit
1352 3693 1411 3732 se
1431 3678 1497 3733 de
1529 3678 1627 3733 ista
1658 3680 1962 3749 captivitate
2000 3681 2135 3737 libe-

554 3774 660 3827 reri
679 3775 702 3825 'l
726 3772 790 3826 Et
818 3770 959 3825 unde
984 3769 1340 3825 liberabitur?
1362 3769 1623 3838 Quoniam
1648 3770 1748 3826 hoc
1770 3772 1999 3827 cantavit
2022 3773 2137 3844 ipse

554 3866 795 3921 Psaltnus
842 3864 1074 3917 futurum
1118 3880 1130 3914 :
1175 3863 1412 3917 Avertisti
1453 3864 1787 3934 captivitatem
1815 3863 1996 3918 Iacob.
2039 3864 2135 3921 Cui

552 3958 719 4014 dixit?
739 3955 973 4023 Christo,
1006 3963 1223 4027 propter
1246 3952 1311 4009 In
1342 3955 1527 4025 linem,
1557 3964 1774 4026 propter
1802 3956 1941 4011 filios
1965 3956 2133 4013 Core:

552 4052 640 4106 ille
669 4050 810 4104 enim
840 4049 1034 4103 avertit
1080 4047 1441 4118 captivitatem
1483 4047 1668 4103 Jacob.
1701 4049 1836 4105 Audi
1877 4060 1931 4105 et
1961 4050 2133 4121 ipsum

551 4143 770 4197 Paulum
795 4141 1156 4196 conﬁtentem.
1179 4138 1310 4194 Cum
1337 4140 1540 4195 diceret
1566 4156 1622 4195 se
1649 4141 1783 4195 trahi
1815 4144 2082 4213 captivum
2104 4160 2133 4198 a

550 4235 666 4305 lege
693 4235 744 4287 in
769 4233 1022 4287 membris
1050 4232 1163 4288 suis
1189 4242 1520 4303 repugnante
1546 4233 1648 4304 legi
1671 4237 1863 4291 mentis
1890 4251 2022 4305 sum,
2041 4253 2136 4293 ex-

549 4324 797 4382 clamavit
816 4324 916 4379 sub
943 4323 1030 4377 illa
1059 4322 1363 4393 captivitate
1382 4365 1397 4391 ,
1420 4332 1474 4378 et
1492 4321 1567 4377 ait
1592 4339 1610 4379 :
1632 4322 1825 4397 Infelix
1848 4344 1938 4398 ego
1959 4328 2129 4396 homo,

550 4419 663 4489 quis
703 4433 781 4471 me
809 4414 1036 4470 liberabit
1073 4415 1136 4469 de
1164 4431 1374 4485 corpore
1416 4415 1593 4471 mortis
1630 4416 1829 4487 hujus?
1878 4418 2134 4487 Qumsivit

547 4510 665 4579 quis
689 4518 865 4572 esset,
888 4516 943 4562 et
962 4508 1141 4561 statim
1166 4508 1239 4561 illi
1260 4508 1510 4572 occurrit,
1532 4508 1707 4563 Gratia
1731 4509 1829 4566 Dei
1851 4529 1937 4579 per
1952 4512 2131 4567 Iesum

546 4600 801 4654 Christum
840 4598 1115 4653 Dominum
1162 4608 1391 4653 nostrum
1422 4601 1440 4671 (
1470 4600 1619 4655 Rom.
1659 4619 1764 4668 vn,
1797 4604 2024 4677 22-25).
2057 4606 2130 4662 De

547 4694 648 4747 hac
668 4692 835 4762 gratia
858 4692 945 4746 Dei
973 4691 1231 4762 Propheta
1254 4692 1382 4748 dicit
1405 4694 1526 4749 huic
1549 4696 1775 4751 Domino
1799 4708 1981 4755 nostro
2002 4699 2128 4755 Jesu

545 4786 792 4852 Christo,
822 4786 1055 4839 Avertisti
1081 4787 1415 4857 captivitatem
1436 4786 1615 4842 Jacob.
1659 4791 1931 4846 Attendite
1958 4795 2126 4863 capti-

548 4884 767 4934 vitatem
806 4878 993 4943 Jacob,
1023 4880 1283 4933 attendite
1316 4880 1435 4948 quia
1466 4879 1567 4935 hoc
1597 4892 1675 4936 est
1701 4922 1715 4948 ,
1742 4884 1993 4940 Avertistt
2034 4902 2126 4940 ea-

552 4973 853 5043 ptivitatem
881 4980 1118 5025 nostram
1149 4988 1286 5024 :uon
1308 4971 1583 5026 liberanda
1613 4988 1709 5027 nos
1732 4990 1761 5027 ιι
1783 4975 2047 5039 Barbaris,
2075 4978 2127 5033 in

546 5080 682 5135 quos
709 5079 814 5119 non
848 5063 1197 5125 incurrimus;
1241 5063 1331 5117 sed
1362 5064 1637 5119 liberanda
1659 5082 1755 5121 nos
1781 5068 1848 5121 ab
1872 5070 2127 5138 operibus

547 5158 702 5212 malis
724 5199 737 5223 ,
770 5172 799 5211 a
827 5157 1057 5226 peccatis
1086 5156 1309 5220 nostris,
1342 5171 1437 5226 per
1469 5173 1591 5228 quze
1618 5160 1770 5216 nobis
1796 5170 2008 5217 satanas
2030 5165 2127 5217 dn-

547 5250 869 5305 minabatur.
895 5248 950 5305 Si
991 5249 1109 5319 quis
1145 5250 1287 5304 enim
1332 5250 1584 5306 liberatus
1630 5253 1788 5308 fuerit
1823 5270 1854 5309 a
1896 5256 2131 5325 peccatis

547 5342 659 5396 suis
686 5386 697 5406 ,
739 5357 843 5395 non
867 5341 1025 5397 habet
1066 5340 1208 5398 unde
1238 5341 1311 5396 illi
1332 5341 1637 5400 dominetur
1664 5347 1912 5418 princeps
1941 5364 2127 5418 pecea-

547 5441 719 5485 torum
730 5470 742 5483 .

618 5522 670 5574 5.
735 5536 860 5574 vers.
887 5522 939 5588 5,
965 5523 1017 5577 4.
1039 5522 1056 5595 ]
1078 5523 1355 5590 Quomodo
1382 5527 1523 5582 enim
1550 5531 1739 5586 avertit
1764 5533 2126 5602 captivitatem

547 5612 749 5669 Jaroh?
774 5613 964 5669 Videte
990 5618 1110 5685 quia
1142 5619 1236 5672 ista
1268 5620 1507 5675 liberalia
1533 5624 1819 5692 spiritualis
1843 5635 1944 5691 est,
1978 5627 2127 5681 vide-

549 5716 601 5759 te
632 5708 749 5774 quia
802 5706 940 5759 intus
985 5709 1156 5776 agitur
1184 5727 1195 5761 :
1248 5710 1540 5782 Remisisti,
1568 5713 1738 5784 inquit
1770 5757 1783 5779 ,
1814 5717 2125 5786 iniquitatem

550 5799 705 5871 plebis
737 5809 835 5852 tnw
852 5816 870 5863 ;
901 5800 1137 5866 aperuisti
1170 5816 1337 5855 omma
1365 5815 1570 5872 promta
1599 5823 1789 5861 eorum.
1820 5807 1957 5863 Ecce
1986 5809 2123 5864 unde

1789 340 1846 399 S.
1888 339 2256 399 Αυουετιιςι
2297 341 2598 403 EPISCOPI

3729 359 3866 416 1079

2282 460 2472 516 avertit
2500 462 2860 533 captivitatem
2885 506 2899 532 ,
2952 466 3073 537 quia
3104 468 3309 524 remisit
3352 470 3721 542 iniquitatem:
3754 457 3858 531 ini-

2280 553 2454 622 quitas
2485 555 2696 611 tenebat
2723 560 3004 628 captivum,
3036 560 3256 617 remissa
3291 561 3564 635 iniquitate
3596 566 3860 626 liberaris.

2280 642 2549 701 Confitere
2575 661 2705 717 ergo
2752 658 2803 703 te
2846 664 2965 705 esse
2996 651 3047 705 in
3080 653 3383 722 captivitate
3406 697 3421 721 ,
3454 664 3512 709 ut
3551 655 3742 727 dignus
3786 659 3862 715 sis

2280 734 2491 790 liberari
2522 754 2535 789 :
2570 752 2688 792 nam
2717 740 2805 810 qui
2834 739 3039 795 hostem
3070 755 3223 796 suum
3256 758 3360 799 non
3391 745 3694 815 intellexit,
3726 764 3862 820 quo-

2277 826 2438 882 modo
2468 828 2678 883 invocat
2720 829 3092 886 liberatorem?
3137 831 3393 903 Operuisti
3436 838 3605 891 omnia
3654 848 3861 909 peccata

2276 937 2466 976 eorum.
2482 921 2617 989 Quid
2630 933 2732 990 est,
2751 926 3027 995 aperuisti?
3042 926 3224 983 Utnon
3239 927 3324 981 illa
3348 928 3575 985 videres.
3594 930 3730 998 Quid
3749 942 3855 999 est,

2274 1023 2334 1067 ut
2367 1028 2471 1068 non
2494 1014 2579 1069 illa
2596 1015 2847 1071 videres?
2865 1017 2930 1073 Ut
2956 1034 3060 1073 non
3086 1019 3137 1073 in
3165 1019 3249 1074 illa
3284 1020 3597 1077 vindicares.
3631 1022 3857 1079 Noluisti

2272 1102 2454 1160 videre
2480 1114 2694 1176 peccata
2725 1117 2938 1174 nostra;
2970 1120 3023 1165 et
3052 1110 3171 1165 ideo
3202 1125 3306 1165 non
3336 1111 3574 1177 vidisti‘,
3593 1113 3714 1184 quia
3740 1114 3855 1185 ipsa

2271 1194 2451 1251 videre
2476 1197 2707 1254 uoluisti:
2732 1198 2987 1271 Operuisti
3006 1202 3147 1256 omni
3162 1220 3193 1256 a
3216 1213 3420 1274 peccata
3435 1221 3628 1259 eorum.
3648 1205 3857 1261 Setiam

2270 1304 2466 1344 omnem
2489 1291 2617 1345 iram
2646 1303 2820 1360 luant;
2847 1295 3066 1348 avertisti
3091 1294 3153 1349 ab
3182 1296 3259 1350 ira
3286 1296 3649 1368 indignationis
3675 1310 3797 1355 tate.

2341 1380 2393 1434 6.
2423 1377 2586 1452 [verm
2612 1380 2708 1454 5.]
2738 1382 2805 1437 Et
2830 1385 3079 1454 quoniam
3122 1385 3189 1441 de
3220 1384 3397 1441 futuro
3440 1387 3538 1443 ista
3565 1388 3851 1459 dicuntur,

2266 1472 2509 1539 quamvis
2539 1474 2691 1528 verba
2721 1475 2988 1545 praeterita
3029 1486 3250 1543 sonent;
3279 1478 3520 1548 sequitur
3539 1522 3553 1547 ,
3597 1488 3652 1535 et
3678 1480 3806 1537 dicit
3832 1500 3850 1537 :

2268 1561 2505 1617 Converte
2530 1582 2623 1620 nos
2646 1606 2660 1630 ,
2714 1565 2928 1621 Domine
2956 1577 2976 1607 ³
3017 1568 3291 1622 sanitatum
3341 1580 3648 1625 nostrarum.
3696 1572 3850 1641 Quod

2268 1655 2426 1710 modo
2454 1658 2704 1712 narrabat
2728 1661 2877 1729 quasi
2910 1660 3103 1714 factum
3136 1670 3314 1727 esset,
3352 1662 3620 1732 quomodo
3648 1673 3765 1718 orat
3794 1672 3848 1719 ut

2265 1747 2394 1814 ﬁat;
2427 1748 2525 1802 nisi
2553 1749 2674 1819 quia
2706 1750 2870 1804 voluit
2898 1750 3183 1806 ostendere
3208 1754 3475 1821 prmtcrita
3500 1752 3665 1808 verba
3702 1769 3761 1809 se
3792 1756 3848 1809 in

2263 1838 2543 1908 praphetia
2569 1837 2813 1893 dixisse?
2850 1839 3095 1894 Nondum
3123 1852 3300 1896 autem
3330 1840 3525 1897 factum
3552 1857 3672 1898 esse
3701 1850 3845 1913 quad

2261 1929 2468 1984 dicebat
2495 1930 2605 1998 jam
2635 1928 2831 1985 factum
2852 1973 2867 1996 ,
2899 1931 3022 1986 hinc
3047 1932 3303 1997 ostendit,
3333 1934 3455 2002 quia
3485 1942 3605 1988 orat
3632 1944 3689 1990 ut
3712 1934 3803 1989 lia:
3829 1954 3846 1988 :

2265 2037 2287 2071 ε
2324 2019 2589 2076 Converte
2642 2036 2771 2088 nos,
2818 2022 3044 2077 Domine
3088 2022 3372 2078 sanitatum
3413 2034 3744 2091 nostrarum;
3790 2036 3847 2081 et

2260 2112 2777 2167 avertciracundiam
2798 2120 2939 2167 tuam
2967 2128 2995 2167 a
3022 2114 3198 2171 nobis.
3229 2114 3379 2171 sNon
3420 2116 3730 2184 jamdudum
3763 2118 3847 2172 di-

2258 2201 2438 2267 cebas,
2469 2221 2488 2255 ι
2514 2204 2763 2259 Avertisti
2793 2205 3633 2276 captivitstcmlacob;aperuisti
3664 2207 3844 2262 omnia
3878 2271 3899 2288 .

2258 2302 2473 2363 peccata
2513 2310 2697 2350 eorum
2725 2314 2738 2349 :
2772 2296 2970 2352 sedasti
3010 2312 3223 2352 onmem
3256 2298 3387 2351 iram
3418 2306 3593 2363 tuam;
3621 2313 3847 2354 aversus

2256 2400 2314 2440 cs
2332 2385 2399 2439 ab
2429 2386 2503 2440 ira
2533 2386 2906 2458 indignationis
2925 2391 3061 2445 tuac?
3083 2390 3390 2460 sQuomodo
3412 2390 3516 2455 hic,
3531 2411 3551 2443 ο
3573 2391 3638 2446 Ει
3660 2402 3845 2448 averte

2256 2480 2581 2537 iracundiam
2612 2492 2753 2538 tuam
2776 2499 2804 2537 a
2828 2484 3021 2540 nobis?
3043 2504 3062 2537 ι
3086 2485 3400 2556 Respondet
3419 2484 3509 2540 tibi
3534 2485 3800 2557 Pmpheta
3824 2504 3841 2541 :

2254 2574 2345 2629 illa
2376 2575 2496 2630 dico
2525 2576 2674 2644 quasi
2716 2575 2887 2643 facta,
2935 2578 3055 2648 quia
3096 2577 3254 2632 video
3296 2576 3504 2644 futura;
3548 2582 3671 2649 quia
3707 2594 3849 2634 vero

2254 2667 2487 2721 nondum
2518 2667 2652 2723 facta
2685 2680 2809 2725 sunt
2834 2711 2849 2735 ,
2877 2684 2974 2724 oro
3002 2679 3058 2724 ut
3097 2672 3311 2726 veniant
3337 2713 3352 2739 ,
3404 2687 3523 2743 qua:
3546 2671 3659 2743 jam
3698 2672 3837 2729 vidi.

2252 2758 2428 2813 Averte
2454 2760 2772 2815 iracundiam
2799 2772 2935 2815 luant
2958 2779 2990 2816 a
3019 2763 3179 2817 nobis.

2240 2898 2243 2901 .
2324 2849 2373 2901 7.
2404 2848 2567 2921 [oers.
2590 2850 2682 2925 6.]
2717 2850 2837 2906 Non
2864 2854 2918 2907 in
2946 2864 3186 2909 aeternum
3208 2855 3444 2911 irascaris
3469 2856 3630 2910 nobis.
3656 2856 3842 2912 Deira

2250 2938 2344 2994 Dei
2374 2941 2517 2995 enim
2549 2943 2802 2999 mortales
2831 2960 3015 2999 sumus
3038 2988 3052 3011 ,
3081 2954 3133 3002 et
3158 2946 3225 3002 de
3253 2947 3329 3002 ira
3357 2948 3447 3003 Dei
3481 2948 3531 3003 in
3562 2948 3661 3006 ista
3689 2959 3842 3006 terra

2248 3028 2301 3083 in
2331 3041 2567 3101 egestate
2590 3042 2644 3088 et
2684 3034 2866 3091 labore
2894 3037 3068 3091 vultus
3102 3039 3269 3093 nostri
3318 3039 3700 3096 manducamus
3737 3057 3840 3111 pa-

2248 3138 2391 3178 nem.
2422 3123 2533 3180 Hoc
2560 3126 2702 3181 enim
2725 3127 2926 3183 audivit
2946 3128 3137 3195 Adam,
3168 3130 3383 3201 quando
3410 3133 3648 3201 peccavit
3674 3132 3836 3197 (Gen.

2246 3230 2338 3282 tu,
2372 3215 2503 3284 l9);
2546 3226 2601 3272 et
2646 3218 2815 3274 Adam
2854 3220 2941 3275 ille
2973 3234 3160 3276 omnes
3201 3236 3300 3276 nos
3342 3239 3587 3291 eramus,
3625 3225 3745 3296 quia
3774 3225 3839 3282 in

2244 3307 2413 3363 Adam
2439 3324 2625 3364 omnes
2659 3310 2989 3365 moriuntur:
3014 3312 3157 3382 quod
3200 3313 3293 3370 ille
3314 3313 3551 3380 audivit,
3578 3326 3830 3373 secutum

2244 3407 2325 3451 est
2350 3408 2403 3453 et
2429 3413 2545 3452 nos.
2573 3399 2687 3453 Non
2714 3400 2854 3455 enim
2881 3416 3095 3457 eramus
3117 3402 3227 3474 jam
3254 3420 3385 3471 nos,
3419 3405 3512 3461 sed
3533 3422 3745 3462 eramus
3770 3409 3837 3464 in

2242 3488 2410 3543 Adam
2439 3507 2450 3541 :
2484 3490 2607 3545 ideo
2635 3491 2888 3562 quidquid
2913 3494 3090 3549 evenit
3117 3494 3214 3565 ipsi
3244 3494 3447 3562 Adam,
3482 3507 3720 3553 secutum
3744 3510 3838 3555 εει

2242 3592 2295 3637 ει
2327 3597 2455 3648 ιιοε,
2486 3591 2543 3637 ιιι
2581 3600 2947 3651 morcrcmur;
2977 3600 3165 3643 omnes
3186 3587 3382 3659 quippe
3412 3589 3464 3643 in
3492 3590 3581 3646 illo
3606 3592 3834 3647 fuimus.

2241 3673 2315 3729 Ea
2344 3675 2485 3729 enim
2532 3685 2745 3746 peccata
2793 3686 3073 3746 parentum
3104 3695 3211 3734 non
3242 3679 3514 3750 pertinent
3542 3681 3607 3736 ad
3638 3682 3779 3737 ﬁlios
3810 3726 3833 3751 ,

2244 3781 2361 3834 quae
2386 3764 2587 3821 faciunt
2611 3775 2856 3837 parentes
2877 3767 2987 3839 jam
3018 3770 3156 3825 natis
3196 3768 3322 3827 ﬁliis
3355 3786 3372 3826 :
3407 3771 3517 3841 jam
3538 3772 3679 3826 enim
3712 3776 3837 3828 uati

2240 3856 2333 3912 ﬁlii
2372 3858 2437 3913 ad
2475 3872 2535 3913 se
2571 3860 2884 3928 pertinent,
2928 3869 2983 3916 et
3021 3870 3268 3932 parentes
3308 3862 3374 3919 ad
3419 3878 3478 3919 se
3534 3865 3831 3934 pertinent.

2244 3947 2420 4018 itaque
2451 3948 2523 4003 illi
2551 3951 2639 4019 qui
2673 3950 2781 4005 nati
2810 3958 2967 4017 sunt,
3013 3952 3057 4007 si
3088 3952 3355 4007 tenuerint
3392 3954 3504 4007 vias
3543 3966 3834 4024 parentum

2244 4056 2458 4097 suorum
2488 4043 2673 4109 malas,
2702 4058 2920 4100 necesse
2941 4054 3022 4100 est
3042 4055 3252 4114 portent
3275 4055 3329 4102 et
3352 4046 3540 4103 merita
3564 4047 3831 4118 ipsorum:

2240 4137 2283 4191 si
2311 4146 2486 4192 autem
2513 4138 2836 4193 mutaverint
2864 4152 2943 4202 se,
2965 4148 3021 4194 et
3047 4155 3151 4194 non
3182 4139 3378 4195 fuerint
3403 4140 3591 4195 imitati
3623 4156 3831 4210 [uiren-

2241 4236 2322 4283 tes
2350 4229 2549 4295 malos,
2578 4229 2834 4300 incipiunt
2860 4229 3058 4286 habere
3085 4233 3331 4286 meritum
3362 4247 3538 4299 suum,
3568 4246 3671 4287 ηοιι
3707 4247 3835 4286 me-

2240 4320 2399 4376 ritum
2427 4332 2707 4391 parentum
2734 4338 2976 4378 suorum.
3010 4322 3192 4394 Usque
3218 4324 3351 4380 adeo
3378 4334 3555 4380 autem
3585 4341 3690 4380 non
3725 4327 3835 4383 tibi

2238 4414 2391 4466 obest
2417 4421 2688 4481 peccatum
2720 4413 2881 4482 patris
2912 4415 3023 4479 tui,
3070 4416 3114 4469 si
3162 4426 3212 4471 te
3257 4417 3583 4483 mutaveris,
3639 4427 3837 4476 utnec

2238 4501 2337 4571 ipsi
2367 4503 2499 4572 patri
2541 4513 2631 4557 tuo
2674 4504 2846 4571 obsit,
2884 4507 2928 4561 si
2972 4520 3031 4561 se
3057 4509 3355 4562 mutaverit.
3390 4507 3497 4564 Sed
3535 4509 3645 4579 jam
3676 4512 3831 4580 quod

2236 4595 2439 4663 accepit
2468 4595 2533 4649 ad
2566 4596 2940 4651 mortalitatem
2971 4598 3123 4653 istam
3157 4601 3305 4654 radix
3332 4611 3511 4655 nostra
3539 4644 3555 4669 ,
3582 4602 3737 4658 duxit
3756 4604 3833 4661 de

2238 4678 2428 4741 Adam.
2471 4686 2606 4753 Quid
2647 4686 2836 4742 duxit?
2882 4688 3041 4744 Istam
3087 4689 3423 4761 fragilitatem
3469 4691 3684 4757 carnis,
3722 4694 3831 4751 hoc

2239 4785 2556 4830 tormentum
2582 4776 2825 4833 dolorum
2848 4820 2863 4846 ,
2911 4778 3048 4835 hanc
3084 4779 3301 4836 domum
3330 4784 3686 4853 paupertatis,
3721 4784 3833 4846 hoc

2235 4866 2504 4921 vinculum
2530 4869 2714 4923 mortis
2738 4910 2753 4933 ,
2787 4881 2840 4925 et
2866 4870 3084 4941 laqueos
3117 4874 3464 4928 tentationum
3500 4894 3512 4929 :
3544 4885 3833 4944 portamus

2234 4960 2409 5013 omnia
2440 4959 2537 5014 ista
2569 4960 2621 5014 in
2646 4975 2805 5017 carne
2831 4960 2959 5028 bac;
2987 4972 3040 5018 et
3067 4964 3141 5018 ira
3165 4964 3257 5020 Dei
3286 4974 3368 5021 est
3397 4967 3492 5021 ista
3512 5009 3527 5033 ,
3559 4967 3681 5032 quia
3708 4971 3834 5022 vit:-

2234 5050 2374 5104 dicta
2402 5050 2493 5105 Dei
2524 5061 2624 5106 est.
2663 5052 2767 5108 Sed
2798 5053 2917 5123 quia
2950 5054 3180 5109 futurum
3223 5067 3340 5111 erat
3369 5067 3425 5112 ut
3466 5072 3830 5128 rcgeuerarc-

2235 5158 2375 5208 mur,
2403 5152 2455 5197 et
2478 5143 2747 5199 credendo
2766 5145 2887 5199 novi
2908 5144 3263 5215 efﬁcerentur,
3289 5160 3447 5219 atque
3489 5150 3539 5204 in
3580 5166 3832 5207 resurre-

2234 5237 2413 5292 ctione
2444 5238 2617 5292 omnis
2643 5237 2729 5292 illa
2760 5241 3056 5295 mortalitas
3083 5241 3475 5309 absumeretur,
3507 5254 3561 5299 et
3604 5247 3833 5304 novi'as

2234 5329 2394 5383 totius
2425 5327 2653 5384 hominis
2678 5339 3012 5400 repararctur
3036 5348 3049 5393 ;
3076 5333 3215 5386 sicut
3239 5333 3377 5388 enim
3410 5334 3462 5389 in
3495 5330 3661 5390 Adam
3696 5352 3829 5392 oin-

2232 5434 2329 5474 ncs
2358 5418 2657 5474 moriuntur
2678 5462 2693 5485 ,
2732 5422 2809 5476 sic
2838 5432 2892 5476 et
2922 5422 2971 5476 in
2999 5421 3216 5479 Christo
3246 5442 3432 5481 omnes
3463 5427 3827 5486 viviﬁcabun-

2234 5520 2318 5565 tur
2340 5511 2395 5579 (Ι
2426 5511 2542 5565 Cor.
2572 5528 2658 5577 xv,
2683 5511 2789 5583 23)
2816 5530 2827 5565 :
2859 5514 2960 5569 hoc
2986 5513 3171 5571 videns
3198 5517 3461 5588 Propheta
3486 5520 3592 5586 ait,
3622 5519 3748 5576 Non
3775 5524 3834 5578 in

2233 5611 2477 5657 a'ternnm
2509 5602 2747 5657 irascaris
2775 5605 2917 5659 nobis
2940 5648 2955 5673 ,
2989 5605 3066 5659 vel
3091 5609 3331 5663 extendas
3358 5609 3487 5663 iram
3512 5620 3651 5666 tuam
3675 5629 3709 5665 a
3728 5631 3834 5683 ge-

2296 5759 2311 5788 ι
2346 5759 2545 5866 Optime
2590 5766 2714 5807 uotm
2737 5765 2843 5808 Mss.
2866 5769 2977 5825 Reg.
3006 5764 3163 5823 (ξυνὴ,
3191 5773 3307 5824 ete.,
3332 5771 3375 5814 et
3400 5764 3508 5813 ideo
3531 5778 3612 5813 nos
3642 5764 3833 5821 εἰώθει

2298 5822 2314 5849 ⁸
2352 5832 2377 5865 Α
2404 5828 2529 5866 tuuot
2709 5829 2844 5866 Dens.

2298 5822 2314 5849 '
2352 5822 2529 5883 Alltllltll
2558 5828 2684 5882 Mss,
2709 5829 2844 5876 Deus.
