4084 6474
281 403 422 463 10ῗὸ

280 516 539 572 «ratione
562 512 615 569 in
645 513 1031 587 generationem.
1063 511 1183 568 Fuit
1214 513 1377 583 prima
1410 511 1682 583 generatio
1710 524 1852 565 mor-

277 607 401 663 taiis
428 606 498 662 de
539 606 615 660 ira
645 617 762 671 tua;
807 606 912 660 erit
946 605 1112 659 altera
1143 603 1415 675 generatio
1458 601 1773 659 immortalis
1799 599 1864 656 de

275 700 647 756 misericordia
678 710 784 754 tua.

342 793 402 848 8.
431 790 601 866 [eers.
638 790 719 864 7.]
747 790 881 860 Quid
923 791 1092 861 ergo?
1143 791 1243 846 hoc
1272 790 1362 845 tibi
1394 798 1447 844 tu
1478 789 1790 860 prmstitisti,
1830 804 1865 844 ο

274 883 439 941 homo
463 926 491 951 ι
527 893 585 939 ut
629 885 751 954 quia
789 899 1081 939 conversus
1118 899 1178 939 es
1222 884 1289 938 ad
1333 883 1534 949 Deum,
1582 883 1864 938 mercreris

273 974 701 1031 misericordiam
732 976 933 1045 ipsius;
964 976 1050 1045 qui
1080 983 1256 1029 autem
1286 974 1529 1029 conversi
1560 988 1666 1029 non
1697 982 1859 1040 sunt,

274 1083 379 1121 non
407 1078 533 1121 sunt
557 1067 734 1137 adepti
762 1067 1206 1133 misericordiam,
1231 1066 1327 1121 sed
1354 1067 1667 1121 invenerunt
1690 1067 1821 1120 iram
1838 1066 1864 1119 ?

272 1157 413 1225 Quid
438 1168 643 1226 autem,
673 1159 1168 1225 utconvertereris,
1202 1173 1403 1229 posses,
1424 1158 1522 1213 nisi
1556 1155 1863 1213 vocareris?

272 1248 464 1305 Nonne
504 1249 592 1305 ille
616 1250 705 1321 qui
734 1258 790 1306 te
818 1249 1028 1305 vocavit
1070 1265 1316 1306 aversum
1342 1292 1356 1315 ,
1392 1251 1502 1319 ipse
1532 1251 1779 1320 praestitit
1808 1257 1865 1303 ut

273 1341 664 1396 convertereris
680 1341 704 1395 ?
722 1341 836 1396 Noli
860 1341 953 1397 tibi
980 1357 1109 1412 ergo
1135 1357 1382 1413 arrogare
1413 1356 1513 1398 nec
1540 1342 1709 1412 ipsam
1732 1355 1862 1397 con-

272 1435 581 1489 versionem
608 1451 623 1497 ;
648 1435 770 1505 quia
798 1434 899 1489 nisi
932 1443 983 1490 te
1017 1434 1107 1489 ille
1138 1444 1347 1489 vocaret
1380 1433 1667 1504 fugientem
1692 1474 1707 1497 ,
1755 1448 1860 1487 non

272 1508 463 1594 posses
504 1526 765 1580 converti.
798 1526 1161 1595 Drepterea'et
1189 1525 1354 1595 ipsius
1376 1523 1740 1580 conversionis
1766 1523 1861 1580 be-

283 1617 534 1671 nelicium
566 1617 676 1671 Deo
704 1616 944 1674 tribuens
967 1616 1232 1687 Propheta
1253 1658 1267 1683 ,
1297 1615 1400 1671 hoc
1428 1625 1548 1671 orat
1570 1659 1585 1683 ,
1613 1626 1666 1671 et
1694 1616 1819 1671 dicit
1845 1634 1859 1672 :

272 1705 445 1774 Dens,
478 1718 531 1761 tu
560 1719 850 1764 convertens
893 1710 1167 1779 vivificabis
1202 1726 1312 1763 nos.
1342 1709 1410 1764 Et
1450 1725 1554 1765 non
1585 1708 1735 1779 quasi
1765 1723 1862 1765 nos

272 1798 373 1869 ipsi
404 1808 585 1853 nostra
612 1808 803 1870 sponte
830 1801 946 1856 sine
972 1800 1335 1856 misericordia
1374 1809 1459 1855 tua
1500 1802 1863 1856 convertimur

270 1889 338 1943 ad
368 1899 421 1944 te
440 1931 455 1953 .
486 1902 541 1946 et
571 1902 628 1945 tu
655 1892 945 1948 viviﬁcahis
975 1908 1071 1947 nos
1096 1911 1109 1948 :
1143 1893 1236 1948 sed
1255 1934 1270 1958 ,
1322 1902 1378 1947 tu
1415 1902 1703 1947 convertens
1738 1892 1862 1947 vivi-

270 1982 450 2050 [icabis
475 2001 604 2050 nos;
634 1994 690 2039 ut
719 2001 823 2040 non
866 1986 1040 2041 solum
1078 1985 1358 2040 viviﬁcatio
1380 1994 1585 2051 ,uostra
1610 2001 1638 2039 a
1667 1994 1719 2040 te
1743 1986 1812 2042 sit
1840 2028 1857 2055 ,

270 2072 366 2129 sed
393 2078 555 2130 etiam
589 2077 700 2147 ipsa
729 2078 1005 2134 conversio
1032 2086 1089 2133 ut
1115 2079 1462 2133 vivilicemur.
1494 2079 1631 2134 Deus
1663 2089 1717 2133 tu
1735 2097 1861 2135 con-

268 2180 467 2223 rrrtens
490 2170 762 2239 vioiﬁcabis
787 2188 915 2235 nos;
938 2181 984 2226 et
999 2172 1136 2242 piebs
1158 2182 1244 2226 tua
1270 2172 1521 2227 lambitur
1546 2174 1597 2227 in
1627 2182 1691 2227 te.
1716 2173 1852 2229 Malo

268 2277 370 2316 suo
401 2263 668 2317 lmtahitur
692 2267 743 2318 in
769 2279 859 2328 se;
892 2262 1031 2319 bono
1052 2279 1156 2319 suo
1184 2263 1449 2319 laetabitur
1475 2265 1525 2318 in
1552 2264 1862 2333 te.Quando

268 2355 416 2409 enim
446 2355 613 2409 voluit
638 2354 833 2410 habere
855 2355 1048 2426 gaudia
1076 2354 1145 2410 de
1173 2370 1261 2419 se,
1287 2355 1483 2410 invenit
1514 2355 1782 2425 planctum
1806 2355 1860 2410 in

269 2463 331 2504 se
356 2466 369 2502 :
400 2463 543 2503 nunc
568 2462 696 2503 vero
720 2448 842 2519 quia
862 2456 1030 2503 totum
1052 2446 1297 2517 gaudium
1326 2455 1564 2501 nostrum
1588 2447 1728 2502 Deus
1750 2454 1851 2512 est,

270 2540 358 2605 qui
388 2540 500 2593 vult
520 2554 744 2594 securus
766 2539 1025 2610 gaudere,
1044 2539 1095 2593 in
1125 2539 1216 2593 illo
1237 2538 1483 2610 gaudeat,
1508 2538 1599 2609 qui
1631 2554 1734 2593 non
1764 2552 1860 2609 po-

271 2642 377 2685 test
403 2634 595 2701 perire.
610 2632 749 2701 Quid
773 2632 914 2689 enim
932 2674 948 2701 ,
977 2631 1168 2688 fratres
1195 2633 1331 2700 mei,
1361 2632 1591 2703 gaudere
1612 2633 1775 2687 vultis
1806 2632 1859 2687 in

268 2726 532 2793 argento?
558 2725 663 2780 Aut
688 2734 968 2794 argentum
1013 2725 1182 2794 perit,
1213 2732 1303 2779 aut
1347 2732 1435 2788 tu;
1480 2733 1534 2779 et
1561 2738 1719 2778 nemo
1761 2723 1862 2779 scit

268 2816 395 2884 quid
427 2817 575 2885 prius
603 2833 617 2869 :
644 2824 1009 2872 verumtamen
1036 2815 1163 2871 illud
1187 2814 1549 2885 constat,quia
1579 2822 1860 2885 utrumque

270 2909 566 2976 periturum
615 2917 727 2973 est;
757 2908 883 2980 quid
932 2909 1113 2979 prius,
1161 2909 1421 2964 incertum
1454 2916 1553 2963 est.
1586 2906 1719 2962 Nam
1762 2921 1861 2963 nec

269 3001 433 3057 homo
461 3001 547 3057 hic
573 3010 747 3072 potest
774 3016 990 3056 manere
1018 3016 1263 3071 semper,
1300 3014 1401 3055 nec
1438 3007 1716 3069 argentum
1769 2998 1855 3054 hic

274 3102 452 3164 potest
494 3109 713 3149 manere
760 3104 1012 3165 semper;
1043 3094 1121 3149 sic
1162 3108 1350 3148 aurum
1377 3134 1392 3159 ,
1424 3093 1503 3149 sic
1551 3092 1748 3159 vestis,
1782 3093 1877 3149 sic.

270 3188 467 3241 domus
488 3228 505 3254 ,
547 3187 624 3242 sic
668 3187 888 3258 pecunia
910 3228 924 3251 ,
972 3187 1052 3241 sic
1081 3185 1184 3241 lata
1210 3186 1409 3257 prmdia
1427 3227 1442 3251 ,
1483 3185 1561 3241 sic
1589 3197 1858 3257 postremo

270 3278 355 3332 lux
391 3280 512 3333 ista.
541 3277 655 3333 Noli
682 3294 811 3350 ergo
840 3279 972 3334 velle
996 3277 1229 3349 gaudere
1270 3278 1321 3333 in
1370 3279 1523 3334 istis:
1552 3279 1645 3334 sed
1689 3279 1859 3350 gaude

270 3370 320 3423 in
352 3371 440 3424 illa
489 3370 608 3425 luce
635 3386 753 3440 quae
793 3386 900 3427 non
934 3370 1089 3427 habet
1137 3385 1425 3436 occasum;
1462 3370 1633 3441 gaude
1671 3370 1745 3426 in.
1768 3371 1858 3426 illa

269 3463 387 3518 lucc
412 3479 571 3533 quam
601 3478 705 3518 non
734 3464 984 3534 praecedit
1010 3464 1289 3521 hesternus
1309 3464 1560 3530 dies,nee
1586 3464 1850 3534 sequitur,

268 3555 559 3608 crastinus.
580 3554 719 3622 Quid
761 3564 843 3610 cst
888 3556 985 3609 ista
1026 3555 1152 3609 lux?
1183 3554 1291 3627 Ego
1323 3571 1463 3622 sum,
1514 3554 1723 3625 inquit,
1769 3554 1859 3611 lux

270 3646 447 3698 mundi
477 3643 671 3715 (Joau.
702 3662 789 3700 vin
811 3692 826 3710 ,
852 3644 976 3718 ιε).
1011 3645 1111 3713 Qui
1143 3646 1236 3700 tibi
1274 3645 1403 3700 dicit
1426 3687 1441 3712 ,
1472 3644 1580 3717 Ego
1618 3662 1728 3699 sum
1768 3645 1859 3702 lita:

271 3737 482 3801 mundi,
516 3746 669 3792 vocat
696 3746 746 3791 te
771 3736 836 3791 ad
881 3750 959 3791 se.
1004 3735 1136 3790 Cum
1165 3746 1317 3791 vocat
1340 3747 1389 3791 te
1414 3779 1428 3801 ,
1480 3738 1747 3792 convertit
1773 3748 1854 3803 te;

269 3841 392 3881 cum
420 3827 684 3881 convertit
705 3837 785 3895 te,
814 3836 966 3882 sanat
990 3836 1041 3882 te
1065 3844 1080 3892 ;
1110 3842 1231 3881 cum
1258 3827 1529 3882 sanaverit
1558 3836 1631 3894 te,
1656 3828 1858 3883 videbis

270 3932 646 3974 conversorem
672 3926 817 3974 tuum
838 3958 852 3984 ,
880 3918 965 3975 cui
992 3916 1206 3989 dicitur,
1244 3917 1305 3972 Et
1333 3918 1469 3989 plebs
1494 3927 1579 3973 tua
1605 3918 1859 3973 laetabitur

270 4011 321 4064 in
357 4021 425 4065 te.

340 4104 395 4159 9.
437 4100 605 4173 [rem
634 4102 686 4159 8.
713 4102 733 4177 ]
789 4104 1007 4159 Ostende
1046 4104 1188 4159 nobis
1210 4146 1225 4171 ,
1274 4102 1490 4160 Domine
1512 4145 1527 4171 ,
1576 4104 1859 4158 misericor-

270 4195 407 4249 diam
439 4205 596 4249 tuam.
630 4195 741 4251 lloc
769 4207 849 4252 est
878 4196 1018 4268 quod
1043 4197 1372 4253 cantavimus
1402 4198 1441 4262 ί,
1486 4206 1540 4251 ει
1576 4196 1686 4267 jam
1733 4195 1859 4252 hinc

268 4284 522 4339 diximus.
594 4284 813 4341 Ostende
888 4288 1071 4357 nobis,
1143 4289 1390 4353 Domine,
1459 4287 1857 4341 misericordiam

269 4388 447 4443 tuam;
482 4388 529 4432 et
549 4378 773 4434 salutare
797 4389 937 4434 tuum
964 4381 1029 4433 da
1051 4379 1192 4435 nobis
1214 4396 1232 4434 :
1258 4380 1479 4434 salutare
1503 4388 1641 4433 tuum
1661 4422 1674 4442 ,
1702 4378 1857 4434 Citri-

268 4480 411 4524 stum
445 4480 612 4524 tuum.
645 4469 793 4525 Felix
822 4481 904 4525 est
946 4472 1029 4525 cui
1074 4470 1307 4526 ostendit
1355 4471 1498 4525 Deus
1545 4471 1854 4526 misericor-

268 4559 413 4615 diam
438 4575 610 4615 suam.
646 4560 762 4631 ipse
804 4570 885 4617 est
926 4563 1015 4634 qui
1059 4562 1333 4633 superbire
1375 4578 1480 4616 non
1528 4569 1742 4632 poteSt,
1771 4562 1855 4617 cui

268 4650 411 4705 Deus
436 4651 669 4706 ostendit
698 4650 1117 4706 misericordiam
1145 4667 1317 4707 suam.
1345 4651 1687 4708 Ostendendo
1712 4652 1855 4707 enim

268 4743 344 4798 illi
378 4742 796 4798 miscricordiam
826 4760 977 4799 suam
1006 4787 1020 4812 ,
1043 4745 1328 4815 persuadet
1354 4746 1426 4800 illi
1455 4745 1575 4815 quia
1599 4744 1855 4815 quidquid

268 4834 392 4892 boni
422 4834 583 4889 habet
613 4836 726 4907 ipse
770 4836 931 4891 homo
957 4878 971 4900 ,
1019 4850 1125 4891 non
1169 4836 1328 4891 habet
1371 4837 1470 4891 nisi
1520 4837 1588 4890 ab
1633 4837 1726 4892 illo
1766 4837 1856 4907 qui

266 4942 429 4983 omne
458 4927 658 4983 bonum
685 4938 923 4983 nostrum
950 4936 1051 4983 est.
1077 4928 1288 4983 Etcum
1310 4927 1502 4983 viderit
1521 4926 1681 4982 homo
1704 4927 1858 4998 quid-

265 5019 389 5090 quid
423 5018 550 5074 boni
586 5020 743 5074 habet
776 5036 880 5075 non
909 5035 970 5076 se
998 5020 1192 5076 habere
1213 5036 1242 5074 a
1269 5035 1327 5076 se
1351 5061 1366 5085 ,
1398 5019 1491 5075 sed
1523 5037 1553 5075 a
1580 5020 1692 5075 Deo
1716 5033 1855 5085 suo;

264 5110 407 5165 videt
434 5111 559 5181 quia
590 5119 757 5166 totum
785 5111 927 5181 quod
952 5112 1004 5165 in
1038 5111 1127 5166 illo
1150 5110 1393 5165 laudatur
1420 5152 1435 5177 ,
1468 5111 1536 5165 de
1562 5110 1861 5166 misericor-

262 5201 346 5255 dia
380 5200 480 5256 Dei
503 5209 587 5256 est
608 5242 621 5261 .
652 5216 754 5255 non
785 5200 853 5256 de
882 5201 1088 5256 meritis
1132 5201 1295 5271 ipsius
1328 5218 1343 5256 :
1388 5209 1443 5256 et
1488 5199 1719 5255 videndo
1756 5201 1856 5256 ista

262 5309 367 5347 non
400 5293 681 5363 superbit,
713 5309 817 5346 non
858 5291 1217 5361 superbiendo
1260 5306 1365 5346 non
1404 5291 1680 5347 extollitur
1702 5333 1718 5359 ,
1747 5306 1855 5347 non

260 5397 317 5435 se
350 5381 664 5437 extollendo
707 5397 815 5436 non
853 5382 1034 5448 cadit,
1070 5398 1175 5437 non
1218 5381 1458 5437 cadendo
1493 5391 1640 5448 stat,
1666 5382 1857 5439 stando

264 5473 531 5539 iuhmret,
581 5471 895 5528 inluerendo
944 5481 1159 5537 manet,
1208 5471 1474 5527 manendo
1522 5473 1850 5542 perfruitur,

263 5570 316 5615 et
346 5561 559 5617 lattatur
584 5561 637 5615 in
670 5562 899 5617 Domino
922 5562 1028 5617 Deo
1056 5577 1173 5615 suo.
1210 5562 1377 5616 Erunt
1404 5562 1479 5617 illi
1508 5562 1715 5619 deliciae
1738 5564 1857 5635 ipse

264 5654 355 5724 qui
384 5653 513 5710 fecit
539 5654 725 5720 illum;
770 5665 825 5710 et
866 5654 1083 5709 delicias
1126 5654 1267 5725 ipsas
1312 5669 1471 5711 nemo
1520 5658 1849 5728 corrumpit,

266 5760 427 5807 nemo
454 5745 795 5818 interpellat,
827 5762 985 5802 nemo
1010 5746 1201 5801 aufert.
1234 5746 1366 5816 Quis
1396 5756 1582 5821 potens
1624 5749 1849 5811 minabi-

326 5882 342 5915 ⁸
379 5879 599 5933 Nonnulli
623 5888 747 5944 1155.,
767 5880 1074 5933 cantabimus.

1319 395 1714 457 ENARRATIO
1753 396 1816 451 IN
1856 394 2175 465 PSALMUM
2217 394 2502 453 LXXXIV.

3416 408 3442 460 ‘i
3454 409 3557 462 074

1981 518 2066 564 tur
2101 511 2357 567 auferre?
2400 515 2519 583 quis
2564 514 2767 570 vicinus
2808 516 3018 585 malus,
3064 519 3184 587 quis
3226 521 3398 589 latro,
3438 526 3557 593 quis

1976 599 2253 655 insidiatur
2275 602 2366 657 tibi
2390 604 2525 659 tollit
2547 604 2753 661 Deum?
2776 607 2841 662 Et
2868 615 3041 676 potest
3063 608 3153 663 tibi
3178 609 3369 667 tollere
3390 622 3556 669 totum

1975 693 2115 759 quod
2147 692 2383 761 possides
2434 710 2696 765 corpore,
2748 711 2855 752 non
2900 697 2993 753 tibi
3045 698 3182 756 tollit
3223 715 3346 758 eum
3396 720 3554 775 quem

1975 782 2219 851 possides
2248 786 2430 839 corde.
2460 785 2577 856 ipsa
2606 789 2622 819 ⁸
2672 797 2754 843 εει
2800 789 3163 846 misericordia
3190 832 3206 858 ,
3243 809 3402 865 quam
3450 796 3555 852 uti-

1974 888 2094 928 nam
2127 876 2262 930 Deus
2290 878 2546 941 ,osteudat
2589 880 2738 936 nobis
2762 922 2777 945 ,
2826 881 3046 938 Ostende
3080 886 3222 940 nobis
3242 930 3257 951 ,
3302 886 3516 945 Domine
3540 935 3554 956 ,

1973 966 2365 1021 misericordiam
2393 979 2573 1035 luant;
2606 982 2652 1025 et
2682 973 2905 1029 salutare
2922 984 3063 1029 tuum
3090 976 3157 1029 da
3181 976 3321 1033 nobis
3350 995 3369 1033 .'
3395 978 3554 1036 Chri-

1975 1067 2112 1113 stum
2141 1069 2286 1114 tuum
2317 1060 2381 1115 da
2412 1062 2567 1117 nobis
2596 1081 2609 1117 :
2655 1065 2705 1119 in
2756 1066 2847 1120 illo
2887 1075 2970 1122 εει
3005 1071 3148 1123 ειιίηι
3190 1071 3551 1132 misericordia

1974 1159 2083 1204 tua.
2119 1151 2363 1208 Dicamus
2394 1153 2468 1207 illi
2496 1163 2551 1209 et
2580 1170 2718 1208 nos:
2754 1156 2827 1209 Da
2872 1158 3026 1212 nobis
3066 1158 3334 1217 Christum
3383 1172 3529 1218 tuum

1970 1239 2087 1295 Jam
2117 1242 2330 1311 quidem
2360 1242 2507 1299 dedit
2535 1244 2689 1300 nobis
2714 1245 2984 1302 Christum
3014 1265 3168 1306 suum
3200 1269 3215 1306 :
3261 1253 3436 1311 adhuc
3478 1255 3551 1312 illi

1973 1341 2148 1388 t:unen
2175 1333 2414 1390 dicamus
2438 1376 2453 1401 ,
2485 1336 2558 1390 Da
2589 1338 2740 1393 nobis
2765 1336 3031 1394 Christum
3059 1350 3204 1398 tuum
3230 1361 3246 1410 ;
3273 1345 3394 1415 quia
3422 1346 3552 1401 dici-

1970 1440 2089 1479 mus
2116 1426 2188 1481 illi
2213 1468 2229 1493 ,
2258 1426 2454 1482 Panem
2480 1440 2706 1485 nostrum
2746 1434 3094 1503 quotidianum
3122 1436 3189 1490 da
3225 1439 3368 1493 nobis
3405 1440 3553 1496 hodie

1973 1516 1992 1588 (
2020 1517 2207 1576 Matth.
2241 1538 2289 1575 vt
2317 1562 2330 1587 ,
2358 1523 2418 1578 ll
2448 1523 2489 1591 ).
2522 1523 2591 1578 Et
2616 1525 2733 1595 quis
2761 1534 2844 1581 est
2874 1527 3024 1596 panis
3054 1538 3237 1585 noster
3258 1572 3274 1598 ,
3304 1532 3405 1587 nisi
3436 1534 3549 1603 ipse

1968 1609 2055 1677 qui
2083 1610 2216 1665 dixit
2242 1654 2257 1678 ,
2291 1611 2398 1684 Ego
2422 1630 2535 1668 sum
2564 1616 2711 1685 panis
2738 1617 2876 1672 vivus
2894 1660 2909 1687 ,
2953 1619 3039 1689 qui
3076 1620 3138 1673 de
3167 1622 3291 1677 caelo
3315 1623 3547 1679 descendi

1970 1699 2168 1771 (Jonn.
2212 1721 2297 1770 vI,
2340 1707 2399 1760 Al
2432 1706 2477 1777 )?
2515 1708 2760 1764 Dicamus
2803 1710 2873 1764 illi
2918 1728 2933 1767 :
2976 1711 3047 1766 Da
3088 1713 3242 1769 nobis
3275 1713 3547 1773 Christum

1969 1805 2137 1850 tuum.
2182 1796 2330 1852 Dedit
2370 1801 2509 1853 enim
2552 1800 2705 1855 nobis
2741 1802 3052 1871 Christum,
3093 1806 3185 1863 sed
3227 1807 3495 1865 hominem
3534 1832 3546 1867 :

1969 1903 2127 1958 quem
2159 1890 2311 1945 nobis
2329 1893 2349 1923 ²
2381 1892 2527 1947 dedit
2550 1893 2818 1951 hominem
2843 1938 2858 1960 ,
2882 1913 3001 1951 eum
3029 1899 3198 1968 ipsum
3227 1902 3379 1958 nobis
3399 1904 3550 1960 datu-

1967 1994 2057 2034 rus
2080 1990 2161 2035 est
2188 1982 2376 2037 Deum.
2411 1985 2728 2042 llominihus
2747 1989 2887 2043 enim
2918 1990 3188 2049 hominem
3216 1994 3399 2062 dedit;
3427 1998 3549 2068 quia

1969 2070 2126 2126 talem
2154 2071 2301 2127 illum
2341 2074 2489 2131 dedit
2534 2078 2836 2136 hominibus
2878 2083 3050 2152 qualis
3099 2095 3278 2155 posset
3323 2088 3440 2159 capi
3481 2091 3550 2146 ab

1969 2160 2313 2220 hominibus:
2348 2167 2515 2222 Deum
2544 2171 2685 2225 enim
2730 2172 3001 2229 Christum
3052 2177 3228 2234 nullus
3272 2178 3549 2237 hominum

1966 2269 2156 2324 capere
2188 2266 2411 2325 poterat.
2438 2260 2631 2317 Factus
2654 2272 2737 2318 est
2758 2265 3060 2323 hominibus
3086 2269 3247 2327 homo
3271 2314 3288 2338 ,
3318 2275 3550 2331 servavit

1966 2360 2025 2400 se
2056 2346 2222 2402 Deum
2246 2348 2370 2407 diis.
2396 2352 2473 2406 An
2502 2351 2636 2408 forte
2663 2366 2972 2426 arroganter
2992 2358 3099 2413 dixi
3122 2360 3144 2414 ?
3166 2361 3369 2419 Revera
3399 2380 3551 2421 arro-

1964 2446 2190 2507 ganter,
2235 2439 2337 2494 nisi
2377 2441 2490 2510 ipse
2534 2443 2798 2501 dixisset:
2842 2444 2955 2519 Ego
2983 2449 3125 2517 dixi,
3174 2450 3258 2505 Dii
3299 2455 3454 2521 estis,
3500 2464 3549 2511 et

1966 2529 2063 2596 ﬁlii
2102 2530 2344 2585 Allissimi
2378 2549 2551 2588 omnes
2595 2533 2796 2607 (Psal.
2838 2553 2997 2594 um
3023 2580 3038 2603 ,
3081 2542 3152 2607 6;
3192 2550 3241 2596 et
3271 2542 3427 2599 Joan.
3468 2562 3501 2601 ι
3529 2588 3545 2612 ,

1963 2621 2036 2677 34
2056 2622 2099 2692 ).
2126 2623 2208 2678 Ad
2236 2624 2403 2694 ipsam
2432 2626 2773 2697 adoptionem
2802 2644 3122 2687 renovantur
3148 2633 3189 2699 ³,
3241 2644 3298 2691 ιιι
3340 2635 3545 2693 el‘iicia-

1966 2728 2086 2767 mur
2115 2713 2208 2769 lilii
2241 2715 2355 2771 Dei.
2393 2716 2513 2773 Jam
2552 2718 2764 2811 quidem
2804 2734 2988 2777 sumus
3016 2764 3031 2790 ,
3074 2724 3167 2779 sed
3207 2740 3302 2795 per
3340 2728 3498 2784 fidem
3529 2748 3542 2782 :

1963 2819 2150 2862 sumus
2177 2806 2389 2877 quidem
2422 2809 2474 2863 in
2504 2824 2599 2880 spe
2626 2852 2649 2877 ,,
2674 2806 2908 2867 nondum
2951 2828 3134 2870 sumus
3177 2816 3229 2872 in
3274 2832 3353 2873 re.
3386 2836 3405 2871 ι
3437 2819 3545 2889 Spe

1962 2895 2106 2951 enim
2163 2896 2298 2952 salvi
2356 2897 2477 2954 facti
2534 2914 2754 2967 sumus,
2791 2920 2810 2955 ι
2865 2903 3005 2959 sicut
3058 2904 3185 2961 dicit
3232 2907 3539 2977 Apostolus.

1969 3010 1989 3043 ι
2021 2990 2156 3061 Spes
2198 3000 2373 3049 autem
2400 3010 2519 3064 qua:
2546 2994 2776 3064 videtur,
2802 3012 2905 3053 non
2933 3008 3015 3054 est
3044 3014 3168 3071 spes
3195 3017 3211 3053 :
3241 3002 3379 3072 quod
3402 3005 3543 3059 enim

1960 3083 2106 3140 videt
2151 3086 2306 3156 quis,
2353 3087 2477 3155 quid
2523 3090 2738 3158 sperat?
2765 3089 2819 3147 Si
2859 3100 3037 3147 autem
3073 3093 3214 3164 quod
3255 3110 3359 3149 non
3399 3096 3545 3151 vide-

1962 3190 2081 3230 mus
2154 3192 2475 3247 speramus,
2563 3196 2660 3251 per
2727 3181 3033 3251 patientiam
3106 3196 3480 3256 exspectamus
3516 3207 3535 3240 ο

1964 3264 2161 3339 (Rom.
2230 3284 2363 3333 vnt,
2424 3270 2533 3337 24,
2591 3272 2732 3340 25).
2794 3274 2931 3343 Quid
2991 3276 3155 3331 enimv
3201 3289 3545 3349 exspectamus

1963 3374 2053 3429 per
2090 3360 2421 3430 patientiam,
2482 3362 2583 3417 nisi
2623 3362 2805 3420 videre
2840 3366 2981 3436 quod
3020 3367 3329 3424 credimus?
3386 3370 3543 3427 Modo

1961 3450 2103 3505 enim
2133 3451 2401 3507 credimus
2437 3453 2577 3523 quod
2617 3472 2721 3510 non
2760 3456 3002 3513 videmus
3034 3477 3048 3513 :
3091 3461 3448 3529 permaneudo
3486 3463 3540 3517 in

1961 3556 2027 3597 eo
2055 3542 2194 3613 quod
2222 3543 2503 3599 credentes
2531 3560 2635 3600 non
2677 3547 2917 3603 videmus
2942 3591 2958 3617 ,
3000 3551 3327 3606 merebimur
3363 3551 3543 3609 videre

1962 3635 2102 3705 quod
2153 3635 2441 3691 credimus.
2484 3637 2770 3709 Propterea
2808 3640 3043 3698 Joannes
3080 3642 3132 3698 in
3173 3643 3410 3714 Epistula
3447 3661 3542 3699 sua

1960 3726 2087 3797 quid
2124 3726 2243 3782 ait?
2280 3726 2609 3784 Dilectissimi
2633 3773 2647 3797 ,
2692 3732 2787 3800 lilii
2823 3731 2922 3787 Dei
2958 3751 3130 3789 sumus
3154 3776 3169 3801 ,
3224 3745 3270 3790 et
3321 3739 3544 3793 nondum

1959 3824 2199 3892 apparuit
2235 3823 2357 3893 quid
2392 3824 2601 3878 erimus.
2649 3825 2777 3893 Quis
2815 3841 2920 3880 non
2960 3827 3187 3883 exsultet
3214 3870 3231 3894 ,
3285 3829 3329 3883 si
3368 3829 3544 3885 subito

1961 3914 2142 3969 nescio
2181 3915 2264 3969 cui
2307 3916 2661 3985 peregrinanti
2706 3927 2759 3971 et
2798 3918 3056 3987 ignoranti
3114 3934 3282 3989 genus
3342 3935 3540 3985 suum,

1961 4007 2177 4077 patienti
2203 4006 2431 4077 aliquam
2460 4016 2750 4078 egestatem
2784 4051 2799 4075 ,
2831 4018 2885 4063 et
2929 4009 2979 4063 in
3010 4025 3245 4065 (erumna
3275 4020 3329 4066 et
3360 4011 3542 4068 labore

1959 4098 2245 4154 constituto
2270 4098 2538 4155 diceretur
2564 4116 2579 4154 :
2622 4100 2783 4155 Filius
2812 4103 3073 4157 senatoris
3100 4118 3159 4157 es
3186 4119 3200 4168 ;
3243 4112 3391 4173 pater
3421 4112 3557 4157 tuus.

1959 4190 2136 4261 amplo
2162 4191 2482 4260 patrimonio
2508 4190 2704 4260 gaudet
2731 4192 2782 4244 in
2810 4207 2868 4246 re
2889 4203 3065 4247 vestra
3090 4209 3105 4259 ;
3146 4206 3340 4249 revoco
3380 4203 3430 4249 te
3473 4194 3541 4247 ad

1960 4292 2165 4352 patrem
2198 4284 2392 4337 tuum?
2430 4283 2570 4352 quali
2608 4282 2801 4353 gaudio
2838 4285 3127 4340 exsultaret
3153 4326 3169 4351 ,
3209 4268 3394 4341 sithoc
3434 4302 3539 4339 nou

1961 4373 2117 4429 fallax
2148 4376 2442 4447 promissor
2468 4374 2718 4430 diceret?
2748 4374 2905 4429 Venit
2932 4390 3060 4446 ergo
3083 4391 3193 4431 non
3226 4375 3383 4431 fallax
3412 4391 3542 4447 apu-

1959 4467 2127 4521 stolus
2152 4468 2389 4534 Christi,
2421 4477 2475 4524 et
2500 4470 2575 4523 ait
2602 4486 2614 4524 :
2643 4468 2779 4536 Quid
2806 4469 3053 4539 estquod
3081 4470 3149 4525 de
3172 4470 3327 4527 vobis
3348 4471 3538 4541 despe-

1960 4561 2131 4615 ratis?
2156 4560 2282 4629 quid
2308 4571 2390 4617 est
2416 4562 2558 4632 quod
2585 4577 2681 4618 vos
2710 4560 2942 4633 afﬂigitis
2962 4604 2975 4626 ,
3005 4571 3059 4617 et
3096 4578 3327 4619 mmrore
3358 4576 3537 4619 conte-

1959 4654 2075 4708 ritis
2094 4655 2117 4708 ?
2142 4653 2266 4724 quid
2296 4655 2532 4726 estquod
2549 4656 3013 4725 concupiscentias,
3026 4665 3228 4712 vestras
3244 4658 3537 4728 sequendo,

1962 4746 2013 4799 in
2044 4753 2280 4815 egestate
2306 4745 2523 4801 istarum
2550 4746 2879 4816 voluptatum
2906 4748 3113 4802 conteri
3138 4748 3339 4802 vultis?
3370 4748 3538 4804 llabcc

1962 4838 2030 4892 tis
2055 4846 2291 4907 patrem,
2333 4836 2538 4892 habetis
2584 4839 2807 4907 patriam
2833 4880 2849 4902 ,
2894 4837 3115 4894 habetis
3138 4840 3535 4909 patrimonium.

1960 4928 2088 4996 Quis
2115 4938 2196 4984 est
2223 4928 2325 4984 iste
2345 4929 2542 5000 pater?
2577 4930 2963 4987 «.Dilectissimi
2986 4972 3011 4997 ι
3032 4931 3121 4985 lilii
3154 4931 3249 4989 Dei,
3276 4947 3460 4986 sumus
3514 4954 3551 4985 ι,

1959 5022 2135 5086 Quare
2158 5036 2288 5091 ergo
2313 5018 2551 5075 nondum
2577 5021 2815 5076 videmus:
2852 5033 3054 5091 patrem
3096 5032 3335 5078 nostrum
3359 5022 3381 5074 ?
3406 5024 3537 5089 Quin

1967 5129 1987 5163 ι
2021 5111 2252 5165 nondum
2293 5111 2545 5181 apparuit
2582 5110 2707 5179 quid
2743 5112 2963 5171 erimus.
2998 5131 3018 5165 ι
3047 5112 3165 5167 Jam
3190 5128 3373 5165 sumus
3399 5153 3412 5176 ,
3445 5115 3537 5165 sed

1962 5201 2012 5255 in
2040 5217 2133 5272 spe
2162 5219 2178 5257 :
2220 5217 2338 5257 nam
2380 5201 2565 5272 cquid
2582 5201 2781 5258 erimus
2805 5243 2820 5267 ,
2849 5202 3081 5258 nondum
3108 5202 3369 5272 apparuit.
3408 5222 3427 5254 ι
3477 5204 3537 5257 lit

1959 5292 2084 5362 quid
2110 5294 2351 5347 erimus?
2384 5312 2404 5345 ι
2431 5292 2641 5348 Scimus
2665 5334 2679 5359 ,
2710 5310 2729 5344 ι
2765 5294 2972 5363 inquit,
3021 5312 3041 5344 ι
3070 5292 3189 5362 quia
3218 5307 3339 5347 cum
3371 5308 3530 5362 appa-

1959 5384 2123 5439 ruerit
2146 5424 2162 5449 ,
2208 5384 2409 5440 similes
2447 5384 2498 5440 ei
2526 5385 2727 5440 erimus
2749 5426 2765 5451 ,
2810 5386 3056 5453 quoniam
3086 5384 3383 5439 videbimus
3417 5403 3533 5442 eum

1958 5479 2112 5534 sicuti
2164 5487 2248 5533 est
2281 5498 2298 5531 ι
2355 5478 2414 5551 (1
2457 5479 2615 5534 Joan.
2665 5495 2760 5546 ιιι,
2802 5480 2903 5547 2).
2950 5479 3055 5534 Sed
3105 5479 3214 5536 hoc
3270 5480 3336 5537 de
3382 5482 3537 5536 Patre

1956 5571 2127 5635 dixit,
2158 5570 2227 5626 de
2244 5570 2382 5625 Filio
2401 5579 2575 5625 autem
2602 5571 2826 5625 Domino
2850 5569 2974 5623 Jesu
2995 5570 3207 5627 Christo
3232 5587 3336 5627 non
3357 5571 3445 5626 dis
3460 5573 3495 5626 it
3522 5590 3536 5625 :

2018 5753 2035 5784 ι
2070 5758 2160 5784 “cc
2220 5750 2239 5784 ὅ

2020 5758 2035 5784 ι
2229 5758 2238 5762 ν

2020 5817 2040 5846 ³
2390 5808 2596 5875 ιιεε.,ρι1ίὶ
2613 5822 2723 5875 eum
2747 5808 2881 5875 Edd,
2894 5822 3032 5875 quem
3048 5810 3260 5875 norimus
3272 5809 3421 5867 dedit,
3440 5817 3533 5857 etc.

2022 5878 2041 5911 ³
2074 5882 2139 5926 tta
2157 5871 2262 5925 titss.
2290 5881 2342 5925 At
2365 5872 2493 5922 add;
2526 5875 2593 5923 ad
2612 5871 2733 5923 hanc
2756 5871 3220 5939 ipsamadoptioncm
3245 5884 3531 5924 rerouznutr.
