4084 6474
496 404 632 464 1075

496 532 546 575 e:
566 520 701 580 forte
719 516 946 576 videndo
965 517 1176 575 Patrem
1197 559 1213 585 ,
1238 530 1344 571 non
1369 514 1561 571 Filium
1586 554 1603 581 ,
1626 514 1642 545 ‘
1669 510 1868 569 erimus
1889 506 2068 564 beati?

497 611 668 681 ipsum
696 609 817 666 audi
840 609 1147 666 Christum:
1194 608 1293 676 Qui
1319 623 1399 662 ms
1424 605 1547 659 vidit
1572 644 1589 671 ,
1620 602 1744 657 vidit
1769 610 1815 656 et
1838 600 2067 654 Patrem.

493 703 624 755 tium
652 701 791 756 enim
819 715 956 756 unus
979 700 1118 755 Deus
1146 698 1354 753 videtur
1378 738 1393 764 ,
1424 695 1659 750 Trinitas
1684 692 1893 748 videtur
1915 730 1939 758 ν
1964 689 2069 744 Pa-

493 802 575 846 ter
603 800 656 847 et
682 791 847 847 Filius
875 801 929 847 et
951 791 1176 861 Spiritus
1201 798 1435 843 sanctus.
1461 786 1597 843 Audi
1622 784 1923 856 expressius
1948 781 2071 851 quia

493 883 660 950 iprius
688 882 807 937 Filii
840 882 970 936 visio
1000 881 1196 935 tribuet
1228 879 1379 934 nobis
1411 876 1788 933 beatitudinem
1813 916 1829 941 ,
1858 882 1910 931 et
1941 873 2070 928 nihil

494 975 714 1029 interest
746 975 884 1028 inter
911 973 1165 1027 visionem
1194 972 1359 1042 ipsius
1381 980 1434 1027 et
1456 970 1720 1025 visionem
1742 968 1931 1023 Patris.
1955 966 2075 1035 ipse

493 1066 566 1119 ait
594 1065 646 1119 in
674 1064 964 1134 Evangelia
990 1082 1003 1118 :
1037 1063 1137 1130 Qui
1164 1062 1327 1135 diligit
1347 1078 1426 1116 me
1447 1103 1462 1127 ,
1502 1060 1743 1125 mandata
1769 1074 1880 1113 mea
1904 1066 2074 1112 custo-

493 1157 604 1222 dit,
636 1165 682 1210 et
727 1172 820 1227 ego
865 1156 1073 1226 diligant
1114 1154 1297 1221 illum,
1339 1161 1384 1208 et
1426 1152 1688 1207 ostendam
1727 1152 1974 1221 meipsum
1996 1149 2074 1203 illi

495 1250 512 1315 ί
537 1247 694 1303 Joan.
734 1262 851 1313 xtv,
881 1247 935 1314 9,
981 1248 1041 1302 2i
1071 1245 1111 1318 ).
1161 1246 1498 1317 Loquebatur
1542 1245 1685 1311 illis,
1731 1252 1787 1300 et
1830 1243 2071 1309 dicebat,

496 1337 757 1392 ostendant
784 1338 1027 1408 msipsum
1052 1337 1144 1391 illi.
1180 1334 1400 1405 Quare?
1427 1334 1540 1390 Non
1563 1346 1677 1389 erat
1712 1335 1826 1404 ipse
1861 1334 1950 1403 qui
1990 1332 2074 1388 lo-

495 1430 803 1499 quebatur?
856 1428 962 1485 Sed
1008 1443 1221 1484 carnem
1274 1441 1401 1483 caro
1444 1426 1692 1492 videbat;
1745 1424 2073 1479 divinitatem

497 1535 592 1575 eor
616 1521 637 1552 ⁸
666 1535 772 1575 non
806 1519 1034 1575 videbat.
1068 1518 1149 1573 Ad
1176 1519 1276 1574 hoc
1303 1526 1479 1573 autem
1508 1532 1633 1572 caro
1661 1531 1877 1573 carnem
1905 1515 2073 1582 vidit,

498 1620 561 1665 ut
587 1626 680 1682 per
706 1610 862 1667 ﬁdem
890 1626 985 1667 eor
1007 1610 1352 1666 mandaretur
1374 1650 1391 1678 ,
1420 1609 1562 1665 unde
1604 1609 1744 1665 Deus
1783 1609 2072 1664 videretur.

497 1704 707 1759 Dictum
736 1712 820 1761 est
856 1704 997 1760 enim
1037 1705 1105 1760 de
1150 1704 1412 1771 Domino,
1457 1701 1589 1757 Fide
1629 1700 1878 1756 inundans
1922 1702 2076 1756 corda

498 1810 670 1850 eorum
697 1796 852 1867 (Act.
882 1812 974 1863 xv,
1002 1796 1078 1869 9)
1107 1814 1120 1851 :
1148 1804 1201 1852 et
1228 1795 1368 1850 dixit
1398 1794 1650 1850 Dominus
1674 1836 1689 1861 ,
1719 1793 1863 1849 Beati
1888 1793 2077 1847 mundo

496 1889 649 1944 corde
669 1930 686 1957 ,
711 1890 829 1960 quia
871 1890 969 1960 ipsi
1008 1887 1172 1943 Deum
1212 1888 1444 1944 uidebunt
1470 1886 1698 1961 (Matth.
1731 1902 1782 1953 v,
1813 1886 1913 1958 8).
1938 1887 2078 1957 Ergo

499 1979 656 2034 nobis
682 1978 927 2049 promisit
951 1979 1235 2035 ostendere
1260 1994 1320 2034 se
1344 1977 1515 2033 nobis.
1538 1977 1718 2045 Qualis
1745 1985 1826 2032 est
1856 1976 2079 2047 pulchri-

500 2072 628 2126 tudo
656 2072 771 2143 ejus
794 2114 810 2140 ,
842 2072 1031 2128 fratres
1055 2114 1069 2140 ,
1100 2073 1346 2144 cogitate.
1376 2071 1563 2127 Omnia
1592 2073 1691 2127 ista
1715 2071 1934 2141 pulchra
1958 2085 2077 2141 quae

497 2163 687 2220 videtis
710 2206 726 2233 ,
754 2180 872 2236 quae
892 2166 1081 2220 amatis
1101 2206 1116 2232 ,
1144 2165 1258 2236 ipse
1287 2162 1431 2219 fecit.
1454 2163 1509 2219 Si
1531 2162 1647 2218 haec
1671 2162 1892 2233 pulchra
1914 2171 2035 2216 sunt
2059 2203 2074 2226 ,

497 2255 625 2325 (μιῙὰ
653 2264 736 2312 est
760 2256 874 2326 ipse
893 2256 917 2310 i
939 2257 985 2312 si
1015 2256 1128 2311 haec
1151 2270 1339 2326 magna
1369 2262 1531 2321 sunt,
1559 2262 1787 2325 quantus
1816 2262 1896 2309 est
1922 2254 2036 2324 ipse
2054 2253 2080 2307 Ἰ

497 2346 642 2417 Ergo
666 2361 730 2402 ex
757 2346 872 2401 istis
898 2361 1018 2417 quae
1044 2346 1129 2403 hic
1148 2358 1387 2402 amamus
1406 2387 1424 2412 ,
1446 2346 1590 2401 illum
1616 2345 1783 2417 magis
1805 2344 2076 2401 desidere-

496 2451 652 2503 mus;
686 2446 741 2492 et
765 2444 1169 2493 contemnentes
1194 2438 1291 2492 ista
1317 2477 1333 2505 ,
1364 2438 1507 2492 illum
1538 2437 1857 2508 diligamus:
1890 2445 1947 2491 ut
1967 2437 2077 2506 ipsa

497 2527 784 2585 dilectione
809 2543 904 2600 per
939 2528 1096 2585 ﬁdem
1140 2542 1234 2585 cor
1272 2528 1588 2584 mandemus
1612 2570 1629 2594 ,
1673 2537 1727 2584 et
1768 2528 2077 2584 mundatum

500 2633 596 2674 eor
624 2629 864 2675 nostrum
895 2620 1130 2676 inveniat
1156 2628 1403 2691 aspectus
1429 2620 1585 2675 illius.
1618 2619 1731 2675 Lux
1766 2635 1885 2690 qua:
1925 2619 2079 2675 nobis

496 2709 808 2766 ostendetur
830 2753 846 2778 ,
878 2726 1040 2767 sanos
1069 2722 1165 2767 nos
1186 2710 1602 2785 debeginvenire
1628 2728 1642 2766 :
1666 2711 1768 2767 hoc
1794 2713 1900 2782 agit
1920 2711 2079 2766 modo

498 2801 656 2859 ﬁdes.
687 2802 799 2859 [loc
824 2818 952 2874 ergo
977 2802 1063 2858 hic
1086 2803 1335 2858 diximus.
1364 2801 1435 2856 Et
1458 2803 1678 2857 salutare
1711 2811 1853 2856 tuum
1890 2801 1957 2855 da
1982 2818 2077 2857 uo-

501 2896 577 2951 bis
604 2911 624 2952 :
647 2895 717 2952 da
746 2894 900 2953 nobis
927 2895 1198 2953 Christum
1238 2905 1384 2951 tuum
1409 2935 1424 2961 ,
1461 2895 1766 2951 noverimus
1805 2894 2075 2950 Christum

498 3003 648 3044 tuum
673 3031 688 3057 ,
718 2990 993 3046 videamus
1011 2990 1279 3045 Christum
1301 2999 1447 3045 tuum
1472 3006 1486 3053 ;
1509 3002 1613 3043 non
1637 2988 1904 3059 quomodo
1930 2988 2076 3043 illum

498 3082 744 3137 viderunt
770 3081 938 3137 Judtei
963 3123 977 3149 ,
1006 3095 1062 3138 et
1080 3080 1459 3137 cruciﬁxerunt
1481 3120 1495 3146 ,
1524 3079 1618 3135 sed
1638 3079 1907 3150 quomodo
1930 3079 2075 3134 illum

498 3173 682 3228 vident
711 3173 897 3243 Angeli
925 3215 940 3241 ,
969 3181 1023 3228 et
1051 3172 1302 3243 gaudent.

571 3266 660 3322 i0.
700 3264 872 3339 [verm
902 3264 1005 3338 9.]
1042 3264 1258 3318 Audiam
1283 3263 1405 3335 quid
1429 3264 1659 3334 loquetur
1685 3263 1739 3317 in
1778 3278 1855 3316 me
1896 3260 2077 3316 Domi-

499 3373 595 3412 uus
621 3354 777 3412 Deus.
812 3356 1075 3427 Propheta
1102 3355 1250 3412 dixit.
1276 3354 1611 3426 Loquebatur
1639 3354 1690 3408 in
1719 3353 1808 3407 illo
1829 3353 1969 3409 Deus
1994 3353 2078 3407 in-

502 3462 592 3507 tus
619 3494 633 3517 .
663 3460 722 3509 et
742 3450 971 3507 mundus
998 3449 1223 3506 faciebat
1247 3449 1319 3504 illi
1341 3448 1617 3519 strepitum
1641 3446 1787 3503 foris.
1808 3445 2079 3501 Cohibens

498 3556 631 3613 ergo
655 3543 980 3613 aliquantum
1012 3540 1079 3595 ab
1102 3540 1321 3611 strepitu
1341 3538 1521 3594 mundi
1547 3580 1562 3605 ,
1586 3544 1641 3593 et
1660 3545 1907 3593 avertens
1929 3550 1988 3592 se
2011 3535 2077 3590 ad

498 3650 559 3691 se
581 3676 596 3701 ,
627 3641 682 3690 et
707 3645 825 3690 a"se
854 3634 908 3688 in
939 3633 1085 3687 illum
1113 3631 1264 3702 cujus
1302 3645 1486 3686 vocem
1533 3628 1779 3684 audiebat
1814 3626 2076 3692 interius;

498 3725 650 3795 quasi
672 3724 928 3781 obturans
946 3738 1127 3778 aurem
1148 3729 1331 3778 contra
1355 3721 1758 3776 tumultuantem
1781 3719 1902 3773 vita:
1923 3717 2079 3787 hujus

500 3815 918 3887 inquietudinem
943 3856 959 3882 ,
987 3822 1042 3869 ct
1068 3822 1251 3869 contra
1280 3814 1511 3869 animam
1536 3825 1761 3881 corpore
1785 3809 1925 3880 quod
1952 3823 2078 3864 cor-

498 3908 762 3979 rumpitur
785 3918 1119 3979 aggravatam
1146 3950 1161 3975 ,
1184 3914 1236 3962 et
1263 3920 1478 3962 sensum
1506 3914 1716 3961 terrena
1742 3902 2079 3958 inhabitatin-

496 4013 568 4056 ne
612 3999 999 4070 deprimentem
1044 3999 1207 4053 multa
1247 3996 1563 4069 cogitantem
1602 3993 1777 4067 (Sap.
1813 4009 1868 4048 ix
1899 4034 1913 4057 ,
1942 3992 2010 4047 15
2034 3992 2074 4061 ),

497 4095 609 4158 ait,
655 4092 872 4147 Audiam
908 4090 1029 4164 quid
1063 4092 1283 4163 loquitur
1317 4092 1370 4144 iu
1417 4103 1495 4143 me
1535 4086 1784 4142 Dominus
1808 4084 1946 4140 Deus
1969 4099 1989 4138 :
2027 4092 2082 4139 et

496 4185 734 4253 audivit,
787 4183 958 4256 quid?
1006 4183 1254 4249 Quoniam
1298 4182 1527 4251 loquetur
1570 4195 1741 4252 pacem
1784 4179 1835 4231 in
1888 4174 2079 4246 plebem

496 4295 662 4334 suam.
695 4277 810 4332 Vox
831 4291 960 4347 ergo
988 4275 1223 4340 Christi,
1256 4290 1355 4329 vox
1390 4273 1480 4328 Dei
1512 4286 1613 4341 pax
1642 4281 1724 4327 est
1747 4310 1760 4333 ,
1791 4268 1856 4323 ad
1892 4262 2075 4338 pacem

497 4375 671 4425 vocat.
707 4368 801 4423 Eia
826 4410 841 4437 ,
872 4365 1039 4434 dicit,
1067 4366 1384 4437 quicumque
1411 4361 1645 4418 nondum
1677 4361 1804 4416 estis
1829 4360 1880 4414 in
1906 4374 2035 4428 pace
2059 4399 2073 4422 ,

496 4469 672 4517 amate
693 4475 873 4532 pacem
899 4476 913 4513 :
937 4459 1061 4531 quid
1081 4458 1225 4514 enim
1247 4454 1400 4511 vobis
1424 4452 1613 4509 melius
1637 4451 1705 4507 de
1731 4466 1817 4506 me
1839 4449 2079 4504 invenire

495 4553 719 4627 potestis
744 4568 900 4625 Quam
926 4551 1155 4623 pacem?
1183 4551 1290 4605 Pax
1317 4547 1442 4619 quid
1463 4558 1545 4603 est
1563 4547 1586 4601 Τ
1606 4545 1707 4602 Ubi
1734 4545 1932 4599 nullum
1963 4543 2077 4598 bel-

494 4646 606 4703 lum
638 4652 738 4702 est.
770 4642 907 4713 Quid
933 4654 1013 4699 est
1035 4685 1049 4709 ,
1083 4640 1172 4697 ubi
1202 4640 1403 4695 nullum
1429 4637 1624 4693 bellum
1651 4636 1773 4691 est?
1804 4635 1901 4690 Ubi
1936 4634 2076 4688 nulla

496 4746 584 4793 est
606 4735 996 4800 contradictio,
1028 4733 1117 4787 ubi
1164 4731 1296 4787 nihil
1331 4729 1567 4795 resistit,
1619 4727 1749 4782 nihil
1796 4725 2075 4780 adversum

495 4835 596 4882 est.
631 4825 815 4881 Videte
841 4825 885 4881 si
910 4824 1019 4894 jam
1051 4822 1121 4877 ibi
1148 4836 1374 4885 sumus;
1408 4819 1582 4875 videte
1608 4818 1653 4872 si
1690 4816 1799 4885 jam
1846 4829 1952 4869 non
1997 4823 2082 4870 est

494 4918 772 4975 conﬂictus
800 4930 921 4974 eum
947 4916 1158 4972 diabolo
1180 4955 1196 4982 ,
1220 4914 1399 4969 videte
1423 4913 1466 4967 si
1494 4928 1597 4966 non
1619 4924 1805 4965 omnes
1831 4909 1995 4964 sancti
2025 4917 2080 4964 ct

496 5012 688 5069 ﬁdeles
711 5026 832 5067 cum
860 5008 1098 5079 principe
1124 5005 1509 5063 daemoniorum
1537 5004 1818 5058 luctantur.
1842 5000 1911 5056 Et
1946 5015 2079 5071 quo-

494 5082 658 5158 modo
684 5117 807 5159 cum
832 5101 924 5157 illo
956 5100 1223 5154 luctantur
1245 5139 1260 5165 ,
1292 5110 1449 5167 quem
1478 5110 1582 5150 non
1606 5092 1831 5149 vident?
1855 5091 2079 5147 Luctan-

493 5204 580 5248 tur
627 5207 748 5247 cum
794 5186 1245 5259 concupiscentiis
1281 5185 1431 5253 suis,
1476 5183 1667 5254 quibus
1715 5180 1802 5236 ille
1843 5180 2077 5251 suggerit

495 5298 710 5362 peccata
733 5305 748 5342 :
772 5296 826 5344 et
849 5300 958 5342 non
981 5280 1363 5340 consentiendo
1387 5278 1524 5349 quod
1553 5276 1785 5347 suggerit
1803 5316 1818 5341 ,
1847 5274 1944 5329 etsi
1969 5289 2072 5330 non

494 5384 775 5438 vincuntur
796 5422 813 5448 ,
842 5387 1021 5434 tamen
1050 5383 1304 5447 pugnant.
1349 5370 1589 5428 Nondum
1638 5377 1721 5424 est
1765 5382 1895 5437 ergo
1931 5382 2031 5437 pax
2057 5410 2071 5434 ,

493 5473 579 5529 ubi
606 5485 781 5543 pugna
811 5478 912 5526 est.
943 5468 1050 5525 Aut
1073 5466 1194 5523 date
1222 5464 1354 5521 mihi
1380 5464 1648 5519 hominem
1679 5461 1766 5532 qui
1796 5459 1924 5515 nihil
1956 5470 2074 5515 ten-

492 5565 706 5621 tationis
734 5562 933 5635 patitur
959 5559 1012 5615 in
1041 5573 1203 5615 carne
1245 5568 1341 5614 sua
1368 5598 1382 5623 ,
1425 5565 1485 5611 ut
1522 5554 1690 5626 possit
1725 5551 1857 5607 mihi
1893 5550 2074 5605 dicere

493 5657 613 5728 quia
639 5655 749 5726 jam
778 5667 885 5723 pax
916 5660 1014 5707 est.
1043 5650 1182 5706 Nihil
1206 5648 1419 5722 quidem
1445 5643 1751 5703 tentationis
1779 5641 1914 5700 forte
1943 5641 2073 5712 pati-

554 5818 567 5845 ί
605 5812 804 5875 Optimae
826 5817 953 5862 nota:
973 5810 1111 5860 Cori).
1137 5818 1238 5873 Ms,
1258 5822 1351 5861 non
1372 5818 1564 5860 erimus.

551 5878 570 5907 ²
603 5882 660 5925 Er
702 5881 755 5927 et
775 5881 917 5939 νοω,
938 5885 1067 5925 caro.
1150 5876 1207 5922 Il.
1464 5892 1469 5897 ’

1692 394 1749 452 S.
1790 389 2153 452 AUGUSTINI
2195 388 2503 448 EPISCOPI

3616 396 3762 453 ιθτσ

2179 512 2262 559 tur
2286 506 2337 561 in
2368 506 2562 564 illicitis
2589 506 2947 578 voluptatibus
2970 549 2985 575 ,
3016 508 3201 564 saltem
3224 509 3588 581 suggestione-5
3616 513 3767 584 ipsas-

2177 599 2411 667 patitur:
2440 598 2523 654 rel
2551 599 2850 669 suggeritur
2876 599 2950 654 illi
2980 599 3121 668 quod
3151 603 3350 671 respuit
3375 644 3390 669 ,
3420 603 3503 658 vel
3528 603 3760 662 delectat

2178 691 2318 746 unde
2342 698 2630 747 contineat.
2657 692 2767 748 Sed
2785 708 2908 749 ecce
2929 693 3040 763 jam
3062 694 3191 748 nihil
3216 695 3448 751 delectat
3474 698 3714 753 illicitum
3741 717 3767 767 ;.

2177 781 2259 837 vel
2306 790 2494 838 contra
2536 782 2731 839 famem
2778 793 2834 839 et
2874 784 3016 839 sitim
3066 794 3262 855 pugnat
3306 787 3586 856 quotidie:
3641 791 3761 860 quis

2177 875 2318 929 enim
2339 874 2516 946 justus
2540 874 2664 931 hinc
2691 876 2939 932 alienus?
2960 877 3164 946 Pugnat
3183 894 3310 949 ergo
3333 878 3499 935 fames
3518 889 3574 936 et
3601 881 3717 937 sitis
3742 914 3762 950 ,

2176 975 2375 1035 pugnat
2402 976 2587 1023 contra
2612 980 2711 1022 nos
2736 966 2993 1023 lassitudo
3020 969 3197 1023 carnis
3220 1010 3238 1037 ,
3264 978 3463 1041 pugnat
3481 971 3764 1028 delectatio

2178 1057 2393 1128 somni,
2419 1067 2619 1131 pugnat
2644 1062 2940 1132 oppressio.
2976 1061 3207 1133 Vigilare
3240 1063 3523 1131 volumus;
3560 1065 3763 1122 dormi-

2180 1157 2354 1206 tamus
2396 1166 2413 1205 :
2455 1150 2696 1222 ieiunare
2744 1154 3032 1221 volumus;
3082 1156 3348 1211 esurimus
3388 1166 3445 1213 ct
3488 1158 3697 1215 sitimus
3745 1178 3759 1214 :

2179 1255 2323 1299 Stare
2340 1244 2620 1312 volumus;
2654 1245 3008 1318 defatigamur
3034 1266 3047 1302 :
3074 1249 3360 1319 quaerimus
3384 1250 3610 1318 sedere;
3641 1251 3685 1306 si
3709 1263 3767 1309 et

2178 1333 2283 1391 hoc
2306 1334 2398 1390 diu
2421 1334 2645 1392 Emimus
2666 1378 2682 1403 ,
2713 1337 3009 1393 deﬁcimus.
3037 1338 3302 1411 Quidquid
3337 1340 3491 1396 nobis
3514 1342 3761 1412 provide-

2179 1424 2347 1480 rimas
2366 1425 2433 1481 ad
2457 1425 2801 1484 refectionem
2820 1469 2836 1495 ,
2860 1429 2967 1485 illic
2986 1444 3174 1485 rursus
3193 1431 3491 1489 invenimus
3511 1432 3766 1491 defeetio-

2180 1532 2325 1573 nem.
2353 1515 2541 1575 Esuris
2566 1561 2581 1587 ,
2610 1520 2740 1577 dicit
2766 1522 2859 1577 tibi
2897 1522 3132 1593 aliquis?
3168 1525 3463 1595 respondes
3483 1565 3499 1592 ,
3545 1524 3760 1582 Esuriov

2180 1609 2340 1667 Ponit
2363 1620 2489 1667 ante
2518 1620 2569 1667 te
2597 1613 2772 1669 cibum
2796 1630 2811 1679 ;
2841 1614 2908 1670 ad
2941 1614 3285 1673 refectionem
3316 1627 3563 1689 posuerat
3589 1637 3602 1673 :
3635 1634 3762 1690 per-

2182 1713 2370 1755 severa
2399 1701 2453 1756 in
2480 1717 2546 1759 eo
2575 1703 2716 1775 quod
2744 1705 2956 1774 posuit;
2984 1716 3129 1762 certe
3152 1708 3376 1764 reﬁcere
3416 1719 3469 1765 te
3508 1712 3721 1767 volebas
3744 1752 3770 1776 ν

2183 1790 2287 1846 hoc
2312 1806 2409 1863 age
2433 1807 2685 1863 semper;
2712 1793 2816 1851 hoc
2842 1796 3046 1866 agendo
3067 1838 3084 1864 ,
3113 1797 3163 1852 in
3190 1814 3255 1853 eo
3282 1799 3423 1869 quod
3446 1799 3762 1867 adhibuerat;

2183 1881 2249 1936 ad
2278 1882 2623 1939 refectionem
2649 1924 2665 1952 ,
2691 1886 2759 1941 ibi
2790 1886 2997 1942 invenis
3019 1887 3406 1946 lassitudinem.
3435 1890 3649 1946 Multum
3674 1906 3763 1947 se-

2183 1974 2363 2031 dendo
2389 1976 2633 2047 fatigatus
2656 1993 2777 2041 eras
2800 1995 2815 2046 ;
2837 1980 3010 2050 surgis
3034 2022 3049 2045 ,
3075 1980 3459 2038 deambulando
3487 1983 3722 2039 reficeris
3746 2002 3760 2038 :

2183 2083 2467 2136 persevera
2498 2072 2550 2123 in
2580 2085 2647 2125 eo
2671 2087 2775 2141 quo
2803 2071 3040 2128 reficerls
3062 2114 3078 2140 ,
3125 2075 3348 2129 multum
3377 2074 3776 2131 deambulando

2182 2157 2435 2223 lasseris;
2469 2160 2655 2217 sedere
2681 2163 2873 2217 iterum
2911 2164 3125 2234 qu'eris.
3176 2165 3357 2220 inveni
3399 2166 3526 2221 mihi
3567 2167 3771 2237 aliquid

2183 2250 2323 2307 unde
2352 2260 2403 2307 te
2430 2252 2645 2309 reﬁcias
2668 2295 2682 2321 ,
2716 2254 2807 2309 ubi
2836 2268 2945 2311 non
2966 2297 2982 2323 ,
3016 2258 3059 2311 si
3082 2259 3511 2329 perseveraveris
3531 2300 3547 2325 ,
3575 2259 3764 2314 iterum

2181 2342 2419 2399 delicias.
2448 2343 2630 2412 Qualis
2655 2362 2784 2417 ergo
2808 2357 2890 2403 est
2932 2349 3031 2403 ista
3062 2364 3164 2418 pax
3188 2390 3203 2412 .
3243 2365 3399 2420 quam
3441 2349 3529 2405 hic
3571 2352 3765 2407 habent

2184 2435 2425 2493 homines
2452 2440 2611 2493 tantis
2636 2441 3003 2496 resistentibus
3036 2444 3292 2497 molestiis
3309 2484 3326 2510 ,
3361 2444 3773 2514 cupiditatibus,

2184 2528 2485 2601 indigentiis
2509 2572 2526 2597 ,
2554 2532 2998 2587 lassitudinihus?
3038 2533 3152 2588 Non
3191 2542 3274 2589 est
3315 2535 3415 2589 ista
3451 2550 3572 2590 vera
3600 2576 3614 2600 ,
3659 2551 3775 2591 non

2182 2632 2265 2678 est
2296 2623 2529 2693 perfecta
2566 2639 2689 2695 pax.
2731 2624 2860 2692 Qua:
2905 2625 3008 2680 erit
3046 2626 3277 2695 perfecta
3313 2627 3459 2697 pax?
3496 2645 3515 2680 ε
3546 2626 3773 2697 Oportet

2182 2714 2521 2784 corruptibile
2570 2716 2671 2770 hoc
2710 2715 2929 2771 induere
2970 2716 3419 2787 incorruptionem
3443 2758 3461 2783 ,
3514 2726 3567 2774 et
3619 2735 3767 2774 mor-

2183 2805 2288 2860 tale
2329 2805 2432 2861 hoc
2467 2804 2685 2861 induere
2725 2806 3175 2862 immortalitatem
3212 2825 3228 2862 :
3274 2817 3397 2863 tunc
3454 2808 3544 2864 ﬁet
3590 2824 3767 2865 sermo

2181 2897 2269 2966 qui
2317 2896 2543 2966 scriptus
2584 2905 2667 2952 est
2692 2937 2709 2964 ,
2757 2897 3019 2968 Absorpta
3059 2908 3143 2953 est
3184 2908 3329 2953 mors
3370 2897 3422 2953 in
3466 2899 3763 2953 victoriam.

2182 2986 2280 3043 Ubi
2327 2995 2445 3053 est,
2496 3003 2641 3043 mors
2665 3030 2681 3053 ,
2717 2989 2932 3045 aculeus
2959 2990 3120 3045 tuus?
3168 2990 3255 3046 ubi
3277 2998 3358 3046 est
3380 3032 3396 3057 ,
3420 3006 3563 3046 mors
3585 3032 3601 3057 ,
3632 3007 3764 3048 cnn-

2182 3080 2350 3134 tentio
2397 3088 2485 3135 tua
2521 3098 2541 3133 s
2594 3078 2799 3153 (lCor.
2842 3097 2938 3148 xv,
2978 3081 3229 3152 5555)?
3264 3081 3364 3137 Ubi
3406 3082 3547 3137 enim
3594 3082 3766 3139 adhuc

2181 3170 2542 3236 mortalitas‘,
2595 3171 2862 3242 quomodo
2915 3180 2999 3229 est
3050 3173 3205 3243 plena
3248 3173 3388 3243 pax?
3444 3174 3647 3229 Etenim
3697 3174 3767 3229 de

2181 3270 2357 3318 morte
2383 3261 2527 3317 venit
2555 3262 2810 3319 lassitudo
2835 3263 2934 3319 ista
2956 3305 2973 3331 ,
3003 3280 3161 3334 quam
3188 3264 3485 3320 invenimus
3513 3265 3565 3321 in
3587 3263 3764 3321 omni-

2181 3350 2283 3407 bus
2313 3352 2689 3409 refectionibus
2717 3354 2933 3409 nostris.
2964 3355 3041 3410 De
3064 3363 3236 3411 morte
3259 3365 3379 3419 est,
3407 3356 3531 3426 quia
3559 3371 3763 3427 corpus

2182 3446 2406 3502 mortale
2429 3455 2740 3516 portamus;
2763 3446 2907 3517 quod
2934 3447 3150 3517 quidem
3178 3457 3445 3503 mortuum
3472 3448 3603 3503 dicit
3622 3452 3746 3521 Apo

2184 3538 2354 3594 stolus
2382 3544 2437 3593 et
2459 3545 2583 3593 ante
2612 3538 2804 3593 animat
2831 3538 3209 3594 resolutionem
3241 3557 3256 3595 :
3297 3538 3491 3608 Corpus
3524 3540 3724 3609 quidem
3744 3581 3767 3607 ,

2184 3627 2391 3695 inquit,
2417 3636 2670 3681 mortuum
2693 3634 2767 3682 est
2787 3636 2991 3699 propter
3015 3638 3273 3698 peccatum
3294 3626 3474 3697 (Rom.
3498 3644 3589 3684 Vill
3612 3670 3627 3694 ,
3648 3629 3763 3699 10).

2182 3715 2314 3771 Nam
2344 3717 2389 3771 si
2419 3718 2846 3787 perseveraveris
2866 3720 2918 3772 in
2939 3733 3006 3773 eo
3028 3733 3135 3788 quo
3160 3727 3211 3773 te
3234 3718 3406 3775 reﬁcis
3430 3760 3447 3786 ,
3468 3718 3627 3774 etiam
3649 3734 3766 3775 mo-

2183 3810 2357 3864 rieris.
2391 3809 2683 3865 Persevera
2708 3811 2761 3864 in
2791 3810 3014 3866 multum
3042 3809 3445 3877 manducando;
3469 3810 3581 3881 ipsa
3602 3825 3690 3867 res
3714 3820 3777 3867 te

2184 3900 2511 3957 iuterﬁciet:
2570 3915 2852 3971 persevera
2901 3901 2955 3957 in
2997 3901 3218 3956 multum
3257 3900 3584 3972 jejunando;
3640 3902 3767 3957 inde

2184 3992 2469 4047 morieris:
2505 3991 2632 4048 sede
2660 4007 2873 4063 semper
2896 4032 2910 4057 ,
2959 4001 3018 4047 ut
3059 3992 3197 4047 nolis
3236 4006 3489 4062 surgere;
3521 3992 3766 4048 morieris

2184 4081 2307 4137 inde
2336 4100 2351 4136 :
2379 4082 2592 4141 ambula
2617 4096 2829 4151 semper
2852 4124 2865 4148 ,
2896 4090 2954 4138 ut
2984 4083 3123 4138 nolis
3162 4084 3478 4153 quiescere;
3522 4084 3771 4138 morieris

2186 4173 2309 4229 inde
2355 4191 2368 4227 :
2421 4172 2579 4243 vigila
2624 4186 2874 4242 semper,
2919 4181 2977 4227 ut
3020 4173 3159 4228 nolis
3207 4160 3476 4240 dormire;
3522 4172 3769 4227 morieris

2185 4262 2349 4318 inde:
2398 4262 2571 4317 dormi
2619 4277 2868 4332 semper,
2916 4271 2975 4316 ut
3026 4263 3165 4319 nolis
3213 4263 3467 4333 vigilare;
3522 4264 3766 4319 morieris

2184 4356 2326 4411 inde.
2372 4354 2596 4423 Quando
2642 4370 2770 4425 ergo
2812 4354 3062 4424 absorpta
3104 4353 3263 4411 fuerit
3309 4370 3455 4410 mors
3499 4354 3553 4411 in
3596 4356 3766 4409 victo~

2184 4450 2317 4505 riam
2343 4489 2359 4515 ,
2389 4464 2496 4504 non
2523 4457 2682 4505 erunt
2716 4449 2854 4512 ista;
2895 4458 2951 4505 et
2981 4450 3086 4505 erit
3124 4464 3226 4519 pax
3265 4449 3417 4519 plena
3455 4458 3510 4505 et
3546 4458 3765 4505 mterna.

2184 4542 2397 4596 Erimus
2420 4539 2473 4595 in
2500 4540 2729 4611 quadam
2752 4539 2968 4597 civitate
2998 4558 3012 4595 :
3043 4539 3234 4596 fratres
3257 4580 3272 4607 ,
3317 4539 3528 4611 quando
3570 4540 3637 4594 de
3677 4540 3767 4595 illa

2182 4633 2372 4704 loquor
2393 4674 2411 4701 ,
2442 4632 2593 4689 ﬁnire
2621 4633 2742 4687 nolo
2762 4673 2778 4698 ,
2806 4640 2862 4688 et
2886 4633 3113 4688 maxime
3137 4631 3349 4700 quando
3373 4629 3621 4686 scandala
3649 4645 3769 4684 ere-

2184 4724 2453 4779 brescunt.
2483 4724 2612 4791 Quis
2643 4738 2748 4777 non
2778 4722 3045 4778 desideret
3074 4722 3216 4776 illam
3241 4720 3507 4776 civitatem
3535 4722 3583 4785 ³,
3626 4719 3769 4777 unde

2182 4814 2386 4870 amicus
2414 4829 2518 4868 non
2547 4814 2693 4877 exit,
2716 4827 2824 4883 quo
2846 4812 3092 4867 inimicus
3118 4826 3223 4866 non
3253 4811 3415 4865 intrat
3438 4852 3453 4876 ,
3480 4809 3564 4865 ubi
3592 4809 3775 4864 nullus

2184 4913 2418 4960 tentatur
2445 4914 2527 4960 est
2548 4944 2564 4971 ,
2594 4903 2772 4959 nullus
2793 4903 3077 4959 seditiosus
3098 4942 3116 4968 ,
3144 4902 3317 4957 nullus
3342 4899 3584 4956 dividens
3605 4915 3773 4971 popu-

2185 4995 2295 5050 lum
2324 4995 2421 5052 Dei
2448 5036 2465 5062 ,
2496 4995 2670 5051 nullus
2698 4993 2920 5064 fatigans
2944 4992 3235 5047 Ecclesiam
3260 4992 3310 5044 in
3333 4990 3627 5045 ministerio
3652 4990 3769 5044 dia-

2183 5088 2289 5143 boli
2315 5103 2330 5153 ;
2365 5086 2574 5157 quando
2603 5087 2718 5155 ipse
2745 5084 2991 5154 princeps
3011 5082 3243 5151 ipsorum
3270 5080 3495 5135 mittitur
3516 5081 3567 5134 in
3594 5081 3771 5150 ignem

2183 5187 2443 5237 aeternum
2468 5220 2485 5245 ,
2512 5186 2567 5231 et
2592 5176 2642 5230 hi
2667 5190 2789 5230 eum
2820 5174 2912 5229 illo
2940 5172 3260 5242 quicumque
3285 5171 3359 5225 illi
3389 5172 3768 5236 consentiunt,

2183 5282 2237 5328 et
2265 5271 2516 5327 recedere
2544 5269 2612 5324 ab
2639 5282 2705 5321 eo
2734 5263 2963 5321 nolunt?
2993 5263 3105 5318 Erit
3143 5277 3271 5333 ergo
3318 5278 3418 5332 pax
3460 5271 3675 5333 purgata
3718 5262 3768 5316 in

2183 5365 2302 5419 ﬁliis
2324 5363 2439 5429 Dei,
2470 5360 2715 5417 omnibus
2741 5353 3037 5411 amantibus
3061 5369 3141 5419 se,
3172 5354 3472 5410 videntibus
3498 5367 3557 5407 se
3586 5352 3772 5422 plenos

2184 5457 2294 5512 Deo
2312 5468 2459 5522 ,cum
2480 5452 2582 5509 erit
2600 5453 2734 5506 Deus
2749 5448 2923 5504 omnia
2946 5449 2998 5502 in
3030 5447 3276 5501 omnibus
3300 5447 3319 5518 (
3344 5444 3495 5501 lCor.
3517 5459 3612 5517 xv,
3634 5444 3704 5498 28
3725 5443 3767 5514 ).

2182 5548 2472 5604 Commune
2490 5541 2844 5614 spectaculum
2872 5540 3183 5597 habebimus
3199 5540 3366 5595 Deum
3390 5554 3411 5603 ;.
3435 5551 3772 5594 communem

2248 5794 2261 5823 ι
2301 5789 2521 5850 Plerique
2538 5794 2825 5850 Mss.,mors_.
3020 5844 3031 5850 _
3052 5843 3063 5850 _
3138 5840 3148 5850 θ

2247 5856 2266 5885 ³
2298 5854 2371 5902 sic
2394 5839 2494 5900 tres
2516 5856 2619 5898 Mss.
2646 5839 2816 5897 thteri
2841 5858 2949 5894 cum
2972 5843 3106 5906 ωδ..
3130 5839 3267 5893 illam
3292 5849 3475 5906 pacm
