4048 6476
280 346 408 410 ίοπ

276 455 668 528 possessionem
710 451 1020 510 habebimus
1059 451 1267 515 Deum;
1302 462 1635 504 conununem
1673 460 1856 516 pacem

277 549 592 604 habebimus
623 545 808 601 Deum.
834 543 1096 614 Quidquid
1125 543 1264 597 enim
1291 549 1372 596 est
1398 535 1537 608 quod
1567 537 1719 591 nobis
1743 552 1860 590 mo-

277 640 346 694 do
374 637 504 702 dat,
537 637 654 706 ipse
679 636 832 690 nobis
859 634 962 689 erit
991 648 1087 704 pro
1115 631 1363 686 clunibus
1391 645 1508 698 qua:
1537 627 1627 681 dat
1657 646 1670 681 :
1701 625 1811 696 ipsa
1843 625 1861 658 ¹

275 729 378 784 erit
409 729 638 797 perfecta
669 735 724 780 et
747 725 902 796 piem
936 738 1057 796 pax.
1103 721 1247 778 Hatic
1291 721 1520 790 loquitur
1559 719 1612 773 in
1655 715 1863 788 plebem

277 833 470 882 suam;
507 819 646 872 hanc
689 815 900 870 volebat
943 811 1130 868 audire
1173 811 1260 866 ille
1303 811 1390 882 qui
1434 811 1506 864 ait
1538 827 1552 864 :
1587 827 1606 860 ι
1641 807 1864 864 Audiam

279 909 404 982 quid
451 911 696 980 loquetur
747 907 800 962 in
857 921 943 964 me
990 903 1245 960 Dominus
1288 901 1466 966 Deus;
1511 901 1758 972 quoniam
1786 899 1866 954 l0-

281 1013 476 1076 quetur
519 1017 706 1072 pacem
755 1001 808 1055 in
874 999 1079 1070 plebem
1129 992 1276 1051 Suam
1303 1039 1318 1060 ,
1359 1003 1410 1050 et
1456 1009 1616 1065 super
1657 1000 1868 1048 sanctos

281 1111 406 1152 suos
435 1138 452 1164 ,
511 1105 567 1152 et
623 1095 676 1150 in
725 1109 818 1149 eos
872 1093 961 1163 qui
1016 1099 1332 1146 convertunt
1375 1105 1469 1143 cor
1505 1087 1571 1142 ad
1616 1085 1809 1156 ipsum.
1843 1103 1863 1136 ι

285 1189 374 1246 Eia
399 1233 414 1254 ,
449 1188 640 1244 fratres
664 1229 678 1254 ,
701 1187 860 1241 vultis
882 1195 934 1240 ut
959 1185 1025 1238 ad
1047 1199 1140 1238 vos
1165 1182 1422 1252 pertineat
1447 1181 1545 1234 ista
1579 1195 1683 1250 pax
1712 1193 1869 1248 quam

285 1279 517 1352 loquitur
547 1279 726 1334 Deus?
743 1275 1050 1334 Convertite
1075 1289 1170 1329 cor
1194 1273 1257 1327 ad
1288 1273 1458 1342 ipsqu
1483 1289 1497 1336 ;
1525 1285 1631 1325 non
1654 1267 1716 1322 ad
1745 1283 1831 1322 me
1849 1308 1866 1333 ,

283 1383 372 1428 aut
397 1373 464 1428 ad
493 1371 642 1426 illum
665 1412 680 1438 ,
711 1379 801 1424 aut
825 1367 891 1422 ad
932 1379 1248 1438 quemquam
1301 1363 1589 1418 hominem.
1623 1357 1872 1430 Quisquis

284 1465 428 1522 enim
457 1463 620 1518 homo
648 1461 876 1516 voluerit
917 1467 1232 1515 convertere
1274 1457 1338 1510 ad
1388 1471 1447 1510 se
1491 1453 1652 1510 corda
1697 1451 1872 1507 homi-

285 1571 414 1612 num
437 1599 452 1622 ,
481 1555 622 1611 cadit
642 1569 762 1609 cum
789 1553 938 1622 ipsis.
965 1549 1100 1618 Quid
1123 1557 1206 1604 est
1236 1549 1424 1602 melius
1450 1589 1464 1613 ,
1487 1553 1546 1601 ut
1565 1543 1724 1600 cadas
1749 1559 1872 1599 cum

287 1649 380 1705 illo
406 1649 475 1703 ad
499 1661 658 1719 quem
676 1643 1008 1700 converteris
1033 1684 1047 1708 ,
1070 1657 1135 1696 an
1161 1651 1217 1694 ut
1241 1649 1348 1694 stes
1369 1653 1488 1693 cum
1513 1637 1604 1692 illo
1623 1651 1743 1694 cum
1770 1653 1874 1708 quo

285 1739 660 1798 converteris?
681 1737 944 1794 Gaudium
972 1743 1212 1790 nostrum
1239 1775 1253 1799 ,
1289 1747 1386 1803 pax
1415 1737 1594 1785 nostra
1621 1770 1636 1795 ,
1665 1729 1876 1798 requies

287 1841 511 1898 nostra,
569 1831 691 1884 ﬂuis
737 1825 976 1884 omnium
1023 1823 1425 1884 molestiarum,
1481 1837 1584 1874 non
1633 1829 1722 1874 est
1772 1817 1875 1874 nisi

288 1925 430 1978 Deus
461 1941 474 1977 :
507 1923 644 1976 beati
672 1921 756 1992 qui
783 1927 1076 1974 convertunt
1099 1933 1187 1970 cor
1215 1915 1283 1968 ad
1307 1915 1492 1984 ipsum.

359 2015 446 2069 Il.
473 2011 628 2088 [vers
659 2008 768 2082 10.]
805 2007 1150 2062 Verumtamen
1177 2021 1333 2077 prope
1357 2005 1579 2057 timentes
1599 2019 1714 2057 eum
1740 1999 1880 2054 salu-

285 2117 394 2160 tare
429 2105 613 2176 ipsius.
647 2103 812 2158 Erant
845 2099 1058 2170 quidam
1093 2099 1180 2168 qui
1217 2097 1326 2167 jam
1372 2093 1631 2149 timebant
1667 2107 1786 2146 eum
1823 2091 1874 2146 in

285 2208 446 2266 gente
484 2195 808 2254 Jt‘tdmorum.
849 2193 952 2247 Per
981 2204 1166 2246 omnes
1197 2197 1365 2242 terras
1396 2186 1588 2256 ubique
1615 2183 1750 2238 idola
1781 2197 1876 2237 co-

289 2293 570 2355 lebantur;
620 2287 879 2343 tlzemonia
929 2283 1276 2346 timebantur,
1326 2295 1428 2332 non
1477 2279 1618 2333 Deus
1649 2295 1663 2331 :
1697 2277 1748 2331 in
1793 2277 1878 2332 illa

285 2391 446 2456 gente
475 2380 762 2436 timebatur
795 2378 950 2432 Deus.
991 2373 1097 2432 Sed
1143 2383 1358 2443 propter
1391 2369 1514 2441 quid
1555 2369 1880 2423 timebatur?

289 2475 346 2530 In
377 2471 556 2531 Veteri
587 2473 928 2528 Testamento
955 2467 1260 2532 timebatur,
1295 2479 1359 2520 ue
1386 2463 1534 2518 daret
1567 2463 1683 2518 illos
1717 2463 1768 2515 in
1795 2477 1883 2514 ca-

290 2567 588 2638 ptivitatem
609 2607 622 2630 ,
655 2579 722 2618 ne
753 2563 964 2616 tolleret
993 2557 1094 2614 illis
1123 2565 1348 2618 terram,
1379 2569 1444 2607 ne
1467 2551 1726 2624 grandine
1754 2567 1882 2606 con-

294 2655 547 2714 tunderet
569 2657 704 2710 vites
732 2656 988 2724 ipsorum,
1015 2667 1084 2706 ne
1109 2649 1309 2704 faceret
1335 2647 1544 2701 steriles
1570 2660 1763 2698 uxores
1789 2659 1882 2697 eo-

293 2763 440 2810 rum,
485 2763 553 2803 ne
591 2747 824 2802 auferret
865 2743 932 2798 ab
971 2743 1050 2798 eis
1093 2741 1228 2796 illius
1276 2739 1530 2809 ipsorum.
1575 2736 1699 2790 llarc
1741 2735 1882 2789 enim
1934 2741 1936 2744 ’

291 2843 524 2898 carnalia
556 2839 812 2911 promissa
844 2837 934 2892 Dei
963 2833 1212 2890 tenebant
1237 2831 1410 2886 adhuc
1443 2843 1627 2899 parvas
1654 2827 1882 2892 animas,

291 2945 344 2989 et
373 2941 594 3004 propter
622 2929 738 2984 haec
764 2927 1046 2982 timebatur
1071 2925 1214 2980 Deus
1247 2941 1259 2975 :
1289 2919 1383 2977 sed
1413 2935 1575 2991 prope
1607 2919 1708 2972 illis
1736 2925 1848 2972 erat
1868 2957 1882 2982 ,

291 3027 382 3095 qui
409 3023 494 3078 vcl
527 3029 743 3093 prepter
765 3017 883 3074 lucc
917 3018 1092 3089 ipsum
1122 3013 1394 3070 timebant.
1425 3011 1644 3064 Terram
1677 3007 1888 3078 petebat

296 3117 541 3186 Daganus
571 3127 602 3167 a
633 3109 882 3172 diabolo:
922 3117 1116 3164 terram
1157 3105 1369 3176 petebat
1406 3101 1620 3158 Judzcus
1659 3115 1688 3153 a
1731 3099 1882 3153 Deo:

295 3221 458 3260 ιιιιιιῐιι
501 3201 617 3259 erat
651 3203 790 3274 quod
821 3199 1102 3272 petebant;
1132 3196 1224 3252 sed
1251 3210 1356 3249 non
1385 3207 1520 3248 unus
1549 3207 1576 3245 a
1609 3205 1715 3260 quo
1745 3197 1890 3261 pete-

295 3299 444 3352 bant.
483 3293 722 3350 Peteudo
753 3293 851 3346 istc
885 3290 1024 3361 quod
1063 3289 1304 3359 Paganus
1343 3283 1582 3356 petebat,
1615 3283 1887 3338 discerne-

299 3390 454 3443 batur
483 3397 660 3441 tamcn
689 3401 719 3439 a
751 3384 991 3453 Pagano,
1019 3379 1140 3452 quia
1168 3379 1235 3433 ab
1263 3378 1354 3433 illo
1395 3380 1489 3432 Ista
1525 3378 1768 3446 petebat,
1799 3373 1890 3444 qui

295 3482 478 3537 munia
509 3479 727 3535 fecerat.
757 3477 819 3532 Et
853 3491 1016 3546 prope
1043 3475 1145 3530 illis
1171 3483 1282 3528 erat
1315 3471 1484 3534 Deus,
1513 3469 1602 3540 qui
1633 3467 1891 3524 Gentibus

297 3573 455 3644 longe
482 3577 630 3634 erat;
663 3577 840 3623 tamen
873 3565 1108 3635 respexit
1131 3571 1187 3619 et
1215 3577 1309 3618 eos
1331 3562 1422 3632 qui
1453 3559 1607 3630 longe
1633 3567 1806 3623 erant,
1839 3565 1894 3612 et

299 3669 396 3720 eos
419 3665 509 3734 qui
539 3674 704 3732 prope
732 3665 905 3726 erant,
937 3658 1074 3712 sicut
1098 3653 1226 3710 dicit
1253 3651 1574 3722 Apostolus:
1607 3649 1670 3704 Et
1695 3649 1894 3704 veniens

301 3753 661 3826 erangelizavit
692 3767 862 3822 pacem
887 3748 1024 3802 vobis
1048 3746 1132 3817 qui
1159 3743 1311 3800 eratis
1339 3745 1487 3814 longe
1506 3785 1518 3804 ,
1546 3751 1590 3796 et
1621 3757 1796 3812 pacem
1817 3739 1896 3796 his

304 3849 387 3916 qui
419 3863 578 3916 prope
601 3843 812 3916 (Epiros.
841 3853 899 3908 ιι,
927 3839 1043 3910 1³7).
1069 3839 1214 3908 Quos
1244 3837 1373 3893 dixit
1401 3837 1490 3907 qui
1521 3845 1672 3890 emat
1695 3833 1896 3904 prope?

303 3935 522 3992 ludzros
543 3979 556 4002 ,
599 3935 720 4006 quia
761 3947 921 3987 utrum
959 3931 1126 3985 Deum
1159 3927 1424 3984 colebant.
1456 3926 1604 3994 Quos
1641 3925 1773 3979 dixit
1807 3923 1896 3993 qui

308 4038 462 4087 erant
487 4027 682 4098 longe?
705 4025 924 4092 Gentes,
951 4023 1072 4096 quia
1102 4021 1414 4078 dimiserant
1439 4033 1560 4074 eum
1583 4033 1614 4072 a
1641 4033 1745 4086 quo
1775 4015 1898 4070 facti

307 4131 495 4182 erant.
527 4129 582 4175 et
611 4117 856 4174 colebant
893 4117 978 4170 illa
1018 4129 1136 4186 quso
1176 4113 1274 4184 ipsi
1319 4112 1568 4167 fecerant.
1613 4109 1727 4163 Non
1757 4109 1898 4161 enim

311 4213 621 4282 regionibus
657 4213 814 4280 longe
847 4219 928 4265 est
966 4207 1190 4279 quisque
1217 4221 1246 4260 a
1285 4205 1427 4270 Deo,
1465 4202 1558 4256 sed
1601 4200 1899 4256 affectibus.

312 4313 476 4364 Amas
509 4307 706 4370 Deum,
750 4317 913 4374 prope
951 4315 1043 4368 es;
1072 4297 1230 4353 odisti
1267 4295 1469 4362 Deum,
1497 4293 1654 4363 longe
1677 4307 1756 4348 es.
1783 4290 1904 4348 Uno

312 4401 434 4456 loco
471 4408 656 4462 stans,
688 4403 742 4449 et
779 4407 945 4465 prope
972 4407 1058 4456 es,
1090 4399 1144 4446 et
1177 4389 1336 4459 longe
1371 4401 1448 4442 es.
1479 4385 1649 4455 Ergo,
1681 4381 1901 4449 fratres,

313 4493 556 4562 respexit
591 4489 692 4543 ista
733 4485 996 4556 Propheta
1041 4499 1055 4537 :
1091 4495 1392 4552 quanquam
1434 4476 1734 4548 generalem
1777 4474 1908 4526 vidit

315 4579 738 4639 misericordiam
767 4577 862 4634 Dei
892 4591 1054 4645 super
1081 4587 1296 4636 omnes;
1331 4579 1508 4622 tamen
1547 4564 1744 4635 aliquid
1781 4579 1906 4632 spe‘

315 4675 454 4728 ciale
488 4681 545 4728 et
589 4671 860 4742 proprium
891 4665 1023 4720 vidit
1057 4663 1109 4717 in
1145 4669 1302 4732 gente
1337 4659 1518 4714 Judzea
1539 4698 1554 4724 ,
1585 4665 1640 4711 et
1667 4655 1770 4719 ait,
1811 4653 1907 4708 Ve-

317 4773 616 4818 rumtamen.
647 4761 865 4814 Audiam
890 4757 1010 4828 quid
1035 4757 1259 4820 loquetur
1287 4752 1338 4804 in
1365 4766 1441 4802 me
1471 4749 1714 4801 Dominus
1741 4745 1910 4812 Deus;

316 4857 558 4928 quoniam
582 4855 812 4925 loquetur
831 4865 1002 4921 pacem
1023 4847 1072 4899 in
1096 4843 1286 4915 plebem
1306 4855 1450 4895 suam
1470 4855 1488 4892 :
1501 4847 1556 4892 ct
1577 4837 1726 4906 plebs
1747 4835 1913 4904 ipsius

323 4927 427 5004 non
455 4948 638 5005 Judaea
671 4945 781 4999 sola
808 4943 908 4998 erit
929 4984 943 5007 ,
973 4937 1067 4996 sed
1098 4937 1166 4992 de
1202 4934 1448 4990 etnnilms
1485 4929 1734 5002 gentibus
1757 4927 1912 4981 colli-

321 5055 475 5114 getur
495 5059 510 5108 ;
534 5043 652 5112 quia
675 5051 824 5107 super
847 5043 1044 5089 sanctos
1067 5045 1186 5084 suos
1207 5027 1434 5097 loquetur
1457 5039 1649 5093 pacem,
1681 5031 1726 5074 et
1751 5021 1804 5072 in
1829 5033 1914 5072 eos

321 5109 406 5202 qui
435 5109 725 5187 conuertunt
754 5143 842 5180 cor
865 5126 929 5178 ad
965 5125 1132 5192 ipsum
1150 5159 1164 5182 .
1197 5129 1250 5174 et
1277 5129 1464 5170 omnes
1487 5113 1576 5182 qui
1605 5109 1915 5167 conversari

325 5235 451 5290 sunt
477 5239 570 5278 cur
596 5221 662 5274 ad
703 5219 914 5288 ipsum’
943 5215 1012 5269 de
1049 5211 1193 5266 outui
1221 5207 1354 5264 orbe
1379 5214 1666 5261 terrarum.
1707 5197 1916 5254 Verum-

325 5330 492 5372 tamen
531 5331 690 5387 prope
726 5319 949 5366 uiuentes
982 5323 1096 5362 eum
1126 5305 1351 5359 salutare
1378 5299 1536 5370 ipsius
1555 5337 1568 5357 .
1599 5305 1652 5348 ut
1677 5293 1921 5347 inhabitet

329 5411 494 5482 gloria
519 5410 572 5462 in
601 5417 738 5463 terra
763 5413 932 5457 nostra
963 5419 980 5454 :
1009 5399 1060 5454 id
1087 5407 1189 5462 est,
1221 5397 1272 5450 in
1298 5409 1360 5449 ea
1391 5405 1528 5447 terra
1559 5391 1740 5459 inqua
1767 5395 1922 5440 natus

331 5477 446 5557 erat
473 5499 737 5570 Propheta
755 5535 773 5562 ,
801 5491 1056 5547 inhabitet
1087 5487 1254 5560 gloria
1283 5483 1487 5554 major;
1517 5481 1639 5552 quia
1668 5477 1790 5533 inde
1813 5489 1925 5531 cre-

396 5681 412 5712 ¹
447 5679 522 5726 sic
543 5683 651 5724 om.
678 5679 737 5722 At
759 5668 889 5728 ML,
913 5666 1037 5730 ipse.
1460 5719 1470 5729 ,

395 5743 416 5772 ί
448 5717 814 5801 iiiieiiiﬁio'iis‘si
831 5717 1076 5788 oritiitunt,
1101 5731 1146 5778 ct
1189 5737 1350 5778 autut-8
1387 5719 1471 5786 qui
1505 5717 1780 5772 conversari
1819 5717 1926 5765 sunt

333 5815 416 5854 τεῦ·
439 5802 504 5854 ad
529 5799 704 5866 ἱμέρθη.

1317 329 1714 393 ENARRATIO
1751 331 1818 388 lN
1857 331 2178 392 PSALMUM
2215 334 2500 398 LXXXIV.

3407 344 3545 404 1078

1970 446 2044 515 pit
2075 447 2346 516 prtedicari
2372 451 2386 480 ¹
2415 449 2676 506 Christus.
2708 451 2833 508 Inde
2863 452 3102 524 Apostoli
3125 497 3138 516 ,
3167 463 3218 510 et
3247 454 3368 510 illuc
3399 460 3546 526 prius

1969 537 2114 623 missi
2143 555 2154 592 :
2185 539 2304 594 inde
2330 540 2639 612 Prophetas,
2672 543 2742 598 ibi
2769 544 2940 613 primo
2969 545 3254 614 templum,
3281 545 3350 602 ibi
3379 549 3548 602 sacri-

1971 625 2224 682 licabatur
2253 631 2380 696 Deo,
2411 632 2480 688 ibi
2511 631 2856 703 Patriarehae,
2890 635 2959 692 ibi
2987 635 3100 705 ipse
3127 637 3288 692 etiam
3315 639 3457 694 venit
3482 639 3552 695 de

1970 718 2176 800 semine
2201 719 2449 790 Abralttn,
2479 721 2549 778 ibi
2578 725 2940 782 manifestatus
2965 737 3045 783 est
3073 725 3334 794 Christus,
3365 729 3432 784 ibi
3461 745 3548 800 ap-

1971 813 2144 880 paruit
2165 811 2410 868 Christus
2437 832 2450 868 :
2481 815 2604 872 inde
2631 819 2771 872 enim
2800 820 2949 890 virgo
2979 819 3139 876 Maria
3159 861 3174 887 ,
3201 837 3318 892 qua:
3347 813 3543 892 peperit

1971 902 2262 976 Christum.
2301 905 2374 959 lbi
2413 905 2700 962 ambulavit
2748 909 2968 980 pedibus
3007 912 3151 977 suis,
3188 913 3256 968 ibi
3294 913 3549 970 mirabilia

1973 994 2116 1050 fecit.
2149 995 2424 1051 Postremo
2457 1005 2657 1054 mtuum
2689 1001 2944 1056 honorem
2978 1002 3050 1055 illi
3079 1003 3222 1073 genti
3254 1003 3470 1072 detulit,
3500 1015 3554 1063 ut

1973 1103 2096 1144 cum
2124 1105 2244 1144 cum
2276 1087 2638 1162 interpellaret
2662 1093 2902 1162 qumdam
2933 1097 3121 1152 mulier
3145 1097 3444 1152 Chauatnra
3473 1114 3554 1153 sa.

1977 1179 2138 1234 lutcm
2165 1197 2410 1251 qurerens
2437 1182 2557 1238 lili:e
2585 1197 2694 1238 suae
2713 1225 2728 1252 ,
2755 1183 2945 1240 dixerit
2973 1187 3020 1242 ci
3051 1203 3064 1240 :
3099 1187 3217 1242 Non
3243 1205 3352 1242 sum
3378 1191 3558 1243 missus

1975 1271 2074 1362 nisi
2105 1271 2173 1326 att
2206 1289 2317 1328 ores
2353 1291 2466 1344 qua:
2506 1275 2760 1344 perierunt
2801 1277 2978 1331 domus
3017 1275 3176 1334 Israel
3206 1278 3430 1352 (Matth.
3465 1297 3554 1349 xv,

1973 1361 2086 1435 24).
2119 1362 2228 1419 lloc
2251 1381 2380 1436 ergo
2411 1365 2593 1421 videns
2621 1365 2901 1438 Propheta,
2925 1369 3034 1422 ait:
3069 1367 3416 1426 Verumtamen
3444 1387 3557 1440 pro-

1977 1473 2039 1546 pe
2077 1456 2300 1512 timentes
2335 1475 2450 1512 eum
2486 1458 2707 1516 salutare
2740 1459 2929 1530 ipsius,
2959 1470 3012 1513 ut
3041 1461 3284 1516 inhabitet
3319 1463 3482 1534 gloria
3511 1463 3559 1516 in

1979 1557 2110 1602 terra
2141 1559 2332 1606 nostra.

2051 1639 2118 1694 l9.
2158 1635 2310 1712 [rem
2335 1641 2354 1695 l
2375 1637 2444 1714 l.]
2467 1639 2818 1697 Misericordia
2837 1653 2884 1697 et
2903 1645 3083 1698 raritas
3103 1655 3426 1700 occurrerunt
3450 1647 3555 1700 sibi.

1980 1727 2189 1788 Veritas
2217 1730 2268 1784 in
2301 1740 2440 1787 terra
2471 1741 2650 1788 nostra
2679 1749 2744 1790 ex
2775 1750 2999 1806 persona
3033 1735 3334 1792 Judteorum
3355 1777 3370 1804 ,
3402 1739 3553 1792 mise-

1979 1819 2202 1876 ricordia
2227 1822 2437 1878 interra
2459 1823 2730 1880 Gentium.
2757 1823 2962 1882 Veritas
2988 1830 3126 1883 enim
3151 1828 3276 1882 ubi?
3300 1827 3396 1884 Ubi
3417 1839 3568 1884 erant

1979 1915 2186 1986 eloquia
2217 1915 2332 1972 Dei.
2365 1916 2726 1974 Misericordia
2765 1921 2886 1975 ubi?
2915 1921 2971 1975 in
3013 1922 3114 1974 illis
3142 1922 3230 1992 qui
3259 1921 3569 1976 dimiserant

1983 2003 2146 2059 Deum
2187 2021 2338 2062 suum
2359 2048 2374 2071 ,
2402 2018 2456 2064 et
2494 2019 2867 2066 converterant
2893 2026 2951 2066 se
2983 2009 3048 2066 ad
3091 2013 3370 2068 daamonia.
3405 2011 3569 2067 Num-

1981 2097 2104 2167 quid
2135 2107 2188 2153 et
2219 2099 2362 2168 ipsos
2391 2099 2672 2172 despexit?
2701 2103 2978 2172 Quomodo
3006 2103 3050 2157 si
3077 2104 3274 2162 diceret
3308 2123 3320 2159 :
3351 2105 3488 2160 Voca
3517 2115 3572 2160 et

1983 2189 2112 2244 istos
2151 2189 2305 2260 longe
2341 2190 2623 2263 fugitivos,
2653 2193 2743 2264 qui
2781 2195 3002 2250 multum
3030 2211 3057 2248 a
3090 2212 3173 2252 me
3204 2205 3566 2262 recesserunt;

1983 2295 2131 2344 voca,
2165 2281 2432 2338 inveniant
2461 2299 2545 2338 me
2573 2291 2898 2354 quzerentem
2928 2301 3004 2350 se,
3037 2287 3156 2358 quia
3189 2287 3286 2358 ipsi
3317 2287 3567 2343 nolebant

1983 2385 2223 2444 qua‘rcre
2257 2389 2360 2427 me.
2395 2375 2553 2444 Ergo,
2587 2373 2937 2430 Misericordia
2965 2385 3012 2429 et
3041 2377 3220 2430 veritas
3250 2389 3573 2432 occurrerunt

1985 2465 2118 2528 sibi;
2137 2465 2339 2534 justitia
2366 2476 2414 2520 et
2442 2483 2545 2536 pax
2573 2468 2816 2522 osculata:
2840 2475 2958 2522 sunt
2985 2485 3055 2522 se.
3084 2465 3189 2522 Fac
3211 2467 3492 2536 justitiam,
3518 2478 3572 2524 ct

1987 2553 2204 2609 habebis
2235 2570 2454 2624 pacem;
2489 2565 2544 2608 ut
2581 2557 2887 2612 esculentur
2923 2571 2981 2611 se
3016 2557 3218 2626 justitia
3259 2567 3312 2611 et
3353 2573 3472 2626 pax.
3515 2557 3570 2613 Si

1984 2638 2127 2692 enim
2173 2653 2277 2692 non
2323 2637 2582 2692 amaveris
2618 2637 2913 2710 justitiam,
2949 2653 3134 2711 pacem
3171 2653 3274 2695 non
3306 2639 3524 2696 habebis
3556 2659 3570 2690 :

1987 2737 2167 2783 amant
2193 2730 2334 2785 enim
2366 2745 2424 2784 se
2452 2731 2560 2785 duo
2589 2729 2710 2796 ista,
2734 2730 2937 2800 justitia
2965 2741 3018 2787 et
3045 2745 3166 2802 pax,
3193 2742 3246 2786 et
3271 2733 3575 2786 osculantur

1987 2837 2078 2886 se;
2105 2829 2164 2874 ut
2193 2821 2280 2891 qui
2308 2821 2492 2876 fecerit
2524 2819 2782 2892 justitiam
2803 2864 2817 2888 ,
2853 2823 3088 2877 inveniat
3120 2837 3300 2892 pacem
3329 2823 3574 2878 osculan-

1991 2921 2096 2966 tem
2133 2912 2409 2981 justitiam.
2447 2911 2570 2967 Dua:
2609 2915 2794 2968 amicae
2831 2923 2986 2980 sunt;
3021 2925 3072 2968 tu
3104 2915 3240 2969 forte
3269 2929 3426 2970 unam
3457 2919 3572 2979 vis,
3617 2917 3628 2924 “

1989 3013 2043 3058 et
2067 3003 2285 3056 alteram
2313 3019 2420 3057 non
2449 3003 2574 3058 facis
2603 3021 2616 3057 :
2645 3019 2802 3058 nemo
2825 3013 2906 3060 est
2929 3005 3069 3060 enim
3095 3007 3182 3076 qui
3210 3019 3310 3060 non
3343 3006 3452 3060 vult
3479 3021 3572 3076 pa-

1989 3111 2140 3160 cem;
2170 3095 2264 3150 sed
2291 3107 2395 3149 non
2425 3109 2614 3149 omnes
2641 3095 2822 3149 volunt
2846 3095 3054 3166 operari
3095 3095 3376 3164 justitiam.
3405 3095 3576 3150 Inter-

1991 3201 2117 3256 roga
2159 3199 2348 3242 omnes
2389 3187 2629 3240 homines
2661 3203 2675 3240 :
2713 3181 2803 3241 Vis
2843 3187 3066 3257 pacem?
3094 3183 3214 3243 Uno
3246 3203 3339 3242 ore
3370 3187 3461 3242 tibi
3491 3203 3577 3241 re-

1991 3278 2218 3350 spondet
2245 3287 2412 3334 totum
2446 3293 2614 3350 genus
2641 3279 2929 3334 humanum
2962 3297 2973 3332 :
3005 3280 3142 3349 Opto
3163 3323 3177 3346 ,
3204 3281 3392 3350 cupio,
3425 3281 3575 3346 volo,

1993 3383 2136 3425 amo.
2165 3371 2296 3424 Ama
2324 3379 2380 3426 et
2403 3371 2695 3440 justitiam;
2726 3371 2848 3441 quia
2873 3371 2992 3426 dua:
3017 3371 3201 3426 amica:
3229 3381 3352 3426 sunt
3375 3371 3580 3441 justitia

1993 3471 2048 3520 et
2067 3475 2204 3534 pax;
2227 3465 2355 3534 ipsa:
2382 3477 2441 3518 se
2465 3463 2806 3518 osculantur:
2831 3463 2876 3518 si
2898 3463 3120 3518 amicam
3150 3465 3290 3533 pacis
3312 3479 3414 3518 non
3435 3477 3581 3516 ama-

1995 3555 2157 3620 veris.
2185 3571 2291 3611 non
2323 3564 2373 3610 te
2401 3555 2597 3610 amabit
2627 3555 2738 3625 ipsa
2773 3569 2891 3624 pax,
2927 3569 3024 3610 nee
3053 3557 3230 3610 veniet
3256 3555 3320 3608 ad
3349 3565 3420 3610 te.
3443 3553 3580 3623 Quid

1997 3649 2138 3706 enim
2179 3663 2426 3720 magnum
2464 3657 2546 3702 est
2582 3645 2887 3702 desiderare
2931 3647 3152 3716 parem?
3191 3645 3372 3714 QInvis
3401 3645 3582 3705 malus

1998 3739 2266 3798 desiderat
2302 3753 2506 3812 pacem.
2537 3739 2682 3793 Bona
2710 3737 2852 3793 enim
2881 3753 2966 3792 res
2991 3747 3072 3792 est
3109 3754 3229 3808 pax.
3257 3737 3360 3792 Sed
3389 3735 3470 3792 fac
3493 3735 3582 3806 ju-

2001 3831 2229 3898 stitiam;
2259 3830 2378 3901 quia
2413 3830 2616 3900 justitia
2653 3839 2705 3884 et
2745 3843 2845 3899 pax
2884 3843 2944 3885 se
2980 3829 3311 3894 osculantur,
3343 3844 3446 3883 non
3475 3828 3584 3882 liti.-

2000 3931 2146 3994 gant.
2175 3921 2252 3976 'l'u
2278 3935 2442 3992 quare
2466 3921 2635 3991 litigas
2660 3935 2778 3975 cum
2803 3921 3043 3988 juStitia?
3075 3922 3208 3974 Ecce
3231 3921 3431 3989 justitia
3453 3919 3586 3974 dicit

2005 4015 2116 4077 tibi,
2147 4013 2222 4068 Nc
2248 4012 2468 4077 fureris;
2496 4021 2552 4066 et
2580 4027 2683 4065 non
2715 4011 2864 4064 audis
2892 4025 2908 4062 :
2937 4009 3013 4064 Ne
3039 4009 3338 4075 adulteros;
3370 4021 3474 4062 non
3507 4009 3586 4064 vis

2004 4105 2188 4160 audire
2211 4121 2224 4158 :
2247 4103 2361 4158 Non
2386 4103 2544 4158 facias
2570 4101 2720 4157 alteri
2741 4103 2880 4172 quod
2907 4111 2960 4157 tu
2989 4101 3094 4172 pati
3120 4116 3222 4154 non
3248 4099 3349 4162 vis,
3378 4115 3482 4154 non
3507 4099 3589 4154 di-

2004 4213 2095 4254 cas
2119 4193 2272 4252 alteri
2299 4195 2438 4266 quod
2467 4203 2523 4251 et
2551 4195 2642 4250 tibi
2664 4195 2766 4250 dici
2799 4211 2900 4249 non
2925 4197 3020 4249 vis.
3051 4193 3297 4249 Inimicus
3322 4209 3380 4248 cs
3405 4194 3590 4247 amica:

2009 4307 2162 4358 inme,
2187 4289 2318 4344 dicit
2343 4287 2434 4344 tibi
2465 4303 2594 4358 pax;
2625 4287 2751 4358 quid
2782 4301 2867 4342 me
2890 4285 3124 4356 qumris?
3153 4285 3336 4340 Amica
3365 4299 3480 4340 sum
3508 4285 3591 4352 ju-

2011 4385 2186 4450 stitim,
2213 4395 2599 4454 quemcumque
2629 4381 2879 4434 invenero
2908 4379 3176 4433 inimicum
3213 4378 3396 4431 amicze
3436 4391 3592 4441 mczr,

2013 4487 2116 4531 non
2147 4475 2212 4528 ad
2239 4474 2383 4528 illum
2413 4471 2630 4525 accedo.
2661 4469 2754 4524 Vis
2781 4485 2910 4540 ergo
2939 4469 3120 4524 venire
3145 4469 3208 4522 ad
3241 4467 3462 4537 pacem?
3493 4465 3596 4520 Fac

2007 4559 2432 4636 justitiadeco
2449 4561 2586 4614 alius
2609 4559 2841 4628 psalmus
2861 4557 2986 4612 dicit
3007 4558 3097 4612 tibi
3122 4576 3134 4612 :
3157 4556 3368 4610 Declina
3386 4571 3418 4608 a
3437 4555 3594 4620 malo,

2015 4669 2060 4713 et
2091 4661 2170 4730 [ac
2209 4656 2390 4709 bonum
2423 4653 2558 4724 (hoc
2589 4661 2671 4707 est
2699 4665 2878 4706 amare
2901 4651 3156 4720 justitiam
3172 4647 3230 4722 )2;
3262 4658 3316 4704 et
3343 4663 3462 4702 eum
3491 4649 3598 4717 jam

2016 4745 2366 4804 declinaveris
2393 4761 2422 4799 a
2453 4745 2614 4808 malo,
2643 4752 2692 4797 et
2721 4741 2910 4798 feceris
2939 4741 3170 4804 bonum,
3197 4753 3364 4810 autem
3390 4753 3597 4808 pacem,

2019 4853 2062 4897 et
2086 4861 2120 4912 p
2149 4853 2378 4909 rsequere
2403 4853 2512 4890 eam
2539 4835 2709 4904 (Psal.
2734 4847 2916 4896 χχχιιι,
2949 4833 3056 4902 15).
3081 4831 3196 4886 Jam
3221 4831 3361 4885 enim
3386 4845 3489 4883 non
3509 4829 3602 4882 ditt

2021 4931 2162 4989 illam
2188 4944 2394 5002 QIItDl'cS
2413 4969 2429 4996 ,
2457 4926 2579 4998 quia
2607 4935 2656 4982 et
2687 4923 2798 4994 ipsa
2827 4933 3067 4978 occurret
3097 4923 3225 4989 tibi,
3253 4931 3310 4976 ut
3335 4921 3603 4976 osculetur

2017 5023 2295 5094 justitiam.
2791 5069 2796 5074 _

2097 5115 2182 5170 l3.
2215 5111 2366 5185 [cers.
2399 5107 2510 5180 12.]
2551 5105 2742 5161 Veritas
2767 5105 2828 5159 de
2853 5115 2984 5159 terra
3007 5113 3118 5157 orta
3143 5112 3235 5169 est,
3257 5109 3302 5154 et
3319 5100 3520 5171 justitia
3548 5101 3613 5153 tle.

2024 5207 2146 5260 oculo
2191 5202 2466 5275 prospexit.
2507 5198 2705 5252 Veritas
2741 5197 2804 5250 de
2841 5207 2974 5250 terra
2999 5205 3110 5248 orta
3134 5197 3204 5248 est
3231 5207 3250 5245 :
3273 5191 3518 5246 Christus
3544 5193 3613 5246 de

2029 5297 2220 5353 femina
2252 5301 2408 5348 natus
2433 5299 2532 5345 est.
2569 5287 2762 5344 Veritas
2787 5291 2850 5341 de
2875 5297 3007 5340 terra
3027 5294 3150 5338 torta
3178 5293 3250 5338 est
3277 5297 3296 5337 .°
3321 5283 3488 5338 Filius
3521 5283 3611 5336 Dei

2027 5389 2096 5446 de
2119 5401 2281 5442 carne
2307 5381 2582 5454 prooessit.
2609 5379 2746 5448 Quid
2771 5387 2853 5434 est
2877 5375 3112 5432 veritas?
3141 5374 3306 5430 Filius
3333 5374 3446 5430 Dei.
3479 5375 3614 5441 Quid

2029 5489 2111 5536 est
2142 5475 2320 5532 terra?
2347 5473 2502 5529 Caro.
2535 5471 2803 5540 interroga
2845 5468 2984 5523 unde
3023 5477 3178 5522 natus
3216 5475 3300 5522 est
3335 5465 3580 5521 Christus
3601 5507 3614 5528 ,

2032 5581 2088 5627 et
2114 5567 2262 5624 vides
2285 5565 2410 5636 quia
2435 5565 2615 5618 ueritas
2641 5561 2704 5616 de
2730 5569 2864 5615 terra
2889 5570 3001 5613 orta
3025 5569 3118 5614 est.
3145 5558 3250 5615 Sed
3283 5559 3396 5614 lucc
3423 5557 3619 5612 veritas

2098 5705 2114 5735 ¹
2140 5703 2224 5816 sic
2246 5698 2460 5750 melioris
2481 5703 2607 5746 uota:
2633 5703 2735 5745 Mss.
2763 5691 2846 5744 Alii
2871 5696 3082 5758 quidam,
3097 5691 3392 5758 prophetmr'.
3414 5699 3470 5741 At
3486 5689 3642 5748 litlili,‘

2098 5778 2140 5816 τι·
2180 5776 2324 5814 utare.

2035 5776 2324 5830 prcratcare.
