4084 6468
439 348 577 404 1072)

433 484 551 534 UH!
582 475 695 520 orta
720 472 802 520 est
827 464 893 521 de
925 473 1085 529 terra,
1115 474 1231 522 erat
1256 474 1381 522 ante
1404 468 1623 530 terram,
1650 473 1705 520 et
1731 480 1828 537 per
1853 466 2020 536 ipsam

436 559 633 612 factum
672 568 755 613 est
791 558 986 616 ctelum
1027 569 1081 614 et
1109 568 1285 623 terra;
1324 557 1417 612 sed
1458 566 1514 611 ut
1546 556 1749 627 iustitia
1787 555 1855 613 de
1887 557 2026 612 coelo

432 652 799 721 prospiceret,
830 651 882 706 id
913 659 1025 716 est,
1056 659 1112 704 ut
1135 648 1551 720 justlﬁcarentur
1577 647 1821 703 homines
1846 647 2024 703 divina

428 742 621 811 gratia,
648 742 845 797 veritas
870 750 990 796 nata
1014 750 1097 795 est
1120 740 1187 795 de
1212 740 1373 794 Maria
1396 740 1617 811 virgine;
1646 748 1703 794 ut
1727 748 1907 810 posset
1928 754 2025 811 pro

429 835 536 889 illis
559 834 913 905 justiﬁcandis
937 834 1130 890 offerre
1152 834 1169 865 ⁸
1194 833 1535 900 sacriﬁcium,
1562 833 1880 889 sacriﬁcium
1907 847 2026 903 pas-

428 927 619 996 sionis,
649 928 960 983 sacriﬁcium
990 926 1184 980 erucis.
1212 926 1277 980 Et
1300 925 1440 981 unde
1464 926 1680 981 efferret
1702 926 2021 982 sacrificium

429 1035 525 1088 pro
556 1018 784 1089 peccatis
813 1017 1029 1083 nostris,
1056 1016 1157 1071 nisi
1179 1017 1517 1072 moreretur?
1540 1017 1683 1072 unde
1708 1026 1882 1073 autem
1908 1033 2025 1073 mo-

428 1121 656 1174 reretnr,
685 1110 784 1165 nisi
811 1126 841 1164 a
871 1111 1023 1165 nobis
1060 1113 1327 1181 acciperet
1354 1109 1441 1166 ubi
1472 1112 1805 1167 moreretur?
1832 1110 1886 1166 ld
1916 1121 2017 1178 est,

427 1204 525 1257 nisi
556 1220 586 1259 a
613 1202 768 1258 nobis
793 1211 1029 1258 sumeret
1055 1218 1269 1259 carnem
1297 1204 1597 1270 mortalem,
1620 1203 1862 1259 Christus
1887 1204 2020 1259 mori

428 1309 530 1347 non
568 1304 779 1364 posset;
806 1295 935 1366 quia
956 1294 1189 1350 Verbum
1231 1309 1336 1349 non
1366 1295 1609 1358 moritur,
1637 1294 1885 1350 divinitas
1913 1310 2019 1349 non

424 1386 683 1452 moritur,
712 1386 895 1441 Virtus
933 1395 987 1441 et
1021 1386 1288 1456 Sapientia
1334 1386 1427 1441 Dei
1466 1402 1569 1441 non
1600 1386 1841 1441 moritur.
1872 1385 2019 1454 Quo-

422 1477 584 1531 modo
612 1477 828 1533 offerret
853 1476 1169 1532 sacriﬁcium
1194 1476 1462 1532 victimam
1490 1477 1775 1532 salutarem
1795 1519 1811 1545 ,
1838 1477 1887 1531 si
1912 1492 2018 1533 non

422 1568 764 1624 moreretur?
790 1569 1057 1641 quomodo
1092 1578 1268 1624 autem
1307 1577 1640 1635 moreretur,
1672 1568 1772 1623 nisi
1801 1558 2031 1623 carnem.

425 1661 710 1719 indueret?
738 1663 1005 1734 quomodo
1031 1678 1249 1718 carnem
1287 1663 1564 1729 indueret,
1594 1663 1694 1717 nisi
1723 1663 1921 1717 veritas
1948 1662 2018 1719 de

424 1765 566 1809 terra
592 1756 859 1811 oriretur?
893 1753 1088 1810 Veritas
1114 1756 1176 1810 de
1204 1765 1336 1811 terra
1361 1766 1472 1811 orta
1505 1764 1611 1822 est,
1643 1765 1695 1811 et
1724 1756 1927 1826 justitia
1956 1756 2018 1810 de

424 1848 548 1901 creto
580 1848 856 1919 prospexit.

499 1943 585 1996 ii.
616 1941 906 1998 Possumus
936 1942 1060 1997 hinc
1087 1942 1266 1998 dicere
1294 1943 1517 1998 alterum
1546 1957 1780 1997 sensum.
1820 1940 2017 1997 Veritas

424 2033 488 2087 de
532 2041 664 2085 terra
703 2042 814 2086 orta
852 2042 925 2087 est
954 2049 971 2087 :
998 2032 1265 2089 confessio
1301 2033 1369 2089 ab
1406 2033 1641 2089 homine.
1675 2033 1846 2088 liorno
1874 2034 2013 2088 enim

424 2132 672 2190 peccator
696 2139 835 2181 eras.
864 2124 908 2181 Ο
937 2135 1074 2181 terra
1096 2168 1109 2191 ,
1142 2127 1229 2197 qui
1258 2126 1470 2197 quando
1501 2127 1761 2196 peccasti,
1789 2125 2013 2193 audisti,

422 2214 583 2269 Terra
613 2233 683 2284 es,
717 2226 763 2270 et
788 2217 839 2271 in
868 2229 1052 2273 terram
1082 2218 1177 2272 ibis
1207 2217 1356 2290 (Gen.
1390 2235 1467 2281 tu,
1502 2218 1613 2290 19),
1643 2221 1845 2274 oriatur
1868 2220 1937 2278 de
1965 2229 2015 2276 lc

423 2309 653 2377 veritas,
681 2319 741 2364 ut
779 2309 1028 2380 respiciat
1063 2310 1131 2366 de
1165 2311 1301 2367 caelo
1339 2310 1564 2382 justitia.
1597 2313 1877 2381 Quomodo
1904 2329 1933 2368 a
1964 2323 2016 2370 te

421 2400 593 2455 oritur
628 2400 825 2456 veritas
846 2442 859 2468 ,
889 2416 1009 2456 cum
1051 2408 1106 2455 tu
1144 2411 1391 2473 peccator
1426 2403 1499 2457 sis
1520 2444 1534 2469 ,
1567 2419 1687 2458 cum
1719 2413 1773 2457 tu
1805 2404 2014 2474 iniquus

419 2492 535 2548 sis?
559 2492 825 2549 Confitere
850 2502 1065 2565 peccata
1093 2501 1201 2562 tua,
1229 2502 1285 2550 et
1310 2495 1513 2550 orietur
1538 2494 1604 2549 de
1634 2505 1685 2550 te
1711 2496 1926 2551 veritas.
1954 2497 2012 2551 Si

419 2586 562 2640 enim
594 2601 715 2641 cum
742 2585 816 2641 sis
844 2585 1073 2656 iniquus,
1103 2585 1236 2641 dicis
1267 2595 1319 2642 te
1354 2586 1577 2657 justum,
1610 2586 1877 2658 quomodo
1904 2602 1932 2641 a
1962 2597 2014 2643 te

418 2679 617 2737 veritas
646 2678 915 2735 oriretur?
939 2679 993 2735 Si
1033 2688 1210 2734 autem
1253 2694 1372 2734 cum
1416 2680 1490 2734 sis
1525 2680 1769 2751 iniquus,
1796 2681 1930 2737 dicis
1962 2690 2013 2737 te

418 2770 694 2841 iniquum;
723 2771 903 2829 veritas
931 2771 993 2826 de
1019 2781 1152 2826 terra
1180 2782 1291 2827 orta
1330 2780 1421 2826 est.
1458 2771 1677 2828 Intende
1717 2772 1863 2827 illum
1902 2772 2011 2846 Pu-

416 2861 685 2918 blicanum
724 2862 881 2933 longe
915 2877 945 2916 a
975 2861 1243 2920 I‘barismo
1283 2862 1338 2919 in
1377 2864 1574 2933 templo
1613 2874 1851 2919 orantem
1874 2907 1888 2931 ,
1920 2865 2010 2936 qni

417 2969 592 3023 neque
620 2952 803 3009 oculos
828 2953 895 3009 ad
922 2955 1112 3010 coelum
1140 2953 1371 3013 audebat
1400 2954 1595 3019 levare,
1628 2955 1721 3010 sed
1748 2956 2012 3025 percutie-

418 3044 510 3097 bat
552 3052 736 3113 pectus
762 3058 937 3110 suum,
970 3043 1180 3111 dicens,
1213 3043 1453 3110 Domine,
1489 3046 1738 3117 prapitius
1758 3056 1860 3100 esto
1885 3047 2011 3101 mihi

418 3155 454 3207 ρ
471 3136 667 3191 'ccatori
692 3152 710 3191 :
735 3151 859 3192 ecce
884 3137 1073 3194 ueritas.
1092 3138 1154 3191 de
1179 3148 1309 3191 terra
1339 3146 1449 3192 orta
1472 3149 1565 3204 est,
1593 3139 1712 3209 quia
1740 3138 2009 3195 confessio

416 3236 757 3299 peccatorum
780 3228 848 3283 ab
872 3227 1087 3283 homine
1116 3230 1246 3283 facta
1277 3239 1379 3285 est.
1409 3228 1547 3298 Quid
1578 3245 1704 3301 ergo
1732 3232 2009 3301 sequitur?

416 3319 575 3373 Amen
604 3319 715 3376 dico
744 3319 877 3374 vobis
896 3362 911 3387 ,
941 3322 1059 3392 quia
1085 3321 1338 3375 descendit
1356 3323 1669 3393 justiﬁcatns
1702 3322 2009 3379 Pnblicanus

414 3411 503 3465 ille
528 3412 686 3482 magis
712 3428 861 3482 quam
890 3412 977 3466 ille
1003 3410 1297 3469 Phariswus
1320 3430 1338 3468 :
1359 3415 1476 3484 quia
1500 3418 1661 3469 omnis
1685 3417 1771 3487 qui
1794 3434 1846 3470 se
1869 3418 2010 3471 exal-

416 3510 522 3565 tat,
555 3501 901 3561 humiliabitur
917 3518 936 3567 ;
958 3512 1005 3561 et
1030 3504 1114 3574 qui
1136 3520 1187 3559 se
1216 3504 1446 3565 humiliat
1466 3547 1482 3571 ,
1511 3506 1813 3560 exn/labitur
1844 3506 2005 3579 (Luc.

414 3609 568 3659 xvtn,
598 3593 683 3659 15,
716 3593 826 3665 υ).
859 3593 985 3649 Orta
1009 3604 1080 3649 est
1108 3596 1288 3651 veritas
1312 3597 1375 3651 de
1402 3607 1553 3664 terra,
1589 3597 1640 3652 in
1670 3597 2008 3655 confessione

414 3694 788 3754 peccatorum;
816 3696 862 3741 et
877 3687 1079 3758 jnstitia
1101 3687 1162 3743 de
1183 3690 1307 3744 aeto
1333 3690 1607 3761 prospexit,
1638 3700 1695 3745 ut
1717 3690 2009 3747 descende-

413 3784 498 3831 ret
532 3775 849 3844 justiﬁeatus
888 3777 1205 3835 Publicanus
1240 3778 1330 3835 ille
1360 3782 1528 3851 magis
1555 3796 1713 3852 quam
1744 3781 1831 3837 ille
1860 3782 2007 3838 Pha-

412 3866 625 3923 risatus.
672 3865 804 3922 Nam
854 3876 911 3922 ut
955 3869 1210 3925 noveritis
1256 3870 1380 3941 quia
1422 3870 1618 3927 veritas
1662 3870 1894 3941 pertinet
1938 3872 2005 3928 ad

412 3955 801 4014 confessionem
829 3967 1187 4036 peccatorum,
1209 3959 1284 4015 ait
1303 3959 1535 4021 Joannes
1554 3952 1879 4031 evangelista
1904 3980 1918 4017 :
1943 3960 2005 4017 Si

413 4048 691 4107 dixerimus
714 4050 831 4121 quia
862 4060 1120 4121 peccatum
1148 4067 1250 4106 non
1277 4050 1543 4115 habemus,
1571 4069 1663 4108 nos
1690 4053 1827 4123 ipsos
1850 4052 2004 4107 sedu-

412 4139 594 4208 cimus,
626 4150 672 4194 et
696 4142 878 4196 veritas
907 4142 958 4196 in
988 4142 1129 4196 nobis
1156 4159 1255 4196 non
1280 4152 1371 4198 est.
1404 4142 1683 4212 Quomodo
1710 4158 1837 4214 ergo
1862 4144 2004 4199 veri-

412 4241 497 4287 tas
520 4232 588 4288 de
614 4241 753 4291 terra
779 4232 968 4297 oritur,
993 4242 1049 4288 ut
1072 4234 1274 4305 iustitia
1299 4234 1364 4289 de
1390 4236 1526 4290 coelo
1553 4236 1856 4305 prospiciat,
1880 4236 2001 4291 audi

410 4325 563 4381 illum
592 4334 901 4397 sequentem
931 4334 985 4381 et
1010 4326 1273 4385 dicentem
1302 4344 1316 4379 :
1350 4326 1411 4381 Si
1436 4327 1766 4396 conﬁteantur
1800 4335 2003 4398 peream

410 4425 619 4482 nostra,
646 4416 816 4486 ﬁdelis
840 4426 911 4474 est
937 4428 983 4472 et
1010 4418 1181 4490 justus
1201 4458 1215 4483 ,
1245 4427 1302 4474 ut
1326 4418 1544 4477 remittat
1583 4417 1724 4473 nobis
1763 4428 2000 4489 peccata,

398 4516 459 4561 .ct
488 4516 665 4579 purget
690 4524 781 4564 nos
812 4508 874 4562 ab
903 4510 1039 4563 omni
1064 4509 1325 4580 iniquitate
1350 4509 1407 4576 (l
1434 4508 1590 4566 Joan.
1624 4526 1659 4576 ι,
1690 4510 1744 4577 8,
1774 4510 1866 4584 9).
1906 4510 2002 4566 Ve-

409 4600 538 4654 ritas
562 4615 689 4672 ergo
713 4599 776 4659 de
800 4610 930 4654 terra
954 4610 1065 4654 orta
1088 4611 1178 4667 est,
1207 4612 1252 4655 et
1267 4601 1470 4673 justitia
1489 4602 1553 4655 de
1570 4604 1694 4657 ca'lo
1722 4604 1999 4674 prospexit.

314 4728 317 4731 ν
411 4697 543 4767 Qua:
555 4695 756 4770 justitia
780 4695 843 4750 de
861 4694 986 4750 caelo
1012 4695 1267 4766 prospexit
1284 4694 1600 4766 {Tanquam
1623 4696 1714 4751 Dei
1736 4696 1997 4752 dicentis:

410 4788 704 4844 Parcamus
732 4786 856 4843 huic
885 4786 1084 4843 homini
1105 4828 1121 4856 ,
1151 4787 1275 4859 quia
1308 4786 1423 4859 ipse
1452 4787 1551 4843 sibi
1590 4803 1696 4846 non
1725 4789 1997 4859 pepercit;

408 4879 770 4949 ignoscamus,
800 4878 919 4949 quia
952 4878 1064 4949 ipse
1092 4878 1349 4949 agnoscit.
1377 4876 1677 4939 Conversus
1702 4887 1782 4933 est
1806 4877 1873 4933 ad
1901 4894 2001 4948 pu-

411 4968 664 5025 niendum
705 4978 979 5040 peccatum
1019 4983 1207 5035 suum;
1239 4966 1520 5025 convertar
1547 4977 1603 5025 et
1637 4984 1737 5040 ego
1772 4969 1839 5024 ad
1876 4984 1998 5025 cum

410 5059 765 5116 liberandum.
821 5058 1017 5115 Veritas
1054 5059 1118 5115 de
1163 5068 1299 5115 terra
1335 5069 1446 5115 orta
1481 5069 1582 5127 est,
1620 5068 1667 5115 et
1698 5061 1904 5130 justitia
1937 5060 2002 5115 de

409 5156 535 5209 (telo
564 5154 841 5226 prospexit.

490 5246 575 5301 15.
605 5244 757 5319 [verm
782 5245 895 5321 45.]
923 5246 1124 5301 Etenim
1150 5245 1397 5301 Dominus
1424 5245 1563 5300 dabit
1603 5246 1921 5311 suavitatem,
1951 5254 2001 5299 et

413 5350 545 5392 terra
578 5347 752 5393 nostra
790 5338 930 5392 dabit
960 5339 1182 5409 fructum
1207 5355 1376 5397 suum.
1406 5337 1555 5393 Unus
1581 5351 1768 5393 versus
1796 5344 1994 5402 restat,

410 5439 536 5499 pcto
560 5430 677 5487 sine
700 5429 859 5485 taedio
886 5430 956 5486 sit
982 5429 1125 5501 quod
1150 5430 1387 5485 dicturus
1411 5443 1550 5483 sum.
1581 5428 1854 5487 Attendite
1882 5444 1998 5483 rem

413 5523 800 5585 necessariam,
853 5521 1042 5577 fratres
1083 5522 1223 5586 mei;
1251 5520 1537 5583 attendite,
1567 5519 1854 5589 percipite,
1902 5534 1994 5572 auo

413 5612 547 5667 ferte
572 5614 593 5644 ³
624 5612 894 5667 vobiscum
917 5653 932 5679 ,
958 5621 1012 5666 et
1039 5626 1143 5665 non
1174 5611 1243 5665 sit
1271 5611 1425 5665 inane
1466 5623 1647 5663 semen
1678 5608 1770 5662 Dei
1802 5609 1853 5662 in
1879 5623 1999 5663 cor-

479 5728 495 5757 ι
530 5732 605 5775 διο
624 5732 733 5775 uss.
754 5731 809 5774 At
830 5724 963 5786 Edd.,
986 5722 1169 5786 offerri.

476 5790 495 5817 ι
528 5787 663 5849 add,
686 5789 823 5851 ferte.
863 5783 1049 5849 Aliquot
1086 5792 1215 5845 Mss,
1254 5784 1437 5847 auferte
1466 5798 1483 5835 :
1509 5783 1712 5835 fortasse
1747 5796 1850 5846 pro,
1886 5795 1999 5835 con-

412 5850 548 5931 rem,

1676 348 1732 403 S.
1778 349 2039 406 ACCL’S’!
2056 351 2142 407 INI
2183 353 2485 412 EPISCOi‘f

3579 386 3716 442 ἰυὋ

2131 467 2287 527 dibus
2314 474 2523 530 vestris.
2564 475 2757 533 Veritas
2776 521 2790 547 ,
2845 481 3044 554 inquit,
3061 487 3123 542 de
3151 498 3285 547 terra
3314 499 3426 551 arta
3454 508 3555 564 est,
3587 517 3715 557 cnn~

2130 561 2291 619 fessio
2315 576 2650 635 peccatorum
2681 571 2747 627 ab
2772 573 3020 644 homine;
3044 590 3090 633 et
3104 582 3311 651 justitia
3339 586 3403 641 de
3438 561 3566 645 creto
3588 609 3711 663 pro-

2127 656 2311 743 spexit,
2345 657 2396 711 id
2425 667 2525 728 est,
2554 675 2584 715 a
2614 662 2835 747 Domino
2865 667 2973 723 Deo
3002 669 3122 726 data
3152 683 3235 729 est
3253 674 3562 747 jnstificatio
3585 656 3716 739 eon-

2128 748 2332 817 ﬁtenti,
2362 759 2419 805 ut
2457 749 2571 822 ipse
2619 742 2873 827 agnoscat
2902 759 3097 833 impius
3146 742 3290 837 pium
3341 784 3400 825 se
3445 772 3555 827 ﬁeri
3606 791 3712 831 non

2127 854 2307 911 posse,
2332 844 2431 901 nisi
2456 846 2546 902 ille
2573 847 2757 905 fecerit
2779 853 2862 907 cui
2884 855 3167 913 conﬁtetur
3184 902 3199 925 ,
3228 860 3496 919 credendo
3517 866 3573 921 in
3591 884 3711 923 eum

2126 933 2214 1003 qui
2237 934 2725 1028 justiﬁcatimpium
2755 944 2930 1014 (Rom.
2962 964 3036 1015 tv,
3068 950 3143 1022 5).
3195 951 3307 1007 Tua
3338 970 3469 1025 ergo
3495 971 3711 1028 peccata

2126 1034 2277 1095 potes
2304 1026 2534 1098 habere;
2562 1031 2789 1091 fructum
2821 1037 3018 1094 bonum
3048 1058 3151 1097 non
3182 1042 3403 1102 habebis
3426 1092 3439 1111 ,
3474 1026 3573 1104 nisi
3620 1052 3711 1108 ille

2125 1115 2333 1172 dederit
2359 1121 2443 1175 cui
2467 1124 2757 1181 conﬁteris.
2812 1127 2937 1185 Ideo
2963 1147 3083 1186 cum
3123 1134 3378 1204 dixisset,
3419 1138 3613 1197 Veritas
3648 1144 3711 1197 de

2125 1218 2259 1305 terra
2283 1220 2394 1265 orta
2418 1223 2520 1281 est,
2552 1227 2597 1269 et
2631 1219 2831 1287 justitia
2864 1221 2928 1275 de
2947 1225 3071 1278 caelo
3116 1232 3420 1298 prospexit;
3449 1244 3700 1305 tanquam

2123 1299 2391 1357 diceretur
2432 1304 2478 1359 ei
2500 1348 2517 1373 ,
2548 1307 2681 1375 Quid
2712 1320 2793 1364 est
2821 1314 2961 1382 quod
2991 1316 3206 1386 dixisti,
3238 1318 3450 1377 Iustitia
3477 1299 3709 1380 de-cwlo

2124 1395 2422 1463 prospexit?
2449 1395 2670 1467 Etenim,
2712 1401 2903 1474 inquit,
2931 1405 3181 1465 Dominus
3207 1411 3345 1466 dabit
3374 1418 3675 1472 suavitatem

2123 1495 2170 1538 et
2194 1496 2325 1540 terra
2352 1500 2524 1544 nostra
2553 1492 2692 1547 dabit
2717 1496 2940 1564 fructum
2966 1517 3132 1555 suum.
3163 1502 3271 1560 Nos
3299 1522 3427 1578 ergo
3456 1488 3733 1581 respicia?

2121 1592 2241 1634 mus
2290 1594 2418 1645 nos;
2470 1591 2525 1638 et
2551 1584 2595 1638 si
2628 1585 2757 1641 nihil
2785 1589 2834 1642 in
2866 1590 3022 1646 nobis
3049 1593 3408 1654 invenerimus
3437 1602 3536 1656 nisi
3587 1619 3709 1673 pec-

2121 1678 2236 1761 cata
2262 1711 2277 1738 ,
2319 1671 2589 1732 oderimus
2619 1690 2868 1748 peccata,
2922 1694 2976 1737 et
3016 1684 3384 1745 desideremus
3420 1671 3706 1761 justitiam.

2119 1758 2252 1815 Cum
2292 1764 2434 1818 enim
2485 1769 2809 1838 cmperimus
2860 1772 3036 1830 odisse
3076 1789 3326 1846 peccata,
3379 1758 3488 1851 jam
3535 1784 3707 1853 ipsum

2120 1852 2299 1909 odium
2347 1870 2682 1926 peccatorum
2734 1863 2935 1920 similes
2980 1882 3082 1922 nos
3135 1870 3315 1941 incipit
3343 1871 3518 1930 facere
3556 1852 3706 1941 Deo;

2119 1945 2240 2037 quia
2264 1946 2364 2002 hoc
2383 1948 2593 2005 odimus
2618 1952 2760 2022 quod
2786 1956 2899 2010 odit
2923 1967 2977 2011 et
3009 1959 3169 2015 Deus.
3203 1961 3334 2016 Cum
3366 1980 3493 2035 ergo
3519 1981 3705 2037 cmpe-

2121 2036 2196 2090 ris
2221 2037 2397 2094 odisse
2424 2050 2636 2109 peccata
2666 2054 2721 2097 et
2760 2047 3000 2102 conﬁteri
3050 2050 3160 2106 Deo
3179 2094 3193 2117 ,
3227 2068 3350 2108 cum
3390 2065 3441 2110 te
3470 2036 3704 2112 delecta-

2120 2128 2294 2185 tiones
2321 2131 2516 2189 illicita:
2547 2136 2758 2202 rapiunt
2785 2148 2838 2193 et
2890 2139 3091 2196 ducunt
3119 2142 3185 2199 ad
3229 2160 3290 2200 ea
3334 2162 3453 2217 quae
3480 2149 3571 2203 tibi
3599 2165 3708 2206 non

2120 2231 2380 2290 prosunt,
2432 2225 2720 2295 ingemisce
2746 2230 2810 2283 ad
2844 2229 3009 2287 Deum
3037 2251 3050 2287 :
3083 2243 3138 2289 et
3164 2236 3426 2293 conﬁtens
3452 2239 3526 2294 illi
3577 2255 3706 2310 pec-

2117 2324 2232 2369 cata
2265 2325 2349 2370 tua
2376 2360 2389 2385 ,
2419 2321 2711 2376 mereberis
2734 2322 2802 2378 ab
2829 2324 2919 2379 illo
2956 2326 3363 2385 delectationem
3384 2372 3401 2398 ,
3444 2341 3496 2387 et
3527 2334 3706 2389 suavi-

2118 2414 2279 2460 tatem
2304 2409 2522 2477 justitim
2552 2410 2809 2468 facienda:
2834 2415 2979 2471 dabit
3009 2418 3135 2486 tibi,
3165 2430 3222 2473 ut
3270 2421 3484 2493 incipiat
3534 2433 3585 2479 te
3607 2424 3706 2479 de-

2116 2496 2315 2554 lectare
2358 2499 2562 2569 justitia
2583 2544 2598 2568 ,
2627 2520 2785 2574 quem
2816 2506 2986 2576 primo
3015 2507 3313 2567 delectabat
3335 2512 3612 2584 iniquitas;
3646 2524 3706 2569 ut

2114 2588 2207 2658 qui
2238 2590 2408 2660 primo
2437 2592 2702 2662 gaudebas
2729 2597 2780 2650 in
2806 2598 3062 2654 ebrietate
3083 2642 3097 2665 ,
3149 2602 3380 2672 gaudeas
3411 2604 3461 2658 in
3493 2606 3701 2661 sobrie-

2116 2689 2224 2734 tate
2245 2697 2259 2746 ;
2283 2690 2338 2736 et
2360 2686 2449 2752 qni
2474 2686 2645 2753 primo
2665 2687 2932 2757 gaudebas
2957 2690 3025 2747 de
3056 2691 3208 2747 furtis
3233 2734 3249 2760 ,
3281 2705 3338 2749 ut
3360 2697 3576 2753 tolleres
3604 2699 3702 2755 ho-

2113 2774 2243 2828 mini
2271 2775 2410 2845 quod
2441 2792 2545 2832 non
2574 2778 2807 2836 habebas
2832 2824 2847 2849 ,
2877 2799 3088 2852 quaeras
3115 2785 3318 2844 donare
3346 2805 3451 2844 non
3485 2790 3699 2847 habenti

2113 2866 2254 2935 quod
2284 2866 2549 2935 habebas;
2596 2879 2650 2925 et
2693 2888 2849 2943 quem
2877 2874 3179 2933 delectabat
3211 2895 3401 2951 rapere
3425 2924 3440 2948 ,
3472 2882 3700 2940 delectet

2111 2955 2341 3023 donare;
2376 2975 2532 3028 quem
2573 2961 2869 3019 delectabat
2913 2976 3189 3037 spectare,
3239 2971 3466 3027 delectet
3511 2988 3695 3042 orare;

2112 3069 2271 3124 quem
2298 3054 2633 3112 delectabant
2655 3059 2860 3115 cantica
2880 3064 3152 3133 nugatoria
3174 3071 3230 3119 et
3252 3064 3567 3133 adulterina,
3599 3068 3698 3124 de-

2112 3146 2272 3203 lectet
2302 3147 2553 3219 hymnum
2597 3151 2775 3209 dicere
2821 3154 2968 3221 Deo;
2999 3172 3214 3212 currere
3262 3159 3327 3213 ad
3377 3161 3695 3229 ecclesiam,

2111 3239 2199 3309 qui
2229 3240 2399 3309 primo
2425 3242 2677 3299 currebas
2718 3243 2785 3299 ad
2828 3245 3113 3301 theatrum.
3162 3246 3313 3305 Unde
3340 3259 3460 3305 nata
3485 3261 3568 3308 est
3596 3253 3694 3308 ista

2111 3331 2364 3397 suavitas,
2396 3332 2493 3386 nisi
2525 3334 2645 3402 quia
2674 3334 2925 3392 Dominus
2960 3338 3098 3392 dabit
3136 3341 3452 3407 suavitatem,
3485 3352 3531 3397 et
3559 3352 3697 3398 terra

2112 3433 2283 3476 nostra
2304 3423 2443 3476 dabit
2480 3427 2699 3494 fructum
2722 3429 2905 3481 suum?
2958 3428 3098 3484 Ecce
3138 3432 3282 3486 enim
3336 3432 3509 3488 videte
3554 3435 3704 3505 quod

2110 3514 2229 3570 dico
2261 3533 2273 3568 :
2305 3530 2433 3571 ecce
2462 3516 2621 3571 locuti
2669 3532 2854 3574 sumus
2890 3519 3040 3575 vobis
3067 3522 3284 3577 verbum
3332 3523 3462 3590 Dei,
3508 3539 3702 3584 semen

2110 3611 2402 3681 sparsimus
2426 3609 2630 3667 devotis
2656 3612 2906 3669 cordibus
2928 3656 2940 3679 ,
2988 3622 3241 3685 tanquam
3282 3618 3484 3672 sulcata
3536 3619 3695 3675 inve-

2110 3700 2322 3755 nientes
2348 3711 2561 3772 pectora
2586 3710 2760 3758 vestra
2792 3714 2968 3759 aratro
2987 3704 3379 3775 confessionis;
3409 3708 3693 3769 devotione

2108 3803 2165 3849 et
2214 3793 2508 3849 intentione
2538 3796 2849 3867 suscepistis
2873 3813 3092 3865 semen,
3139 3801 3368 3872 cogitate
3411 3801 3481 3858 de
3526 3802 3699 3861 verbo,

2108 3884 2249 3956 quod
2268 3886 2522 3954 audistis,
2557 3895 2804 3959 tanquam
2832 3889 3013 3959 glebas
3050 3890 3385 3962 frangentes,
3412 3909 3480 3949 ne
3505 3910 3692 3951 semen

2107 3979 2316 4048 rapiant
2343 3979 2605 4047 volatilia,
2639 3989 2698 4035 ut
2720 3983 2893 4052 possit
2938 3983 3008 4038 ibi
3033 3985 3334 4054 germinare
3363 3987 3503 4058 quod
3524 3989 3691 4044 semi-

2107 4080 2288 4127 natum
2342 4082 2424 4128 est
2452 4088 2468 4138 ;
2497 4084 2550 4129 et
2580 4074 2682 4129 nisi
2712 4075 2852 4131 Deus
2878 4076 3103 4146 pluerit,
3132 4078 3259 4149 quid
3289 4080 3503 4150 prodest
3547 4082 3690 4153 quod

2105 4166 2434 4222 seminatur?
2476 4166 2588 4222 lloc
2634 4177 2754 4231 est.
2803 4166 3055 4225 Dominus
3093 4170 3230 4224 dabit
3272 4174 3597 4243 suavitatem,
3642 4184 3690 4230 et

2106 4265 2240 4312 terra
2266 4266 2437 4312 nostra
2474 4259 2612 4312 dabit
2639 4262 2861 4331 fructum
2879 4276 3051 4315 suum.
3080 4260 3172 4317 lllc
3199 4263 3340 4318 enim
3363 4264 3687 4327 visitationi-

2105 4346 2208 4404 bus
2235 4349 2344 4404 suis
2376 4350 2417 4415 ⁸,
2451 4349 2503 4404 ἰη
2528 4350 2638 4405 otio
2662 4392 2678 4417 ,
2708 4349 2761 4405 in
2789 4352 3023 4422 negotio,
3066 4354 3118 4408 in
3140 4352 3322 4422 domo,
3350 4356 3403 4411 in
3430 4356 3565 4413 lecto
3583 4400 3603 4425 ,
3635 4358 3697 4413 in.

2104 4442 2383 4509 convivio,
2428 4442 2481 4498 in
2511 4443 2886 4511 collocutione,
2941 4445 2993 4500 in
3029 4445 3474 4510 deambulatione.
3510 4450 3690 4505 visitet

2105 4531 2269 4588 corda
2292 4542 2465 4590 vestra
2486 4575 2500 4599 ,
2530 4534 2629 4589 ubi
2651 4549 2749 4589 nos
2769 4551 2873 4591 non
2899 4551 3106 4592 sumus.
3140 4538 3327 4594 Veniat
3354 4540 3525 4596 imber
3556 4540 3685 4610 Dei,

2104 4634 2161 4680 et
2184 4624 2467 4689 fructiﬁcet
2488 4626 2632 4698 quod
2655 4628 2723 4684 ibi
2747 4628 3067 4685 seminatum
3112 4638 3228 4699 est;
3258 4640 3314 4688 et
3333 4634 3420 4688 ubi
3461 4650 3565 4688 non
3597 4649 3688 4689 su-

2105 4732 2225 4772 mus
2271 4732 2397 4783 nos,
2447 4726 2502 4772 et
2549 4720 2720 4774 securi
2750 4720 3108 4790 quiescimus,
3155 4731 3247 4777 aut
3275 4720 3417 4779 aliud
3449 4725 3692 4795 agimus,

2106 4807 2247 4863 Deus
2271 4808 2360 4863 det
2389 4808 2773 4867 incrementum
2801 4812 3094 4869 seminibus
3133 4829 3252 4884 quae
3273 4817 3567 4886 sparsimus
3586 4859 3601 4883 ,
3630 4826 3684 4873 ut

2104 4898 2439 4955 attendentes
2469 4909 2650 4973 postea
2678 4900 2849 4958 bonos
2891 4918 3071 4960 mores
3118 4916 3356 4972 veStros,
3407 4910 3566 4961 etiam
3620 4909 3688 4965 de

2104 4991 2276 5046 fructu
2321 4991 2680 5062 gaudeamus:
2712 4995 2965 5061 Quoniam
3014 4994 3263 5051 Dominus
3293 4998 3431 5052 dabit
3456 5001 3685 5055 suavita-

2104 5091 2222 5148 tem,
2252 5092 2300 5136 et
2325 5092 2464 5137 terra
2484 5093 2655 5139 nostra
2684 5086 2821 5139 dabit
2847 5090 3070 5157 fructum
3088 5101 3256 5141 suum.

2176 5175 2263 5230 16.
2293 5173 2441 5247 [νεα.
2472 5175 2587 5249 ιι]
2612 5176 2821 5231 Iustitia
2847 5188 2964 5233 ante
2982 5194 3092 5233 eum
3114 5178 3340 5248 praeibit,
3368 5189 3416 5243 et
3459 5192 3609 5252 ponet
3636 5184 3713 5253 in;

2102 5268 2183 5322 via
2210 5284 2411 5339 gressus
2424 5284 2559 5325 suos.
2586 5266 2796 5321 Justitia
2816 5267 2901 5321 illa
2923 5276 3009 5322 est
3028 5282 3145 5337 quae
3168 5280 3250 5327 est
3273 5270 3324 5325 in
3352 5273 3689 5332 confessione

2105 5369 2442 5430 peccatorum
2475 5358 2710 5413 :veritas
2738 5359 2882 5413 enim
2914 5359 3025 5429 ipsa
3052 5368 3154 5415 est.
3199 5360 3381 5418 Justus
3407 5365 3549 5419 enim
3593 5364 3691 5419 de-
3727 5357 3730 5360 ’

2104 5452 2200 5508 bes
2220 5465 2339 5506 esse
2365 5452 2416 5504 in
2438 5458 2490 5504 te
2506 5490 2529 5516 ,_
2561 5458 2621 5504 ut
2645 5450 2832 5520 punias
2863 5459 2915 5505 te
2943 5467 2955 5503 :
2987 5453 3100 5521 ipsa
3129 5460 3212 5507 est
3249 5454 3419 5523 prima
3450 5454 3686 5515 hominis

2101 5542 2300 5612 iustitia
2323 5582 2340 5608 ,
2385 5549 2445 5595 ut
2470 5541 2657 5611 punias
2685 5552 2738 5596 te
2765 5542 2999 5609 malum,
3047 5550 3103 5597 et
3149 5541 3305 5599 faciat
3333 5555 3384 5599 te
3412 5546 3551 5601 Deus
3582 5548 3680 5601 bo-

2106 5649 2251 5689 num.
2277 5632 2409 5700 Quia
2438 5647 2566 5703 ergo
2593 5632 2704 5704 ipsa
2731 5642 2814 5688 est
2840 5634 3011 5704 prima
3043 5634 3273 5690 hominis
3295 5636 3505 5705 iustitia
3524 5680 3540 5705 ,
3573 5638 3683 5708 ipsa

2106 5725 2162 5781 ﬁt
2189 5726 2272 5782 via
2302 5726 2445 5794 Deo,
2477 5734 2532 5780 ut
2552 5727 2728 5781 veniat
2754 5726 2819 5780 ad
2862 5735 2913 5782 tc
2940 5726 3085 5781 Deus
3115 5745 3130 5782 :
3164 5726 3242 5782 ibi
3282 5728 3354 5782 illi
3385 5729 3465 5787 fac
3512 5730 3681 5796 viam,

2169 5843 2186 5875 ⁸
2220 5838 2410 5904 Aliquot
2431 5847 2557 5905 Mss,
2570 5839 2993 5906 justi/irationibus
3010 5839 3123 5892 suis.
