4084 6500
283 375 412 433 1031

275 492 327 547 in
350 486 691 544 confessione
723 490 1079 562 peccatorum.
1112 480 1234 538 Ideo
1263 490 1315 537 et
1354 481 1587 537 Joannes
1613 495 1734 537 cum
1757 480 1855 536 ba-

273 581 498 651 ptizaret
523 577 575 631 in
607 588 744 649 aqua
775 573 1104 644 prnuitentia:
1128 616 1144 640 ,
1195 581 1248 629 et
1274 572 1430 628 vellet
1455 572 1523 628 ad
1561 586 1622 628 se
1673 571 1863 627 venire

268 671 595 743 pmnitentes
617 666 686 723 de
706 668 815 722 suis
842 665 1111 733 prioribus
1133 663 1308 730 factis,
1341 663 1443 719 hoc
1464 663 1675 719 dicebat
1706 681 1720 717 :
1746 661 1857 717 Pa-

264 774 379 817 rata
390 763 527 815 viam
550 759 791 825 Domino,
819 767 985 814 rectas
1009 758 1161 831 facite
1178 757 1381 813 semitas
1402 758 1511 828 ejus
1536 755 1745 827 (Matth.
1778 772 1857 822 ιιι,

265 857 347 925 3).
377 853 636 909 Placebas
658 852 749 907 tibi
775 852 825 906 in
853 850 1086 920 peccatis
1117 850 1256 916 tuis,
1287 865 1320 904 ο
1346 847 1507 904 homo
1532 866 1548 915 ;
1579 848 1860 919 displiceat

261 949 359 1003 tibi
384 947 531 1018 quod
559 960 715 1011 eras,
749 954 807 999 ut
830 944 1005 1015 possis
1038 958 1159 999 esse
1183 942 1323 1015 quod
1352 959 1457 998 non
1495 956 1636 997 eras.
1669 940 1861 996 Parare

259 1044 395 1097 riam
428 1039 690 1097 Domino:
735 1036 999 1108 przecedat
1029 1036 1130 1091 ista
1171 1035 1374 1105 justitia
1396 1077 1413 1101 ,
1463 1045 1521 1090 ut
1552 1034 1859 1089 confitearis

258 1141 483 1203 peccata
519 1131 741 1185 :veniet
762 1129 850 1183 ille
896 1136 950 1183 et
976 1126 1211 1182 visitahit
1248 1136 1337 1193 te,
1359 1126 1482 1197 quia
1531 1134 1680 1197 ponet
1705 1127 1757 1180 in
1778 1126 1859 1179 via

258 1240 466 1295 gressus
492 1237 644 1286 suos;
684 1229 767 1275 est
792 1218 936 1275 enim
960 1219 1070 1288 jam
1101 1217 1189 1273 ubi
1232 1227 1393 1288 ponat
1431 1214 1649 1288 gressus
1692 1230 1852 1283 suos,

258 1325 341 1369 est
373 1313 465 1367 ubi
505 1311 572 1366 ad
608 1321 661 1366 te
703 1312 900 1365 veniat.
946 1311 1087 1365 Ante
1129 1319 1307 1364 autem
1338 1324 1496 1380 quam
1522 1308 1857 1364 confitereris

258 1415 519 1477 precata,
550 1405 930 1459 intercluseras
955 1403 1020 1459 ad
1045 1412 1095 1458 te
1122 1403 1262 1458 viam
1305 1402 1433 1467 Dei;
1468 1418 1571 1456 non
1609 1410 1725 1457 erat
1752 1417 1855 1479 qua

257 1497 324 1551 ad
358 1507 410 1551 te
438 1496 671 1551 veniret.
711 1495 983 1549 Confitere
1030 1493 1191 1548 vitam
1214 1535 1229 1559 ,
1280 1502 1335 1548 et
1362 1492 1541 1562 aperis
1569 1492 1744 1556 viam;
1801 1501 1856 1547 et

257 1588 438 1643 veniet
466 1588 712 1643 Christus
733 1628 749 1651 ,
784 1595 830 1640 et
858 1596 1008 1656 ponet
1030 1586 1083 1640 in
1109 1586 1188 1638 ria
1212 1600 1412 1656 gressus
1434 1601 1571 1650 suos,
1597 1592 1654 1639 ut
1691 1592 1743 1639 te
1768 1583 1852 1638 in-

258 1682 460 1735 formet
484 1680 725 1750 vestigiis
752 1679 885 1735 suis.
1364 1705 1391 1716 -ο

624 1893 706 1953 IN
752 1889 1130 1953 PSALMUM
1172 1887 1471 1949 LXXXV

852 2008 1265 2067 ENARRATIO.

903 2143 1074 2185 saeuo
1114 2127 1212 2197 (a).

335 2255 386 2306 l.
419 2252 637 2307 Nullum
669 2247 839 2317 majus
866 2245 1063 2299 donum
1094 2251 1347 2314 praestare
1376 2251 1557 2311 posset
1578 2241 1718 2295 Dens
1746 2239 1849 2294 ho-

263 2347 499 2403 minibus
520 2387 533 2409 ,
566 2358 722 2414 quam
756 2350 809 2394 ιιι
838 2338 1070 2394 Verbum
1113 2352 1269 2391 suum
1316 2352 1411 2406 per
1447 2334 1587 2405 quod
1613 2333 1850 2389 condidit

260 2439 439 2493 oinnia
461 2480 476 2501 ,
504 2436 707 2490 faceret
737 2432 840 2487 illis
868 2439 1026 2501 caput
1046 2472 1060 2494 ,
1090 2436 1140 2483 et
1170 2428 1287 2482 illos
1318 2427 1365 2481 ei
1397 2436 1647 2495 tanquam
1672 2440 1844 2479 mem-

260 2532 354 2585 bra
378 2535 688 2598 cooptaret;
721 2533 778 2578 ut
803 2534 946 2578 esset
970 2520 1135 2575 Filius
1182 2519 1272 2573 Dei
1314 2527 1367 2573 et
1406 2517 1542 2571 ﬁlius
1573 2515 1839 2581 hominis,

261 2640 399 2680 unus
432 2623 575 2677 Deus
602 2633 722 2675 cum
764 2617 921 2672 Patre
944 2658 957 2682 ,
992 2629 1128 2668 unus
1155 2612 1316 2666 homo
1346 2626 1466 2665 cum
1497 2609 1838 2664 hominibus:

256 2726 312 2770 ut
342 2726 395 2771 et
424 2712 639 2785 quando
669 2710 936 2779 loquimur
975 2696 1043 2761 ad
1076 2706 1239 2759 Deum
1293 2702 1677 2772 deprecantes,
1734 2714 1841 2754 non

256 2806 376 2861 inde
404 2805 599 2861 Filium
626 2813 966 2872 separemus;
1018 2806 1072 2851 et
1094 2794 1306 2865 quando
1353 2803 1599 2864 precatur
1646 2805 1841 2860 corpus

255 2899 411 2963 Filii,
444 2912 550 2951 non
577 2910 606 2948 a
636 2909 696 2948 se
721 2900 934 2963 separet
952 2896 1113 2958 caput
1136 2902 1288 2942 suum
1314 2902 1327 2949 ;
1356 2886 1530 2953 sitque
1554 2884 1667 2951 ipse
1698 2897 1837 2937 unus

258 2992 495 3047 salvator
520 2986 759 3057 corporis
804 2984 882 3037 sui
914 2981 1169 3036 Dominus
1194 2988 1377 3033 noster
1400 2977 1553 3031 Jesus
1583 2974 1830 3029 Christus

252 3080 418 3136 Filius
441 3079 537 3133 Dei
563 3120 578 3144 ,
632 3076 720 3145 qui
746 3066 801 3129 et
827 3082 938 3128 oret
984 3086 1078 3141 pro
1106 3068 1288 3132 nobis,
1337 3077 1390 3122 et
1416 3075 1532 3121 oret
1560 3065 1612 3119 in
1640 3064 1796 3118 nobis
1816 3105 1832 3128 ,

250 3184 299 3228 et
324 3182 511 3229 oretur
544 3187 573 3225 a
606 3168 779 3224 nobis.
807 3167 936 3221 Orat
965 3180 1057 3235 pro
1084 3163 1258 3226 nobis,
1282 3171 1337 3214 nt
1364 3159 1615 3215 sacerdos
1633 3166 1833 3222 noster;

248 3275 364 3322 orat
387 3265 443 3318 in
466 3261 619 3316 nobis
640 3302 656 3328 ,
689 3268 745 3313 ut
774 3266 932 3328 caput
974 3265 1214 3310 nostrum
1240 3294 1255 3319 ,
1285 3261 1466 3306 oratur
1492 3265 1521 3303 a
1565 3249 1742 3311 nobis,
1774 3256 1833 3302 ut

248 3357 387 3412 Deus
414 3364 618 3411 noster.
670 3353 1036 3427 quoscamus
1082 3361 1211 3417 ergo
1261 3353 1315 3398 et
1351 3344 1401 3397 in
1430 3342 1522 3396 illo
1550 3355 1707 3395 voces
1736 3353 1834 3394 no-

247 3461 417 3515 stras,
452 3457 506 3502 et
549 3458 709 3499 voces
729 3443 844 3512 ejus
876 3442 927 3495 in
960 3440 1131 3494 nobis.
1176 3437 1358 3507 Neque
1386 3451 1505 3489 cum
1532 3433 1726 3504 aliquid
1755 3432 1835 3487 di-

246 3542 382 3595 citur
407 3538 477 3593 de
507 3536 730 3591 Domino
750 3534 875 3589 Jesn
902 3531 1143 3597 Christo,
1173 3529 1401 3583 maxime
1432 3528 1482 3581 in
1508 3526 1788 3598 prophetia
1812 3567 1829 3593 ,

246 3630 383 3702 quod
413 3629 673 3700 pertineat
702 3625 848 3680 velut
875 3623 942 3678 ad
982 3620 1267 3693 quamdam
1297 3618 1658 3673 humilitatem
1688 3617 1830 3671 indi-

246 3739 398 3792 gnam
423 3722 566 3785 Deo,
596 3717 902 3773 dubitemus
928 3729 1044 3770 eam
1073 3712 1148 3768 illi
1179 3712 1414 3766 tribuere
1434 3752 1449 3776 ,
1476 3709 1563 3779 qui
1590 3723 1697 3763 non
1732 3708 1831 3763 du-

244 3812 431 3867 bitavit
460 3826 518 3865 se
540 3809 693 3863 nobis
719 3807 1031 3876 adiungere.
1063 3804 1125 3858 Ei
1146 3804 1340 3875 quippe
1369 3801 1535 3857 servit
1577 3800 1827 3855 universa

242 3912 511 3967 creatura,
535 3900 655 3971 quia
683 3914 777 3969 per
807 3898 979 3968 ipsum
1003 3896 1143 3950 facta
1169 3902 1251 3948 est
1281 3893 1527 3948 universa
1563 3901 1825 3946 creatura.

243 3994 305 4049 Et
335 4003 621 4063 propterea
640 4033 653 4056 ,
681 4005 801 4044 cum
840 3988 955 4058 ejus
982 3986 1360 4041 sublimitatem
1390 3983 1827 4053 divinitatemque

246 4085 521 4139 intuemur
546 4125 559 4146 ,
592 4080 803 4152 quando
831 4078 1072 4131 audimus
1096 4120 1111 4142 ,
1164 4075 1231 4130 In
1277 4076 1525 4145 principio
1555 4082 1663 4129 erat
1703 4073 1825 4127 Ver-

244 4180 355 4232 bum
377 4221 392 4244 ,
422 4187 468 4231 et
505 4175 721 4231 Verbum
746 4181 851 4227 erat
874 4172 1013 4243 apud
1041 4170 1231 4233 Deum,
1278 4179 1327 4224 et
1370 4168 1504 4222 Deus
1553 4176 1659 4221 erat
1698 4165 1824 4220 Ver-

245 4272 375 4324 bum.
410 4266 525 4329 Hoc
579 4274 685 4321 erat
716 4266 768 4319 in
811 4264 1061 4335 principio
1099 4261 1237 4333 apud
1287 4259 1467 4313 Deunt.
1523 4257 1707 4312 Omnia
1734 4273 1826 4328 per

243 4362 411 4429 ipsum
457 4363 593 4431 facta
622 4366 736 4410 sunt
759 4398 772 4422 ,
818 4365 862 4410 et
891 4355 998 4409 sine
1026 4355 1135 4423 ipso
1157 4353 1344 4422 factum
1370 4360 1441 4405 est
1483 4350 1611 4403 nihil
1642 4348 1820 4420 (Joan.

244 4466 277 4513 ι,
311 4449 473 4517 1-5);
526 4448 792 4501 intuentes
820 4444 957 4498 hanc
1006 4451 1059 4498 et
1087 4440 1725 4511 superemineutissimam
1769 4444 1825 4493 et

242 4538 587 4595 excedentem
621 4537 795 4593 munia
829 4543 1193 4589 creaturarum
1217 4530 1462 4586 sublimia
1487 4529 1819 4585 divinitatem

244 4630 357 4686 Filii
386 4629 520 4694 Dei,
565 4627 812 4687 audimus
852 4627 1012 4681 etiam
1042 4624 1094 4678 in
1125 4624 1298 4693 aliqua
1331 4630 1479 4693 parte
1505 4620 1819 4692 Scriptura-

242 4738 355 4783 rnm
379 4720 523 4774 velut
545 4729 842 4797 gementem
860 4760 875 4784 ,
909 4725 1148 4770 orantem
1173 4756 1190 4781 ,
1212 4712 1588 4779 confitentem;
1617 4722 1672 4768 et
1718 4712 1820 4766 dn-

243 4814 470 4866 bitamus
496 4812 546 4866 ei
575 4810 809 4871 tribuere
834 4809 994 4862 verba
1027 4807 1141 4860 lucc
1162 4848 1177 4872 ,
1227 4821 1295 4860 ex
1342 4819 1408 4859 eo
1434 4804 1575 4875 quod
1619 4802 1821 4873 cogita-

244 4905 312 4957 tio
340 4911 524 4957 nostra
550 4900 617 4955 de
648 4899 846 4955 recenti
874 4899 991 4967 ejus
1012 4896 1462 4966 contemplatione
1482 4888 1738 4966 quteerat
1767 4884 1825 4949 in"

239 4995 538 5057 divinitate,
569 4992 820 5069 pigrescit
843 4988 1171 5045 descendere
1196 4988 1261 5042 ad
1287 4987 1404 5058 ejus
1430 4987 1816 5054 humilitatem;

239 5099 289 5142 ct
327 5097 579 5157 tanquam
610 5084 765 5139 faciat
793 5083 867 5137 illi
897 5080 1142 5153 injuriam
1164 5121 1180 5147 ,
1212 5081 1257 5136 si
1283 5079 1400 5150 ejus
1418 5079 1580 5135 verba
1627 5081 1679 5134 in
1720 5081 1819 5133 hoc

240 5179 379 5235 mine
407 5186 695 5249 agnoscat,
722 5175 788 5230 ad
815 5190 971 5244 quem
999 5172 1161 5228 verba
1182 5171 1447 5243 dirigebat
1490 5186 1609 5225 cum
1654 5169 1817 5225 Deum

237 5270 618 5340 deprecaretur
640 5308 655 5333 ,
702 5266 870 5321 hmret
900 5265 1209 5335 plerumque
1229 5304 1244 5327 ,
1279 5271 1335 5317 et
1360 5250 1584 5316 conatur
1611 5270 1819 5315 mutare

237 5361 588 5424 sententiam;
614 5366 667 5412 et
688 5372 792 5416 non
810 5356 860 5411 ei
889 5355 1186 5411 occurritin
1210 5353 1508 5422 Scriptura,
1550 5352 1648 5406 nisi
1677 5350 1820 5421 quod

237 5452 299 5506 ad
328 5452 503 5521 ipsum
534 5456 806 5513 recurrat,
836 5455 889 5501 et
918 5446 984 5502 ab
1023 5446 1114 5500 illo
1139 5444 1352 5499 deviare
1373 5430 1478 5498 nan
1510 5442 1667 5497 sinat.
1715 5442 1820 5496 Ex-

236 5543 565 5613 pergiscatur
588 5554 750 5610 ergo,
778 5546 832 5593 et
856 5538 1068 5607 evigilet
1106 5537 1158 5591 in
1214 5534 1318 5591 ﬁde
1367 5549 1497 5600 sua;
1544 5545 1598 5589 et
1644 5534 1821 5591 videat

238 5632 353 5702 quia
399 5632 490 5686 illc
516 5646 675 5701 quem
705 5626 1167 5698 contemplabatur
1193 5627 1349 5697 paulo
1377 5635 1500 5681 ante
1542 5626 1594 5680 in
1646 5626 1819 5680 forma

292 5790 364 5851 (a)
390 5788 451 5837 Ad
468 5786 729 5851 plebemin
754 5782 1007 5851 pervigilio
1029 5782 1365 5844 selemuitatis,
1392 5781 1571 5834 fortes.
1588 5784 1819 5847 Cypriani,

237 5860 284 5905 et
302 5848 433 5917 apud
466 5848 800 5913 Carthaginem
832 5848 1032 5896 habitus.

1310 365 1705 424 ENARRATIO
1741 366 1809 422 ΙΝ
1849 367 2169 430 PSALMUM
2204 374 2474 434 LXXXV.

3419 394 3557 451 1032

1979 483 2106 553 Dei,
2140 487 2362 544 formam
2410 491 2553 547 servi
2600 493 2837 565 accepit,
2886 497 2942 551 in
2982 497 3334 559 similitudine
3377 501 3553 562 homi-

1974 593 2099 632 num
2130 577 2325 645 factus,
2353 589 2409 636 et
2433 581 2615 638 habitu
2654 587 2899 640 inventus
2929 598 2985 642 ut
3015 586 3204 655 homo,
3253 590 3554 650 humiliavit

1971 684 2030 725 se
2057 672 2223 727 factus
2244 672 2498 729 obediens
2516 691 2680 747 usque
2698 678 2764 733 ad
2784 689 3011 736 mortem
3033 680 3291 753 (Philipp.
3314 700 3373 752 ιι,
3401 685 3543 753 5-3);

1970 773 2025 819 et
2057 765 2220 820 verba
2253 765 2443 821 Psalmi
2472 769 2637 825 voluit
2664 785 2785 827 esse
2811 787 2904 827 sua
2927 814 2943 839 ,
2998 773 3051 828 in
3080 789 3240 831 cruce
3266 775 3503 846 pendens
3526 819 3543 844 ,

1968 868 2021 913 et
2048 858 2231 913 dicens
2256 876 2269 913 :
2306 857 2439 914 Deus
2463 876 2600 915 meus
2618 903 2632 926 ,
2659 861 2799 919 Deus
2818 880 2957 919 meus
2974 904 2991 932 ,
3016 867 3194 936 utquid
3236 884 3316 922 me
3359 867 3547 924 dereli-

1967 952 2117 1021 guisti
2136 948 2305 1023 (Paul.
2334 967 2445 1018 xvi,
2475 952 2531 1022 2)
2553 953 2576 1007 ?
2600 953 2793 1010 Oratur
2820 970 2949 1028 ergo
2976 958 3029 1012 in
3056 956 3224 1012 forma
3255 958 3385 1025 Dei,
3430 970 3548 1016 orat

1967 1043 2019 1096 in
2047 1040 2215 1097 forma
2236 1043 2375 1097 servi
2406 1060 2421 1095 :
2455 1043 2523 1098 ibi
2546 1043 2800 1113 Creator,
2833 1045 2917 1101 hic
2937 1056 3147 1104 creatus
3172 1052 3210 1115 ⁸,
3237 1059 3542 1106 creaturam

1966 1134 2270 1191 mutandam
2298 1150 2403 1191 non
2447 1144 2683 1192 mutatus
2700 1152 3010 1206 assumens,
3056 1150 3110 1196 et
3136 1157 3317 1197 secum
3343 1158 3443 1197 nos
3470 1143 3545 1197 ia-

1963 1228 2110 1282 ciens
2149 1244 2310 1283 nnutn
2339 1229 2629 1297 hominem,
2662 1240 2822 1302 caput
2846 1241 2901 1286 et
2919 1248 3131 1305 corpus.
3162 1234 3389 1291 Oramus
3410 1252 3539 1307 ergo

1962 1321 2027 1375 ad
2057 1322 2237 1385 illum,
2268 1338 2364 1393 per
2383 1323 2533 1378 illum
2552 1365 2569 1390 ,
2599 1324 2654 1378 in
2683 1324 2775 1379 illo
2806 1343 2818 1379 :
2848 1334 2902 1380 et
2930 1325 3157 1381 dicimus
3184 1344 3303 1383 cum
3332 1330 3422 1384 illo
3443 1371 3457 1392 ,
3483 1339 3539 1385 et

1961 1411 2091 1466 dicit
2112 1413 2421 1479 nobiseum;
2446 1414 2675 1470 dicimus
2704 1415 2756 1470 in
2788 1416 2878 1471 illo
2898 1458 2913 1483 ,
2943 1416 3071 1472 dicit
3097 1416 3147 1472 in
3173 1420 3326 1474 nobis
3353 1421 3539 1490 psalmi

1964 1503 2121 1574 hujus
2148 1505 2445 1561 orationem
2469 1546 2485 1571 ,
2512 1508 2600 1578 qui
2626 1507 2946 1573 intitulatur,
2981 1506 3161 1563 Oratio
3185 1508 3375 1564 David.
3407 1511 3539 1579 Quia

1964 1598 2218 1653 Dominus
2243 1608 2425 1655 noster
2449 1600 2740 1655 secundum
2769 1616 2984 1656 carnem
3015 1601 3155 1658 ﬁlius
3191 1602 3356 1658 David
3391 1620 3405 1658 :
3446 1619 3539 1660 se-

1958 1690 2189 1747 cundum
2220 1706 2349 1748 vero
2373 1682 2705 1747 divinitatem
2739 1692 2994 1748 Dominus
3018 1694 3181 1749 David
3205 1737 3220 1761 ,
3247 1704 3301 1750 et
3327 1704 3541 1750 creator

1960 1781 2154 1847 David;
2183 1790 2237 1837 et
2262 1798 2363 1838 non
2395 1783 2569 1837 solum
2614 1794 2739 1839 ante
2789 1784 2952 1839 David
2975 1825 2988 1849 ,
3017 1785 3109 1839 sed
3132 1794 3186 1841 et
3213 1796 3336 1841 ante
3372 1785 3540 1842 Abra-

1959 1875 2103 1942 ham,
2127 1892 2192 1931 ex
2218 1893 2322 1947 quo
2344 1876 2536 1941 David;
2562 1878 2655 1931 sed
2686 1887 2737 1933 et
2767 1887 2891 1932 ante
2921 1878 3111 1945 Adam,
3136 1893 3201 1933 ex
3223 1894 3327 1949 quo
3351 1894 3538 1934 onmes

1959 1967 2240 2033 homines;
2272 1969 2367 2025 sed
2389 1978 2441 2024 et
2471 1978 2595 2024 ante
2615 1970 2809 2025 malum
2831 1981 2885 2025 et
2911 1979 3127 2038 terram,
3154 1972 3203 2024 in
3232 1986 3338 2043 quo
3365 1973 3539 2028 omnis

1955 2070 2198 2114 creatura
2226 2070 2327 2114 est.
2351 2059 2520 2115 Nemo
2548 2076 2675 2131 ergo
2702 2077 2822 2117 cum
2852 2062 3003 2117 audit
3026 2062 3140 2117 [nec
3165 2063 3349 2129 verba,
3372 2063 3543 2129 dicat,

1954 2152 2069 2205 Non
2098 2152 2340 2206 Christus
2368 2151 2532 2217 dicit;
2565 2162 2656 2208 ant
2684 2170 2870 2207 rursus
2899 2153 3071 2220 dicat,
3115 2153 3229 2209 Non
3257 2170 3356 2225 ego
3382 2155 3535 2211 dico:

1955 2242 2062 2295 imo
2084 2242 2127 2297 si
2153 2258 2211 2296 se
2240 2244 2288 2295 in
2320 2242 2517 2298 Christi
2546 2259 2770 2312 corpore
2812 2244 3084 2313 agnoscit,
3136 2254 3421 2318 utrumque
3447 2247 3532 2300 di-

1953 2345 2036 2389 cat
2057 2378 2072 2402 ,
2105 2343 2178 2397 et.
2207 2335 2451 2391 Christus
2471 2335 2628 2401 dicit,
2660 2345 2739 2401 et,
2774 2337 2882 2406 Ego
2910 2336 3049 2390 dico.
3080 2337 3198 2392 Noli
3230 2339 3425 2408 aliquid
3456 2339 3537 2393 di-

1952 2443 2074 2483 ειϊε
2100 2426 2215 2481 sine
2243 2427 2361 2491 illo,
2393 2435 2445 2482 et
2472 2441 2576 2479 non
2626 2426 2754 2480 dicit
2803 2426 3001 2496 aliquid
3040 2427 3154 2482 sine
3187 2439 3235 2482 te
3263 2430 3303 2479 ³.
3348 2428 3534 2483 Nonae

1953 2518 2210 2574 habemus
2230 2518 2283 2572 in
2324 2517 2650 2587 Evangelio‘!
2694 2517 2792 2574 Ubi
2845 2528 2991 2571 certe
3018 2518 3269 2589 scriptum
3300 2527 3383 2573 est
3409 2560 3422 2580 ,
3464 2518 3532 2573 In

1952 2611 2199 2682 principio
2225 2618 2332 2664 erat
2364 2608 2577 2663 Verbum
2601 2651 2614 2674 ,
2662 2620 2709 2663 et
2763 2607 2979 2663 Verbum
3027 2619 3134 2663 erat
3171 2612 3309 2679 apud
3342 2611 3530 2679 Deum,

1948 2713 1996 2757 et
2028 2702 2163 2756 Deus
2187 2710 2295 2755 erat
2328 2699 2562 2755 Verbum.
2594 2700 2780 2753 Omnia
2805 2718 2895 2771 per
2914 2702 3080 2771 ipsum
3102 2701 3238 2770 facta
3262 2713 3414 2766 siml;
3458 2703 3530 2759 ibi

1946 2802 2093 2849 certe
2120 2792 2418 2856 habemus,
2467 2793 2532 2846 Et
2578 2793 2926 2847 contristatns
2971 2800 3055 2847 est
3103 2792 3264 2848 Jesns
3315 2792 3528 2863 (Matth.

1945 2902 2097 2952 xxvr,
2130 2884 2243 2955 58),
2266 2892 2322 2940 et
2341 2883 2590 2954 fatigatus
2611 2893 2691 2939 est
2715 2878 3075 2953 Jcsus'(Joan.
3115 2899 3186 2943 Iv.
3217 2882 3295 2954 ϐ),
3324 2896 3376 2938 ει
3400 2884 3529 2938 dor-

1944 2981 2094 3035 mivit
2121 2979 2276 3035 Jesus
2308 2977 2517 3051 (Matth.
2548 2994 2661 3043 vm,
2689 2976 2800 3050 24),
2832 2987 2885 3031 et
2911 2972 3133 3033 esurivit
3167 2976 3274 3050 (Id.
3300 2994 3369 3045 tv,
3393 2978 3448 3049 2)
3475 2988 3528 3033 et

1941 3071 2281 3127 sitivithsus
2307 3069 2486 3141 (Joan.
2517 3086 2590 3135 tv,
2618 3071 2648 3124 7
2674 3086 2689 3134 ;
2740 3080 2785 3123 et
2816 3086 2902 3124 vix
2927 3112 2941 3135 ,
2983 3068 3077 3141 28)
3101 3112 3114 3134 ,
3147 3078 3201 3124 et
3220 3070 3425 3136 oravit,
3473 3079 3527 3125 et

1941 3164 2268 3236 pernoctavit
2288 3164 2339 3217 in
2369 3163 2571 3217 orando
2596 3163 2772 3217 Jesus.
2802 3161 3161 3228 Pernoctabat,
3198 3163 3384 3233 inquit.
3429 3162 3525 3217 Je-

1937 3272 2022 3311 sus
2044 3255 2193 3327 (Luc.
2232 3270 2315 3320 vl,
2345 3252 2434 3326 1?.)
2456 3297 2470 3319 ,
2505 3263 2552 3308 et
2588 3254 2840 3324 perstabat
2871 3252 2891 3283 ³
2917 3253 2969 3307 in
3022 3252 3253 3316 orando;
3295 3263 3343 3307 et
3391 3253 3526 3324 globi

1936 3350 2196 3421 sanguinis
2215 3348 2540 3402 decurrebant
2556 3364 2644 3418 per
2660 3346 2845 3417 corpus
2869 3347 2977 3416 ejus
2999 3345 3107 3417 (Μ.
3141 3361 3270 3409 xm,
3294 3346 3381 3407 45,
3405 3345 3521 3417 Μ).

1938 3441 2073 3509 Quid
2105 3438 2456 3505 ostendebat,
2499 3437 2711 3509 quando
2755 3452 2849 3507 per
2878 3451 3074 3507 corpus
3121 3437 3323 3491 orantis
3374 3436 3521 3505 globi

1937 3532 2211 3603 sanguinis
2248 3530 2627 3596 destillabant,
2683 3529 2782 3583 nisi
2814 3529 2936 3599 quia
2976 3542 3172 3597 corpus
3196 3527 3312 3596 ejus
3332 3568 3347 3593 ,
3378 3526 3521 3598 quod

1935 3636 2016 3680 est
2059 3623 2319 3687 Ecclesia,
2346 3630 2637 3693 martyrum
2665 3620 2919 3691 sanguine
2936 3621 3045 3690 jam
3079 3618 3309 3673 fluebat?
3374 3630 3375 3633 ‘

2003 3715 2055 3770 Ξ.
2084 3715 2231 3788 [rers.
2263 3712 2337 3786 1.]
2369 3712 2590 3777 Inclina,
2618 3712 2853 3776 Domine,
2886 3702 3059 3766 aurem
3086 3722 3243 3778 tuam,
3269 3721 3315 3765 et
3335 3711 3520 3765 exaudi

1934 3825 2030 3862 me.
2055 3807 2147 3861 Ille
2178 3822 2243 3861 cx
2273 3806 2440 3860 forma
2466 3789 2607 3859 servi
2626 3805 2785 3870 dicit;
2820 3814 2895 3868 tu,
2925 3818 3100 3870 serve,
3132 3803 3183 3857 in
3212 3802 3379 3857 forma
3412 3802 3519 3856 Do-

1932 3902 2062 3957 mini
2086 3900 2160 3955 tui
2186 3919 2198 3953 :
2231 3898 2453 3960 Inclina,
2486 3898 2701 3953 Domine
2728 3939 2743 3963 ,
2777 3914 2949 3951 aurem
2976 3907 3132 3950 tuam.
3164 3897 3389 3951 Inclinat
3417 3911 3514 3949 au-

1931 4010 2066 4060 rem,
2094 3994 2216 4047 situ
2258 4007 2362 4046 non
2401 3992 2574 4058 erigas
2602 3991 2901 4045 cervicem:
2933 3988 3210 4042 humiliato
3239 3987 3380 4041 enim
3421 4002 3516 4056 ap-

1931 4086 2281 4155 propinquat;
2315 4082 2384 4137 ab
2431 4082 2663 4137 cxnltato
2715 4082 2871 4150 longe
2900 4079 3154 4143 discedit,
3204 4078 3303 4132 nisi
3353 4092 3513 4148 quem

1929 4178 2044 4248 ipse
2075 4175 2406 4230 hnmiliatnm
2437 4174 2773 4230 exultaverit.
2803 4172 3025 4225 Inclinat
3068 4184 3197 4239 ergo
3226 4169 3367 4223 Deus
3413 4184 3510 4222 au-

1928 4284 2041 4324 rem
2076 4283 2225 4322 suam
2266 4266 2333 4321 ad
2365 4280 2483 4320 nos.
2528 4265 2619 4319 Ille
2640 4264 2780 4318 enim
2828 4277 3043 4316 sursum
3076 4270 3194 4322 est.
3222 4274 3322 4314 nos
3351 4259 3512 4313 deor-

1927 4376 2046 4417 sum
2074 4379 2088 4426 ;
2114 4360 2204 4415 ille
2234 4360 2285 4413 in
2313 4357 2628 4421 altitudine,
2676 4370 2773 4409 nos
2815 4353 3215 4417 inhumilitatc,
3267 4352 3361 4407 sed
3404 4366 3510 4407 non

1928 4454 2117 4507 relicti.
2153 4471 2171 4503 ι
2207 4450 2453 4506 Ostendit
2487 4469 2504 4501 ι
2553 4449 2695 4503 ειιῐηι
2732 4466 2751 4498 ι
2785 4446 3126 4501 dilectionem
3178 4461 3329 4499 suam
3374 4446 3510 4500 Deus

1927 4545 1979 4599 in
2012 4544 2165 4599 nobis
2195 4560 2208 4595 :
2252 4542 2452 4596 etenim
2498 4556 2619 4595 cum
2662 4538 2834 4592 adhuc
2863 4530 3174 4607 peccatores
3219 4551 3469 4592 essemus
3492 4576 3508 4601 ,

1926 4634 2174 4701 Christus
2206 4650 2301 4703 pro
2343 4632 2496 4686 nobis
2541 4637 2785 4684 mortuus
2828 4638 2931 4682 est.
2961 4627 3060 4682 Vix
3109 4627 3250 4682 enim
3287 4644 3306 4678 ι
3342 4626 3510 4695 inquit

1931 4744 1949 4777 ι
1987 4694 2243 4795 projusto
2270 4724 2389 4793 quis
2415 4721 2680 4785 moritur;
2706 4736 2825 4774 nam
2856 4734 2953 4789 pro
2970 4720 3112 4773 bono
3135 4717 3359 4772 forsitan
3391 4694 3530 4787 quial

1924 4817 2116 4870 audeat
2140 4814 2273 4868 mori
2307 4828 2321 4866 :
2355 4812 2611 4866 Dominus
2638 4820 2814 4864 autem
2844 4819 3024 4864 noster
3042 4824 3140 4881 pro
3165 4809 3339 4878 impiis
3367 4824 3512 4863 mor-

1925 4915 2047 4961 tuus
2074 4918 2157 4960 est
2192 4923 2212 4957 ι
2242 4903 2417 4974 (Rom.
2452 4918 2503 4968 ν,
2533 4902 2564 4955 6
2600 4901 2675 4972 9).
2707 4899 2889 4971 Neque
2915 4901 3061 4954 enim
3108 4900 3297 4954 merita
3329 4908 3506 4953 nostra

1924 5004 2343 5069 prmcesserant,
2375 5010 2470 5064 pro
2500 4994 2691 5065 quibus
2714 4993 2882 5047 Filius
2912 4992 3007 5047 Dei
3039 5001 3369 5056 moreretur;
3411 4990 3506 5045 sed

1924 5093 2093 5163 magis
2119 5090 2241 5161 quia
2271 5088 2410 5142 nulla
2441 5096 2594 5142 erant
2641 5085 2850 5152 merita,
2902 5082 3096 5155 magna
3135 5093 3250 5138 erat
3296 5082 3504 5137 mieri-

1923 5184 2125 5240 cordia.
2157 5181 2324 5248 Quam
2358 5188 2503 5232 certa
2548 5192 2675 5247 ergo
2696 5219 2710 5243 ,
2758 5192 2917 5246 quam
2950 5176 3099 5231 ﬁrma
3153 5174 3507 5245 promissione

1923 5285 2100 5331 servat
2123 5272 2279 5344 justis
2299 5270 2462 5325 vitam
2495 5284 2643 5323 suam
2669 5310 2683 5333 ,
2716 5269 2805 5338 qui
2849 5268 3065 5322 donavit
3111 5266 3319 5337 injustis
3358 5281 3505 5321 mor-

1926 5374 2032 5420 tem
2057 5362 2251 5419 suam?
2284 5359 2503 5425 Inclina,
2541 5358 2775 5425 Domine,
2825 5375 2998 5413 aurem
3046 5367 3183 5412 tuam
3208 5400 3222 5423 ,
3257 5367 3302 5413 et
3323 5357 3505 5412 exaudi

1924 5473 2003 5510 me
2019 5472 2038 5522 ;
2068 5454 2304 5526 quoniam
2331 5468 2512 5523 egenus
2561 5460 2607 5507 et
2634 5452 2781 5517 inops
2808 5468 2901 5522 ego
2938 5467 3068 5505 sum.
3106 5449 3246 5521 Ergo
3285 5464 3388 5505 non
3419 5452 3499 5506 in-

1990 5657 2006 5688 ι
2044 5663 2161 5720 vox,
2186 5658 2396 5720 creabis,
2414 5653 2583 5720 aberat
2603 5665 2632 5701 a
2651 5652 2786 5702 corb.
2813 5652 3006 5720 optante
3028 5656 3156 5720 notae
3176 5656 3259 5720 Its.

1989 5710 2318 5786 {siea'tss'ﬁat
2338 5710 2471 5786 add.
2508 5726 2600 5764 non
2623 5720 2772 5776 potest
2793 5710 2981 5778 aliquid
3005 5712 3170 5766 dicere
3202 5713 3303 5767 sine
3340 5710 3441 5776 illo,
3465 5716 3507 5764 et

1930 5778 2046 5830 dicit
2069 5778 2253 5839 aliquid
2276 5778 2378 5826 sine
2401 5782 2461 5824 te.

1998 5844 2017 5873 ³
2037 5835 2219 5890 Ferrar.
2246 5846 2349 5897 Ms,
2367 5835 2768 5901 prasternebatur.
