4048 6468
568 342 708 399 1083

563 460 723 515 clinat
766 474 949 517 aurem
980 458 1045 517 ad
1074 455 1294 515 divitem
1321 468 1337 508 :
1368 450 1436 508 ad
1465 449 1679 519 lnopem
1711 454 1765 501 et
1798 460 2022 515 egenum
2054 444 2136 499 in-

563 551 730 605 elinat
754 565 936 605 aurem
959 591 973 616 ,
1004 549 1052 601 id
1080 556 1180 609 est,
1212 544 1281 599 ad
1309 542 1566 597 lmmilem
1597 546 1647 594 et
1673 536 1739 593 ad
1762 537 2102 592 confitentem
2127 576 2142 599 ,

565 640 631 697 ad
663 643 985 715 indigentem
1030 636 1434 694 misericordia:
1490 649 1597 689 non
1639 630 1706 688 ad
1751 640 2045 686 saturatam
2094 638 2148 683 et

572 737 913 792 extollentem
935 749 1027 798 se,
1047 742 1100 789 et
1122 732 1445 804 iactantem,
1476 727 1626 799 quasi
1658 726 1788 781 nihil
1813 726 1862 781 ei
1890 725 2059 789 desit,
2091 732 2148 779 et

578 827 858 892 iieentem,
892 825 1095 881 Gratias
1118 822 1224 885 tibi,
1251 822 1371 892 quia
1417 837 1517 873 non
1545 836 1657 874 sum
1685 819 1812 872 sicut
1840 816 2147 870 Publii-anus

568 918 679 972 iste.
714 919 867 974 Dives
891 917 1029 972 enim
1058 914 1357 970 Pharisaeus
1377 912 1609 982 jactabat
1626 910 1810 965 merita
1833 924 1926 964 sua
1953 896 1977 963 ε’
1996 910 2148 977 inops

569 1006 1471 1074 l’uhlicannsconfitebaturpcccata
1485 1018 1578 1057 sua
1597 1002 1744 1073 (Luc.
1767 1017 1916 1065 xvm.
1941 998 2148 1073 ll-l5).

641 1103 693 1156 3.
724 1101 832 1156 Nec
859 1100 937 1155 sic
962 1099 1269 1167 accipiatis,
1312 1099 1530 1163 fratres,
1560 1095 1700 1166 quod
1729 1095 1859 1162 dixi,
1891 1094 1970 1148 Ad
2001 1094 2142 1148 divi-

571 1199 679 1244 tem
708 1204 814 1245 non
842 1186 1057 1244 inclinat
1086 1201 1270 1244 aurem
1298 1202 1469 1251 suam,
1500 1197 1749 1255 tanquam
1771 1200 1873 1239 non
1900 1184 2149 1241 exaudiat

570 1278 710 1334 Deus
730 1295 824 1335 eos
852 1281 940 1351 qui
970 1279 1163 1334 habent
1192 1294 1379 1334 aurum
1411 1286 1465 1333 ct
1492 1286 1791 1349 argentum,
1816 1286 1869 1331 et
1895 1276 2147 1331 familiam

569 1381 625 1426 et
650 1370 839 1427 fundos
864 1389 877 1425 :
900 1372 944 1426 si
972 1373 1049 1425 sic
1079 1371 1213 1425 forte
1244 1369 1351 1423 nati
1380 1379 1522 1433 sunt,
1555 1376 1647 1424 aut
1669 1384 1788 1425 eum
1820 1367 2029 1423 locum’
2059 1380 2145 1422 re-

567 1475 689 1515 rum
728 1460 1077 1515 humanarum
1123 1466 1335 1523 tenent;
1384 1467 1587 1512 tantum
1628 1457 1967 1512 meminerint
2008 1456 2147 1525 quod

567 1552 643 1604 ait
669 1549 989 1620 Apostolus,
1022 1548 1257 1618 Prwcipe
1280 1548 1511 1602 divitibus
1548 1549 1699 1619 hujus
1727 1547 1901 1600 nmndi
1927 1564 2025 1601 non
2056 1564 2146 1600 su-

570 1639 721 1711 perbe
744 1657 921 1712 sapere
959 1639 1012 1711 (1
1041 1638 1175 1694 Tim.
1210 1654 1294 1705 vl,
1335 1638 1445 1707 l7).
1479 1639 1577 1705 Qui
1604 1638 1742 1693 enim
1776 1654 1881 1692 non
1920 1636 2149 1707 superbe

566 1731 815 1803 sapiunt,
843 1731 895 1786 in
925 1731 1038 1786 Deo
1080 1745 1340 1802 pauperes
1369 1738 1521 1791 sunt;
1549 1738 1602 1784 et
1644 1730 1962 1798 pauperibus
1989 1737 2151 1797 atque

567 1821 814 1892 in0pibus
840 1831 894 1878 et
918 1822 1100 1892 egenis
1126 1822 1342 1876 inclinat
1370 1834 1553 1875 aurem
1580 1833 1751 1873 suam.
1778 1819 1979 1873 Norant
2004 1819 2145 1872 enim

570 1924 724 1982 spem
744 1927 893 1967 suam
921 1928 1027 1969 non
1052 1926 1173 1967 esse
1199 1911 1250 1965 in
1276 1926 1406 1965 auro
1428 1918 1480 1965 et
1505 1919 1746 1979 argento,
1772 1924 1943 1978 neque
1969 1909 2019 1962 in
2045 1908 2150 1963 illis

568 2002 729 2057 rebus
756 2002 947 2073 quibus
966 2002 1033 2057 ad
1056 2012 1263 2071 tempus
1282 2000 1649 2056 circumfluere
1666 2000 1927 2054 videntur.
1945 1998 2150 2054 Sufficit

571 2104 628 2151 ut
654 2096 853 2152 divitiae
881 2108 984 2151 non
1026 2095 1144 2150 illos
1172 2095 1428 2164 perdant;
1471 2102 1532 2147 ut
1570 2108 1676 2147 non
1715 2092 1890 2146 obsint
1918 2101 2000 2145 sat
2027 2100 2146 2147 est:

569 2199 693 2242 nam
722 2187 975 2259 prodesse
1002 2186 1131 2242 nihil
1163 2194 1403 2257 possunt.
1448 2184 1612 2239 Plane
1642 2183 1858 2254 prodest
1882 2198 2015 2253 Opus
2046 2184 2148 2237 mi-

568 2281 874 2336 sericordia:
899 2288 953 2336 et
982 2281 1032 2336 in
1080 2279 1240 2333 divite
1283 2287 1335 2333 et
1378 2278 1430 2332 iu
1472 2291 1744 2347 paupere:
1778 2277 1830 2330 in
1879 2275 2041 2331 divite
2080 2292 2149 2331 ex

567 2371 843 2427 voluntate
861 2380 915 2427 et
933 2383 1120 2442 opere,
1151 2370 1202 2425 in
1233 2384 1463 2440 paupere
1483 2384 1548 2425 ex
1569 2369 1693 2437 sola,
1708 2368 1995 2425 voluntate.
2012 2368 2149 2423 Cum

570 2477 698 2533 ergo
727 2462 847 2517 talis
875 2470 957 2517 est
994 2469 1343 2517 contemnens
1386 2460 1437 2515 in
1484 2475 1543 2515 se
1579 2458 1835 2531 quidquid
1880 2468 1965 2514 est
2009 2459 2151 2515 unde

568 2553 816 2623 superbia
858 2552 995 2609 solet
1037 2551 1247 2617 inflari,
1299 2564 1499 2621 pauper
1536 2550 1632 2605 Dei
1672 2550 2033 2606 estzinclinat
2074 2550 2151 2605 illi

568 2654 752 2697 aurem
795 2657 981 2708 suam,
1028 2643 1176 2697 novit
1217 2642 1359 2697 enim
1410 2640 1820 2697 contribulatum
1868 2656 1961 2696 cor
2010 2641 2146 2712 ejus.

568 2734 748 2800 Certe,
789 2735 1015 2800 fratres,
1046 2734 1134 2790 ille
1164 2748 1367 2804 pauper
1394 2741 1516 2788 ante
1552 2732 1768 2803 januam
1797 2732 1973 2787 divitis
2001 2733 2145 2789 ulce-

568 2839 722 2882 rosus
762 2825 853 2897 qui
887 2825 1136 2896 jacebat,
1179 2824 1247 2880 ab
1284 2824 1501 2895 Angelis
1533 2823 1741 2880 ablatus
1764 2834 1847 2880 est
1886 2825 1940 2880 in
1973 2825 2148 2879 sinum

568 2916 800 2973 Abrahm
818 2960 833 2982 ,
861 2916 940 2973 sic
966 2916 1224 2987 legimus,
1255 2916 1334 2971 sic
1355 2915 1661 2971 credimus:
1685 2914 1833 2971 dives
1856 2925 2033 2970 autem
2060 2915 2149 2972 ille

568 3009 658 3080 qui
689 3008 1011 3065 induebatur
1036 3023 1266 3080 purpura
1298 3016 1353 3063 et
1380 3006 1541 3079 bysso
1560 3048 1577 3075 ,
1604 3016 1657 3062 et
1683 3006 1992 3077 epulabatur
2016 3022 2151 3077 quo-

572 3103 701 3158 tidie
737 3101 1043 3174 splendide,
1088 3101 1295 3157 ablatus
1337 3109 1419 3156 est
1459 3100 1526 3155 ad
1570 3098 1767 3155 inferos
1790 3099 1856 3154 ad
1886 3109 2148 3155 tormenta

572 3193 724 3265 (Luc.
757 3210 851 3250 xvt
872 3236 889 3263 ,
936 3191 1144 3265 19-26).
1166 3191 1428 3263 Numquid
1454 3206 1581 3249 vere
1608 3191 1695 3246 ille
1734 3206 1933 3262 panper
1958 3193 2149 3247 merito

568 3287 715 3343 illius
740 3286 932 3358 inopia:
959 3285 1166 3341 ablatus
1194 3292 1275 3340 est
1304 3284 1372 3339 ab
1400 3283 1653 3354 Angelis;
1684 3282 1832 3338 dives
1856 3292 2032 3338 autem
2062 3283 2150 3339 ille

571 3387 792 3448 peccato
820 3377 1121 3432 divitiarum
1158 3390 1375 3430 suarum
1404 3374 1469 3429 ad
1502 3382 1765 3430 tormenta
1794 3374 1986 3428 missus
2025 3383 2107 3430 est
2125 3375 2151 3429 Ἰ

570 3470 630 3525 1η
663 3470 753 3524 illo
780 3483 1011 3539 paupere
1038 3466 1312 3523 humilitas
1348 3465 1659 3536 intelligitur
1688 3464 2065 3533 honoriﬁeata,
2094 3466 2151 3521 in

572 3562 666 3617 illo
693 3560 855 3616 divite
877 3560 1125 3630 superbia
1148 3558 1419 3613 damnata.
1442 3557 1683 3612 Breviter
1707 3555 1873 3628 probo
1897 3555 2017 3626 quia
2042 3570 2148 3611 non

571 3650 793 3718 divitiaa,
821 3651 916 3708 sed
942 3649 1187 3720 superbia
1219 3650 1270 3704 in
1301 3648 1389 3702 illo
1417 3647 1578 3703 divite
1604 3646 1958 3702 cruciabatur.
1989 3647 2151 3703 Certe

572 3745 662 3799 ille
690 3756 891 3815 pauper
934 3743 986 3799 in
1024 3743 1198 3799 sinum
1237 3740 1467 3798 Abraba:
1514 3740 1751 3794 sublatus
1790 3738 1998 3794 est:de
2037 3739 2151 3809 ipso

550 3835 840 3897 Abraham
876 3834 1006 3891 dicit
1044 3833 1315 3904 Scriptura
1353 3831 1476 3902 quia
1502 3830 1727 3885 habebat
1753 3829 1839 3884 hic
1868 3829 2149 3899 plurimum

570 3929 686 3983 auri
712 3936 767 3984 et
789 3928 1017 3998 argenti,
1045 3935 1097 3982 et
1121 3926 1272 3982 dives
1297 3924 1392 3979 fuit
1417 3925 1468 3978 in
1498 3932 1638 3979 terra
1666 3920 1815 3996 (Gen.
1842 3937 1953 3989 xm,
1983 3920 2061 3993 2).
2091 3921 2149 3977 Si

570 4023 660 4092 qui
686 4021 834 4076 dives
863 4030 944 4077 est
963 4061 979 4087 ,
1024 4020 1089 4075 ad
1119 4027 1380 4074 tormenta
1424 4016 1656 4086 rapitur;
1684 4014 1951 4085 quomodo
1976 4014 2151 4069 Abra-

570 4111 696 4167 ham
742 4118 1084 4181 praecesserat
1124 4123 1439 4179 pauperem,
1492 4113 1549 4161 nt
1600 4106 1831 4160 ablatum
1880 4105 1932 4160 in
1976 4106 2152 4162 sinum

572 4218 729 4258 suum
758 4201 1091 4271 susciperet?
1119 4200 1225 4257 Sed
1256 4209 1371 4255 erat
1411 4197 1679 4253 Abraham
1719 4197 1771 4250 in
1799 4196 1995 4251 divitiis
2027 4213 2155 4266 pau-

573 4308 691 4362 per,
723 4292 960 4357 humilis,
991 4300 1224 4347 tremens
1246 4290 1423 4346 omnia
1448 4296 1735 4359 prmeepta,
1761 4296 1817 4342 et
1838 4288 2149 4342 obaudicns.

574 4383 754 4453 Usque
781 4381 915 4439 adeo
942 4390 1119 4437 autem
1157 4396 1253 4451 pro
1283 4380 1452 4435 nihilo
1482 4377 1710 4433 habebat
1749 4377 1867 4432 illas
1903 4377 2112 4432 divitias
2133 4420 2151 4446 ,

576 4485 635 4533 ιιι
656 4475 835 4544 jussus
856 4488 888 4527 a
918 4473 1144 4529 Domino
1175 4472 1339 4527 ﬁlium
1366 4486 1520 4525 suum
1548 4468 1846 4523 immolaret
1871 4468 1889 4539 (
1906 4468 1991 4522 Id.
2021 4485 2152 4537 xxn,

576 4568 666 4638 ω)
688 4609 704 4634 ,
749 4567 834 4621 cui
862 4565 1109 4622 servabat
1146 4564 1376 4622 divitias.
1407 4563 1601 4617 Discite
1637 4577 1762 4632 ergo
1799 4576 1919 4617 esse
1966 4562 2154 4632 inopes

573 4672 629 4714 et
660 4674 950 4730 pauperes;
980 4659 1093 4715 sive
1120 4658 1207 4729 qui
1251 4655 1461 4713 habetis
1500 4654 1697 4726 aliquid
1726 4656 1777 4709 in
1804 4654 1906 4709 isto
1930 4655 2148 4725 saeculo,

574 4754 689 4809 sive
713 4754 803 4824 qui
840 4768 949 4807 non
990 4751 1213 4807 habetis.
1254 4750 1385 4806 Nam
1424 4758 1480 4804 et
1525 4748 1793 4803 hominem
1847 4748 2151 4804 mendicum

576 4848 781 4904 invenis
807 4847 1224 4917 superbientem,
1253 4854 1309 4900 et
1334 4844 1605 4899 hominem
1634 4841 1914 4896 habentem
1942 4841 2153 4898 divitias

575 4939 783 4996 invenis
811 4938 1177 4994 confitentem.
1206 4934 1427 4991 Resistit
1458 4933 1600 4988 Deus
1627 4932 1889 5002 superbis,
1919 4940 1973 4986 et
2001 4930 2154 4986 holo-

575 5030 816 5087 sericatis
859 5038 914 5084 et
961 5023 1561 5098 pannosisﬂmmilibus
1608 5032 1785 5077 autem
1815 5020 1905 5076 dat
1930 5021 2150 5091 gratiam

574 5122 781 5191 (Jacobi
824 5136 897 5181 tv,
945 5120 1025 5189 6),
1070 5128 1123 5174 et
1169 5116 1486 5172 habentibus
1532 5114 1760 5183 aliquam
1805 5112 2151 5170 substantiam

577 5213 734 5282 hujus
754 5212 931 5266 szeculi
954 5218 1009 5266 et
1032 5225 1137 5265 non
1163 5208 1504 5264 habentibus.
1534 5206 1756 5262 Interior
1782 5206 2048 5275 inspector
2072 5215 2153 5259 est

577 5303 752 5367 Dens;
782 5302 851 5356 ibi
877 5300 1155 5371 appendit,
1205 5299 1274 5355 ibi
1317 5290 1582 5353 examinat
1608 5314 1622 5353 :
1648 5304 1897 5351 stateram
1927 5294 2018 5350 Dei
2048 5310 2153 5349 non

578 5391 757 5455 vides;
803 5391 1053 5462 cogitatio
1098 5400 1185 5446 tua
1231 5389 1282 5443 in
1328 5389 1469 5443 illam
1516 5387 1741 5440 levatur.
1796 5384 1982 5440 Videte
2031 5385 2153 5453 quia

580 5480 827 5534 meritum
872 5478 1226 5534 exauditionis
1249 5492 1359 5533 sum
1377 5518 1391 5543 ,
1427 5476 1477 5531 id
1501 5485 1583 5531 est
1601 5517 1615 5542 ,
1648 5490 1753 5544 quo
1779 5472 2152 5539 exaudiretur,

578 5573 631 5628 in
659 5587 725 5628 eo
753 5572 929 5641 posuit
965 5580 1028 5627 ut
1062 5572 1285 5637 diceret,
1322 5569 1578 5637 Quoniam
1607 5583 1790 5639 egenus
1825 5576 1871 5620 et
1894 5566 2040 5635 inops
2066 5580 2155 5634 ego

576 5681 709 5721 sum.
746 5664 983 5720 Observa
1017 5680 1085 5719 ne
1118 5680 1224 5718 non
1249 5665 1324 5719 sis
1351 5675 1552 5732 egenus
1574 5669 1628 5714 et
1654 5660 1805 5727 inOps
1830 5675 1842 5711 :
1863 5658 1909 5712 sl
1938 5672 2043 5712 non
2071 5655 2155 5709 fu-
2206 5702 2209 5703 ν

642 5802 658 5834 ι
686 5802 759 5856 sic
778 5800 958 5863 aliquot
977 5807 1083 5853 uss.
1109 5799 1221 5850 uid.
1248 5811 1382 5859 vero,
1402 5803 1486 5847 aut
1510 5806 1619 5846 cum
1643 5790 1829 5844 iucrmn

1796 330 1856 389 Β.
1895 324 2259 390 AUGUSTINI
2300 328 2603 388 EI’ISCOPI

3703 329 3843 390 l0“

2256 446 2395 511 eris,
2425 460 2531 500 non
2557 457 2873 502 exaudiens.
2906 461 3170 515 υηιςιιμιη.
3195 464 3277 500 εει
3304 444 3446 501 eich
3479 451 3528 501 te
3566 446 3649 502 vel
3692 448 3743 502 in
3787 458 3838 503 te

2253 535 2392 591 unde
2422 538 2591 604 possis
2618 550 2957 605 prmsumere,
2988 537 3156 606 abjice
3181 551 3213 591 a
3241 544 3324 602 te;
3352 544 3460 591 tota
3485 540 3835 609 prmsumptic

2254 637 2341 681 tua
2374 628 2512 683 Deus
2537 628 2608 682 sit
2636 644 2648 681 :
2681 628 2821 683 illius
2851 628 3091 698 indigens
3116 639 3257 695 esto,
3305 638 3362 683 ut
3392 630 3507 700 ipso
3539 630 3836 701 implearts.

2252 719 2515 791 Quidquid
2536 720 2677 776 enim
2703 721 2845 776 aliud
2877 720 3127 777 habueris
3152 723 3268 777 sine
3297 722 3435 791 ipso,
3468 720 3627 776 latius
3659 721 3836 779 inanis

2252 827 2332 866 CS.

2324 905 2377 959 ι.
2406 903 2554 974 [vcrs.
2581 905 2617 959 2
2641 903 2661 977 ]
2690 904 2893 959 Custodi
2920 906 3139 960 animam
3161 922 3342 964 meam.
3367 906 3603 979 quoniam
3628 915 3835 963 sanctus

2253 1014 2384 1050 ειιιιι.
2420 997 2529 1052 line
2558 1013 2705 1063 vero,
2735 999 2970 1067 quoniam
3011 1006 3213 1051 sanctus
3255 1015 3386 1059 sum,
3432 999 3609 1053 nescio
3654 1010 3832 1052 utrum

2256 1090 2486 1159 potuerit
2510 1088 2645 1143 forte
2677 1090 2811 1144 alius
2835 1089 3050 1154 dicere,
3081 1089 3178 1143 nisi
3223 1089 3309 1144 ille
3348 1090 3434 1159 qui
3465 1090 3581 1143 sine
3614 1098 3835 1159 peccata

2254 1182 2445 1238 eratin
2477 1180 2578 1236 hoc
2606 1179 2832 1245 mundo;
2883 1188 3214 1251 peccatorum
3262 1180 3498 1234 omnimn
3542 1196 3644 1233 non
3686 1195 3838 1233 com-

2254 1275 2467 1341 missor,
2508 1273 2603 1330 sed
2649 1273 2920 1331 dimissor.
2954 1274 3306 1341 Agnoscimus
3347 1288 3532 1327 vocem
3562 1272 3793 1327 dicentis
3817 1313 3836 1339 ,

2258 1366 2505 1432 Quonim»
2530 1375 2735 1420 sanctus
2772 1381 2881 1418 sum
2901 1401 2916 1429 ,
2967 1365 3164 1419 custodi
3192 1365 3413 1418 animam
3442 1380 3600 1416 meum
3619 1380 3637 1417 :
3657 1364 3839 1434 utique

2254 1456 2421 1510 inilla
2446 1454 2615 1512 forma
2639 1456 2800 1519 servi,
2823 1470 2985 1525 quam
3009 1465 3385 1524 assumpscrat.
3418 1454 3489 1507 lbi
3516 1457 3658 1509 enim
3686 1469 3834 1519 caro,

2255 1547 2324 1601 ibi
2348 1556 2403 1601 ct
2427 1547 2622 1602 anima.
2652 1547 2831 1616 Neque
2858 1547 3001 1604 enim
3026 1587 3041 1612 ,
3089 1555 3148 1600 ut
3176 1546 3411 1601 nonnulli
3454 1546 3707 1603 dixerunt
3737 1548 3835 1617 (α),

2254 1654 2380 1693 caro
2408 1640 2518 1694 sola
2549 1649 2662 1693 erat
2692 1639 3035 1703 eLVerbnm;
3067 1637 3162 1692 sed
3192 1647 3246 1692 et
3273 1654 3427 1704 caro,
3457 1647 3514 1693 et
3538 1638 3718 1693 anima
3738 1680 3753 1703 ,
3785 1648 3840 1695 et

2254 1733 2484 1789 Verbum
2513 1752 2525 1787 :
2549 1742 2602 1787 et
2623 1743 2791 1787 Ictum
2815 1732 2915 1785 hoc
2937 1746 3072 1785 unus
3092 1730 3254 1785 Filius
3272 1730 3388 1791 Dei,
3413 1746 3548 1784 unus
3569 1729 3835 1795 Christus,

2254 1841 2390 1879 unus
2415 1825 2683 1891 Salvator;
2730 1825 2780 1879 in
2812 1824 2976 1878 forma
3011 1824 3100 1879 Dei
3132 1823 3347 1896 aequalis
3376 1822 3549 1888 Patri,
3580 1822 3630 1877 in
3664 1822 3835 1878 forma

2252 1918 2388 1971 servi
2407 1926 2561 1987 caput
2586 1916 2852 1971 Eeelesian.
2875 1914 3035 1984 Ergo,
3058 1914 3306 1981 Quoniam
3331 1925 3533 1969 sanctus
3554 1931 3685 1983 sum,
3712 1929 3836 1970 cum

2253 2008 2430 2074 audin,
2477 2023 2657 2063 v0ecm
2700 2007 2813 2076 ejus
2843 2020 3108 2076 agnoseo;
3141 2013 3193 2058 et
3236 2004 3320 2059 hic
3364 2020 3554 2074 separo
3582 2020 3757 2059 meam
3782 2007 3839 2059 ‘2

2253 2099 2411 2153 Certe
2438 2099 2856 2168 inseparabiliter
2881 2113 2915 2152 a
2938 2112 3163 2169 corpore
3189 2112 3287 2152 suo
3312 2097 3571 2167 loquitur,
3605 2114 3728 2154 cum
3756 2099 3837 2155 sic

2255 2190 2506 2261 loquitur.
2532 2190 2599 2244 Et
2618 2189 2826 2245 audebo
2846 2203 2945 2259 ego
2969 2188 3168 2252 dicere,
3189 2188 3441 2255 Quoniam
3461 2198 3667 2245 sanctus
3686 2206 3799 2244 sum
3813 2192 3842 2245 I

2255 2284 2309 2340 Si
2352 2292 2566 2339 sanetus
2609 2292 2857 2355 tanquam
2898 2280 3266 2346 sanctificans,
3314 2289 3366 2336 et
3409 2281 3555 2337 nullo
3597 2283 3841 2339 sanctiﬁ-

2253 2386 2407 2430 cante
2455 2374 2726 2443 indigens;
2772 2372 3033 2444 superbus
3060 2381 3114 2427 et
3142 2371 3369 2427 mendax
3394 2388 3405 2424 :
3430 2372 3474 2426 si
3504 2378 3678 2428 autem
3708 2387 3841 2429 san-

2252 2474 2369 2520 ctus
2416 2465 2807 2532 sanetifieatus,
2860 2461 3153 2519 secundum
3201 2462 3250 2518 id
3300 2462 3437 2533 quod
3488 2462 3686 2519 dictum
3734 2472 3840 2531 est,

2257 2557 2439 2613 Sancti
2466 2566 2617 2612 estote
2641 2597 2656 2622 ,
2692 2558 2813 2628 quia
2840 2566 2888 2611 et
2911 2573 3001 2631 ego
3025 2566 3225 2613 sanctus
3251 2572 3361 2611 sum
3393 2553 3573 2627 (Leuit.
3606 2570 3715 2624 xu,
3748 2555 3803 2627 2)
3826 2574 3842 2622 ;

2253 2651 2443 2705 audeat
2469 2660 2521 2705 et
2547 2666 2741 2718 corpus
2788 2650 3021 2715 Christi,
3060 2648 3255 2704 audeat
3291 2656 3345 2703 et
3387 2663 3525 2702 unus
3562 2648 3652 2703 ille
3678 2647 3843 2703 homo

2254 2742 2489 2798 clamans
2516 2757 2546 2795 a
2576 2740 2770 2796 finibus
2799 2750 2952 2795 terra:
2977 2739 3146 2811 (Psal.
3172 2756 3257 2805 ιι,
3277 2737 3356 2808 5),
3380 2754 3499 2792 cmn
3522 2738 3693 2808 capite
3716 2754 3841 2809 suo,

2253 2845 2301 2890 et
2334 2835 2432 2889 sub
2456 2834 2631 2905 capite
2655 2848 2753 2888 suo
2778 2833 2975 2896 dicere,
3007 2832 3260 2900 Quoniam
3288 2841 3493 2885 sanctus
3511 2848 3642 2884 sum.
3668 2830 3843 2887 Arce-

2254 2926 2331 2995 pit
2377 2926 2520 2979 enim
2569 2924 2789 2995 gratiam
2837 2924 3164 2983 sanctitatis.
3208 2929 3430 2993 gratiam
3481 2923 3731 2992 Baptismi
3785 2931 3846 2979 et

2254 3016 2585 3071 remissionis
2628 3026 2987 3086 peccatorum.
3040 3014 3101 3067 Et
3142 3014 3250 3068 Iure
3296 3013 3494 3083 quidem
3536 3013 3733 3084 fuistis,
3767 3014 3843 3069 ait

2253 3107 2560 3177 Apostolus,
2589 3121 2908 3161 cnmnerans
2936 3090 3098 3160 multa
3128 3113 3363 3175 peccata,
3392 3113 3448 3159 et
3478 3103 3607 3158 levia
3634 3114 3684 3158 et
3712 3119 3840 3173 ειη-

2253 3200 2335 3255 via
2358 3241 2371 3262 ,
2415 3208 2471 3255 et
2509 3198 2695 3252 usitata
2738 3205 2791 3252 et
2832 3195 3101 3251 horribilia
3130 3213 3143 3248 :
3172 3193 3241 3249 Et
3270 3195 3375 3248 Iuec
3400 3193 3597 3265 quidem
3631 3194 3797 3263 fuistis
3822 3211 3843 3257 ,-

2253 3291 2343 3345 sed
2364 3288 2523 3343 abluti
2548 3288 2667 3343 estis
2688 3329 2702 3352 ,
2731 3287 2820 3342 sed
2844 3286 3140 3355 sancti/irati
3167 3284 3282 3339 estis
3312 3283 3353 3350 (Ι
3385 3282 3501 3339 Cor.
3536 3298 3607 3348 Vl,
3640 3280 3750 3353 ll).
3784 3283 3845 3338 Si

2252 3396 2382 3452 ergo
2397 3380 2751 3436 sanetiiicatos
2770 3378 2918 3443 dicit,
2944 3377 3085 3433 dicat
3109 3384 3162 3432 et
3190 3374 3549 3445 unusquisque
3576 3372 3840 3439 fidelium,

2254 3475 2475 3529 Sanctus
2492 3488 2625 3527 sunt.
2655 3470 2767 3526 Non
2792 3478 2874 3526 est
2900 3470 2995 3524 ista
3019 3466 3261 3537 superbia
3291 3466 3435 3529 elati,
3459 3462 3553 3519 sed
3574 3465 3846 3522 confessio

2254 3580 2360 3620 non
2402 3563 2613 3635 ingrati.
2657 3561 2713 3619 Si
2755 3562 2896 3617 enim
2936 3558 3133 3614 dixeris
3160 3568 3210 3613 te
3239 3573 3305 3613 ex
3336 3567 3385 3613 te
3409 3572 3529 3613 esse
3556 3566 3797 3611 sanctum
3824 3598 3843 3621 ,

2252 3658 2515 3729 superbus
2536 3671 2596 3713 es
2620 3675 2632 3711 :
2656 3670 2859 3722 rursus,
2893 3653 3061 3709 fidelis
3091 3653 3141 3707 in
3171 3651 3384 3707 Christo
3403 3692 3420 3717 ,
3466 3660 3520 3707 et
3545 3651 3844 3705 membrum

2254 3750 2451 3807 Christi
2470 3789 2487 3815 ,
2521 3749 2567 3804 si
2596 3758 2647 3803 te
2675 3747 2872 3803 dixeris
2902 3763 3007 3802 non
3034 3759 3153 3801 esse
3183 3752 3423 3798 sanctum
3450 3785 3465 3810 ,
3497 3744 3729 3813 ingratus
3758 3759 3843 3798 es.

2255 3843 2500 3910 Argucns
2537 3840 2681 3896 enim
2720 3837 3021 3909 superbiam
3065 3834 3370 3907 Apostolus,
3422 3849 3526 3887 non
3568 3834 3679 3899 ait,
3722 3832 3844 3887 Non

2257 3932 2454 3996 babes;
2493 3930 2587 3986 sed
2632 3930 2734 3996 ait,
2770 3927 2907 3996 Quid
2944 3928 3076 3980 enim
3114 3925 3263 3979 liabet
3297 3924 3433 3995 quod
3474 3939 3572 3977 non
3607 3924 3845 3993 accepisti

2258 4022 2367 4093 (Id.
2409 4038 2484 4086 tv,
2508 4022 2601 4092 7)?
2624 4020 2740 4076 Non
2780 4017 3111 4090 arguebaris,
3140 4016 3259 4086 quia
3302 4014 3515 4069 dicebas
3546 4021 3597 4068 te
3642 4012 3846 4069 habere

2256 4115 2395 4186 quod
2446 4116 2585 4168 non"
2616 4112 2810 4179 habes;
2843 4111 2936 4165 sed
2964 4110 3085 4180 quia
3126 4124 3193 4163 ex
3234 4118 3287 4163 te
3327 4106 3419 4161 tibi
3465 4104 3683 4161 volebas
3719 4120 3845 4160 esse

2256 4206 2399 4277 quod
2424 4205 2607 4259 babes.
2639 4204 2747 4257 hno
2775 4212 2828 4259 et
2855 4201 3051 4256 habere
3077 4209 3128 4256 te
3154 4213 3414 4271 agnosce,
3455 4206 3509 4254 et
3537 4213 3601 4253 ex
3630 4205 3680 4253 te
3708 4198 3844 4252 nihil

2260 4298 2478 4362 habere,
2507 4306 2565 4350 ut
2608 4311 2706 4350 nec
2735 4292 2994 4364 superbus
3022 4292 3116 4358 sis,
3162 4304 3262 4345 nec
3305 4289 3564 4359 ingratus.
3609 4285 3703 4341 Dic
3733 4287 3848 4343 Deo

2262 4401 2350 4449 tuo
2374 4408 2388 4444 :
2412 4390 2640 4446 Sanctus
2668 4403 2802 4452 sum,
2827 4386 2947 4456 quia
2975 4380 3315 4438 sanetificasti
3343 4396 3460 4444 me;
3490 4378 3610 4449 quia
3636 4380 3840 4447 accepi,

2258 4500 2367 4540 nou
2391 4484 2511 4553 quia
2539 4480 2727 4546 habui;
2759 4480 2878 4548 quia
2906 4487 2960 4532 tu
2990 4474 3202 4539 dedisti,
3231 4489 3337 4528 non
3362 4472 3481 4542 quia
3512 4485 3611 4541 ego
3640 4473 3835 4525 merui.

2257 4576 2466 4633 Etenim
2496 4590 2564 4629 ex
2592 4573 2696 4627 alio
2728 4571 2891 4625 latere
2922 4567 3110 4637 incipis
3139 4565 3384 4636 injuriam
3412 4562 3586 4617 facere
3609 4560 3709 4632 ipsi
3735 4561 3846 4615 Do-

2258 4672 2403 4727 mino
2429 4677 2614 4724 nostro
2648 4665 2777 4721 Jesu
2802 4663 3038 4719 Christo.
3083 4660 3138 4714 Si
3173 4659 3316 4713 enim
3342 4654 3625 4711 Christiani
3654 4669 3848 4709 omnes

2258 4770 2313 4817 et
2337 4760 2525 4815 ﬁdeles
2547 4767 2603 4813 et
2640 4754 2887 4826 baptizati
2931 4752 2982 4805 in
3023 4750 3113 4805 illo
3142 4751 3313 4819 ipsum
3356 4746 3671 4808 induerunt,
3703 4744 3849 4799 sicut

2256 4852 2544 4924 ApOStolus
2581 4849 2743 4914 dicit,
2796 4847 3047 4916 Quotquot
3084 4844 3137 4898 in
3176 4841 3376 4897 Christo
3417 4839 3656 4909 baptizati
3688 4839 3807 4892 estis
3831 4881 3844 4901 ,

2258 4946 2513 5003 Christum
2559 4943 2791 4999 induistis
2834 4939 3027 5010 (Gatat.
3075 4952 3163 5003 ιιι,
3193 4936 3315 5005 27);
3365 4933 3409 4988 si
3439 4934 3673 4988 membra
3719 4942 3849 4985 sunt

2257 5035 2384 5091 facti
2420 5032 2661 5105 corporis
2699 5032 2851 5100 ejus,
2890 5037 2943 5082 et
2986 5027 3171 5081 dicunt
3212 5039 3271 5078 se
3317 5032 3497 5077 saneta
3543 5036 3646 5074 non
3691 5036 3846 5085 esst-,

2257 5129 2417 5199 capiti
2460 5127 2559 5198 ipsi
2605 5124 2803 5178 faciunt
2852 5119 3132 5189 injuriam,
3179 5116 3332 5187 cujus
3377 5112 3612 5169 membra
3660 5122 3850 5167 saneta

2259 5238 2365 5277 non
2394 5228 2517 5274 sunt
2535 5218 2576 5271 ³.
2604 5216 2721 5272 Jam
2752 5213 2870 5268 vide
2900 5212 2985 5266 ubi
3016 5212 3117 5276 sis,
3162 5218 3218 5263 et
3250 5207 3317 5263 de
3344 5204 3518 5275 capite
3550 5214 3638 5259 tuo
3669 5204 3850 5273 digni-

2260 5319 2421 5366 tatem
2449 5322 2600 5377 cape.
2629 5306 2837 5360 Etenim
2862 5318 2982 5357 cras
3012 5300 3065 5355 in
3107 5296 3372 5364 tenebris,
3403 5313 3536 5350 nunc
3560 5306 3723 5348 autent
3756 5292 3853 5349 tua:

2261 5404 2315 5458 in
2342 5401 2577 5457 Domino.
2611 5396 2825 5461 Fuistis,
2854 5392 3044 5463 inquit,
3072 5389 3346 5462 aliquando
3381 5386 3593 5441 tenebra:
3622 5383 3857 5457 (Pp/tes.

2329 5599 2345 5631 ι
2373 5596 2697 5657 ηεᾳὶιιδιιεεη
2731 5602 2901 5657 separo
2915 5601 2990 5639 me
3007 5587 3067 5637 ab
3087 5600 3146 5657 ea
3161 5584 3186 5636 ?

2330 5661 2349 5690 ¹
2371 5647 2619 5711 Ρθιῖὶἰειιιίι,
2642 5647 2753 5704 non.
2768 5647 2910 5701 abest
2931 5665 2958 5699 a
2976 5651 3160 5710 nemig.
3186 5647 3349 5710 probae
3372 5651 3501 5693 noue
3518 5648 3600 5692 Is.

2330 5721 2351 5752 ³
2372 5720 2444 5768 sic
2468 5723 2540 5764 Er.
2567 5723 2618 5764 et
2632 5713 2863 5763 meliores
2883 5720 2990 5763 Mss.
3017 5720 3069 5762 At
3090 5719 3221 5770 l.ov.,
3248 5714 3413 5758 sancta
3433 5712 3561 5758 sunt.

2328 5782 2401 5843 (ιι)
2429 5778 2786 5841 Apollinarisue.
