4084 6476
302 377 438 432 1033

299 503 348 545 τ.
379 488 473 555 8);
514 488 612 544 sed
655 472 926 561 numquid
960 472 1193 546 tenebrae
1235 491 1565 546 remansistis
1590 492 1616 546 ?
1659 492 1739 548 Ad
1783 493 1884 550 hoc

298 582 627 636 illuminator
650 582 832 647 venit,
874 590 934 638 ut
961 591 1013 638 et
1040 581 1273 638 tenebrtc
1315 584 1664 639 remaneretis
1687 627 1702 652 ,
1734 601 1800 640 an
1828 593 1889 642 ut

296 676 348 730 in
392 675 488 730 illo
529 676 620 731 lux
655 673 894 732 fleretis?
924 678 1064 748 Ergo
1090 676 1234 733 dicat
1258 685 1312 732 et
1341 679 1702 750 unusquisque
1743 679 1887 735 chri-

296 767 533 833 stianos,
587 767 694 822 into
739 763 884 823 dicat
932 775 1100 822 totum
1153 781 1346 838 corpus
1401 767 1638 834 Christi,
1689 769 1888 824 chunet

295 857 495 928 ubique
521 858 729 926 patiens
758 858 1127 913 tribulationes
1151 901 1165 924 ,
1214 857 1458 914 diversas
1489 859 1807 915 tentationes
1833 867 1889 916 et

293 949 548 1004 scandala
577 950 1013 1013 innumerabilia;
1035 949 1194 1016 dicat,
1224 949 1434 1004 Custodi
1458 952 1680 1004 annnam
1701 968 1888 1019 meam,

292 1040 539 1109 quoniam
576 1050 779 1094 sanctus
827 1055 940 1094 sum
962 1043 1191 1096 :salvum
1219 1042 1302 1111 [ac
1330 1057 1526 1096 servum
1556 1053 1716 1106 tnnm,
1750 1042 1889 1098 Deus

294 1146 458 1196 tuens,
489 1141 772 1202 sperantem
802 1132 853 1186 in
897 1141 960 1186 te.
993 1132 1132 1188 Ecce
1173 1133 1263 1190 ille
1309 1144 1526 1189 sanctus
1549 1150 1662 1189 non
1682 1143 1765 1190 est
1793 1150 1887 1190 su»-

294 1221 520 1289 perbns,
551 1220 673 1291 quia
703 1231 885 1292 sperat
907 1222 957 1276 in
987 1222 1232 1278 Domino.

365 1311 424 1364 5.
456 1307 609 1383 [vers.
641 1310 721 1383 3.]
753 1311 993 1366 Miserere
1018 1315 1135 1380 mei,
1181 1313 1427 1380 Domine,
1469 1316 1706 1387 quoniam
1736 1317 1812 1371 at!
1843 1327 1896 1374 te

294 1402 514 1456 clamavi
547 1412 652 1458 tota
678 1402 918 1459 diunon
943 1419 1043 1460 una
1069 1405 1178 1462 die.
1201 1406 1329 1462 Tota
1354 1407 1454 1471 die.
1478 1411 1620 1463 omni
1650 1418 1894 1481 tempore

299 1493 541 1565 intellige
564 1511 578 1551 :
601 1509 666 1552 ex
694 1511 804 1568 quo
824 1506 1019 1569 corpus
1053 1497 1255 1555 Christi
1278 1500 1444 1570 gemit
1483 1500 1536 1555 in
1586 1503 1848 1572 pressuris
1869 1545 1890 1571 ,

293 1601 470 1657 usque
495 1585 549 1641 in
571 1587 733 1643 tinem
759 1589 936 1644 saeculi
966 1604 1072 1661 quo
1094 1600 1366 1647 transeunt
1387 1607 1649 1663 pressura:
1669 1636 1684 1661 ,
1727 1597 1891 1667 gemit

296 1677 400 1732 iste
444 1677 638 1744 imo,
665 1685 722 1733 et
755 1678 950 1735 clamat
992 1681 1056 1735 ad
1090 1681 1287 1749 Deum;
1329 1692 1381 1738 et
1406 1684 1765 1756 unusquisque
1795 1701 1891 1743 no-

293 1776 470 1822 strum
497 1769 841 1838 proportione
872 1767 1030 1826 habet
1065 1771 1353 1830 clamorem
1385 1788 1538 1830 suum
1567 1776 1618 1830 in
1650 1785 1759 1830 toto
1788 1777 1890 1832 isto

293 1873 548 1928 corpore.
580 1860 830 1916 Clamasti
859 1872 913 1916 tu
954 1863 1140 1919 diebus
1170 1864 1301 1930 tuis,
1343 1875 1396 1920 et
1425 1867 1746 1922 transierunt
1774 1867 1889 1924 dies

296 1953 403 2017 tui;
434 1953 692 2008 successit
717 1955 809 2009 tibi
836 1955 992 2023 alius,
1015 1967 1068 2012 ct
1093 1957 1342 2013 clamavit
1370 1959 1558 2014 diebus
1585 1961 1727 2026 suis;
1758 1970 1812 2016 et
1833 1969 1885 2016 tu

298 2041 406 2106 hic,
441 2043 530 2099 ille
561 2043 651 2110 ibi,
682 2046 772 2101 ille
797 2046 924 2100 alibi
950 2064 965 2101 :
995 2063 1187 2118 corpus
1206 2048 1403 2104 Christi
1431 2060 1536 2106 tota
1560 2051 1646 2106 die
1668 2053 1884 2119 clamat,

295 2134 398 2189 sibi
444 2133 827 2192 decedentibus
866 2147 921 2193 et
963 2138 1374 2196 succedentibus
1419 2142 1690 2196 membris.
1741 2141 1893 2199 Unus

297 2223 462 2279 homo
491 2242 660 2296 usque
687 2227 742 2282 in
769 2227 927 2284 tinem
955 2231 1133 2285 saeculi
1157 2231 1492 2286 extenditur:
1514 2232 1696 2288 eadem
1721 2249 1887 2288 mem-

297 2315 392 2370 l:ra
415 2316 613 2372 Christi
653 2319 918 2386 clamant,
950 2330 1004 2375 et
1031 2319 1275 2391 quaedam
1303 2322 1541 2377 membra
1564 2324 1674 2392 jam
1704 2322 1757 2379 in
1795 2323 1889 2381 illo

296 2411 660 2480 requiescunt,
689 2411 934 2484 quadam
976 2413 1138 2470 modo
1168 2414 1431 2482 clamant,
1480 2416 1722 2484 quat-dam
1759 2433 1890 2473 vero

297 2517 420 2556 cum
451 2503 550 2572 ipsi
590 2519 690 2560 nos
716 2505 1134 2576 requieverimus
1176 2505 1515 2575 clamabunt,
1559 2515 1614 2562 et
1649 2517 1767 2577 post
1800 2507 1888 2564 illa

297 2593 400 2646 alia
439 2594 764 2650 clamabunt.
811 2596 998 2653 Totius
1037 2598 1277 2669 corporis
1314 2598 1510 2654 Christi
1544 2600 1628 2657 hic
1665 2599 1888 2658 attendit

297 2701 508 2753 vocem,
539 2687 762 2744 dicentis
782 2706 798 2742 τ
816 2689 897 2744 Ad
925 2700 974 2745 te
1001 2692 1212 2746 clamavi
1240 2699 1344 2746 tota
1387 2693 1486 2748 die.
1512 2692 1686 2764 Caput
1711 2703 1888 2751 autem

297 2785 543 2833 nostrum
589 2779 656 2835 ad
703 2779 978 2837 dexteram
1026 2783 1197 2838 Patris
1246 2784 1548 2854 interpellat
1593 2797 1688 2856 pro
1731 2785 1886 2842 nobis

301 2867 478 2939 (Rom.
507 2886 628 2934 vin,
657 2870 748 2944 δι)
775 2873 915 2928 :alia
945 2874 1183 2928 membra
1213 2874 1428 2945 recipit,
1473 2875 1574 2930 alia
1614 2874 1842 2948 ﬂagellat
1861 2919 1878 2944 ,

295 2959 401 3013 alia
438 2961 680 3026 mundat,
719 2963 822 3016 alia
852 2964 1191 3031 consolatur,
1219 2964 1320 3019 alia
1363 2975 1529 3033 creat,
1573 2968 1674 3022 alia
1711 2980 1886 3037 vocat,

295 3051 400 3104 alia
417 3063 652 3117 revocat,
676 3055 778 3108 alia
805 3057 1038 3127 corrigit,
1061 3057 1162 3112 alia
1182 3057 1526 3129 redintegrat.

368 3142 424 3196 6.
453 3141 607 3214 [νας.
644 3144 724 3217 4.]
752 3146 992 3200 Iucunda
1019 3149 1241 3202 animant
1279 3153 1406 3204 servi
1431 3151 1536 3218 lui;
1560 3153 1799 3223 quoniam
1822 3154 1891 3210 ad

296 3242 385 3300 te,
413 3231 648 3300 Domine,
672 3237 827 3292 levavi
864 3239 1086 3292 animant
1111 3256 1290 3294 meam.
1316 3241 1555 3298 Jucunda
1583 3259 1700 3300 eam
1719 3286 1736 3314 ,
1766 3247 1889 3318 quia

297 3323 466 3380 levavi
483 3325 549 3380 ad
565 3335 621 3382 te
637 3341 774 3382 eam.
798 3329 851 3383 In
869 3338 1010 3386 terra
1029 3331 1168 3386 enim
1184 3342 1320 3401 erat,
1339 3342 1394 3390 et
1411 3335 1461 3389 in
1480 3344 1620 3391 terra
1637 3337 1891 3394 amaritu-

296 3415 480 3472 dinem
517 3421 818 3476 sentiebat:
847 3439 918 3479 ne
964 3424 1016 3478 in
1059 3427 1413 3484 amaritudine
1453 3429 1883 3498 contabesceret,

296 3525 366 3565 ne
407 3527 623 3570 omnem
663 3524 770 3572 tua:
798 3519 983 3589 gratia:
1022 3521 1337 3578 suavitatem
1375 3525 1675 3594 amitteret,
1715 3527 1891 3585 levavi

297 3617 418 3656 eam
445 3605 514 3659 ad
546 3615 626 3671 te;
655 3607 887 3676 jucunda
933 3625 1050 3666 eam
1093 3613 1232 3684 apud
1276 3621 1350 3670 te.
1381 3615 1538 3672 Solus
1564 3619 1707 3674 enim
1747 3628 1801 3675 tu
1828 3636 1888 3677 es

293 3695 604 3766 jucunditas
638 3717 652 3753 :
682 3703 1037 3760 amaritudine
1076 3705 1266 3776 plenus
1308 3715 1392 3763 est
1432 3709 1680 3767 mundus.
1729 3709 1888 3770 Certe

296 3797 445 3843 recte
472 3787 725 3846 admonet
759 3793 1000 3849 membra
1033 3810 1126 3850 sua
1161 3803 1222 3851 ut
1262 3812 1473 3852 sursum
1512 3813 1608 3854 cor
1636 3799 1883 3857 habeant.

297 3877 532 3933 Audiam
557 3893 708 3951 ergo,
748 3891 802 3936 et
830 3882 1056 3950 faciant;
1102 3886 1276 3942 levent
1304 3887 1370 3942 ad
1401 3887 1547 3944 illum
1577 3891 1718 3960 quod
1748 3893 1886 3948 male

298 3981 380 4024 est
405 3972 460 4026 in
488 3982 647 4028 terra.
677 3974 750 4030 lbi
779 3977 923 4031 enim
954 3993 1058 4033 non
1089 3979 1341 4049 putrescit
1369 3995 1482 4046 cor,
1515 3981 1559 4036 si
1587 3981 1792 4039 levetur
1816 3984 1884 4040 ad

297 4061 466 4118 Deum
490 4066 530 4117 ³.
572 4065 918 4123 Frumentum
959 4070 1004 4124 si
1044 4069 1271 4127 haberes
1312 4071 1364 4126 in
1404 4070 1778 4142 inferioribus,
1819 4091 1887 4132 ne

297 4166 652 4224 putresceret,
682 4161 888 4217 levares
915 4163 981 4217 ad
1009 4164 1306 4234 superiora.
1335 4164 1629 4222 Frumento
1651 4177 1886 4225 mutares

298 4245 499 4314 locum,
528 4258 580 4304 et
607 4264 701 4304 cor
727 4252 987 4321 permittis
1017 4255 1068 4308 in
1093 4265 1230 4309 terra
1259 4255 1598 4324 putrescere?
1626 4255 1886 4312 Frumen.

299 4345 410 4391 tmn
452 4337 665 4394 levares
709 4341 761 4395 in
810 4343 1120 4415 superiora;
1163 4359 1258 4400 cor
1300 4345 1414 4401 leva
1467 4346 1519 4402 in
1564 4348 1781 4404 malum.
1818 4349 1887 4404 Et

298 4427 462 4492 unde,
495 4429 689 4499 inquis,
715 4433 968 4500 possum?
987 4432 1086 4502 Qui
1116 4433 1288 4501 funes,
1315 4451 1434 4506 quze
1462 4437 1742 4506 machinae,
1765 4455 1885 4510 qua:

296 4517 457 4572 scala:
482 4531 617 4588 opus
645 4521 799 4578 sunt?
833 4522 1070 4589 Gradus,
1114 4524 1336 4580 affectus
1369 4536 1525 4593 sunt;
1565 4528 1666 4583 iter
1695 4537 1841 4584 tuum
1865 4570 1883 4597 ,

296 4608 548 4662 voluntas
579 4621 669 4664 tua
697 4619 799 4667 est.
843 4616 1086 4670 Amando
1114 4617 1391 4684 ascendis,
1438 4619 1754 4689 ncgligendo
1791 4619 1888 4676 de-

296 4701 531 4754 scentlis.
562 4700 720 4758 Stans
749 4706 798 4758 in
831 4717 968 4762 terra
988 4750 1002 4773 ,
1035 4709 1084 4761 in
1110 4710 1248 4763 caelo
1272 4724 1362 4774 es,
1402 4711 1444 4764 si
1474 4711 1661 4781 diligas
1689 4711 1880 4767 Deum.

296 4792 415 4847 N-rn
444 4794 586 4848 enim
615 4798 692 4851 sic
720 4797 927 4853 levatur
949 4816 1044 4854 cor
1064 4842 1079 4866 ,
1125 4802 1393 4872 quomodo
1420 4802 1623 4858 levatur
1649 4819 1840 4876 COI'pllS
1865 4823 1880 4860 :

295 4901 492 4954 corpus
521 4897 576 4941 ut
604 4889 828 4954 levetur,
858 4891 1032 4945 locum
1061 4900 1259 4958 mutat;
1298 4907 1396 4948 cor
1419 4902 1474 4947 ut
1498 4895 1704 4950 levetur
1725 4937 1740 4959 ,
1784 4911 1880 4952 vo-

296 4980 553 5037 luntatem
580 4992 770 5038 mutat.
807 4984 1058 5052 Quoniam
1087 4985 1155 5039 ad
1197 4996 1276 5053 te,
1310 4985 1544 5055 Domine,
1577 4989 1737 5043 let-avi
1765 4990 1881 5044 ani-

202 5084 208 5092 ’
298 5090 430 5126 tuam
460 5091 622 5127 meam
630 5114 644 5129 .

363 5167 418 5222 7.
446 5165 596 5238 [θεῖε.
626 5165 704 5240 5.]
730 5168 860 5235 Quia
888 5177 962 5235 tu,
983 5166 1214 5232 Domine,
1242 5169 1408 5224 suavis
1429 5185 1481 5222 es
1500 5184 1562 5223 ac
1583 5171 1734 5223 mltis.
1758 5169 1884 5226 Ideo

289 5259 546 5328 jucunda.
605 5260 878 5332 Tanquam
931 5261 1089 5317 ιπξάἰο
1139 5262 1360 5318 allectus
1407 5277 1472 5317 ex
1523 5263 1882 5321 amaritudine

292 5363 626 5409 terrenarum
650 5355 906 5412 indulcari
935 5356 1118 5422 voluit,
1151 5366 1204 5413 ct
1223 5356 1466 5428 quaesivit
1487 5356 1680 5412 fontem
1703 5356 1883 5412 dulce-

288 5443 430 5501 diuis
453 5486 470 5512 ,
523 5455 578 5502 et
616 5448 666 5502 in
710 5458 848 5503 terra
880 5466 983 5504 non
1027 5451 1245 5506 invenit.
1282 5442 1626 5522 Quacumque
1651 5449 1790 5505 enim
1822 5467 1881 5507 se

289 5539 559 5606 vertebat,
583 5541 855 5608 scandala,
885 5542 1124 5609 timores,
1149 5543 1533 5608 tribulationes,
1560 5541 1881 5598 tentalinnes

290 5629 622 5686 inveniebat.
649 5632 704 5687 In
729 5649 836 5704 quo
867 5633 1082 5688 homine
1123 5633 1414 5689 securitas?
1440 5634 1508 5690 de
1537 5650 1642 5705 quo
1671 5644 1877 5692 certum

291 5788 374 5900 οὲ
399 5785 589 5850 sinuet
613 5793 738 5838 uss:
770 5787 839 5839 lbi
879 5787 1005 5840 enim
1040 5787 1267 5853 mttreecit
1287 5802 1386 5851 cor,
1410 5789 1458 5842 si
1482 5802 1578 5842 non
1611 5789 1788 5844 (eretur
1811 5791 1878 5846 ad

358 5863 456 5900 dm.

358 5863 456 5900 ιιέιι.

1350 375 1745 434 ENARRATR)
1784 379 1852 434 IN
1888 381 2207 444 PSALSIUM
2245 390 2504 449 LXXXV.

3441 407 3578 464 {086

1999 502 2285 592 gaudium?
2323 507 2432 564 Nec
2460 509 2527 566 de
2555 524 2613 568 se
2640 510 2756 582 ipso
2784 515 2998 586 utique;
3040 525 3240 588 quanto
3275 525 3474 592 magis‘
3507 521 3575 580 de

1995 591 2140 649 alio?
2162 597 2264 651 Aut
2291 599 2413 655 mali
2442 614 2585 668 sunt,
2619 613 2672 660 et
2709 622 2930 662 necesse
2957 619 3041 663 est
3064 624 3156 665 cos
3183 611 3288 681 pati
3308 653 3324 677 ,
3369 591 3423 666 et
3453 627 3575 682 tpe~

1994 699 2116 741 rare
2143 687 2260 756 quia
2290 693 2479 746 mutari
2508 706 2761 765 possunt;
2790 708 2880 754 aut
2920 699 3046 756 boni
3075 712 3228 770 sunt,
3269 713 3326 758 et
3360 704 3438 760 sic
3483 721 3578 762 eos

1995 787 2204 846 Oportet
2243 779 2494 851 diligere,
2530 793 2586 839 ut
2613 787 2892 845 timeamus
2920 792 3066 860 (quia
3096 803 3316 862 possunt
3355 797 3573 870 mutari)

1995 883 2063 923 ne
2104 871 2224 926 mali
2266 872 2504 930 sintzibi
2549 879 2748 936 malitia
2791 897 2974 938 eorum
3006 883 3131 942 facit
3159 889 3572 946 amaritudinem

1995 959 2216 1027 anima};
2249 961 2333 1017 hic
2363 964 2661 1022 sollicitudo
2691 980 2744 1025 ct
2775 973 2950 1038 timor,
2985 993 3050 1030 ne
3081 977 3287 1033 labatur
3316 981 3405 1050 qui
3441 981 3577 1038 bene

1993 1052 2248 1108 ambulat.
2283 1054 2629 1128 Quocmnquc
2654 1076 2782 1130 ergo
2810 1081 2868 1120 se
2888 1071 3234 1135 converterit,
3268 1073 3319 1127 in
3350 1064 3578 1132 terrenis

1995 1143 2154 1199 rebus
2205 1149 2613 1206 amaritudinem
2663 1151 2898 1222 invenit;
2957 1158 3096 1214 unde
3148 1161 3418 1221 dulcescat
3467 1181 3578 1222 non

1996 1237 2184 1308 habet,
2215 1242 2314 1298 nisi
2341 1243 2480 1300 levet
2517 1262 2576 1301 se
2600 1245 2667 1302 ad
2699 1247 2885 1327 Deum.
2917 1251 3164 1319 Quoniam
3200 1266 3252 1310 tu
3273 1300 3288 1325 ,
3329 1258 3592 1327 Domine,

1994 1332 2160 1388 suavis
2206 1343 2252 1388 et
2297 1334 2450 1392 milis.
2493 1339 2628 1405 Quid
2658 1333 2750 1397 est
2770 1343 2942 1398 mitis?
2967 1345 3193 1402 Portans
3235 1367 3353 1417 me,
3404 1351 3576 1408 donec

1996 1423 2241 1491 pc-riicias
2267 1441 2373 1482 me.
2400 1427 2538 1485 Vere
2565 1432 2732 1498 enim,
2758 1431 2954 1490 fratres
2971 1437 3100 1502 mei,
3124 1438 3294 1494 dicant
3328 1452 3576 1514 tanquam

1995 1511 2158 1569 homo
2178 1516 2229 1572 in
2258 1516 2586 1590 hominibus,
2618 1530 2670 1578 ei.
2692 1539 2760 1580 ex
2788 1523 3090 1582 hominibus
3115 1547 3127 1582 :
3154 1529 3286 1588 lerat
3304 1533 3330 1563 ⁸
3352 1511 3578 1603 quisque

1994 1620 2090 1660 cor
2118 1622 2309 1675 suum,
2349 1621 2402 1665 et
2445 1611 2712 1670 intueatur
2756 1631 2816 1672 se
2857 1616 2974 1672 sine
3018 1617 3356 1690 adulatione,
3383 1633 3437 1678 et
3461 1624 3580 1691 sine

1997 1701 2320 1772 palpatione.
2375 1701 2518 1760 Nihil
2568 1717 2651 1764 est
2715 1710 2856 1764 enim
2910 1711 3126 1768 stultius
3171 1730 3334 1786 quam
3386 1724 3444 1770 ut
3497 1733 3583 1773 sc-

1994 1792 2164 1862 ipsum
2187 1794 2409 1866 quisque
2432 1797 2610 1869 palpet
2633 1809 2793 1872 atque
2821 1801 3057 1859 sedncat.
3081 1805 3334 1862 Attendat
3371 1823 3500 1880 ergo
3525 1819 3580 1866 et

1995 1882 2172 1940 videat
2200 1897 2394 1958 quanta
2420 1901 2647 1960 aguntur
2685 1891 2736 1948 in
2757 1895 2918 1951 corde
2958 1895 3584 1969 humano;qucmadmo—

1993 1973 2116 2028 dum
2154 1976 2282 2046 ipsa:
2311 1978 2620 2052 plerumque
2649 1985 2916 2040 orationes
2940 1987 3294 2057 impediantur
3318 1993 3466 2048 vanis
3490 2007 3583 2050 co-

1991 2067 2352 2137 gitationibus,
2383 2071 2451 2126 ita
2473 2081 2530 2127 ut
2551 2074 2633 2128 vix
2656 2085 2762 2132 stet
2785 2092 2878 2133 cor
2898 2079 2962 2133 ad
2994 2080 3155 2136 Deum
3182 2097 3368 2136 suum:
3393 2093 3445 2137 et
3470 2085 3584 2140 vult

1992 2171 2050 2212 se
2082 2167 2261 2216 tenere
2291 2171 2346 2216 ut
2374 2171 2498 2231 stet,
2530 2174 2584 2220 ct
2623 2168 3016 2238 quodammodo
3043 2170 3174 2244 fugit
3200 2189 3228 2228 a
3257 2189 3334 2240 se,
3370 2192 3467 2232 nec
3496 2177 3581 2230 in-

1992 2250 2136 2304 venit
2157 2251 2421 2308 cancellos
2446 2256 2636 2326 quibus
2661 2273 2720 2312 se
2739 2259 2991 2326 includat,
3009 2273 3099 2318 aut
3118 2263 3298 2320 obices
3321 2267 3582 2336 quosdam

1990 2343 2185 2412 quibus
2236 2345 2461 2402 retineat
2504 2347 2830 2407 avolationes
2865 2367 2989 2408 suas
3031 2362 3087 2410 et
3125 2371 3285 2427 vagos
3323 2357 3580 2434 quosdam

1993 2445 2192 2504 motus,
2222 2447 2277 2493 et
2303 2448 2407 2494 stet
2426 2436 2711 2510 jucundari
2736 2459 2767 2499 a
2797 2445 2906 2502 Deo
2935 2461 3052 2503 suo.
3083 2449 3179 2506 Vix
3207 2459 3290 2506 est
3311 2460 3368 2506 ut
3391 2466 3583 2509 occur-

1993 2540 2075 2584 rat
2103 2531 2226 2588 talis
2250 2533 2422 2589 oratio
2452 2535 2592 2592 inter
2620 2537 2816 2594 multas
2845 2541 3132 2597 orationes.
3174 2542 3383 2598 Diceret
3413 2560 3580 2600 unus-

1993 2622 2186 2693 quique
2212 2623 2310 2679 sibi
2338 2625 2672 2696 contingere,
2699 2637 2754 2684 et
2781 2630 2932 2687 alteri
2958 2647 3065 2695 non
3104 2634 3430 2704 contingere,
3478 2636 3581 2692 nisi

1993 2715 2352 2775 inveniremus
2386 2718 2439 2774 in
2467 2718 2756 2791 Scripturis
2783 2723 2870 2780 Dei
2895 2725 3062 2780 David
3082 2737 3321 2782 orantem
3350 2729 3581 2800 quodam

1993 2809 2045 2865 in
2095 2811 2232 2878 loco,
2274 2822 2328 2870 et
2363 2814 2628 2872 dicentem
2667 2815 2976 2882 :Quoniam
3004 2818 3188 2882 inveni,
3219 2818 3454 2888 Domine,
3495 2837 3583 2876 cor

1992 2919 2179 2972 meum,
2212 2914 2264 2959 ut
2307 2922 2506 2963 orarem
2533 2908 2601 2962 ad
2621 2918 2667 2964 te
2709 2906 2777 2982 (Π
2803 2907 2931 2981 Reg.
2975 2923 3060 2974 vn,
3107 2908 3222 2979 27).
3250 2909 3492 2967 Invenire
3523 2927 3583 2968 se

1992 2995 2126 3051 dixit
2153 3012 2248 3054 cor
2275 3014 2453 3066 suum,
2492 3002 2640 3072 quasi
2667 3003 2865 3060 soleret
2889 3003 2957 3058 ab
2985 3020 3050 3060 eo
3071 3000 3271 3077 fugere,
3301 3014 3353 3064 et
3381 3005 3470 3063 ille
3491 3020 3578 3061 sc-

1993 3088 2083 3158 qui
2112 3089 2264 3159 quasi
2286 3089 2580 3162 fugitivum,
2611 3104 2666 3148 et
2695 3110 2800 3149 non
2828 3110 2984 3165 posse
3011 3099 3486 3170 comprehendere,
3525 3111 3581 3158 et

1991 3179 2224 3236 clamare
2263 3182 2330 3238 ad
2383 3184 2571 3251 Deum,
2621 3185 2871 3252 Quoniam
2912 3204 3000 3243 cor
3025 3207 3187 3244 meum
3216 3191 3477 3262 dereliquit
3502 3212 3580 3248 me

1997 3271 2166 3343 (l’sal.
2196 3291 2379 3340 χχχιιι,
2408 3276 2517 3350 15).
2542 3277 2740 3350 Itaque,
2769 3279 2959 3337 fratres
2981 3282 3106 3349 mei,
3127 3284 3408 3344 attendens
3436 3289 3580 3357 quod

1993 3365 2080 3422 hic
2089 3367 2182 3432 ait,
2199 3367 2382 3424 Suavis
2395 3386 2447 3424 es
2462 3380 2514 3423 tu
2529 3380 2574 3424 et
2592 3372 2724 3426 mitis
2741 3387 2760 3436 ;
2778 3372 2962 3429 videor
2981 3374 3109 3430 mihi
3132 3375 3310 3431 videfe
3323 3377 3423 3450 hic
3435 3379 3578 3450 quod

1991 3460 2084 3527 ait,
2112 3460 2266 3516 mitis.
2295 3459 2536 3516 Iucunda
2557 3465 2782 3518 animam
2805 3467 2933 3522 servi
2961 3467 3056 3533 tui,
3083 3471 3319 3536 quoniam
3339 3472 3407 3525 ad
3429 3480 3478 3526 te
3499 3472 3577 3528 ie-

1991 3555 2100 3609 vavi
2123 3557 2344 3611 animam
2374 3575 2570 3625 meam;
2585 3563 2821 3633 quoniam
2834 3571 2890 3618 tu
2902 3566 3068 3620 suavis
3080 3575 3126 3620 et
3146 3566 3279 3621 milis
3297 3584 3349 3623 es
3364 3583 3382 3622 :
3395 3567 3580 3625 videor

1991 3647 2122 3703 mihi
2163 3648 2345 3707 videre
2372 3651 2437 3706 ad
2457 3652 2558 3708 hoc
2584 3653 2784 3710 dixisse
2809 3656 2992 3712 mitem
3015 3657 3202 3726 Deum,
3227 3660 3351 3730 quia
3379 3662 3580 3731 patitur

1991 3741 2092 3797 ista
2122 3751 2324 3810 nostra,
2353 3752 2409 3800 et
2434 3755 2708 3816 exspectat
2732 3755 2908 3804 tamen
2933 3765 2963 3804 a
2989 3750 3144 3808 nobis
3173 3753 3489 3818 oratiOuem,
3521 3761 3579 3808 ut

1991 3833 2234 3902 perﬁciat
2257 3851 2388 3904 nos;
2415 3846 2471 3893 et
2513 3839 2728 3907 quando
2766 3840 2838 3895 illi
2864 3856 2982 3897 eam
3022 3842 3350 3910 dederimus,
3385 3845 3580 3915 accipit

1997 3933 2169 3995 grate,
2195 3937 2251 3982 et
2269 3927 2516 3996 exaudit;
2545 3947 2645 3987 nec
2669 3933 2910 3988 meminit
2934 3941 3108 3988 tantas
3137 3951 3270 4005 quas
3307 3938 3578 3995 incondito

1990 4015 2280 4083 fundimus,
2308 4027 2361 4073 et
2385 4021 2576 4090 accipit
2607 4037 2763 4076 unam
2790 4038 2948 4093 quam
2978 4025 3063 4080 vix
3095 4026 3418 4083 invenimus.
3443 4029 3577 4098 Quis

1989 4108 2131 4162 enim
2156 4117 2257 4174 est,
2293 4108 2486 4167 fratres
2512 4112 2640 4177 mei,
2667 4112 2846 4182 homo,
2869 4130 2989 4170 eam
3011 4131 3118 4187 quo
3133 4118 3176 4172 si
3196 4122 3421 4189 cmperit
3442 4125 3578 4178 ami-

1988 4214 2084 4255 cus
2107 4199 2226 4269 ejus
2249 4200 2500 4272 colloqui,
2523 4212 2578 4259 et
2603 4204 2865 4262 voluerit‘
2886 4208 2975 4264 ille
3002 4213 3326 4280 respondere
3345 4214 3580 4270 collocu-

1990 4292 2118 4347 tioni
2148 4292 2284 4364 ejus,
2311 4303 2364 4349 et
2385 4295 2575 4352 viderit
2593 4312 2714 4353 eum
2741 4301 2908 4355 averti
2934 4317 3060 4364 ase.
3090 4312 3144 4358 et
3169 4305 3312 4360 aliud
3339 4306 3482 4378 loqni
3509 4309 3576 4364 ad

1988 4383 2171 4452 alium,
2199 4386 2287 4456 qui
2317 4386 2418 4444 hoc
2447 4388 2625 4444 ferat?
2648 4391 2752 4446 Aut
2771 4392 2816 4447 si
2839 4392 2974 4449 forte
2994 4394 3572 4467 interpellesjudicem,

1987 4485 2043 4530 et
2065 4478 2363 4533 constituas
2392 4495 2514 4534 eum
2545 4481 2660 4536 loco
2691 4490 2748 4537 ut
2773 4492 2825 4539 te
2848 4483 3049 4551 audiat,
3077 4494 3132 4541 et
3156 4486 3332 4542 subito
3361 4505 3485 4543 cunt
3507 4490 3576 4545 ad

1987 4582 2114 4624 cum
2139 4569 2395 4640 loqueris,
2425 4570 2664 4626 dimittas
2692 4589 2835 4640 etim,
2876 4584 2932 4630 et
2960 4576 3181 4646 incipias
3204 4577 3426 4634 falmlari
3455 4596 3580 4636 cum

1986 4661 2160 4716 amico
2204 4671 2326 4728 tuo;
2375 4662 2589 4732 quando
2633 4672 2686 4720 te
2713 4664 2940 4720 tulerat?
2991 4667 3058 4721 Et
3083 4668 3278 4724 tolerat
3327 4671 3470 4726 Dens
3503 4680 3580 4726 tut

1985 4751 2150 4807 corda
2181 4755 2528 4822 precantium,
2552 4763 2607 4809 et
2623 4754 2861 4811 diversas
2883 4772 2968 4811 res
2986 4759 3336 4830 Cogitantium.
3355 4780 3371 4816 ι
3391 4763 3579 4816 omitto

1985 4845 2166 4902 dicere
2190 4854 2245 4901 et
2263 4848 2470 4912 noxias,
2495 4847 2683 4904 omitto
2713 4848 2892 4904 dicere
2911 4849 3196 4921 aliquando
3216 4868 3498 4922 perversae
3525 4863 3572 4910 et

1986 4937 2229 4994 inimicas
2264 4938 2411 5005 Deo;
2453 4938 2599 5009 ipsas
2643 4941 2938 5009 superﬂuas
2985 4943 3217 5014 cogitare
3255 4944 3446 5013 injuria
3494 4954 3579 5001 est

1985 5031 2122 5099 ejus,
2144 5045 2266 5086 cum
2283 5045 2390 5100 quo
2416 5031 2560 5101 loqui
2584 5046 2846 5102 coeperas.
2871 5033 3054 5088 Oratio
3078 5045 3161 5089 tua
3191 5036 3390 5092 locutio
3409 5045 3490 5091 est
3503 5037 3574 5094 ad

1987 5123 2439 5194 Deumzquando
2485 5124 2643 5195 legis.
2693 5126 2836 5182 Deus
2887 5127 2981 5181 tibi
3048 5128 3314 5198 loquitur;
3357 5127 3574 5198 quando

1984 5232 2129 5283 oras,
2162 5216 2277 5274 Deo
2310 5216 2565 5287 loqueris.
2613 5217 2717 5274 Sed
2755 5219 2882 5289 quid
2907 5218 3338 5288 ?t-lcsperandunt
3369 5230 3454 5276 est
3498 5221 3568 5277 de

1982 5319 2180 5378 genere
2228 5307 2484 5375 humano,
2529 5318 2585 5366 et
2615 5309 2896 5366 dicendum
2927 5310 3038 5381 jam
3067 5309 3134 5364 ad
3177 5309 3573 5368 damnationem

1985 5400 2255 5471 pertinere
2274 5414 2488 5456 omnem
2509 5398 2780 5458 Imminere
2811 5401 2896 5456 cui
2923 5402 3250 5470 subrepserit
3277 5401 3454 5471 aliqua
3475 5418 3573 5458 co-

1982 5493 2170 5563 gitatio
2211 5493 2406 5559 oranti,
2449 5500 2508 5549 et
2555 5493 2900 5564 interruperit
2936 5494 3230 5554 orationem
3266 5495 3471 5566 ipsius?
3511 5498 3570 5554 Si

1984 5588 2086 5641 hoc
2112 5583 2424 5652 dixerimus,
2450 5583 2662 5654 fratres,
2683 5600 2801 5656 qua:
2827 5599 2946 5657 spes
2974 5595 3246 5645 remaneat
3263 5603 3372 5646 non
3396 5587 3570 5648 video.

2049 5727 2064 5759 ³
2092 5734 2220 5776 Unus
2243 5727 2360 5786 Reg.
2381 5731 2486 5784 its,
2513 5724 2688 5776 minus.

2047 5791 2066 5820 ²
2088 5790 2270 5838 Catian.
2289 5794 2394 5848 Ms.,
2418 5793 2626 5851 quierat.

2061 5852 2083 5884 ³
2101 5852 2172 5902 sic
2195 5859 2300 5901 Mss.
2326 5847 2387 5902 Αι
2403 5847 2536 5912 add,
2552 5847 2776 5902 noluerit.
