4048 6480
489 335 622 392 I087

482 450 651 506 Porro
680 448 799 519 quia
845 456 926 504 est
953 446 1121 520 aliqua
1152 461 1275 516 spes
1300 444 1364 498 ad
1393 443 1579 506 Deum,
1613 440 1731 508 quia
1760 453 1945 508 magna
1984 446 2062 493 cst

483 539 599 609 ejus
629 537 1014 606 ntiseriCordia,
1044 539 1279 593 dicamus
1306 536 1351 590 ei
1384 552 1397 590 :
1425 532 1664 588 Jucunda
1693 534 1915 585 animum
1939 533 2067 585 servi

486 631 578 696 tui,
617 630 855 697 quoniam
898 633 967 683 at!
1008 640 1072 691 te,
1104 627 1334 692 Domine,
1364 624 1517 680 levavi
1544 625 1765 677 animam
1789 641 1967 678 meam.
2000 622 2067 678 Et

483 720 751 790 quomodo
778 736 893 776 eam
925 719 1129 775 levavi?
1170 716 1446 785 Quomodo
1493 716 1659 787 potui,
1701 715 1967 785 quomodo
2012 724 2067 769 tu

483 813 624 867 vires
660 812 873 880 dedisti,
903 810 1169 883 quomodo
1202 826 1317 867 eam
1350 808 1634 881 fugientem
1662 805 2067 877 apprehendere

482 904 676 957 valui‘.
708 905 773 958 Et
814 902 1005 958 excidit
1039 902 1150 965 tibi,
1192 902 1312 973 quia
1340 892 1776 972 quotiescumque
1818 905 1941 952 ante
1980 911 2065 950 me

482 986 679 1049 stetisti
723 994 870 1067 (puta
902 993 1064 1048 Deum
1109 992 1331 1063 dicere),
1377 1001 1519 1047 tanta
1559 1006 1691 1045 vana
1719 996 1778 1045 et
1796 985 2064 1058 superﬂua

482 1085 744 1154 cogitasti,
776 1094 829 1139 et
856 1084 937 1140 vix
964 1085 1091 1138 mihi
1123 1084 1279 1139 ﬁxam
1303 1093 1355 1140 et
1380 1083 1621 1139 stabilem
1652 1080 1947 1137 oralionem
1978 1077 2062 1133 fu-

483 1174 605 1230 disti
638 1194 652 1229 :
685 1176 817 1244 Quia
846 1186 899 1231 tu
926 1178 1092 1231 suavis
1117 1195 1190 1244 es,
1232 1176 1466 1242 Domine,
1501 1192 1561 1229 ac
1587 1174 1719 1227 mitis
1744 1191 1763 1227 :
1791 1172 1932 1226 mitis
1980 1186 2057 1237 es,

483 1266 717 1324 tolerans
738 1266 850 1323 ‘me.
882 1268 964 1323 Ex
994 1269 1305 1340 a‘gritudiue
1329 1268 1539 1332 defluo;
1583 1282 1729 1333 cura,
1770 1274 1823 1320 et
1870 1263 2059 1318 stabo:

481 1358 763 1427 conﬁrma,
793 1369 848 1416 et
879 1361 1063 1415 ﬁrmus
1092 1374 1204 1415 cro.
1235 1361 1411 1415 Donec
1436 1368 1611 1414 autem
1639 1357 1819 1426 facias,
1865 1354 2062 1410 toleras

479 1464 567 1506 me
597 1467 611 1504 :
642 1449 775 1516 Quia
801 1460 853 1504 tu
873 1452 1041 1506 suavis
1062 1468 1133 1516 cs,
1159 1450 1389 1517 Domine,
1419 1458 1465 1503 et
1493 1450 1643 1503 mitis.

552 1542 609 1598 8.
650 1542 716 1597 Et
744 1545 957 1598 multum
988 1545 1287 1599 misericors.
1320 1543 1432 1598 Non
1472 1544 1610 1596 enim
1641 1540 1811 1596 solum
1848 1538 2059 1595 miseri-

480 1650 623 1700 cors,
658 1634 750 1690 sed
792 1638 1005 1689 multum
1029 1635 1311 1691 misericors
1342 1652 1361 1689 :
1392 1634 1621 1690 abundat
1649 1634 1787 1688 enim
1812 1632 2057 1701 iniquitas

481 1735 685 1792 nostra,
714 1725 949 1780 abundat
968 1734 1021 1781 et
1048 1724 1411 1781 misericordia
1436 1732 1540 1778 tua.
1569 1722 1638 1776 Et
1667 1722 1875 1775 multum
1907 1722 2057 1775 mise-

478 1817 637 1871 ricors
658 1834 709 1872 es
733 1818 961 1871 omnibus
988 1817 1330 1872 invocantibus
1368 1827 1432 1871 te.
1466 1816 1529 1870 Et
1552 1816 1674 1886 quid
1700 1823 1778 1870 est
1809 1812 1947 1883 quod
1980 1811 2060 1865 di-

478 1908 551 1963 cit
581 1909 761 1963 multis
785 1911 915 1965 locis
941 1909 1234 1979 Scriptura,
1262 1910 1384 1979 quia
1411 1906 1728 1973 invocabant,
1757 1916 1803 1959 et
1846 1922 1945 1958 non
1970 1921 2058 1957 ca:-

476 2000 685 2055 audiam
715 2019 799 2056 eos
826 2001 1009 2072 (Prov.
1035 2018 1068 2067 ι,
1100 2002 1191 2071 ‘28)
1225 2003 1390 2074 (certe
1414 2000 1695 2054 misericors
1726 1998 1952 2052 omnibus
1979 1997 2058 2051 in-

478 2096 767 2149 vocantibus
789 2097 857 2162 te)
883 2114 897 2160 ;
918 2097 1017 2150 nisi
1045 2096 1165 2166 quia
1184 2095 1395 2165 quidam
1415 2094 1741 2159 invocantes,
1764 2109 1867 2145 non
1887 2092 2056 2159 ipsum

482 2188 771 2242 invocant?
818 2188 883 2241 de
915 2188 1106 2259 quibus
1144 2174 1356 2253 dicitur,
1389 2184 1551 2240 Deum
1579 2202 1681 2239 non
1708 2185 2058 2237 inrocavcrunt

480 2278 651 2349 (Psal.
682 2297 769 2342 ιιι,
799 2280 873 2350 6).
910 2280 1175 2343 lnvocant,
1206 2280 1297 2335 sed
1330 2296 1433 2334 non
1460 2279 1645 2333 Deum.
1671 2278 1885 2331 luvocas
1906 2273 2058 2345 quid-

478 2370 603 2439 quid
650 2386 830 2431 amas;
876 2371 1088 2426 invocas
1139 2370 1394 2442 quidquid
1441 2370 1491 2423 iu
1546 2378 1597 2423 te
1639 2382 1816 2432 vocas,
1846 2370 2058 2420 invocas

478 2461 730 2533 Quidquid
761 2464 838 2517 vis
867 2464 1111 2517 utveniat
1137 2462 1201 2517 ad
1235 2473 1302 2517 te.
1336 2462 1523 2523 Porro,
1551 2461 1593 2513 si
1625 2460 1790 2513 Deum
1817 2466 2059 2527 propter-

478 2571 539 2606 ea
602 2555 836 2618 invocas,
884 2564 941 2609 ut
974 2555 1149 2607 veniat
1190 2553 1254 2608 ad
1306 2563 1356 2606 te
1405 2552 1647 2622 pecunia,
1699 2560 1751 2602 ιιι
1785 2548 1963 2602 veniat
1991 2546 2054 2600 ad

480 2654 530 2697 te
560 2644 864 2707 hmredilas,
897 2654 952 2698 ut
976 2646 1151 2698 veniat
1177 2643 1240 2696 ad
1275 2654 1324 2697 te
1366 2640 1634 2696 smeularis
1657 2639 1918 2707 dignitas;
1970 2639 2056 2693 illa

479 2738 697 2791 invt:cas
723 2754 838 2807 quas
870 2738 946 2790 vis
976 2746 1031 2791 ιιι
1068 2734 1280 2791 veniant
1302 2736 1366 2789 ad
1398 2745 1447 2789 te
1476 2754 1489 2787 :
1518 2733 1610 2788 sed
1640 2733 1801 2788 Demn
1849 2732 1939 2786 tibi
1964 2731 2056 2785 ad-

480 2828 704 2899 iutorem
733 2829 885 2898 ponis
907 2829 1251 2898 cupiditatum
1277 2870 1290 2891 ,
1323 2844 1425 2881 non
1457 2826 1817 2881 cxauditorem
1844 2823 2057 2879 deside-

480 2920 699 2973 riorum.
736 2921 874 2975 Deus
915 2920 1106 2985 bonus,
1144 2920 1188 2974 si
1237 2918 1500 2989 deliquod
1544 2921 1642 2972 vis.
1671 2917 1827 2985 Quid,
1853 2917 1895 2971 si
1920 2915 2056 2970 male

410 3058 411 3061 η
480 3009 581 3072 vis,
613 3024 790 3064 nonne
818 3011 919 3064 erit
946 3010 1114 3079 magis
1161 3026 1262 3063 non
1294 3009 1468 3063 dando
1498 3008 1842 3062 misericors?
1870 3007 2055 3073 Porro,

479 3101 521 3155 si
579 3116 680 3155 non
735 3101 959 3168 dederit,
1002 3101 1111 3171 jam
1160 3099 1291 3154 nihil
1321 3099 1412 3153 tibi
1464 3100 1600 3153 Deus
1644 3107 1759 3161 est;
1808 3106 1861 3152 et
1887 3097 2054 3150 dicis:

480 3195 745 3261 Quantum
776 3195 977 3264 rogavi,
1000 3178 1163 3264 quam
1195 3209 1336 3262 sa-pe
1369 3192 1567 3262 rogavi,
1598 3200 1652 3244 et
1691 3206 1793 3243 non
1824 3205 1941 3243 sum
1968 3204 2061 3243 ex-

482 3284 724 3340 auditus!
759 3286 892 3381 Quid
922 3286 1062 3341 enim
1105 3286 1371 3359 petebas?
1398 3284 1556 3339 Forte
1606 3292 1829 3337 mortem
1863 3280 2059 3336 inimici

482 3378 577 3431 tui.
607 3376 765 3445 Quid,
789 3372 831 3431 si
862 3386 912 3432 et
941 3378 1029 3432 ille
1060 3378 1272 3448 petebat
1302 3376 1482 3430 tuam?
1507 3375 1604 3443 Qui
1634 3382 1683 3429 te
1705 3373 1925 3435 creavit,
1949 3372 2061 3442 ipse

482 3481 536 3526 e’l
556 3471 701 3525 illum
725 3487 738 3535 ;
763 3469 924 3523 homo
945 3484 1023 3535 es,
1048 3469 1207 3523 homo
1229 3478 1309 3523 est
1333 3476 1381 3522 et
1403 3467 1492 3520 ille
1518 3486 1529 3519 :
1552 3467 1689 3520 Deus
1708 3475 1881 3518 autem
1899 3464 2059 3531 jndcx

482 3570 597 3626 cst;
628 3561 773 3615 audit
797 3562 1005 3626 ambos,
1037 3569 1089 3615 et
1129 3576 1232 3614 non
1280 3558 1495 3613 exaudit
1534 3558 1739 3613 ambos.
1765 3556 1956 3611 Tristis
1981 3570 2057 3619 cs,

482 3654 603 3723 quia
633 3656 736 3707 nan
761 3668 819 3709 es
842 3652 1120 3708 exauditus
1145 3659 1328 3706 contra
1356 3650 1502 3704 illum
1528 3665 1543 3711 ;
1571 3649 1762 3719 gaude,
1794 3646 1913 3717 quia
1957 3662 2063 3701 non

482 3754 568 3801 est
596 3744 874 3799 exauditus
912 3754 1097 3799 contra
1144 3753 1213 3799 te.
1245 3743 1378 3813 Ego,
1406 3741 1599 3811 inquis,
1628 3755 1732 3794 non
1776 3740 1876 3793 hoc
1914 3749 2063 3808 pele-

484 3836 641 3903 bam;
670 3853 774 3891 non
808 3836 1007 3891 inimici
1040 3835 1142 3891 mei
1185 3836 1433 3907 petebam
1486 3841 1731 3898 mortem,
1776 3831 1868 3885 sed
1901 3831 2065 3885 vitam

487 3929 728 4001 petebam
784 3930 875 3984 ﬁlii
926 3929 1029 3984 mei
1066 3947 1078 3982 :
1111 3928 1235 3998 quid
1267 3926 1390 3980 mali
1438 3924 1725 3996 petebam?
1770 3922 1922 3977 Nihil
1943 3922 2065 3976 mali

486 4023 718 4093 petebas,
749 4023 887 4077 sicut
924 4030 978 4077 tu
1006 4022 1291 4077 sentiebas.
1325 4018 1454 4074 Nam
1495 4017 1643 4089 quid,
1686 4015 1731 4072 si
1771 4016 1861 4071 ille
1888 4025 2068 4086 raptus

485 4124 586 4179 est,
617 4131 685 4171 ne
723 4116 922 4170 malitia
952 4123 1177 4169 mutaret
1220 4111 1539 4167 intellectum
1591 4109 1729 4164 illius
1784 4108 1937 4179 (Sap.
1992 4124 2067 4176 tv,

489 4209 615 4278 ll)?
643 4208 748 4262 Sed
780 4214 1044 4276 peccator,
1068 4206 1261 4274 inquis,
1289 4212 1435 4266 erat;
1462 4213 1511 4256 et
1538 4201 1657 4256 ideo
1680 4199 1920 4254 volebam
1947 4214 2068 4252 eum

490 4301 691 4365 vivere,
735 4309 790 4353 ut
834 4300 1211 4369 corrigeretur.
1263 4297 1342 4351 Tu
1386 4295 1602 4349 volebas
1642 4309 1762 4347 cum
1787 4292 1985 4356 vivere,
2016 4299 2072 4344 ιιι

490 4394 682 4448 melior
706 4401 847 4447 esset
882 4409 894 4444 :
929 4391 1052 4461 quid
1086 4391 1128 4444 si
1160 4390 1295 4443 Deus
1326 4395 1565 4452 noverat,
1590 4386 1631 4440 si
1666 4386 1885 4447 viveret,
1920 4381 2071 4452 pejo-

492 4503 605 4542 rem
648 4484 920 4541 futurum?
965 4483 1117 4540 Unde
1145 4498 1271 4552 ergo
1303 4482 1437 4535 nosti
1480 4479 1602 4551 quid
1653 4479 1722 4535 illi
1776 4476 2071 4549 prodesset,

492 4576 629 4631 mori
657 4591 723 4630 an
755 4575 973 4629 vivere?
998 4574 1052 4629 Si
1084 4588 1208 4643 ergo
1230 4587 1333 4626 non
1358 4570 1517 4634 nosti,
1551 4569 1663 4625 redi
1692 4569 1755 4623 ad
1779 4583 1873 4623 cor
1904 4577 2070 4631 tuum,

493 4665 699 4721 dimitte
744 4664 854 4720 Deo
881 4663 1158 4721 consilium
1198 4658 1375 4716 suum.
1409 4660 1543 4727 Quid
1592 4659 1963 4729 erga,'inquis,
1994 4657 2076 4711 fa-

497 4756 669 4813 ciam?
698 4755 822 4827 quid
843 4754 1031 4811 orem?
1060 4752 1193 4821 Quid
1220 4752 1385 4808 ores?
1412 4750 1564 4819 Quod
1591 4760 1641 4805 te
1679 4749 1858 4803 docuit
1896 4748 2076 4802 Domi-

501 4861 623 4914 nus,
652 4846 791 4918 quod
817 4856 869 4901 te
899 4846 1078 4901 docuit
1116 4845 1349 4901 caelestis
1380 4843 1649 4913 magister.
1677 4840 1864 4894 luvoca
1908 4839 2076 4894 Deum

498 4949 746 5012 tanquam
778 4938 966 5003 Deum,
989 4953 1105 4991 ama
1138 4937 1303 4992 Deum
1327 4944 1575 5005 tanquam
1606 4932 1773 4987 Deum
1806 4950 1819 4986 :
1852 4931 1943 4985 illo
1968 4946 2082 4986 mc—

496 5033 598 5087 lins
640 5030 770 5087 nihil
822 5038 933 5095 est;
979 5029 1150 5099 ipsum
1207 5025 1469 5088 desidera,
1522 5024 1691 5094 ipsum
1740 5020 2077 5090 concupisce.

498 5124 632 5180 Vide
659 5124 991 5179 invOeantem
1032 5119 1198 5175 Deum
1224 5118 1273 5171 in
1301 5116 1407 5169 alio
1438 5115 1679 5185 psalmo:
1715 5113 1880 5167 Unam
1912 5111 2030 5180 petii
2049 5127 2083 5164 a

506 5208 721 5271 Domino
749 5217 878 5269 hanc
902 5213 1176 5284 requiram.
1203 5208 1337 5277 Quid
1365 5217 1447 5262 est
1470 5205 1612 5276 quod
1647 5204 1813 5275 petit?
1840 5201 1908 5257 Ut
1935 5202 2082 5256 inita.

502 5308 648 5362 bitem
676 5308 727 5360 in
742 5307 888 5359 domo
913 5303 1121 5357 Domini
1141 5317 1229 5373 per
1252 5316 1421 5353 onmcs
1445 5297 1552 5350 dies
1580 5297 1694 5350 vita:
1716 5309 1858 5349 mete.
1886 5290 2087 5363 thuid

504 5399 643 5454 hoc?
674 5397 737 5452 Ut
762 5396 1064 5465 contempler
1093 5392 1471 5448 delectationem
1496 5387 1705 5443 Domini
1732 5385 1899 5458 (Psal.
1931 5399 2083 5451 xm,

504 5490 584 5563 Δ).
624 5489 679 5545 Si
730 5503 856 5556 ergo
905 5493 1112 5539 amator
1142 5484 1237 5538 Dei
1272 5497 1393 5539 esse
1422 5481 1522 5546 vis,
1553 5473 2084 5533 sincerissimis'me-

506 5584 665 5639 dullis
696 5581 958 5649 castisque
998 5577 1241 5649 suspiriis
1278 5578 1448 5649 ipsum
1497 5576 1677 5645 dilige,
1734 5573 1905 5642 ipsum
1940 5582 2083 5636 ama,

505 5674 585 5732 illi
613 5674 795 5745 ﬂagra,
837 5672 911 5727 illi
949 5670 1093 5727 inhia
1125 5687 1231 5742 quo
1255 5668 1539 5741 jucundius
1570 5665 1698 5720 nihil
1729 5663 1954 5729 invenis,
1981 5672 2087 5732 quo

579 5815 596 5848 ⁸
622 5814 694 5864 sic
715 5819 822 5863 Mss.
848 5819 898 5862 ,ιι
922 5817 1015 5872 ειη,
1040 5806 1207 5860 valuit.
1224 5814 1353 5867 Lov.,
1380 5802 1583 5855 ralnidi.

1724 326 1780 379 S.
1825 319 2185 380 AUGUSTINI
2226 321 2520 379 EPISCOPI

3615 348 3748 405 1088

2178 437 2385 503 melius,
2432 454 2537 509 quo
2580 440 2774 511 lienus,
2807 457 2912 515 quo
2937 450 3235 510 anum-nius
3282 454 3419 523 Quid
3450 462 3588 519 enim
3641 476 3747 527 tam

2173 527 2499 597 diuturnum,
2524 548 2681 603 quain
2713 535 2762 589 id
2797 538 2935 608 quod
2961 551 3043 596 est
3068 546 3488 615 sempiternum?
3514 553 3629 612 Non
3678 561 3747 614 tio

2172 636 2285 719 rues
2313 638 2378 677 ne
2405 625 2687 719 aliquando
2712 644 2743 685 a
2769 639 2821 685 te
2848 644 3049 701 pereat,
3077 639 3165 708 qui
3202 639 3328 697 facit
3364 660 3433 701 ne
3460 654 3514 702 tu
3535 664 3746 719 pereas.

2171 709 2227 764 Si
2264 727 2391 783 ergo
2443 724 2496 769 tu
2527 716 2739 775 invocas
2790 721 2957 779 Deum
2998 735 3245 800 tanquam
3282 734 3473 805 Dettm,
3524 709 3749 802 securus

2171 811 2303 897 esto,
2337 807 2635 876 exaudiris;
2661 813 2894 881 pertines
2916 818 2979 891 ad
3011 820 3165 877 istum
3184 839 3416 897 versum,
3443 830 3511 886 Et
3531 835 3743 896 multum

2171 893 2449 951 misericors
2474 901 2702 957 omnibus
2728 905 3074 966 invocantibus
3101 924 3167 968 te.

2241 984 2292 1039 9.
2322 986 2437 1079 Noti
2462 1005 2588 1060 ergo
2610 992 2785 1050 dicere
2816 1016 2828 1051 :
2864 998 2992 1055 Illud
3025 1005 3150 1060 mihi
3194 1023 3300 1064 non
3320 1011 3486 1070 dedit.
3517 1017 3649 1075 Redi
3678 1023 3745 1079 ad

2168 1078 2548 1172 conscientiam
2576 1092 2749 1153 tuam;
2782 1089 2937 1160 libra,
2967 1095 3250 1171 interrega,
3281 1118 3498 1172 parcere
3521 1112 3593 1167 illi
3613 1078 3745 1171 noli.

2168 1167 2223 1223 Si
2240 1186 2373 1275 .vere
2398 1172 2559 1230 Deum
2593 1177 2869 1250 invocasti,
2892 1196 3068 1243 certus
3086 1167 3204 1249 esto
3228 1167 3346 1264 quia
3370 1198 3420 1252 id
3444 1198 3581 1259 forte

2168 1261 2381 1360 volebas
2428 1272 2806 1360 temporaliter,
2840 1276 2960 1333 ideo
2992 1296 3096 1337 non
3133 1261 3300 1351 dedit,
3348 1292 3468 1360 quia
3498 1261 3744 1355 nou'tibi

2167 1354 2437 1459 proderat:
2486 1358 2799 1459 {Ediﬁeetur
2845 1370 2896 1424 in
2947 1370 3049 1430 hoc
3096 1390 3191 1433 cor
3228 1354 3485 1452 vestrum,
3528 1387 3740 1459 fratres,

2166 1457 2287 1545 cor.
2318 1447 2705 1545 christianum,
2757 1473 2851 1514 cor
2897 1462 3094 1533 ﬁdele;
3137 1484 3205 1526 ne
3256 1447 3515 1545 incipiatis
3562 1447 3744 1541 tristes

2164 1530 2310 1636 facti,
2341 1538 2499 1595 veluti
2522 1541 2743 1601 fraudati
2769 1548 3048 1610 desideriis
3080 1530 3299 1630 vestris,
3330 1530 3745 1643 ilic

2167 1628 2360 1727 tionem
2388 1642 2569 1727 contra
2615 1638 2820 1696 Deum:
2854 1647 3051 1703 etenim
3098 1667 3203 1708 non
3232 1628 3447 1727 expedit
3489 1628 3742 1722 adversus

2164 1718 2435 1778 sumntum
2488 1726 2765 1787 catcitrare
2798 1732 2930 1803 (Act.
2970 1754 3044 1807 1x,
3068 1742 3149 1812 5).
3191 1718 3470 1807 Recurrite
3498 1754 3565 1809 ad

2164 1816 2364 1915 ploras.
2392 1813 2683 1915 E-xauditur
2704 1820 2965 1893 diabolus,
2993 1839 3049 1884 et
3076 1848 3181 1888 non
3205 1839 3488 1897 exauditur
3511 1846 3743 1915 Aposto-

2166 1900 2247 1997 lus
2296 1920 2310 1957 :
2353 1906 2477 1975 quid
2547 1910 2698 1966 vobis
2764 1916 3003 1974 videtur?
3067 1923 3344 1992 Quomodo
3386 1900 3745 1997 exaudiuntur

2164 1991 2478 2088 daemones?
2513 2000 2784 2061 Petierunt
2824 2024 2883 2065 se
2914 2011 2992 2068 ire
3035 1991 3319 2086 inporeos,
3350 2031 3404 2078 et
3426 1991 3742 2088 concessum

2163 2092 2245 2178 est
2260 2086 2347 2178 eis
2370 2086 2577 2160 (Matth.
2613 2110 2723 2161 vni,
2766 2098 2854 2163 3|,
2890 2100 3004 2175 52).
3036 2104 3313 2173 Quomodo
3336 2117 3614 2177 exauditus
3660 2086 3745 2178 est

2164 2174 2406 2280 diabolus
2428 2181 2636 2280 ?hl‘etiit
2655 2186 2757 2280 .lob
2801 2174 3129 2265 tentandum,
3154 2210 3206 2255 et
3229 2207 3430 2275 accepit
3449 2208 3569 2278 (Job
3584 2174 3622 2278 ι,
3650 2174 3739 2280 ἦ

2165 2268 2327 2374 liuet
2353 2288 2412 2374 ιι,
2443 2273 2493 2336 5,
2526 2277 2599 2345 6).
2635 2278 2924 2374 Quomodo
2968 2303 3071 2342 non
3101 2268 3375 2352 exauditus
3401 2268 3483 2355 est
3512 2268 3743 2374 Aposto:

2163 2359 2246 2413 lus
2267 2362 2337 2454 ita
2376 2363 2428 2418 In
2475 2371 2853 2442 magnitudine,
2887 2396 2905 2429 ι
2958 2380 3143 2449 inquit,
3177 2403 3196 2436 ι
3241 2359 3619 2450 revelationuiu
3672 2413 3778 2454 ne‘

2163 2453 2406 2522 extollar,
2439 2456 2594 2513 datus
2613 2475 2689 2515 eSt
2719 2465 2845 2519 mihi
2878 2469 3121 2525 stimulus
3140 2479 3315 2533 Carnis
3341 2496 3496 2548 mete,
3522 2487 3745 2556 angelus

2163 2552 2361 2597 satanae
2389 2548 2475 2615 qui
2505 2565 2588 2604 me
2608 2552 2906 2624 colaphizet
2930 2578 2942 2611 :
2969 2574 3184 2633 propter
3200 2569 3340 2637 quod
3361 2580 3443 2627 ter
3461 2548 3743 2632 Dominum

2164 2637 2341 2705 rogavi
2393 2649 2447 2693 ut
2493 2642 2724 2701 auferret
2749 2664 2869 2704 eum
2902 2669 2927 2705 a
2955 2670 3061 2719 me,
3106 2668 3160 2713 et
3185 2660 3317 2716 dixit
3344 2664 3471 2720 mihi
3502 2667 3747 2727 :Sufﬁcit

2167 2727 2452 2829 tibigratia
2497 2750 2641 2801 mea;
2678 2756 2795 2795 nam
2843 2745 3009 2801 virtus
3051 2751 3103 2804 in
3134 2752 3443 2814 inﬁrmitate
3470 2760 3746 2829 perﬁcitur

2168 2818 2230 2921 (“ll
2264 2820 2379 2875 Cor.
2413 2840 2503 2892 xu,
2555 2829 2696 2902 7-9).
2752 2834 3028 2894 Exaudivit
3056 2857 3179 2899 eum
3224 2862 3381 2915 quem
3422 2818 3746 2921 disponebat

2163 2910 2440 3006 damnare,
2468 2932 2520 2973 et
2546 2937 2649 2976 non
2672 2928 2937 2985 exaudivit
2956 2948 3086 2989 eum
3116 2953 3271 3006 quem
3295 2910 3741 3003 volebat-sanare.

2164 2999 2293 3059 Nam
2322 3017 2375 3062 et
2402 3026 2544 3081 a'gcr
2570 3019 2698 3083 petit
2726 3021 2888 3076 multa
2910 3038 2939 3077 a
2964 2999 3189 3097 medico,
3220 3046 3325 3087 non
3353 3033 3442 3090 dat

2166 3114 2272 3154 non
2294 3105 2509 3160 exaudit
2535 3109 2599 3163 ad
2625 3112 2967 3183 voluntatem,
2998 3131 3056 3174 ut
3081 3123 3327 3180 exaudiat
3352 3126 3419 3181 ad
3440 3132 3743 3187 sanitatem.

2170 3190 2312 3263 Ergo
2353 3198 2617 3254 medicum
2663 3213 2809 3259 tuum
2856 3224 2991 3276 pone
3021 3211 3224 3279 Deum;
3253 3226 3371 3285 pete
3395 3219 3463 3273 ab
3491 3220 3580 3275 illo
3600 3224 3747 3278 salu-

2169 3292 2297 3351 tem,
2330 3295 2382 3340 ct
2409 3290 2554 3344 salus
2579 3300 2664 3347 tua
2698 3294 2808 3364 ipse
2824 3298 2925 3352 erit
2950 3318 2962 3351 :
2988 3316 3091 3356 non
3120 3307 3277 3372 quasi
3307 3309 3527 3365 salutem
3550 3314 3751 3367 extrin-

2166 3389 2339 3437 secus,
2381 3379 2474 3433 sed
2524 3391 2579 3435 ut
2616 3385 2759 3440 salus
2807 3387 2920 3457 ipse
2956 3391 3060 3456 sit;
3100 3409 3166 3448 ne
3200 3411 3383 3452 rursus
3411 3415 3556 3455 ames
3582 3402 3747 3459 aliaat

2167 3464 2389 3561 salutem
2420 3483 2611 3538 printer
2633 3474 2825 3543 ipsum,
2854 3479 2947 3535 sed
2976 3485 3241 3552 quomodo
3264 3487 3424 3545 habes
3444 3492 3497 3544 in
3520 3492 3747 3561 psalmo,

2168 3551 2266 3607 Dic
2296 3559 2477 3614 anima:
2518 3579 2658 3630 mcw,
2688 3565 2843 3621 Salus
2874 3579 2959 3623 tua
2982 3587 3073 3641 ego
3102 3591 3212 3628 sum
3241 3575 3409 3645 (Psal.
3462 3551 3638 3647 xxxni,
3665 3551 3748 3653 3):

2168 3646 2304 3715 Quid
2328 3649 2393 3705 ad
2414 3661 2482 3717 te,
2508 3656 2633 3724 quid
2659 3658 2746 3711 tibi
2769 3658 2927 3727 dicat,
2961 3672 3016 3717 ut
3046 3679 3104 3718 se
3126 3665 3218 3721 tibi
3235 3667 3361 3723 det?
3383 3670 3473 3724 Vis
3494 3680 3549 3727 ιιι
3568 3672 3658 3727 det
3687 3646 3751 3729 se

2172 3739 2260 3829 tibi
2281 3741 2302 3794 ?
2323 3742 2462 3809 Quid
2489 3746 2534 3799 si
2555 3748 2693 3815 quod
2713 3748 2789 3802 vis
2813 3750 3026 3817 habere,
3051 3770 3156 3811 non
3177 3759 3288 3813 vult
3312 3761 3423 3829 ipse
3449 3771 3506 3815 ut
3526 3763 3748 3831 habeas,

2172 3841 2226 3884 ut
2253 3848 2309 3886 se
2346 3834 2435 3888 tibi
2469 3836 2595 3892 det?
2618 3836 3001 3909 Impedimenta
3032 3858 3287 3914 removet,
3312 3860 3369 3905 ut
3393 3853 3549 3908 intret
3577 3854 3644 3908 ad
3672 3864 3749 3910 te.

2172 3924 2314 3980 Bona
2343 3928 2569 3999 cogitate
2612 3941 2667 3986 et
2702 3935 3054 4004 considerate,
3087 3938 3300 4009 fratres,
3331 3959 3447 4013 qua:
3476 3944 3567 4000 dat
3610 3946 3754 4003 Deus

2175 4022 2576 4088 peccatoribus;
2624 4034 2678 4080 et
2726 4026 2851 4082 hinc
2890 4028 3169 4102 intelligite
3205 4034 3329 4103 quid
3355 4045 3531 4091 servet
3580 4038 3755 4092 servis

2174 4113 2302 4165 Suis.
2339 4114 2715 4173 Peccatoribus
2744 4119 3231 4192 blasphemantibus
3259 4142 3381 4182 eum
3406 4129 3638 4202 quotidie
3661 4130 3759 4186 dat

2175 4206 2367 4258 coelum
2397 4216 2450 4262 ct
2485 4219 2701 4276 terram,
2730 4212 2820 4267 dat
2842 4213 3033 4281 fontes,
3064 4216 3287 4285 fructus,
3311 4219 3552 4285 salutem,
3595 4219 3753 4283 ﬁlios,

2175 4300 2375 4369 copias,
2396 4300 2686 4359 ubertatem
2718 4324 2731 4359 :
2762 4305 2875 4362 hare
2899 4310 3074 4363 omnia
3092 4309 3231 4364 bona
3256 4327 3362 4365 non
3376 4310 3467 4365 dat
3480 4312 3577 4367 nisi
3595 4312 3758 4367 Deus.

2177 4391 2277 4457 Qui
2330 4392 2449 4447 talia
2491 4397 2856 4463 peccatoribus
2894 4398 3003 4461 dat,
3044 4400 3167 4470 quid
3197 4416 3319 4456 eum
3351 4410 3506 4471 putas
3537 4416 3764 4459 servare

2180 4482 2423 4541 ﬁdelibus
2449 4487 2601 4541 suis?
2644 4487 2877 4544 llocciue
2907 4490 2973 4547 de
3011 4491 3102 4545 illo
3140 4492 3478 4548 sentiendum
3507 4502 3607 4557 est,
3635 4494 3763 4564 quia

2178 4578 2268 4647 qui
2298 4578 2419 4632 talia
2445 4580 2598 4634 malis
2617 4580 2727 4647 dat,
2759 4582 2891 4636 nihil
2917 4592 3094 4638 servat
3122 4583 3310 4639 bonis?
3333 4583 3444 4639 lino
3484 4600 3611 4639 vero
3642 4599 3767 4640 ser-

2181 4680 2289 4737 vat,
2323 4686 2426 4726 non
2470 4681 2686 4738 terram,
2718 4672 2813 4729 sed
2839 4675 3050 4729 cadum.
3084 4675 3249 4730 Vilius
3279 4676 3412 4731 forte
3452 4676 3649 4747 aliquid
3678 4677 3769 4730 di-

2181 4778 2267 4829 co,
2296 4779 2416 4818 cunt
2442 4764 2564 4819 dico
2587 4765 2816 4831 emtum;
2847 4765 2939 4820 sed
2980 4768 3234 4836 seipsum,
3261 4767 3351 4836 qui
3381 4765 3507 4822 fecit
3543 4766 3765 4821 emtum.

2184 4853 2471 4909 Pulchrum
2517 4863 2602 4910 est
2644 4856 2862 4923 emtum,
2906 4856 3003 4912 sed
3044 4856 3316 4927 pulchrior
3356 4866 3439 4913 est
3482 4857 3766 4913 fabricator

2183 4950 2326 5006 cmli.
2356 4949 2461 5005 Sed
2500 4950 2653 5006 video
2700 4952 2917 5017 cccluin,
2953 4962 3009 5007 et
3032 4953 3176 5008 illum
3209 4968 3314 5008 non
3340 4953 3514 5009 video.
3573 4950 3776 5006 Oculos

2187 5040 2327 5095 enim
2360 5040 2523 5096 habes
2548 5043 2614 5097 ad
2645 5042 2929 5099 videndum
2951 5044 3181 5109 coelum;
3213 5059 3307 5099 cor
3337 5043 3572 5099 nondum
3603 5042 3775 5100 babes

2187 5132 2254 5187 ad
2283 5132 2567 5189 videndum
2615 5134 2988 5190 fabricatorem
3029 5135 3153 5191 coeli
3186 5152 3199 5187 :
3230 5134 3347 5189 ideo
3373 5134 3517 5187 venit
3541 5134 3607 5187 de
3630 5132 3779 5187 cci-lo

2191 5225 2243 5280 in
2276 5235 2495 5291 terram,
2520 5233 2578 5281 ut
2602 5225 2823 5281 inundet
2846 5240 2959 5289 cur,
2989 5241 3095 5295 quo
3117 5224 3363 5282 .videatur
3397 5224 3483 5294 qui
3511 5223 3631 5277 fecit
3660 5237 3783 5279 cta-

2192 5316 2300 5373 lum
2326 5326 2382 5372 et
2425 5326 2640 5372 terram.
2680 5316 2786 5373 Sed
2827 5317 2980 5385 plane
3003 5330 3123 5369 cum
3150 5315 3401 5385 patientia
3430 5314 3654 5368 salutem
3679 5327 3784 5367 ex-

2192 5418 2389 5478 specta.
2438 5406 2641 5475 Quibus
2672 5416 2724 5462 te
2767 5406 3170 5461 medicamentis
3213 5414 3397 5467 curet,
3444 5405 3535 5458 ille
3589 5404 3777 5470 novit;

2193 5502 2382 5573 quibus
2406 5499 2752 5568 sectionibus,
2780 5500 2971 5570 quibus
3008 5499 3325 5565 ustionibus,
3371 5497 3458 5551 ille
3502 5498 3665 5552 novit.
3694 5495 3785 5554 Τιι

2196 5594 2289 5650 tibi
2318 5591 2681 5665 aegritudinem
2706 5591 3024 5662 comparasti
3050 5589 3316 5662 peccando
3345 5606 3357 5642 :
3392 5589 3480 5644 ille
3501 5589 3641 5643 venit
3670 5603 3785 5644 non

2198 5685 2366 5739 solum
2387 5684 2589 5747 fovere,
2617 5684 2712 5739 sed
2739 5694 2792 5739 et
2808 5698 2991 5741 secare
3014 5692 3069 5739 et
3088 5697 3258 5737 urere.
3285 5680 3399 5735 Non
3420 5680 3782 5748 videsqumta

2201 5776 2440 5835 homines
2464 5777 2732 5846 patiantur
2758 5776 2857 5832 sub
2881 5777 3205 5831 medicorum
3229 5771 3496 5839 minibus,
3518 5783 3665 5839 spem
3695 5771 3788 5825 iu-
