4084 6500
325 309 459 366 1089

311 436 512 482 certam
530 422 750 479 homine
773 417 1150 491 promitte-nte?
1167 416 1470 481 Sanaberis,
1489 415 1616 471 dicit
1631 415 1867 471 medicus
1885 430 1899 478 ;

313 515 605 580 sanaberis,
635 513 680 569 si
707 527 949 568 secuere.
972 508 1040 564 Et
1058 507 1219 564 homo
1244 507 1477 570 dicit,‘e‘t
1501 504 1701 560 homini
1731 504 1859 560 dicit
1886 521 1903 570 ;

313 623 412 664 nec
441 606 532 678 qui
562 605 692 660 dicit
719 612 897 660 certus
931 609 1033 662 est.
1067 615 1166 655 nec
1193 599 1281 669 qui
1308 596 1472 664 audit,
1501 597 1622 668 quia
1653 595 1744 650 ille
1777 593 1907 650 dicit

315 698 540 766 homini,
572 695 662 768 qui
695 710 800 750 non
831 693 954 749 fecit
983 691 1275 756 hominem,
1307 697 1360 743 et
1401 702 1506 741 non
1547 686 1779 756 perfecte
1805 685 1906 739 scit

314 791 439 864 quid
467 798 657 859 agatur
685 788 737 841 in
780 784 994 840 homine
1025 800 1038 836 :
1063 791 1117 837 et
1144 791 1319 837 tamen
1360 777 1424 833 ad
1467 778 1624 833 verba
1654 775 1907 858 hominis

314 885 439 956 plus
479 879 767 938 nescientis
806 876 932 948 quid
961 883 1146 946 agatur
1186 874 1238 928 in
1269 871 1481 926 homine
1511 869 1681 926 credit
1723 868 1906 935 homo,

315 975 495 1032 subdit
521 971 784 1038 membra,
808 967 957 1040 ligari
979 983 1038 1022 se
1061 967 1274 1037 patitur,
1309 973 1397 1019 aut
1419 965 1729 1034 plerumque
1749 961 1907 1015 etiam

315 1083 426 1122 non
455 1067 650 1136 ligatus
671 1074 881 1120 secatur
906 1069 996 1116 aut
1011 1058 1210 1122 uritur;
1240 1066 1295 1113 et
1323 1058 1506 1126 accipit
1530 1054 1663 1110 forte
1684 1055 1908 1108 salutem

316 1173 612 1230 paucorum
665 1155 904 1220 dierum,
959 1152 1068 1224 jam
1118 1159 1334 1205 sanatus
1392 1146 1604 1218 quando
1657 1146 1912 1202 moriatur

319 1250 610 1320 ignorans;
644 1254 698 1301 et
724 1244 968 1308 fortasse,
1000 1242 1123 1298 dum
1152 1250 1389 1306 curatur,
1424 1238 1676 1301 moritur;
1707 1245 1761 1291 et
1807 1236 1907 1291 for-

318 1352 463 1396 tasse
491 1340 664 1397 curari
688 1355 791 1393 non
819 1337 1035 1408 poterit.
1065 1335 1158 1389 Cui
1187 1342 1361 1389 autem
1393 1331 1635 1404 promisit
1653 1330 1790 1386 Deus
1815 1329 1913 1385 ali-

320 1434 470 1505 quid,
495 1443 550 1487 ει
580 1431 803 1488 fefellit?

395 1525 487 1579 10.
533 1523 681 1596 [vers.
725 1520 804 1594 6.]
861 1520 1078 1574 Auribus
1119 1519 1291 1590 inﬁge,
1347 1516 1579 1580 Domine,
1634 1513 1914 1569 orationem

320 1631 507 1670 meum.
534 1614 752 1684 Magnus
777 1611 978 1667 orantis
1003 1610 1242 1665 allectus.
1274 1607 1491 1662 Auribus
1525 1607 1699 1678 inlige,
1727 1604 1910 1659 Denti-

322 1722 409 1771 ne,
441 1706 718 1758 orationem
738 1719 897 1756 meam
927 1717 946 1756 :
978 1700 1027 1755 id
1051 1707 1150 1761 est,
1179 1715 1284 1754 non
1313 1707 1468 1753 exeat
1486 1697 1553 1752 de
1579 1697 1796 1751 auribus
1814 1697 1915 1751 tuis

323 1795 500 1850 oratio
546 1809 685 1860 inea,
717 1793 815 1864 fige
860 1792 1002 1846 illam
1031 1791 1102 1845 ibi
1143 1791 1196 1844 in
1227 1789 1444 1844 auribus
1473 1788 1597 1842 tuis.
1637 1787 1916 1856 Quomodo

323 1887 634 1958 partui-ivit,
667 1895 724 1940 ut
751 1887 934 1956 figeret
955 1884 1250 1960 orationem
1291 1897 1439 1938 suam
1462 1881 1514 1935 in
1537 1881 1752 1936 auribus
1780 1880 1916 1936 Dei?

325 1979 668 2049 Respondeat
695 1978 850 2042 Deus,
875 1984 929 2031 et
951 1975 1092 2030 dicat
1119 1975 1271 2029 nobis
1291 1992 1303 2027 :
1327 1974 1420 2029 Vis
1447 1974 1598 2044 figam
1621 1971 1916 2028 orationem

327 2082 471 2123 tuam
503 2071 553 2122 in
585 2069 799 2122 auribus
819 2065 994 2122 meis?
1020 2065 1146 2137 Fige
1173 2065 1223 2119 in
1245 2064 1406 2120 corde
1425 2075 1513 2118 tuo
1531 2064 1700 2134 legem
1722 2078 1914 2117 meam.

323 2161 548 2214 Auribus
573 2161 746 2229 inﬁge,
795 2157 1031 2225 Domine,
1082 2157 1358 2211 orationem
1390 2171 1584 2220 meam;
1623 2165 1670 2210 et
1717 2155 1920 2209 intende

325 2252 438 2305 voci
451 2251 696 2305 orationis
721 2266 862 2304 mete.
913 2259 918 2266 ‘
1811 2257 1814 2260 ’

403 2345 490 2409 Η.
522 2342 672 2415 [τετε.
699 2341 776 2415 7.]
810 2342 871 2396 In
892 2342 975 2396 die
1002 2340 1340 2396 tribulationis
1366 2357 1488 2395 utea:
1513 2341 1726 2395 clamavi
1755 2340 1823 2394 ad
1848 2349 1916 2407 te,

327 2435 567 2505 qualium
613 2434 866 2488 exaudiui
909 2450 1006 2487 me.
1043 2433 1214 2488 Causa
1255 2442 1311 2486 ut
1339 2432 1619 2488 exaudires
1647 2448 1754 2500 me,
1794 2433 1916 2503 quia

329 2530 382 2580 in
411 2527 496 2581 die
524 2526 860 2582 tribulationis
882 2543 1006 2580 mea:
1028 2525 1243 2580 clamavi
1267 2525 1336 2578 ad
1359 2534 1423 2580 te.
1455 2525 1614 2579 Paulo
1635 2535 1758 2579 ante
1778 2525 1922 2580 dixe-

329 2628 413 2672 rat
443 2635 456 2672 :
486 2617 620 2673 Tota
644 2620 726 2674 die
751 2619 985 2686 clamavi,
1017 2627 1123 2673 tota
1149 2618 1234 2672 die
1263 2619 1541 2672 tribulatus
1567 2633 1703 2671 sum.
1736 2617 1919 2672 Nullus

330 2722 460 2779 ergo
488 2708 808 2765 christiauus
837 2710 977 2765 dicat
999 2725 1116 2765 esse
1139 2709 1277 2762 dicm
1308 2709 1358 2762 in
1388 2723 1491 2778 quo
1520 2726 1622 2762 non
1654 2710 1720 2763 sit
1750 2710 1918 2763 tribu-

329 2801 490 2855 latus.
517 2800 706 2856 Totam
733 2802 894 2866 diem,
926 2809 1092 2856 totum
1124 2810 1333 2871 tempus
1376 2800 1730 2854 intelleximus
1764 2818 1776 2854 :
1811 2809 1919 2854 tota

330 2893 418 2948 die
447 2893 749 2950 tribulatur.
797 2893 932 2962 Quid
960 2909 1126 2963 ergo,
1174 2891 1438 2947 tribulatio
1483 2899 1565 2946 est
1605 2899 1659 2946 ει
1705 2890 1918 2961 quando

331 2984 468 3040 bene
511 2984 632 3041 est?
675 2984 868 3056 Utique
913 2984 1198 3039 tribulatio.
1245 2981 1394 3038 Unde
1432 2981 1746 3037 tribulatio?
1786 2982 1917 3050 Quia

329 3079 582 3148 quamdiu
626 3079 678 3132 in
706 3092 928 3149 corpore
959 3091 1141 3132 smnus
1166 3117 1180 3142 ,
1212 3075 1610 3144 peregrinantur
1636 3089 1665 3128 a
1695 3074 1920 3128 Domino

332 3167 396 3240 (ll
421 3166 544 3222 Cor.
574 3184 628 3235 v,
655 3165 734 3239 6).
767 3165 1049 3234 Quodlibet
1079 3165 1164 3219 hic
1189 3164 1439 3224 abundet,
1474 3163 1708 3217 nondum
1736 3177 1918 3218 SlllltllS

330 3260 383 3314 in
413 3259 500 3314 illa
529 3259 698 3329 patria
730 3275 836 3330 quo
864 3256 1038 3313 redire
1069 3255 1399 3312 festinamus.
1432 3254 1524 3308 Cui
1567 3251 1920 3324 peregrinatio

331 3349 504 3405 dulcis
528 3359 612 3405 cst
633 3391 648 3415 ,
692 3363 797 3404 non
836 3355 980 3402 amat
1022 3347 1244 3418 patriam
1277 3363 1291 3400 :
1321 3345 1364 3400 si
1394 3344 1564 3399 dulcis
1589 3352 1670 3398 est
1710 3345 1875 3414 patria
1901 3385 1915 3408 ,

330 3456 512 3498 amara
543 3449 626 3498 est
653 3440 1046 3513 peregrinatio;
1086 3439 1131 3494 si
1168 3453 1349 3493 amara
1380 3437 1763 3509 peregrinatio,
1809 3447 1917 3492 tota

330 3535 420 3590 die
453 3535 746 3589 tribulatio.
775 3533 998 3602 Quando
1028 3547 1133 3588 non
1163 3538 1246 3587 est
1273 3529 1588 3585 tribulatio?
1612 3527 1837 3599 Quando
1865 3529 1918 3584 in

331 3626 503 3696 patria
534 3625 835 3680 delectatio.
871 3623 1236 3678 Delectationes
1259 3621 1312 3675 in
1341 3621 1548 3676 dextera
1575 3630 1661 3675 tua
1686 3637 1840 3691 usque
1866 3621 1920 3677 in

332 3715 507 3781 ﬁnem.
538 3713 782 3785 Implebis
805 3730 882 3768 me
919 3714 1092 3769 laetitia
1115 3755 1130 3780 ,
1158 3713 1234 3768 ait
1257 3754 1273 3781 ,
1301 3730 1416 3767 cum
1458 3713 1601 3767 vultu
1628 3722 1712 3767 tuo
1741 3711 1917 3784 (Psal.

331 3821 406 3862 xv
430 3847 445 3873 ,
480 3807 606 3878 H);
649 3817 704 3861 ut
742 3808 1046 3878 contempler
1087 3807 1466 3862 delectationem
1516 3806 1720 3860 Domini
1748 3805 1917 3879 (Psal.

332 3915 478 3965 χει-ι,
507 3899 587 3969 4).
617 3898 691 3954 lbi
715 3901 934 3955 transiet
957 3899 1107 3955 labor
1127 3907 1179 3956 et
1199 3900 1424 3970 gemitus
1455 3917 1467 3952 :
1498 3899 1567 3954 ibi
1597 3914 1700 3954 non
1726 3900 1918 3970 oratio,

332 3991 430 4046 sed
460 3991 730 4056 laudatio;
765 3991 835 4045 ibi
868 3991 1088 4046 Alleluia
1116 4032 1130 4056 ,
1173 3993 1343 4045 Amen
1381 3991 1492 4057 ibi,
1543 4005 1642 4045 vos
1685 4005 1920 4046 consona

331 4098 452 4137 cum
479 4085 695 4154 Angelis
717 4101 732 4148 ;
757 4084 828 4139 ibi
850 4083 983 4148 visio
1003 4083 1118 4142 sine
1138 4082 1368 4147 defectu,
1392 4092 1444 4138 ει
1467 4097 1619 4136 amor
1639 4083 1752 4138 sine
1777 4083 1921 4138 fasti-

331 4173 444 4226 dio.
469 4173 734 4241 Quamdiu
759 4190 886 4246 ergo
913 4189 1019 4229 non
1047 4174 1138 4237 ibi,
1171 4172 1361 4228 videtis
1386 4173 1506 4244 quia
1539 4188 1644 4228 noit
1677 4174 1728 4227 in
1755 4174 1917 4229 bono.

332 4263 440 4320 Sed
480 4265 754 4321 abundant
781 4265 997 4321 omnia?
1037 4264 1324 4320 Abundcnt
1362 4265 1539 4319 omnia
1561 4308 1576 4330 ,
1612 4265 1730 4320 vide
1759 4266 1802 4321 si
1829 4281 1919 4322 εε-

333 4369 496 4410 curus
515 4371 576 4412 es
603 4357 727 4427 quia
753 4371 858 4411 non
883 4365 1106 4427 pereunt
1123 4357 1321 4410 omnia.
1346 4354 1450 4411 Sed
1470 4355 1640 4412 habeo
1657 4357 1796 4428 quod
1813 4373 1918 4413 non

333 4447 596 4504 habebam
623 4465 638 4515 ;
670 4449 898 4504 accessit
926 4449 1147 4520 pecunia
1177 4463 1296 4520 qua:
1331 4462 1436 4503 non
1466 4455 1600 4503 erat.
1644 4447 1803 4504 Forte
1832 4465 1919 4505 ac-

331 4542 500 4597 cessit
524 4549 578 4596 ct
605 4541 763 4596 timor
779 4542 868 4610 qui
887 4555 991 4596 non
1009 4550 1124 4596 erat
1149 4553 1163 4607 ;
1191 4539 1326 4596 forte
1353 4549 1500 4594 tanto
1520 4540 1759 4596 securior
1777 4555 1916 4609 eras,

333 4641 538 4704 quanto
579 4634 885 4704 pauperior.
935 4633 1211 4688 Postremo
1254 4634 1362 4688 sint
1402 4631 1571 4703 copim
1597 4676 1612 4697 ,
1661 4632 1920 4689 redundet

332 4725 610 4781 affluentia
637 4725 794 4795 hujus
819 4725 1018 4791 strculi,
1045 4724 1201 4778 detur
1226 4724 1484 4778 securitas
1505 4723 1644 4796 quod
1669 4738 1772 4780 non
1801 4740 1919 4794 per-

333 4827 459 4872 eant
491 4835 508 4873 :
537 4817 680 4872 dicat
730 4817 870 4872 Deus
909 4815 1177 4887 desuper,
1225 4815 1481 4871 Eterous
1524 4817 1576 4871 in
1641 4816 1723 4873 his
1772 4819 1917 4886 eris,

332 4908 533 4964 aeterna
563 4919 736 4965 tecum
764 4918 918 4964 erunt
948 4907 1066 4972 ista,
1100 4908 1194 4964 sed
1224 4924 1396 4963 meam
1429 4907 1614 4964 faciem
1644 4925 1747 4965 non
1775 4911 1922 4966 vide-

332 5000 436 5057 bis.
481 5000 652 5057 Νειηο
686 5016 899 5057 carnem
925 5001 1203 5067 conSulat;
1235 5003 1475 5072 spiritum
1499 5004 1759 5059 consulite
1787 5022 1800 5057 :
1830 5020 1918 5060 re-

330 5091 594 5162 spondeat
623 5092 774 5149 vobis
800 5108 895 5147 cor
923 5101 1193 5158 vestrum;
1237 5093 1554 5163 respondeat
1587 5109 1731 5163 spes,
1763 5096 1915 5164 fides,

329 5184 566 5240 charitas
585 5226 600 5251 ,
643 5200 762 5255 qua:
787 5185 840 5240 in
866 5184 1016 5239 vobis
1045 5198 1163 5240 esse
1189 5185 1370 5254 cmpit.
1404 5183 1610 5255 Ergone
1633 5186 1677 5240 si
1706 5188 1916 5257 accipe-

329 5289 510 5331 remus
537 5277 876 5332 securitatem
917 5291 1015 5330 nos
1059 5276 1110 5331 in
1139 5274 1407 5331 afﬂuentia
1450 5277 1710 5332 bonorum
1751 5293 1917 5334 srecu-

329 5367 523 5422 larium
552 5384 765 5439 semper
787 5371 1007 5435 futuros,
1037 5378 1092 5424 et
1115 5369 1316 5424 diceret
1337 5369 1489 5424 nobis
1515 5371 1673 5435 Deus,
1703 5370 1916 5427 Faciem

329 5475 505 5515 meam
538 5477 646 5516 non
675 5461 951 5529 videbitis,
984 5461 1338 5534 gauderemus
1367 5462 1418 5516 in
1456 5462 1561 5517 illis
1589 5463 1774 5518 bonis?
1803 5464 1914 5520 Eli-

328 5563 481 5623 gcret
507 5553 643 5610 forte
666 5554 857 5625 aliquis
877 5556 1127 5625 gaudere,
1154 5564 1209 5610 et
1234 5554 1414 5611 dicere
1443 5573 1456 5609 :
1485 5556 1765 5611 Abundaut
1790 5559 1915 5613 mihi

333 5646 470 5714 ista,
505 5645 642 5702 bcue
682 5647 809 5701 mihi
851 5656 968 5713 est,
1014 5647 1144 5702 nihil
1188 5646 1414 5717 amplius
1441 5662 1638 5716 qumro.
1675 5648 1915 5703 Nodum

330 5740 495 5809 mepit
523 5755 641 5793 esse
671 5749 876 5794 amator
902 5739 1028 5804 Dei;
1063 5737 1294 5794 nondum
1321 5741 1481 5810 etrapit
1507 5739 1693 5810 suspir.
1718 5736 1770 5794 re
1804 5751 1918 5794 tan-

1380 298 1774 358 ENARRATIO
1814 296 1877 353 ιε
1919 295 2233 356 ιτειωιωι
2274 301 2539 374 txxxv.

3397 365 3406 372 ,
3434 300 3574 360 tooc

2013 430 2169 487 quam
2203 419 2532 490 peregrinus.
2571 415 2756 484 Absit,
2781 416 2921 487 absit
2952 435 2966 472 :
2995 414 3246 473 recedant
3275 417 3462 488 omnia,
3499 432 3588 473 sc-

2009 508 2285 578 ductoria,
2329 512 2578 569 recedant
2616 512 2972 569 blandimenta
3023 513 3188 579 falsa;
3230 513 3481 579 recedant
3518 529 3590 576 ea

2009 615 2128 670 qua!
2159 602 2310 657 nobis
2335 601 2569 673 quotidie
2587 602 2789 672 dicunt,
2813 603 2915 660 Ubi
2944 614 3028 660 εει
3056 604 3192 659 Deus
3222 603 3383 659 tuus?
3405 604 3593 659 Etfnno

2010 691 2199 748 damus
2224 708 2384 764 super
2405 710 2500 750 nos
2524 696 2753 749 animam
2778 705 3035 761 nostram,
3059 695 3406 762 confiteamur
3428 695 3481 751 in
3513 696 3594 750 la-

2011 784 2230 855 crymis,
2257 800 2529 854 gemamus
2554 786 2604 840 in
2626 787 3071 856 confessionibus,
3099 788 3150 841 in
3173 787 3398 853 miseriis
3418 789 3594 858 suspi—

2015 888 2193 927 rcmus
2223 872 2392 942 (Psal.
2422 891 2506 930 xu
2530 917 2544 941 ,
2593 878 2651 931 ll
2683 919 2698 942 ,
2727 879 2760 932 4
2780 919 2798 945 ,Α
2822 879 2902 950 5).
2942 879 3204 950 Quidquid
3249 879 3411 951 nobis.
3441 879 3597 945 adest

2016 975 2206 1035 praeter
2230 967 2390 1029 Deum
2418 978 2678 1036 nostrum,
2705 985 2807 1024 non
2829 980 2911 1034 cst
2931 971 3087 1027 dulce
3110 990 3122 1025 :
3150 972 3393 1036 uolumus
3414 973 3594 1035 omnia

2015 1071 2131 1125 qtae
2159 1055 2338 1124 dedit,
2376 1058 2420 1112 si
2462 1075 2566 1112 non
2598 1058 2687 1113 dat
2716 1061 2945 1130 seipsum
2977 1063 3065 1132 qui
3095 1063 3270 1120 omnia
3298 1063 3463 1119 dedit.
3491 1064 3595 1118 Au-

2014 1147 2152 1201 ribus
2177 1148 2348 1219 inﬁge,
2379 1147 2623 1216 Domine,
2661 1151 2936 1204 orationem
2966 1169 3155 1222 meant,
3189 1163 3236 1207 et
3262 1153 3462 1209 intende
3491 1155 3599 1218 voci

2017 1238 2258 1292 orationis
2283 1255 2422 1293 mete.
2456 1238 2523 1293 In
2559 1241 2640 1294 die
2667 1241 3002 1296 tribulationis
3032 1259 3155 1296 mea:
3182 1244 3396 1298 clamavi
3421 1244 3488 1299 ad
3513 1253 3560 1300 te
3577 1285 3592 1310 ,

2015 1331 2252 1400 quoniam
2283 1332 2535 1387 exaudisti
2560 1349 2658 1387 me.
3349 1397 3352 1400 ,
3393 1401 3400 1407 Ρ

2091 1422 2179 1478 12.
2226 1422 2374 1497 [υενε.
2403 1423 2480 1498 8.]
2515 1425 2634 1480 Non
2664 1436 2736 1480 est
2763 1427 2942 1482 similis
2989 1427 3076 1480 tibi
3105 1428 3154 1482 in
3185 1429 3280 1492 diis
3299 1470 3315 1495 ,
3361 1430 3591 1493 Domine.

2020 1514 2085 1570 Et
2126 1515 2250 1586 quid
2289 1516 2464 1572 dixit?
2507 1517 2628 1573 Non
2656 1528 2726 1573 est
2751 1519 2931 1573 similis
2961 1520 3049 1574 tibi
3085 1520 3139 1574 in
3171 1521 3315 1588 diis,
3357 1520 3600 1586 Domine.

2022 1605 2249 1677 Fingant
2275 1608 2374 1663 sibi
2409 1608 2538 1664 deos
2569 1625 2701 1680 quos
2730 1611 2914 1664 volunt
2957 1610 3150 1681 Pagaui
3176 1627 3192 1677 ;
3223 1610 3484 1668 adducant
3527 1613 3605 1666 fa-

2021 1695 2146 1750 bros
2187 1701 2533 1767 argentarios,
2576 1700 2862 1767 auriticcs,
2892 1700 3236 1770 cxpolitores,
3282 1703 3599 1773 sculptorcs,

2022 1787 2218 1844 faciant
2241 1783 2391 1846 deos.
2437 1791 2635 1860 Quales
2670 1791 2836 1848 deos?
2865 1791 3058 1848 Oculos
3087 1795 3343 1861 habentes
3363 1837 3378 1862 ,
3405 1804 3461 1860 et
3497 1811 3604 1862 non

2023 1879 2457 1953 videntesll’sal.
2484 1897 2631 1947 cxrn,
2663 1883 2755 1953 5);
2811 1893 2864 1937 et
2912 1893 3101 1938 cmtcra
3143 1899 3261 1955 qua:
3303 1885 3430 1940 dicit
3473 1886 3607 1962 psal-

2023 1986 2141 2024 mus
2167 1981 2575 2043 consequenter.
2616 1971 2722 2048 Sed
2766 1973 2864 2028 ista
2907 1990 3010 2028 non
3050 1975 3295 2040 colimus,
3339 1976 3445 2041 ait;
3498 1992 3604 2034 non

2021 2063 2281 2128 colimus,
2341 2063 2454 2119 haec
2502 2065 2648 2136 signa
2703 2074 2844 2139 sunt.
2900 2065 2966 2120 Et
3011 2067 3150 2138 quid,
3179 2068 3414 2136 colitis?
3446 2070 3603 2134 Aliud

2022 2152 2215 2222 aliquid
2248 2153 2397 2222 pejus
2429 2172 2441 2206 :
2479 2154 2731 2221 Quoniam
2775 2156 2848 2208 dii
2892 2154 3126 2211 Gentium
3161 2157 3604 2228 diemouia(Psal.

2023 2257 2143 2308 xcv,
2183 2241 2258 2314 5).
2309 2243 2376 2297 Ει
2421 2244 2586 2313 quid?
2616 2244 2724 2300 Nec
2769 2245 3066 2311 daemonia,
3126 2249 3414 2319 inquiunt,
3468 2251 3603 2308 coli-

2024 2349 2161 2388 mus.
2205 2333 2366 2389 i‘lane
2393 2334 2520 2388 nihil
2559 2335 2700 2391 aliud
2729 2335 2932 2391 habetis
2955 2338 3005 2391 in
3030 2338 3263 2408 templis,
3305 2339 3434 2396 nihil
3461 2341 3606 2396 aliud

2024 2425 2208 2496 implet
2255 2436 2404 2482 vates
2463 2437 2672 2483 vestros
2719 2445 2876 2500 quam
2927 2431 3268 2501 daemonium.
3319 2429 3426 2487 Sed
3483 2433 3607 2504 quid

2022 2515 2235 2571 dicitis?
2256 2520 2487 2589 Angelos
2511 2519 2758 2587 colimus,
2781 2522 3009 2591 Angelos
3032 2522 3291 2579 habemus
3311 2523 3466 2580 deos.
3488 2525 3603 2591 Nqn

2025 2608 2176 2677 plane
2220 2610 2386 2664 nostis
2417 2610 2669 2680 Angelos.
2717 2612 2903 2681 Angeli
2945 2612 3086 2667 enim
3127 2629 3289 2667 unum
3324 2614 3488 2686 Deum
3517 2631 3609 2683 cc-

2025 2701 2158 2766 lunl,
2186 2716 2286 2756 nec
2313 2699 2489 2758 favent
2517 2701 2818 2756 hominibus
2838 2703 2927 2774 qui
2950 2705 3134 2778 volunt
3156 2707 3334 2762 colere
3351 2707 3608 2778 Angelos,

2022 2801 2077 2847 et
2113 2807 2218 2848 non
2267 2795 2450 2848 Deum.
2502 2793 2633 2848 Nam
2678 2795 2974 2850 invenimus
3015 2796 3600 2870 honoratosAngelos,

2024 2885 2370 2956 prohibentes
2414 2886 2662 2942 homines
2713 2903 2779 2942 ne
2821 2902 2880 2943 se
2925 2887 3246 2956 adorarent,
3288 2891 3383 2946 sed
3426 2906 3608 2956 verum

2025 2977 2192 3032 Deum
2221 2976 2405 3048 (Apoc.
2437 2993 2551 3038 XIX,
2583 2977 2692 3049 10).
2725 2977 2828 3034 Sed
2859 2979 3092 3048 Angelos
3120 2979 3330 3046 dicant,
3367 2980 3613 3038 homines

2023 3067 2223 3136 dicant,
2251 3069 2376 3139 quia
2401 3067 2598 3124 dictum
2623 3080 2705 3125 est
2723 3111 2740 3137 ,
2772 3069 2885 3142 Ego
2906 3071 3034 3138 dixi,
3062 3069 3148 3125 Dii
3175 3074 3312 3137 estis,
3335 3083 3383 3128 et
3406 3075 3501 3143 ﬁlii
3530 3075 3612 3127 Αι-

2023 3163 2202 3216 tissimi
2224 3178 2395 3216 omnes
2427 3160 2592 3232 (Psal.
2625 3179 2810 3230 Lxxn,
2843 3165 2901 3233 6)
2932 3182 2945 3218 :
2978 3163 3100 3218 Non
3129 3175 3198 3219 est
3225 3165 3403 3220 similis
3431 3167 3519 3220 tibi
3556 3167 3610 3220 in

2025 3254 2142 3319 diis,
2177 3254 2406 3310 Domine.
2435 3255 2724 3322 Quodlibet
2745 3257 2887 3311 aliud
2928 3258 3123 3327 cogitet
3159 3258 3351 3327 homo,
3389 3275 3494 3314 non
3528 3270 3611 3315 est

2023 3346 2197 3402 simile
2235 3347 2375 3416 quod
2411 3347 2602 3402 factum
2644 3357 2726 3402 est
2765 3348 2834 3403 illi
2865 3350 2951 3420 qui
2995 3349 3139 3404 fecit.
3189 3351 3422 3420 Excepto
3465 3353 3608 3420 Deo,

2024 3437 2278 3509 quidquid
2303 3436 2444 3492 aliud
2466 3446 2548 3494 est
2579 3441 2630 3493 in
2659 3447 2844 3493 natura
2866 3454 3066 3507 rcrtun,
3094 3439 3290 3495 factum
3317 3449 3400 3496 est
3421 3457 3450 3497 a
3477 3441 3607 3499 Deo.

2023 3528 2288 3598 Quantum
2319 3529 2542 3585 interest
2570 3531 2709 3586 inter
2746 3546 2868 3586 eum
2896 3531 2982 3600 qui
3012 3531 3134 3587 fecit
3157 3573 3173 3599 ,
3215 3542 3268 3588 et
3299 3532 3425 3588 illud
3467 3534 3609 3605 quod

2024 3621 2221 3675 factum
2251 3629 2335 3676 est
2357 3662 2374 3688 ,
2400 3622 2518 3692 quis
2543 3622 2700 3694 digne
2726 3623 2958 3694 cogitet?
2983 3623 3086 3679 Iste
3115 3640 3243 3696 ergo
3265 3625 3441 3694 dixit,
3487 3625 3609 3681 Non

2023 3721 2094 3766 est
2118 3712 2295 3766 similis
2334 3711 2421 3767 tibi
2460 3713 2514 3767 in
2550 3714 2687 3780 diis,
2731 3712 2946 3770 Domine
2973 3728 3269 3788 :quantum
3317 3727 3494 3773 autem
3539 3717 3612 3773 sit

2023 3805 2298 3862 dissimilis
2321 3807 2478 3875 Deus,
2507 3825 2612 3864 non
2633 3809 2786 3876 dixit,
2810 3811 2931 3880 quia
2951 3811 3055 3866 dici
3084 3828 3188 3867 non
3214 3822 3406 3884 potest.
3433 3815 3608 3869 Inten-

2024 3895 2118 3952 dat
2143 3897 2387 3954 Charitas
2409 3908 2586 3954 vestra
2618 3918 2632 3955 :
2666 3901 2805 3956 Deus
2835 3900 3116 3956 iucll‘ahilis
3139 3914 3256 3969 est;
3287 3904 3494 3959 facilius
3521 3906 3609 3960 di—

2023 3990 2195 4044 cimus
2225 3990 2348 4060 quid
2376 4007 2485 4046 non
2510 3993 2613 4057 sit,
2641 4008 2797 4062 quam
2829 3992 2954 4062 quid
2987 3994 3076 4047 sit.
3106 3994 3324 4050 Terram
3365 3998 3603 4067 cogitas;

2023 4096 2130 4137 non
2155 4091 2238 4136 est
2264 4080 2364 4154 hoc
2390 4081 2532 4138 Deus
2560 4100 2575 4136 :
2603 4098 2749 4140 mare
2777 4085 3008 4154 cogitas;
3037 4101 3140 4140 non
3176 4097 3256 4141 est
3285 4089 3385 4143 hoc
3420 4091 3556 4146 licus
3589 4109 3603 4147 :

2024 4170 2202 4226 omnia
2230 4186 2346 4242 qua:
2369 4181 2493 4227 sunt
2511 4173 2573 4246 in
2614 4181 2752 4228 terra
2776 4216 2792 4242 ,
2837 4173 3080 4230 homines
3102 4185 3157 4231 et
3180 4178 3459 4246 animalia;
3499 4197 3604 4236 non

2022 4273 2103 4321 est
2135 4263 2236 4319 hoc
2265 4265 2408 4320 Deus
2438 4282 2451 4319 :
2484 4265 2662 4321 omnia
2691 4282 2810 4337 qua:
2849 4279 2973 4322 sunt
2999 4269 3052 4322 in
3080 4269 3248 4334 mari,
3279 4286 3399 4341 qua:
3424 4273 3607 4330 volant

2023 4371 2120 4427 per
2159 4372 2372 4423 aerem;
2420 4372 2526 4413 non
2569 4367 2653 4414 est
2696 4359 2798 4414 hoc
2850 4359 2990 4416 Deus
3020 4379 3034 4416 :
3065 4361 3320 4432 quidquid
3363 4364 3506 4421 lucet
3552 4367 3604 4421 in

2022 4449 2159 4505 cado
2183 4492 2198 4516 ,
2231 4449 2432 4517 stellae,
2459 4450 2540 4506 sol
2565 4458 2620 4506 et
2645 4450 2766 4506 luna
2793 4469 2806 4519 ;
2837 4467 2942 4507 non
2971 4452 3180 4510 esthoc
3217 4455 3358 4511 Deus
3389 4476 3404 4511 :
3436 4460 3606 4528 ipsum

2023 4540 2256 4606 etclam;
2287 4557 2391 4596 non
2420 4551 2501 4598 est
2525 4541 2625 4598 hoc
2652 4543 2790 4599 Deus
2823 4562 2836 4598 :
2867 4546 3103 4617 Angelos
3129 4547 3322 4618 cogita,
3347 4548 3604 4622 Virtutes,

2024 4629 2338 4697 Potestatcs,
2381 4633 2745 4706 Archangelos
2769 4677 2783 4701 ,
2815 4635 3080 4706 Thronos,
3120 4639 3310 4709 Sedes,
3351 4642 3604 4700 Domina-

2025 4722 2231 4787 tiones;
2261 4738 2370 4778 non
2409 4733 2488 4779 cst
2530 4724 2631 4780 hoc
2658 4726 2818 4781 Deus.
2856 4728 2921 4782 Et
2960 4729 3085 4799 quid
3113 4732 3231 4787 est?
3276 4731 3389 4789 lloc
3431 4737 3605 4792 solum

2025 4816 2170 4885 potui
2209 4815 2388 4872 dicere
2413 4857 2428 4883 ,
2471 4815 2596 4888 quid
2638 4834 2742 4873 non
2773 4821 2860 4874 sit.
2887 4820 3095 4890 Qu:cris
3137 4825 3262 4896 quid
3304 4826 3412 4882 sit?
3450 4828 3606 4896 Quod

2023 4907 2211 4962 oculus
2236 4922 2341 4962 non
2371 4907 2520 4974 vidit,
2547 4923 2645 4964 nec
2671 4911 2814 4965 auris
2838 4913 3059 4980 audivit,
3092 4931 3188 4970 nec
3224 4916 3274 4972 in
3302 4932 3397 4974 cor
3427 4920 3604 4975 homi-

2024 4998 2107 5053 nis
2133 4997 2373 5053 ascendit
2397 4998 2439 5070 (Ι
2464 4997 2584 5054 Cor.
2609 5016 2666 5066 ll,
2694 5000 2769 5072 9).
2800 5001 2936 5070 Quid
2962 5007 3157 5076 quarris
3184 5017 3240 5062 ut
3267 5009 3520 5064 ascendat
3550 5012 3602 5066 in

2024 5089 2257 5160 linguam
2283 5132 2298 5156 ,
2329 5089 2469 5160 quod
2501 5092 2554 5146 in
2583 5106 2678 5147 cor
2721 5109 2827 5148 non
2870 5097 3155 5154 ascendit?
3188 5099 3306 5156 Non
3331 5113 3404 5157 est
3427 5104 3608 5162 similis

2025 5181 2112 5236 tibi
2136 5181 2187 5235 in
2220 5180 2348 5249 diis,
2376 5181 2623 5249 Domine;
2649 5194 2694 5240 et
2725 5203 2824 5240 non
2854 5199 2926 5243 est
2954 5191 3229 5245 secundum
3253 5210 3408 5262 opera
3435 5205 3543 5250 tua.

2095 5272 2181 5328 15.
2215 5271 2363 5344 [vers.
2401 5272 2478 5347 9.]
2512 5274 2698 5331 Omnes
2719 5288 2886 5348 gentes
2911 5289 3149 5352 quotquot
3173 5284 3362 5353 fecisti,
3388 5288 3602 5354 venient,

2023 5376 2070 5420 et
2094 5366 2374 5420 adorabunt
2402 5385 2572 5423 coram
2600 5378 2648 5424 te
2669 5411 2683 5434 ,
2719 5370 2949 5426 Domine.
2981 5374 3330 5432 Auntiutiavit
3365 5378 3380 5410 ⁸
3423 5380 3603 5435 Eccle-

2023 5457 2195 5536 siarb
2217 5457 2402 5515 Omnes
2429 5469 2596 5530 gentes
2624 5470 2860 5532 quotquot
2891 5463 3068 5533 fecisti.
3097 5462 3153 5519 Si
3179 5473 3260 5522 est
3286 5481 3418 5538 gens
3444 5485 3602 5540 quam

2024 5564 2132 5608 non
2173 5548 2296 5604 fecit
2323 5549 2489 5626 Dens,
2522 5567 2628 5606 non
2659 5551 2903 5606 adorabit
2942 5569 3063 5609 eum
3100 5573 3113 5610 :
3144 5558 3288 5626 nulla
3313 5569 3396 5615 est
3423 5573 3605 5618 autem

2023 5653 2151 5708 gens
2175 5654 2332 5709 quam
2357 5627 2468 5694 non
2492 5640 2613 5695 fecit
2640 5642 2775 5696 Deus
2800 5657 2814 5707 ;
2842 5642 2961 5710 quia
2995 5625 3191 5724 fontem
3219 5651 3456 5706 omnium
3478 5669 3624 5724 gens

2090 5750 2105 5782 ¹
2134 5752 2203 5800 sic,
2224 5756 2333 5800 Mss.
2359 5752 2468 5799 ΗΜ.
2498 5766 2632 5813 vero,
2674 5752 2973 5808 annnmizmt.
