4084 6468
541 303 667 362 1091

533 427 664 482 ιῑυιιι
694 422 864 480 Adam
897 430 951 480 et
979 421 1144 478 Evam
1173 419 1296 478 fecit
1322 420 1480 485 Deus,
1508 418 1632 476 inde
1657 429 1961 492 propagata:
1988 431 2113 478 sunt

530 532 719 574 omnes
742 523 948 588 gentes.
975 516 1176 572 Omnes
1200 528 1326 584 ergo
1350 520 1538 582 gentes
1564 512 1704 568 Deus
1730 511 1856 569 fecit
1881 531 1896 570 :
1925 514 2111 571 Omnes

529 613 658 680 ergo
676 616 843 680 gentes
861 615 1103 681 quotquot
1128 604 1308 676 fecisti,
1336 602 1550 668 venient,
1573 612 1619 657 et
1640 603 1922 659 adorabunt
1941 621 2112 660 carent

530 710 609 769 te,
652 698 894 755 Domine;
927 697 1152 767 Quando
1189 695 1391 750 dictum
1419 694 1538 748 est?
1563 695 1785 764 Quando
1825 711 2004 752 coram
2046 713 2111 772 ep

528 807 637 849 non
652 791 943 848 adorahant
959 790 1058 845 nisi
1080 787 1231 860 pauci
1252 786 1421 842 sancti
1443 787 1494 841 in
1516 801 1622 842 uno
1642 787 1837 858 populo
1857 787 2109 844 Hebrteo-

525 898 668 950 rum,
699 891 826 938 tunc
855 881 1054 936 dictum
1079 877 1320 944 esthoc;
1347 887 1404 934 et
1431 877 1590 934 modo
1615 878 1826 934 videtur
1850 877 1994 950 quod
2023 878 2107 934 di-

523 983 667 1029 ctum
697 981 780 1030 est
806 989 820 1026 :
851 971 1036 1026 Omnes
1060 978 1230 1041 gentes
1269 977 1512 1039 quotquot
1549 967 1748 1038 fecisti,
1789 967 2019 1035 venient,
2061 978 2107 1022 ct

522 1065 807 1120 adorabunt
829 1078 1000 1117 coram
1021 1071 1087 1131 te,
1119 1059 1354 1116 Domine.
1390 1060 1614 1128 Quando
1631 1059 1947 1134 dicebantur
1967 1060 2102 1129 lucc,

523 1173 629 1213 non
656 1155 976 1211 videbantur
997 1195 1013 1219 ,
1043 1162 1099 1210 et
1134 1151 1523 1216 credebantur;
1564 1151 1778 1223 quando
1813 1151 2062 1208 videntur
2085 1194 2101 1220 ,

517 1261 686 1318 quare
725 1244 1028 1317 negantur?
1070 1243 1258 1301 Omnes
1293 1253 1464 1317 gentes
1507 1252 1748 1316 quotquot
1790 1243 1974 1316 fecisti,
2016 1260 2102 1300 ve-

519 1339 678 1406 nient,
709 1348 755 1395 et
783 1337 1066 1394 adorabunt
1087 1353 1263 1392 coram
1288 1345 1335 1392 te
1355 1377 1370 1402 ,
1399 1333 1635 1404 Domine,
1673 1344 1722 1390 et
1747 1335 2105 1408 gloriﬁcabunt

517 1445 700 1487 nomen
726 1441 887 1487 tuum.

589 1524 676 1577 η.
705 1520 856 1595 [verm
881 1519 994 1596 ιθ]
1024 1520 1274 1588 Quoniam
1305 1535 1592 1592 magnus-es
1613 1529 1689 1588 tu,
1716 1529 1764 1576 et
1785 1520 1975 1594 faciens
2005 1521 2102 1576 mi-

515 1614 729 1678 rabilio;
759 1623 813 1667 tu
843 1629 896 1668 es
926 1612 1064 1667 Deus
1097 1612 1237 1668 solus
1262 1628 1495 1684 magnus.
1527 1611 1696 1669 Nemo
1722 1627 1782 1668 se
1805 1609 1948 1668 dicat
1982 1628 2100 1668 ma-

513 1719 696 1776 gnum.
727 1705 913 1761 Futuri
951 1713 1108 1760 erant
1131 1704 1222 1776 qui
1251 1718 1312 1760 se
1349 1703 1589 1760 dicerent
1618 1718 1839 1776 magnos
1870 1720 1887 1760 :
1913 1713 2097 1760 contra

513 1799 614 1855 hos
637 1799 853 1865 dicitur,
881 1796 965 1853 Tu
997 1814 1048 1852 es
1073 1794 1213 1853 Deus
1237 1796 1374 1852 solus
1399 1813 1631 1869 magnus.
1659 1795 1792 1852 Nam
1818 1793 1945 1868 quid
1981 1812 2095 1852 ma-

511 1905 674 1960 gnum
702 1890 896 1945 dicitur
924 1889 1054 1955 Deo,
1083 1887 1205 1959 quia
1232 1887 1347 1959 ipse
1374 1896 1458 1944 est
1495 1884 1641 1944 solus
1661 1881 1810 1944 Deus
1838 1889 2097 1959 magnus?

511 1983 644 2050 Quis
667 1979 770 2037 hoc
797 1981 982 2047 nescit,
1010 1981 1134 2052 quia
1155 1980 1269 2050 ipse
1295 1989 1378 2036 est
1401 1979 1544 2036 Deus
1568 1981 1823 2052 magnus?
1845 1979 1952 2038 Sed
1973 1981 2095 2052 quia

509 2069 871 2140 futuri'crant,
899 2072 989 2144 qui
1027 2086 1086 2127 se
1116 2071 1357 2127 dicerent
1382 2087 1626 2144 magnos,
1666 2081 1720 2128 et
1747 2073 1911 2128 Deum
1951 2073 2094 2129 facc-

509 2174 630 2220 rent
659 2179 909 2234 parvum;
951 2172 1139 2219 contra
1181 2163 1304 2218 illos
1342 2161 1574 2231 dicitur,
1616 2173 1668 2218 tu
1696 2180 1749 2220 es
1776 2165 1914 2220 solus
1953 2163 2094 2220 Deus

505 2271 732 2326 magnus.
761 2253 968 2310 Etenim
990 2252 1133 2325 quod
1163 2262 1216 2308 tu
1243 2253 1397 2319 dicis,
1421 2253 1693 2324 impletur,
1719 2271 1824 2311 non
1852 2257 1993 2328 quod
2019 2257 2090 2312 illi

504 2347 686 2401 dicunt
713 2387 727 2409 ,
759 2345 848 2416 qui
875 2359 934 2401 se
959 2345 1140 2401 dicunt
1182 2360 1424 2417 magnos.
1461 2346 1598 2414 Quid
1638 2345 1775 2402 dixit
1817 2347 1957 2404 Deus
1998 2365 2093 2418 per

503 2437 756 2508 Spiritum
779 2454 931 2493 suum
951 2437 980 2491 Υ
997 2437 1182 2493 Omnes
1206 2448 1378 2510 gentes
1403 2448 1644 2510 quotquot
1670 2440 1854 2512 fecisti,
1871 2442 2087 2510 uenient,

477 2537 548 2584 ἐι
574 2527 860 2583 adorabunt
876 2545 1044 2583 coram
1070 2539 1135 2593 te,
1161 2527 1398 2584 Domine.
1426 2529 1561 2598 Quid
1589 2529 1716 2586 dicit
1741 2531 1923 2588 nescio
1943 2533 2084 2604 quis,

497 2622 591 2693 qui
621 2637 680 2678 se
717 2619 847 2679 dicit
884 2621 1179 2692 magnum?
1207 2621 1360 2678 Absit
1391 2639 1405 2676 :
1437 2636 1543 2677 non
1568 2621 1824 2679 adorator
1852 2623 1993 2680 Deus
2035 2625 2086 2680 in

497 2713 749 2770 omnibus
768 2713 1043 2786 gentibus;
1061 2712 1331 2784 perierunt
1346 2727 1532 2770 omnes
1543 2723 1750 2786 gentes,
1773 2715 1887 2770 sola
1911 2715 2086 2772 Africa

496 2805 770 2861 remansit.
796 2805 908 2860 lloe
929 2814 985 2860 tu
1004 2805 1158 2871 dicis,
1172 2804 1259 2877 qui
1278 2813 1328 2861 te
1343 2804 1476 2860 dicis
1497 2820 1776 2877 magnum;
1799 2805 1942 2861 aliud
1958 2807 2088 2863 dicit

493 2898 584 2970 qui
601 2908 681 2954 est
695 2898 841 2954 solus
859 2899 997 2955 Deus
1020 2913 1259 2969 magnus.
1280 2896 1415 2967 Quid
1434 2897 1657 2969 dicitqui
1679 2907 1761 2954 est
1777 2898 1923 2954 solus
1945 2898 2085 2955 Deus

491 2991 740 3064 magnus?
764 2990 949 3046 Omnes
966 2999 1134 3062 gentes
1149 2998 1384 3060 quotquot
1400 2989 1581 3060 fecisti,
1604 2989 1818 3056 venient,
1839 3000 1886 3044 et
1905 2989 2086 3046 adora-

490 3084 612 3139 bunt
635 3099 806 3138 coram
826 3094 891 3149 te,
913 3081 1148 3136 Domine.
1162 3079 1332 3136 Video
1352 3079 1491 3152 quod
1509 3079 1642 3135 dixit
1655 3079 1802 3136 solus
1821 3081 1960 3136 Deus
1977 3096 2082 3137 ma-

487 3189 654 3245 gnus;
681 3182 853 3228 taceat
879 3171 1039 3227 homo
1066 3170 1201 3226 falso
1227 3185 1479 3242 magnus;
1513 3169 1634 3226 ideo
1675 3168 1938 3227 fallaciter
1966 3187 2081 3226 ma-

485 3281 643 3338 gnus,
665 3264 785 3337 quia
800 3264 1116 3335 dedignatur
1133 3277 1253 3318 esse
1275 3276 1488 3333 parvus.
1506 3261 1636 3332 Quis
1651 3277 1845 3334 parvus
1857 3277 1976 3320 esse
1993 3263 2080 3321 de-

483 3358 770 3430 dignatur?
793 3358 897 3413 lste
916 3358 1005 3428 qui
1031 3357 1132 3412 hoc
1154 3355 1298 3411 diclt.
1336 3355 1648 3426 Quicumque
1682 3355 1789 3410 rult
1827 3355 1957 3410 inter
1991 3372 2076 3412 vos

482 3453 652 3522 major
673 3466 808 3515 esse,
852 3449 985 3504 dixit
1015 3448 1268 3503 Dominus
1292 3488 1306 3512 ,
1344 3447 1439 3501 erit
1474 3456 1632 3500 vester
1655 3463 1826 3501 servus
1859 3444 2071 3519 (Matth.

483 3557 558 3597 xx
583 3582 600 3608 ,
629 3540 747 3612 26).
776 3539 872 3595 Ille
898 3540 942 3595 si
969 3554 1158 3595 servus
1185 3537 1346 3593 vellet
1383 3549 1510 3593 esse
1542 3535 1765 3592 fratrum
1808 3551 2028 3592 suorum
2053 3581 2068 3605 ,

481 3645 590 3688 non
633 3645 728 3686 eos
764 3638 1038 3700 separaret
1075 3643 1107 3684 a
1151 3637 1319 3684 matre
1363 3627 1597 3698 ipsorum
1629 3626 1763 3683 :sed
1799 3643 1920 3683 cum
1957 3627 2072 3684 vult

481 3739 602 3781 esse
641 3738 903 3795 magnus,
943 3729 998 3778 et
1038 3737 1144 3777 non
1192 3720 1302 3776 vult
1349 3731 1471 3776 esse
1509 3719 1796 3775 salubriter
1834 3734 2068 3790 parvus;

482 3816 625 3871 Deus
657 3815 750 3886 qui
779 3813 1024 3885 superbis
1055 3812 1274 3878 resistit,
1308 3811 1594 3868 humilibus
1620 3819 1798 3867 autem
1826 3811 1920 3868 dat
1946 3826 2067 3883 gra-

479 3910 606 3963 tiam
636 3906 836 3979 (Jucobi
874 3922 924 3962 tv
948 3948 962 3974 ,
987 3906 1042 3977 6)
1067 3947 1081 3969 ,
1121 3905 1243 3976 quia
1283 3903 1428 3959 solus
1455 3913 1536 3958 est
1577 3918 1798 3976 magnus
1821 3944 1835 3967 ,
1883 3903 2068 3974 implet

474 3998 658 4054 omnia
700 4013 819 4070 quae
848 3997 1125 4068 praedixit,
1169 4006 1221 4051 et
1257 3992 1574 4050 contradicit
1601 3993 2061 4050 maledicentibus.

472 4089 690 4144 Christo
725 4090 867 4144 enim
901 4089 1032 4143 tales
1072 4086 1425 4149 maledicunt,
1456 4085 1546 4157 qui
1577 4084 1760 4141 dicunt
1787 4086 1911 4157 quia
1941 4101 2081 4163 peri

473 4182 535 4236 iit
577 4181 823 4236 Ecclesia
855 4179 922 4235 de
954 4188 1063 4232 toto
1107 4178 1237 4233 orbe
1276 4189 1538 4233 terrarum
1564 4217 1579 4242 ,
1625 4187 1680 4233 et
1715 4179 1973 4233 remansit
2008 4179 2060 4233 in

467 4274 587 4329 sola
615 4273 811 4326 Africa.
838 4272 892 4326 Si
915 4272 1119 4327 diceres
1146 4271 1245 4337 illi,
1272 4269 1470 4324 Perdes
1497 4269 1672 4324 villam
1706 4277 1848 4325 tuam
1877 4287 1890 4336 ;
1923 4269 2061 4327 forte

472 4379 583 4418 non
613 4378 642 4418 a
673 4372 724 4418 te
756 4372 1076 4432 temperaret
1106 4377 1320 4415 manum
1355 4376 1367 4413 :
1396 4369 1449 4415 ct
1478 4360 1608 4416 dicit
1631 4359 1903 4416 Christum
1936 4377 2057 4433 per-

475 4457 676 4513 didisse
704 4456 1068 4510 luet-editatem
1097 4470 1246 4509 suam
1283 4453 1610 4524 redemptam
1639 4456 1896 4526 sanguine
1923 4458 2055 4513 suo!

473 4549 641 4617 Quam
669 4560 844 4603 autem
873 4548 1030 4602 iaciat
1053 4548 1298 4616 injuriam
1329 4546 1521 4613 videte,
1547 4545 1756 4603 fratres.
1786 4546 2055 4617 Scriptura

472 4639 602 4693 dicit
631 4655 646 4692 :
681 4637 742 4692 In
770 4638 872 4692 tato
898 4647 1042 4709 gente
1060 4638 1223 4707 gloria
1248 4636 1415 4706 regis;
1442 4637 1494 4690 in
1523 4637 1852 4691 diminutione
1882 4638 2059 4708 populi

471 4729 705 4783 contritio
727 4729 967 4800 principis
989 4726 1169 4798 (Prov.
1191 4743 1302 4790 xw,
1328 4725 1443 4799 28).
1474 4726 1613 4797 Ergo
1640 4728 1776 4783 hanc
1807 4729 2055 4798 injuriatn

468 4819 599 4875 fucis
627 4819 862 4885 Christo,
897 4829 952 4872 ut
978 4819 1123 4872 dicas
1147 4819 1399 4890 populum
1430 4818 1545 4888 ejus
1573 4818 1640 4873 ad
1673 4819 1824 4874 istam
1853 4821 2056 4892 exigui-

469 4921 632 4968 tatem
661 4911 1000 4966 diminutum.
1038 4911 1159 4965 Ideo
1185 4920 1340 4965 natus
1369 4925 1449 4974 es,
1477 4910 1598 4966 ideo
1622 4910 1972 4967 christianum
2002 4923 2053 4968 te

465 5005 621 5073 dicis,
654 5015 710 5059 ut
737 5004 978 5059 invideas
1004 5003 1185 5074 gloria:
1224 5004 1418 5058 Christi
1443 5044 1458 5068 ,
1485 5001 1637 5072 cujus
1665 5003 1873 5073 signum
1905 5012 1956 5060 te
1996 5005 2049 5060 in

466 5097 642 5153 fronte
669 5107 883 5168 portare
912 5097 1127 5159 asseris,
1160 5105 1212 5151 et
1239 5095 1306 5149 de
1327 5095 1488 5150 corde
1512 5094 1829 5165 perdidisti?
1855 5095 1922 5150 In
1948 5096 2052 5151 tota

463 5202 610 5262 gente
632 5192 795 5262 gloria
818 5192 950 5262 regis
981 5207 998 5244 :
1025 5205 1255 5262 agnosce
1289 5205 1472 5261 regem
1501 5199 1686 5256 tuum;
1714 5191 1780 5246 da
1821 5191 1898 5246 illi
1935 5192 2051 5262 glo-

467 5282 624 5345 riam,
645 5281 710 5336 da
733 5281 810 5336 illi
833 5284 988 5336 latam
1010 5291 1242 5352 gentem.
1266 5281 1435 5350 Quam
1463 5281 1623 5336 latam
1649 5292 1861 5353 gontcm
1884 5281 2046 5350 dabo,

462 5379 678 5448 inquis?
709 5377 826 5433 Noli
865 5394 929 5434 ex
958 5385 1049 5432 tuo
1077 5377 1237 5432 corde
1266 5377 1414 5440 dare,
1439 5386 1492 5432 et
1517 5385 1662 5432 recte
1689 5376 1862 5432 dabis.
1895 5376 2048 5439 Unde

459 5472 530 5526 do
554 5514 568 5536 ,
611 5468 861 5542 inquies?
886 5473 1022 5528 Ecce
1065 5471 1190 5526 hinc
1232 5471 1296 5525 da
1330 5490 1346 5526 :
1379 5471 1565 5524 Omnes
1593 5479 1762 5542 gentes
1806 5467 2046 5539 quoﬁnot

460 5563 624 5633 [ει-εειί
648 5604 661 5627 ,
688 5563 883 5616 uenient
905 5603 921 5628 ,
965 5571 1011 5615 et
1041 5562 1322 5615 adorabunt
1352 5577 1523 5614 coram
1550 5569 1596 5613 te
1618 5599 1633 5625 ,
1677 5557 1910 5612 Domine.
1954 5559 2045 5614 Dic

460 5657 600 5723 hoc,
643 5655 897 5711 conﬁtere
929 5655 1028 5709 hoc
1051 5697 1067 5721 ,
1105 5663 1160 5709 et
1197 5653 1389 5709 dedisti
1433 5653 1590 5706 latam
1635 5661 1847 5720 gentem
1877 5669 1892 5705 :
1921 5651 2041 5720 quia

458 5762 649 5804 omnes
668 5755 852 5818 gentes
878 5748 932 5804 in
961 5763 1066 5804 uno
1095 5761 1232 5811 una;
1279 5745 1389 5815 ipsa
1431 5753 1510 5800 est
1539 5742 1732 5799 unitas.
1761 5743 2040 5811 Quomodo

1733 287 1823 362 ~s.
1861 304 2226 366 aucusmu
2268 281 2564 372 erisnam
2599 279 2603 393 ί

3673 330 3736 388 1³0
3747 332 3768 383 i‘.
3777 331 3809 386 Ξ

2221 426 2362 482 enim
2393 426 2628 483 Ecclesia
2668 438 2724 487 et
2765 430 3023 489 Ecclesia:
3048 475 3064 502 ,
3103 433 3206 492 illa:
3247 417 3514 494 Ecclesite.
3546 453 3666 512 qua:
3705 442 3808 498 Ευ-

2219 518 2414 585 clesia;
2464 519 2540 574 sic
2587 519 2673 576 illa
2721 537 2856 594 gens
2901 540 3021 594 qua:
3070 535 3258 597 gentes
3308 544 3321 582 :
3369 538 3524 583 antea
3568 541 3800 602 gentes,

2219 610 2397 665 multae
2432 620 2658 682 gentes;
2699 613 2858 670 modo
2909 630 3013 672 una
3051 632 3201 688 gens.
3262 618 3440 688 Quare
3481 637 3583 676 una
3623 625 3802 694 gens!

2219 700 2348 772 Quia
2377 719 2478 759 una
2512 703 2642 761 lides
2666 749 2681 772 ,
2727 707 2848 780 quia
2893 724 2996 764 una
3042 726 3165 782 spes
3189 753 3202 777 ,
3235 713 3358 784 quia
3387 727 3490 768 una
3519 714 3756 771 Charitas
3781 756 3800 782 ,

2217 797 2338 868 quia
2365 814 2469 854 una
2494 802 2838 870 exspectatio.
2871 801 3150 860 Postremo
3179 820 3347 876 quare
3375 822 3480 862 non
3509 823 3613 862 una
3641 825 3797 881 gens,

2216 889 2259 943 si
2291 905 2390 944 una
2415 889 2612 960 patria?
2643 891 2818 948 Patria
2843 892 3079 950 ccelesds
3107 902 3192 951 est
3219 897 3235 928 ¹
3255 937 3271 962 ,
3302 897 3472 968 patria
3497 898 3796 956 Jerusalem

2216 991 2297 1035 est
2329 999 2340 1033 :
2372 983 2459 1053 qui
2493 983 2610 1054 quis
2649 985 2772 1041 inde
2799 987 2932 1043 civis
2977 1003 3082 1045 non
3128 997 3245 1057 est,
3286 989 3356 1045 ad
3401 990 3558 1047 istam
3583 1003 3798 1064 gentem

2215 1088 2318 1127 non
2352 1076 2611 1144 pertinet;
2643 1077 2883 1151 quisquis
2922 1089 3098 1136 autem
3139 1081 3263 1138 inde
3299 1082 3430 1138 civis
3458 1091 3542 1139 est
3562 1126 3577 1151 ,
3608 1085 3660 1139 in
3692 1100 3799 1142 una

2212 1173 2370 1233 gente
2398 1165 2488 1220 Dei
2518 1177 2618 1222 est.
2645 1168 2712 1222 Et
2736 1167 2851 1225 haec
2874 1185 3005 1241 gens
3031 1171 3098 1226 ab
3125 1171 3332 1229 oriente
3361 1173 3413 1228 in
3438 1173 3790 1242 occidentem,

2211 1252 2280 1308 ah
2307 1255 2554 1325 aquilone
2595 1267 2650 1314 et
2689 1259 2824 1315 mari
2852 1259 3170 1318 distenditur
3195 1279 3305 1334 per
3346 1271 3574 1336 quatuor
3613 1277 3796 1336 partes

2213 1344 2372 1400 totius
2395 1346 2560 1403 orbis.
2585 1349 2696 1405 Hoc
2721 1350 2861 1407 Deus
2881 1352 3009 1408 dicit
3037 1371 3050 1408 :
3078 1354 3159 1410 Ah
3180 1356 3390 1410 oriente
3414 1366 3472 1412 et
3489 1357 3791 1425 occidente,

2209 1436 2278 1491 ab
2300 1438 2549 1506 aquilone
2574 1448 2630 1499 et
2655 1441 2792 1498 mari
2815 1442 2939 1500 date
2961 1444 3184 1514 gloriam
3213 1445 3342 1502 Deo.
3374 1445 3487 1507 Hoc
3524 1447 3790 1520 prmdixit,

2211 1527 2310 1583 hoc
2341 1529 2600 1601 implevit,
2629 1532 2719 1604 qui
2746 1534 2892 1591 solus
2911 1545 3002 1592 est
3021 1553 3262 1610 magnus.
3291 1539 3508 1596 Desinat
3536 1556 3665 1614 ergo
3692 1540 3793 1598 hoc

2207 1618 2387 1677 dicere
2412 1632 2597 1680 contra
2625 1626 2799 1681 solum
2846 1643 3094 1700 magnum
3121 1671 3135 1695 ,
3168 1630 3258 1701 qui
3295 1629 3464 1687 noluit
3508 1646 3628 1688 esse
3669 1648 3792 1702 par—

2205 1728 2302 1768 vus
2335 1733 2348 1769 :
2381 1716 2501 1786 quia
2528 1732 2634 1773 non
2664 1729 2887 1790 possunt
2909 1735 3029 1778 esse
3054 1721 3160 1778 duo
3187 1721 3387 1794 magni,
3418 1723 3560 1781 Deus
3600 1734 3655 1781 et
3685 1724 3790 1782 Do-

2204 1817 2379 1864 natus.

2277 1900 2363 1956 i5.
2408 1899 2560 1974 [rem
2606 1904 2719 1979 Η.]
2747 1903 2927 1962 Deduc
2957 1924 3067 1977 me,
3093 1905 3313 1965 Domine
3333 1953 3350 1976 ,
3390 1909 3444 1965 in
3478 1910 3559 1966 aia
3584 1918 3671 1965 tua
3690 1950 3708 1979 ,
3736 1919 3788 1966 et

2201 1994 2468 2049 ambulubo
2501 1997 2553 2051 in
2579 1999 2784 2056 veritate
2809 2009 2917 2058 tua.
2949 2001 3045 2058 Via
3077 2011 3164 2058 tua
3183 2044 3200 2068 ,
3237 2003 3436 2060 veritas
3470 2011 3558 2059 tua
3584 2043 3600 2068 ,
3629 2003 3736 2059 vita
3761 2005 3783 2036 ‘

2204 2093 2324 2154 tua,
2355 2086 2615 2144 Christus.
2646 2090 2792 2163 Ergo
2827 2107 3022 2164 corpus
3061 2093 3128 2150 ad
3172 2095 3360 2161 illum,
3405 2105 3460 2152 et
3489 2111 3691 2167 corpus
3719 2096 3787 2153 de

2200 2175 2314 2233 illo.
2343 2177 2455 2251 Ego
2482 2197 2595 2236 sum
2617 2183 2700 2237 eia
2722 2223 2737 2248 ,
2787 2193 2835 2239 et
2871 2185 3084 2250 veritas,
3117 2194 3166 2240 et
3187 2187 3289 2242 vita
3329 2187 3508 2258 (Joan.
3543 2203 3636 2243 xw
3656 2229 3672 2254 ,
3703 2185 3782 2258 6).

2197 2263 2375 2324 Deduc
2401 2288 2498 2338 me,
2529 2271 2766 2341 Domine,
2794 2275 2848 2330 in
2874 2276 2954 2330 ria
2983 2287 3088 2333 tua.
3131 2277 3191 2335 In
3221 2293 3324 2348 qua
3353 2279 3482 2334 via?
3504 2277 3570 2334 Et
3599 2279 3782 2338 atnbu—

2199 2358 2312 2414 labo
2361 2360 2411 2414 in
2457 2365 2664 2420 ueritate
2699 2374 2808 2420 tua.
2852 2367 3012 2423 Aliud
3054 2377 3168 2434 est.
3211 2380 3268 2431 ut
3310 2369 3469 2426 ducat
3495 2370 3563 2427 ad
3603 2371 3780 2438 viam;

2196 2449 2358 2517 aliud,
2388 2462 2444 2507 ut
2469 2453 2698 2510 deducat
2735 2458 2788 2512 in
2816 2458 2916 2513 via.
2950 2458 3079 2515 Vide
3108 2459 3376 2518 hominem
3409 2462 3607 2534 ubique
3638 2479 3777 2534 pau-

2197 2559 2376 2613 perem
2401 2588 2416 2612 ,
2449 2547 2644 2618 ubique
2669 2550 2934 2621 adjutorio
2969 2564 3238 2625 egentem.
3273 2555 3372 2622 Qui
3400 2565 3598 2630 prater
3638 2557 3778 2614 viam

2193 2646 2337 2701 sunt,
2366 2637 2644 2695 christiani
2668 2657 2772 2697 non
2798 2652 2942 2710 sunt,
2965 2655 3056 2700 aut
3081 2645 3333 2702 catholici
3359 2646 3594 2702 nondum
3616 2659 3739 2703 sunt
3757 2691 3775 2712 ,

2191 2727 2522 2786 deducantur
2563 2733 2630 2788 ad
2673 2735 2810 2790 viam
2839 2755 2856 2793 :
2883 2737 2975 2792 sed
3019 2753 3140 2793 cum
3187 2739 3426 2810 perducti
3472 2739 3667 2796 fuerint
3707 2741 3776 2796 ad

2190 2821 2330 2876 viam
2358 2864 2372 2889 ,
2411 2832 2466 2880 et
2501 2825 2747 2882 catholici
2778 2828 2832 2886 in
2878 2827 3093 2886 Christo
3130 2828 3257 2886 facti
3285 2830 3519 2896 fuerint;
3559 2831 3627 2887 ab
3657 2830 3775 2900 ipso

2188 2911 2520 2970 deducantur
2550 2916 2600 2971 in
2630 2918 2740 2986 ipsa
2777 2920 2882 2985 via,
2912 2935 2980 2976 ne
3009 2920 3224 2977 cadant.
3263 2922 3420 2978 Certe
3441 2922 3551 2992 jam
3579 2920 3770 2976 ambu-

2187 3004 2298 3061 lant
2327 3007 2378 3062 in
2411 3008 2513 3064 via.
2541 3007 2718 3063 Deduc
2744 3027 2841 3077 me,
2863 3009 3112 3076 Domine,
3142 3012 3194 3067 in
3224 3011 3305 3066 via
3329 3023 3418 3066 tua
3443 3029 3464 3066 :
3491 3022 3639 3069 certe
3659 3011 3770 3082 jam

2187 3097 2238 3152 in
2267 3098 2350 3151 via
2380 3106 2470 3154 tua
2496 3115 2634 3166 sum,
2661 3100 2833 3158 deduc
2858 3117 2943 3157 me
2971 3103 3061 3157 ibi.
3097 3098 3165 3156 Et
3191 3103 3460 3159 ambulabo
3488 3103 3540 3158 in
3565 3103 3772 3158 veritate

2184 3196 2270 3241 tua
2301 3203 2321 3242 :
2347 3197 2398 3244 te
2422 3189 2741 3257 deducente,
2771 3206 2876 3246 non
2904 3193 3132 3255 errabo;
3158 3193 3203 3248 si
3232 3193 3522 3260 dimiseris,
3554 3193 3766 3250 errabo.

2179 3277 2287 3334 Ora
2317 3295 2444 3350 ergo
2476 3290 2530 3336 ut
2569 3297 2673 3337 non
2711 3281 2978 3351 dimittat,
3006 3283 3101 3342 sed
3131 3301 3296 3355 usque
3326 3285 3378 3340 in
3407 3285 3568 3342 ﬁnem
3599 3286 3768 3342 dedu-

2181 3377 2286 3424 cat.
2336 3368 2613 3439 Qnomodo
2652 3372 2908 3430 deducit?
2948 3373 3172 3446 Semper
3217 3376 3508 3446 monendo,
3553 3392 3768 3448 semper

2179 3459 2355 3516 dando
2389 3462 2478 3518 tibi
2523 3479 2736 3520 manum
2768 3481 2938 3524 suam.
2978 3465 3055 3528 Et
3100 3467 3378 3528 brachium
3423 3469 3634 3524 Domini
3678 3471 3764 3525 cui

2178 3554 2467 3609 revelatum
2496 3564 2579 3611 est
2615 3554 2770 3627 (Isai.
2798 3573 2888 3614 LIII
2913 3599 2928 3626 ,
2959 3559 3048 3629 ην
3083 3559 3266 3615 Danda
3305 3561 3448 3616 enim
3490 3559 3761 3618 Christum

2176 3661 2352 3712 suum,
2384 3647 2474 3703 dat
2501 3664 2714 3704 manum
2742 3665 2925 3718 suam;
2952 3650 3129 3710 dando
3149 3668 3369 3709 manum
3389 3669 3539 3710 suam
3557 3697 3574 3721 ,
3603 3653 3762 3712 Citri-

2175 3747 2316 3792 stum
2343 3754 2498 3794 suum
2529 3739 2636 3796 dat.
2671 3741 2752 3797 Ad
2778 3740 2916 3798 viam
2945 3741 3119 3810 ducit,
3145 3744 3488 3814 perducendo
3514 3745 3580 3800 ad
3608 3745 3763 3809 Chri-

2172 3839 2314 3884 smm
2343 3845 2496 3885 suum
2519 3847 2534 3898 ;
2555 3831 2605 3886 in
2629 3831 2713 3886 via
2728 3832 2958 3903 deducit,
2982 3833 3294 3892 deducendo
3309 3835 3364 3892 in
3379 3835 3593 3894 Christo
3615 3851 3714 3892 suo
3741 3854 3756 3890 :

2171 3917 2414 3976 Christus
2441 3931 2618 3977 autem
2656 3924 2872 3980 veritas.
2914 3922 3092 3979 Deduc
3119 3941 3199 3980 me
3222 3940 3384 3998 ergo,
3413 3924 3632 3983 Domine
3656 3969 3673 3996 ,
3704 3929 3759 3986 in

2169 4017 2250 4070 uia
2281 4027 2368 4070 tua
2388 4057 2403 4083 ,
2433 4026 2480 4070 ct
2503 4015 2768 4072 ambulabo
2794 4017 2847 4072 in
2874 4018 3079 4073 veritate
3105 4028 3192 4073 tua
3219 4034 3238 4074 :
3265 4018 3318 4074 in
3344 4019 3435 4075 illo
3464 4019 3642 4090 utique
3666 4022 3756 4093 qui

2168 4109 2262 4174 ait,
2296 4109 2406 4181 Ego
2433 4127 2544 4164 sum
2567 4111 2667 4176 uia,
2698 4120 2743 4165 et
2773 4111 2975 4177 veritas,
3003 4112 3196 4173 etvita.
3223 4110 3355 4167 Nam
3385 4113 3478 4183 qui
3509 4112 3561 4168 in
3588 4114 3671 4168 via
3702 4123 3756 4170 et

2168 4202 2393 4258 veritate
2416 4201 2656 4266 deducis,
2684 4217 2790 4274 quo
2815 4203 2916 4258 nisi
2939 4203 3007 4258 ad
3029 4203 3188 4260 vitam
3212 4204 3495 4274 perducis?
3526 4205 3753 4262 Dedueis

2166 4310 2294 4366 ergo
2319 4295 2370 4348 in
2400 4296 2509 4362 illo,
2537 4295 2606 4350 ad
2635 4295 2802 4350 illum.
2834 4294 3008 4352 Deduc
3036 4312 3133 4363 me,
3177 4295 3413 4365 Domine,
3439 4297 3495 4352 in
3524 4298 3605 4354 uia
3627 4308 3750 4368 tua,

2168 4395 2214 4440 et
2245 4385 2510 4440 ttntbttlabo
2536 4387 2586 4440 in
2614 4387 2818 4448 veritate
2838 4395 2945 4443 (tta.

2242 4480 2327 4535 16.
2366 4478 2690 4534 Jacnndctur
2733 4496 2821 4534 cor
2849 4495 3038 4543 meum,
3087 4488 3142 4532 ut
3170 4479 3342 4534 timeat
3370 4496 3553 4536 nomen
3585 4490 3748 4538 tuum.

2166 4572 2306 4643 Ergo
2329 4573 2485 4628 timor
2502 4573 2554 4628 in
2571 4573 2903 4643 jucunditate
2925 4583 3026 4629 est.
3051 4573 3120 4628 Et
3136 4572 3405 4642 quomodo
3421 4573 3746 4644 iucunditas.

2163 4664 2205 4718 si
2229 4663 2429 4718 timor?
2459 4662 2647 4718 Nonne
2675 4664 2834 4718 timor
2871 4678 3087 4718 amarus
3133 4664 3270 4718 solet
3298 4665 3460 4719 esse?
3509 4665 3617 4718 Erit
3643 4664 3748 4722 aii-

2162 4755 2376 4825 quando
2395 4753 2702 4825 iucunditas
2727 4753 2845 4809 sine
2871 4754 3082 4819 timore,
3110 4753 3272 4810 modo
3292 4754 3599 4824 jucunditas
3624 4771 3746 4814 eum

2162 4847 2392 4902 timore:
2425 4845 2660 4901 nondum
2702 4855 2780 4902 est
2821 4847 2960 4901 enim
2990 4847 3144 4916 plena
3176 4847 3453 4913 securitas,
3500 4864 3596 4902 nec
3628 4865 3750 4918 per,-

2162 4938 2297 4993 iecta
2320 4938 2646 5008 jucunditas.
2689 4939 2747 4994 Si
2791 4938 2934 4994 nulla
2969 4937 3294 5007 iucunditas.
3337 4939 3654 5003 deﬁcimus;
3699 4943 3746 4996 si

2161 5032 2315 5101 plena
2337 5032 2617 5098 securitas,
2649 5032 2788 5086 male
2812 5031 3158 5086 exsultantes.
3202 5031 3340 5101 Ergo
3367 5041 3422 5087 et
3445 5032 3747 5102 jncundita-

2160 5132 2266 5178 tem
2295 5133 2562 5194 aspergat,
2605 5132 2661 5178 et
2689 5123 2934 5178 timorem
2979 5122 3219 5186 incutiat,
3266 5131 3323 5176 ut
3366 5123 3435 5178 de
3458 5123 3746 5178 dulcedine

2153 5211 2502 5283 jneunditatis
2553 5211 2810 5282 perducat
2873 5227 2971 5266 nos
3029 5211 3096 5265 ad
3157 5211 3340 5269 sedem
3393 5215 3743 5270 securitatis:

2157 5305 2334 5360 dando
2364 5306 2630 5370 timorem,
2664 5321 2768 5360 non
2795 5320 2892 5359 nos
2913 5303 3071 5359 faciat
3091 5304 3229 5360 male
3255 5307 3548 5373 exsultare,
3581 5318 3634 5362 ct
3663 5323 3744 5363 re-

2155 5397 2348 5453 cedere
2377 5396 2444 5452 de
2470 5396 2572 5448 via.
2625 5395 2747 5449 ldeo
2771 5395 2898 5449 dicit
2927 5395 3184 5466 psalmus,
3218 5396 3413 5453 Seruite
3442 5397 3656 5452 Domina
3689 5399 3742 5452 in

2155 5491 2351 5556 timore,
2397 5495 2444 5543 ct
2464 5489 2710 5543 exsatiate
2751 5489 2796 5544 ei
2824 5504 2937 5542 cum
2967 5497 3180 5546 tremore
3205 5489 3464 5562 (Psal.'n,
3497 5491 3586 5564 il)
3619 5509 3631 5548 :
3666 5492 3744 5548 sic

2217 5692 2231 5722 ¹
2260 5698 2375 5753 Reg.
2400 5697 2504 5746 Ms,
2530 5689 2574 5740 si
2614 5703 2705 5739 una
2730 5691 2904 5753 patrne
2926 5689 3131 5742 t"(P(t‘$iiS
3153 5689 3259 5744 est?

2215 5754 2235 5784 ²
2261 5751 2411 5802 Nostri
2435 5765 2608 5802 euntes
2629 5751 2758 5815 atssj,
2780 5751 2872 5804 ria.
