4084 6476
271 270 293 325 Ι
302 269 407 326 033

260 483 421 530 stram
442 473 671 546 ipsorum
698 478 912 533 salutem
947 483 1268 549 operamini;
1314 482 1452 539 Deus
1489 486 1622 540 enim
1665 496 1738 540 est
1763 477 1850 556 qui

260 576 507 633 operatur
534 570 587 622 in
623 569 762 624 vobis
802 569 1059 644 (Philipp.
1088 588 1145 638 ιι,
1171 573 1262 642 t2,
1290 576 1402 646 15).
1429 575 1694 648 Quidquid
1721 595 1848 649 ergo

261 671 581 728 prosperum
605 659 768 726 venit,
796 659 1005 727 fratres,
1027 663 1192 733 magis
1213 666 1554 722 metuendum
1572 676 1656 724 est
1683 685 1696 722 :
1725 685 1846 740 qua:

261 750 460 819 putatis
481 764 758 822 prospera,
784 753 954 825 magis
980 756 1296 812 tentationes
1321 766 1465 813 sunt.
1493 758 1650 815 Venit
1673 759 1847 817 lucre-

257 839 421 904 ditas,
476 841 624 896 venit
675 842 828 914 copia
881 859 1096 911 rerum,
1145 847 1379 903 abundat
1423 841 1844 910 circumfluentis

259 931 444 986 nescio
473 932 627 1001 cujus
649 931 949 990 felicitatis:
984 937 1301 992 tentationes
1329 949 1455 996 sunt
1477 940 1632 1008 istm;
1659 952 1845 1000 cavete

258 1039 326 1078 ne
367 1039 466 1080 vos
496 1024 598 1080 ista
623 1037 988 1096 corrumpant.
1035 1027 1298 1100 Quidquid
1325 1032 1484 1088 etiam
1529 1048 1842 1105 prosperum

255 1124 334 1170 cst
388 1115 685 1172 secundum
735 1115 1002 1174 Christum
1054 1128 1107 1175 et
1171 1137 1477 1192 germanam
1527 1124 1840 1186 charitatem

253 1205 498 1262 Christi:
551 1210 594 1263 si
643 1209 779 1266 forte
819 1209 1052 1267 lucratus
1075 1226 1137 1270 es
1174 1227 1394 1271 uxorem
1427 1226 1568 1274 tuam
1599 1235 1716 1291 qum
1745 1220 1866 1278 fuit

254 1299 306 1353 in
351 1307 506 1368 parte
559 1300 786 1367 Donati;
844 1302 888 1356 si
932 1303 1066 1359 forte
1103 1305 1445 1364 crediderunt
1491 1310 1580 1368 filii
1634 1312 1707 1366 tui
1750 1315 1838 1384 qui

251 1388 470 1445 fuerunt
500 1391 690 1460 pagani
716 1407 730 1458 ;
759 1393 804 1447 si
836 1391 972 1448 forte
1000 1394 1233 1452 lucratus
1253 1412 1313 1452 es
1333 1399 1560 1456 amicum
1582 1410 1727 1458 tuum
1747 1404 1837 1473 qui

254 1490 310 1536 te
332 1482 552 1538 volebat
577 1483 834 1542 seducere
851 1487 866 1517 ¹
898 1486 966 1541 ad
987 1485 1216 1554 theatra,
1243 1498 1298 1545 et
1323 1499 1376 1546 tu
1403 1505 1526 1548 eum
1551 1486 1747 1550 duxisti
1769 1495 1837 1550 ad

250 1574 536 1632 ecclesiam
562 1592 578 1641 ;
609 1576 654 1632 si
675 1577 811 1633 forte
834 1578 1196 1634 centradictor
1223 1581 1405 1636 nescio
1443 1584 1562 1653 quis
1593 1584 1838 1643 iuimiCus

246 1672 372 1721 tuus
403 1675 464 1722 et
497 1665 684 1724 rabido
705 1669 955 1738 sieviens,
1001 1669 1240 1740 deposita
1267 1672 1357 1730 illa
1388 1674 1537 1734 rabie
1564 1675 1731 1734 factus
1755 1689 1837 1736 est

247 1757 416 1824 mitis,
438 1767 496 1813 et
515 1759 731 1830 agnovit
751 1759 942 1828 Deum,
975 1777 1073 1817 nec
1099 1763 1327 1820 ohlatrat
1352 1765 1610 1824 adversus
1635 1776 1707 1837 te,
1740 1769 1834 1827 sed

243 1848 442 1904 clamat
491 1859 667 1906 tecum
715 1850 973 1908 adversus
1002 1853 1200 1907 malum
1233 1871 1246 1908 :
1298 1855 1398 1911 ista
1421 1856 1654 1926 jucunda
1685 1869 1832 1916 sunt.

245 1936 398 1996 Unde
425 1940 572 1995 enim
595 1940 910 2012 gaudemus,
939 1941 984 1997 si
1009 1941 1080 1998 de
1109 1941 1192 1999 his
1228 1959 1335 2000 non
1360 1946 1696 2016 gaudemus?
1742 1960 1833 2005 aut

243 2046 359 2098 qum
411 2040 540 2086 sunt
593 2033 695 2088 alia
745 2033 937 2104 gaudia
987 2043 1192 2102 nostra,
1234 2035 1337 2090 nisi
1387 2037 1531 2092 ista?
1575 2039 1679 2094 Sed
1705 2041 1830 2112 quia

242 2122 522 2177 abundant
557 2131 613 2177 et
655 2124 1044 2192 tribulationes,
1087 2133 1144 2182 et
1169 2127 1507 2195 tentationes,
1538 2138 1591 2186 et
1619 2130 1830 2189 dissen-

240 2214 439 2279 sioaes,
475 2222 532 2269 et
553 2213 859 2282 schismata,
887 2225 940 2270 et
964 2225 1155 2272 ca'tera
1183 2217 1340 2283 mala,
1369 2219 1484 2274 sine
1512 2221 1701 2292 quibus
1723 2238 1828 2279 non

239 2316 415 2374 potest
443 2320 566 2362 esse
589 2307 842 2362 sicenlum
889 2309 1012 2375 hoc,
1056 2307 1230 2365 donec
1268 2317 1504 2366 transeat
1548 2312 1825 2382 iniquitas;

239 2397 532 2452 exsultatio
571 2397 658 2452 illa
691 2411 796 2453 non
823 2413 922 2455 nos
945 2399 1102 2453 faciat
1126 2413 1366 2466 securos,
1417 2400 1510 2456 sed
1541 2401 1610 2456 ita
1631 2403 1825 2470 jucun-

240 2490 391 2544 detur
439 2505 536 2546 eor
587 2502 848 2558 nostrum,
901 2500 957 2546 ut
998 2491 1183 2548 timeat
1227 2507 1421 2548 nomen
1475 2493 1706 2560 Domini,
1757 2511 1827 2552 ne

237 2582 453 2638 aliunde
472 2581 817 2652 incendetur,
842 2583 1056 2642 aliunde
1084 2583 1320 2641 feriatur.
1342 2584 1693 2644 Securitatem
1719 2604 1824 2646 non

237 2674 557 2742 exspectetis
585 2674 639 2729 in
667 2673 1093 2744 peregrinatione
1125 2691 1138 2727 τ
1183 2676 1398 2746 quando
1423 2677 1564 2732 illam
1597 2679 1684 2734 hic
1724 2696 1822 2733 vo-

238 2764 518 2832 luerimus,
545 2763 746 2824 viscum
776 2765 880 2822 erit
905 2766 1204 2835 corporis‘,
1236 2780 1345 2822 non
1367 2767 1628 2822 securitas
1653 2768 1824 2825 homi-

239 2855 344 2910 nis.
383 2853 706 2911 Jmndetur
729 2873 818 2912 cor
843 2872 1029 2924 unum,
1049 2866 1104 2912 ιιι
1124 2857 1294 2914 timeat
1316 2874 1495 2914 nomen
1515 2867 1678 2914 tuum.

303 2948 394 3002 17.
448 2945 600 3021 [πη.
643 2947 732 3011 i2,
788 2946 895 3022 t5.]
940 2947 1228 3017 Conﬁtebor
1267 2948 1376 3017 tibi,
1426 2948 1643 3006 Domine
1683 2949 1822 3007 Deus

237 3055 398 3106 neas,
427 3041 482 3096 in
520 3051 625 3096 toto
653 3041 804 3098 corde
832 3057 974 3109 meo,
998 3050 1048 3096 et
1068 3041 1363 3111 gloriﬁcobo
1397 3059 1581 3100 nomen
1603 3054 1744 3098 tuum
1769 3047 1824 3100 iu

235 3142 514 3196 uernum;
557 3134 796 3204 συσκίων
839 3133 1185 3189 misericordia
1227 3143 1314 3188 tua
1351 3150 1538 3205 magna
1566 3142 1640 3192 est
1669 3152 1822 3200 super

234 3241 330 3290 tne,
357 3235 408 3279 et
438 3225 852 3279 eruistianimam
873 3241 1034 3278 nteant
1057 3241 1122 3280 ea:
1144 3225 1344 3297 inferno
1374 3227 1630 3295 inferiore.
1667 3229 1818 3295 Quod

234 3316 494 3381 dicimus,
541 3315 752 3381 fratres,
805 3314 908 3371 hoc
949 3315 994 3370 si
1032 3329 1140 3371 non
1186 3316 1336 3370 vobis
1363 3327 1609 3388 tanquam
1639 3328 1820 3374 certus

233 3424 550 3479 exposuero,
595 3422 666 3464 ne
717 3407 1096 3467 succenseatis.
1146 3406 1318 3464 llomo
1365 3422 1481 3463 sum
1527 3410 1708 3477 enim,
1766 3422 1821 3466 et

233 3509 486 3570 quantum
527 3499 840 3554 conceditur
889 3497 958 3554 de
996 3498 1288 3568 Scripturis
1338 3499 1558 3566 sanctis,
1614 3508 1818 3556 tantum

231 3591 402 3647 audeo
426 3590 608 3647 dicere
634 3606 650 3644 :
678 3590 809 3644 nihil
835 3604 900 3644 ex
924 3605 1028 3646 me.
1067 3588 1332 3644 infernum
1364 3604 1464 3646 nec
1495 3605 1595 3661 ego
1622 3606 1817 3661 exper-

233 3693 314 3739 tus
339 3697 461 3738 sum
486 3682 682 3747 adhuc,
709 3696 810 3736 nec
835 3697 930 3736 vos
953 3698 968 3735 :
1004 3691 1060 3736 et
1097 3680 1342 3738 fortassis
1367 3684 1469 3737 alia
1503 3684 1586 3738 via
1611 3684 1732 3750 erit,
1763 3692 1819 3742 et

231 3791 333 3832 non
364 3791 463 3848 per
492 3775 756 3831 infernum
780 3774 900 3830 erit.
932 3773 1138 3829 Incerta
1160 3775 1438 3829 sunthaec.
1470 3773 1666 3831 Verum
1693 3775 1816 3846 quia

231 3866 355 3921 dicit
377 3866 674 3935 Scriptum,
699 3865 784 3920 cui
806 3863 1099 3920 contradici
1124 3879 1229 3920 non
1258 3873 1454 3934 potest,
1486 3865 1679 3920 Emisti
1697 3867 1814 3921 aui-

231 3975 362 4013 ntons
387 3973 551 4012 meum
580 3973 644 4012 ea:
665 3957 864 4027 inferno
892 3956 1131 4028 inferiore
1150 3974 1170 4022 ;
1189 3956 1528 4026 intelligimus
1567 3965 1815 4028 tanquam

232 4057 334 4104 duo
379 4047 593 4104 inferna
640 4061 783 4113 esse,
828 4045 1096 4115 superius,
1135 4055 1187 4100 et
1221 4045 1440 4100 inferius
1467 4062 1482 4100 :
1513 4060 1634 4100 nam
1674 4047 1818 4102 unde

233 4141 498 4197 iudet-itum
525 4139 766 4206 inferius,
814 4137 918 4194 nisi
948 4138 1070 4210 quia
1107 4147 1190 4193 est
1233 4137 1500 4194 infernum
1536 4139 1814 4209 superius?

232 4231 388 4287 Aliud
432 4245 541 4288 non
568 4229 836 4286 diceretur
873 4228 1158 4295 infernum,
1211 4228 1314 4284 nisi
1342 4229 1392 4283 in
1419 4229 1814 4299 comparatione

234 4324 372 4379 illius
411 4322 706 4393 superioris
757 4322 947 4392 partis.
981 4321 1204 4376 Videtur
1248 4335 1396 4392 ergo,
1440 4322 1648 4388 fratres,
1695 4337 1813 4378 esse

233 4416 488 4473 habitatio
515 4415 756 4486 quaedam
784 4413 1020 4472 caelestis
1043 4414 1369 4484 Angelorum
1397 4432 1410 4468 :
1453 4414 1522 4469 ibi
1556 4415 1658 4468 vita
1681 4415 1816 4468 inef-

233 4510 470 4566 fabilium
500 4508 832 4580 gaudiorum,
876 4507 948 4563 ibi
976 4507 1347 4562 immortalitas
1383 4516 1438 4562 et
1464 4509 1808 4577 incorruptio.

233 4603 298 4658 ibi
317 4603 500 4658 omnia
520 4599 810 4658 secundum
837 4600 929 4654 Dei
950 4598 1148 4654 donum
1173 4607 1228 4654 et
1253 4599 1475 4668 gratiam
1504 4613 1814 4668 permanen-

233 4696 320 4750 tia.
346 4694 440 4748 illa
465 4706 591 4764 pars
617 4707 796 4748 rerum
827 4707 1052 4760 superna
1081 4699 1182 4744 est.
1235 4688 1290 4744 Si
1319 4705 1446 4760 ergo
1475 4690 1562 4745 illa
1584 4704 1812 4759 superna

232 4795 339 4852 est;
385 4786 502 4841 haec
534 4794 764 4851 terrena,
792 4784 880 4838 nhi
908 4797 1034 4839 caro
1057 4792 1115 4838 et
1143 4783 1379 4853 sanguis,
1433 4783 1520 4838 ubi
1545 4785 1806 4854 corrupti-

231 4876 426 4941 hilitas,
457 4876 545 4931 ubi
572 4874 822 4932 nativitas
843 4882 900 4929 et
928 4873 1236 4938 mortalitas,
1280 4872 1366 4928 ubi
1388 4871 1628 4928 decessio
1655 4884 1812 4945 atque

231 4969 517 5035 successio,
563 4968 653 5024 ubi
683 4967 1008 5024 mutabilitas
1033 4974 1090 5022 et
1115 4965 1486 5032 inconstantia,
1541 4965 1627 5020 ubi
1658 4966 1814 5021 timo-

232 5074 334 5124 res,
356 5058 694 5129 cupiditates,
736 5057 1007 5122 horrores,
1049 5056 1247 5114 laetitia
1273 5055 1508 5119 incertae,
1554 5069 1678 5125 spes
1705 5054 1812 5111 fra-

229 5151 368 5220 gilis,
415 5149 616 5206 caduca
662 5147 992 5213 substantia;
1038 5156 1166 5217 puto
1209 5146 1332 5218 quia
1362 5146 1538 5201 omnis
1562 5146 1660 5201 ista
1691 5162 1812 5216 pars

231 5260 333 5298 non
365 5250 544 5314 potest
567 5242 864 5312 comparari
893 5242 965 5296 illi
992 5241 1132 5296 caelo
1153 5240 1222 5295 de
1244 5255 1348 5310 quo
1374 5240 1628 5311 loquebar
1658 5240 1812 5310 paulo

231 5343 400 5388 ante:
445 5334 491 5388 si
523 5346 652 5404 ergo
695 5332 770 5386 illi
801 5331 934 5402 parti
971 5330 1088 5387 haec
1131 5346 1255 5400 pars
1299 5345 1404 5388 non
1447 5341 1808 5399 coinparatur,

237 5424 318 5482 illa
345 5438 576 5494 superna
604 5432 704 5488 cst,
757 5422 873 5478 haec
918 5419 1146 5477 inferna.
1203 5421 1269 5477 Et
1299 5431 1421 5492 post
1447 5431 1677 5478 mortem
1705 5437 1813 5492 quo

236 5511 375 5580 hinc,
420 5514 524 5569 nisi
570 5515 641 5569 sit
673 5514 936 5570 infernum
981 5512 1199 5570 inferius
1222 5511 1326 5570 hoc
1351 5511 1580 5582 inferno,
1623 5513 1674 5569 in
1703 5528 1812 5584 quo

293 5664 316 5737 ξ
336 5667 560 5737 nouant!
581 5673 708 5728 Mss,
731 5680 892 5737 secum
915 5667 1112 5719 ducere.

295 5727 317 5758 ⁸
336 5736 458 5781 Tres
473 5735 607 5792 κει,
629 5727 809 5781 cordis.

1331 277 1726 338 ENARRATIO
1762 281 1828 337 IN
1867 281 2188 344 PSALMUM
2226 287 2487 346 LXXXV.

264 391 318 438 et
337 382 612 452 apostolus
639 383 836 443 Paulus
880 385 1029 462 dicit,
1070 386 1198 444 Cum
1224 389 1404 446 timore
1434 401 1482 447 et
1519 401 1735 450 tremore

3405 309 3540 370 1οὲὶὲ

1956 411 2138 456 sumus
2183 401 2236 457 in
2279 418 2461 473 carne,
2509 414 2566 462 et
2607 407 2706 464 ista
2742 412 3104 474 mortalitate!
3157 416 3356 491 Corpus
3395 426 3540 480 enim

1909 531 1911 534 ‹
1955 501 2205 546 mortuum
2231 505 2323 562 est,
2375 498 2448 552 ait
2476 501 2780 570 Apostolus,
2829 517 3036 577 propter
3060 523 3322 578 peccatum
3356 514 3537 584 (Rom.

1953 595 2061 644 vtu,
2090 580 2196 651 10).
2232 579 2466 657 Ergoet
2516 591 2601 648 hic
2637 599 3036 666 suntmortui;
3092 611 3152 658 ut
3189 621 3298 662 non
3324 579 3542 666 mireris

1951 667 2070 740 quia
2100 672 2606 748 infernum‘dicitur,
2633 685 2676 739 si
2707 689 2931 746 mortuis
2963 691 3218 748 abundat.
3245 695 3361 754 Non
3387 701 3534 757 enim

1949 760 2042 827 ait,
2069 760 2273 833 Corpus
2304 769 2617 828 moriturum
2646 786 2766 843 est;
2797 778 2913 844 sed,
2943 781 3140 852 Corpus
3159 796 3413 842 mortuum
3439 801 3534 848 est.

1947 850 2136 910 Adhuc
2156 852 2313 914 habet
2334 858 2494 915 vitam
2522 863 2698 934 utique
2717 881 2914 939 corpus
2941 850 3221 942 nostrum;
3261 885 3318 934 et
3352 889 3530 936 tamen

1945 956 2306 1014 Comparatum
2350 954 2562 1022 corpori
2609 956 2704 1024 illi,
2752 961 2892 1029 quod
2943 961 3180 1022 futurum
3229 977 3314 1031 est
3357 973 3531 1041 qualia

1946 1046 2067 1089 sunt
2094 1038 2416 1110 Angelorum
2462 1059 2706 1114 corpora,
2755 1051 3020 1112 invenitur
3066 1072 3260 1128 corpus
3299 1038 3532 1121 hominis

1943 1136 2232 1196 mortuum,
2257 1135 2496 1202 quamvis
2518 1136 2690 1198 adhuc
2715 1139 2918 1204 habens
2936 1146 3189 1210 animam.
3212 1151 3320 1210 Sed
3342 1168 3531 1210 rursus

1943 1215 2012 1271 ah
2035 1218 2136 1275 hoc
2164 1221 2391 1292 inferno,
2435 1227 2484 1284 id
2510 1237 2594 1286 est
2610 1229 2682 1285 ab
2709 1231 2809 1288 hac
2837 1245 2989 1305 parte
3025 1238 3355 1306 inferni,.est
3377 1245 3526 1305 aliud

1944 1307 2184 1379 inferius,
2227 1329 2333 1386 quo
2362 1327 2487 1374 eunt
2530 1322 2766 1387 mortui;
2799 1325 2937 1384 unde
2965 1329 3129 1386 voluit
3169 1332 3306 1390 Deus
3331 1317 3553 1406 eruere,

1942 1401 2156 1460 animus
2196 1417 2428 1473 nostras,
2479 1411 2638 1468 etiam
2687 1413 2814 1470 illuc
2853 1418 3069 1475 mittens
3109 1419 3302 1480 Filium
3340 1442 3520 1487 suum.

1943 1491 2173 1560 Etenim,
2205 1495 2414 1565 fratres,
2445 1512 2665 1573 propter
2693 1505 2791 1563 ista
2830 1507 2937 1564 duo
2964 1510 3176 1570 inferna
3223 1517 3418 1576 missus
3439 1530 3526 1578 est

1940 1582 1982 1638 F
1987 1583 2107 1639 ilius
2129 1587 2244 1652 Dei,
2268 1592 2501 1662 undique
2523 1593 2778 1655 liberans.
2803 1600 2883 1655 Ad
2905 1601 3006 1658 hoc
3035 1602 3298 1664 infernum
3327 1609 3526 1668 missus

1938 1683 2020 1728 cst
2045 1679 2336 1748 nascendo,
2366 1681 2432 1736 ad
2461 1682 2586 1740 illud
2608 1681 2906 1746 moriendo.
2951 1692 3242 1764 Propterea
3265 1713 3366 1754 vos
3406 1700 3524 1772 ejus

1937 1775 2020 1820 est
2050 1768 2102 1822 in
2129 1770 2219 1824 illo
2249 1773 2476 1841 psalmo,
2505 1791 2610 1832 non
2632 1793 2896 1850 quoquam
2935 1782 3156 1842 homine
3176 1768 3517 1860 conﬁciente,

1936 1854 2032 1910 sed
2058 1858 2317 1928 Apostolo
2343 1874 2662 1933 exponente,
2693 1869 2782 1926 ubi
2812 1871 2886 1926 ait
2910 1888 2924 1924 :
2957 1874 3212 1942 Quoniam
3239 1854 3340 1936 non
3369 1854 3516 1937 dere;

1935 1946 2130 2017 linques
2152 1951 2374 2007 animam
2394 1971 2556 2010 meam
2574 1959 2628 2014 in
2645 1957 2847 2031 inferno
2875 1961 3044 2035 (Prol.
3072 1981 3165 2036 xv,
3194 1969 3292 2034 10;
3314 1972 3430 2026 Art.
3456 1989 3516 2040 ιι,

1933 2037 2049 2108 27).
2088 2041 2228 2112 Ergo
2272 2053 2362 2099 aut
2392 2045 2555 2115 ipsius
2583 2064 2685 2106 vox
2709 2063 2792 2110 est
2820 2062 2875 2110 et
2916 2053 3024 2124 hic,
3069 2057 3263 2116 Emisti
3291 2037 3519 2120 animum

1934 2147 2094 2186 meam
2123 2150 2188 2187 ex
2221 2134 2419 2206 inferno
2451 2139 2687 2210 inferiore
2707 2158 2730 2198 :
2755 2151 2848 2199 aut
2871 2154 3051 2204 nostra
3083 2164 3184 2206 vox
3211 2167 3307 2221 per
3343 2154 3517 2224 ipsum

1930 2222 2198 2281 Christum
2228 2227 2508 2286 Dominum
2537 2243 2814 2302 nostrum;
2857 2239 2981 2308 quia
3012 2239 3132 2296 ideo
3159 2241 3250 2298 ille
3277 2222 3518 2314 pervenit

1930 2329 2098 2384 usque
2124 2316 2190 2370 ad
2217 2316 2506 2388 infernum,
2553 2338 2620 2378 ne
2649 2339 2748 2379 nos
2782 2341 3178 2387 remaneremus
3201 2332 3254 2388 in
3283 2334 3512 2394 inferno.

2002 2405 2092 2460 l8.
2122 2407 2292 2463 Aliam
2321 2411 2480 2467 etiam
2504 2413 2808 2481 Opinionem
2837 2416 3030 2472 dicam.
3080 2419 3344 2481 Fortassis
3369 2425 3512 2484 enim

1927 2497 2066 2564 apud
2095 2497 2237 2568 ipsos
2266 2498 2468 2557 inferos
2501 2511 2585 2558 est
2619 2505 2792 2576 aliqua
2819 2523 2944 2577 pars
2980 2507 3218 2575 inferior,
3263 2529 3369 2585 quo
3396 2524 3512 2576 tru-

1927 2587 2125 2649 duntur
2149 2591 2296 2662 impii
2319 2594 2407 2663 qui
2436 2595 2719 2664 plurimum
2743 2589 3116 2668 peceaverunt.
3141 2605 3348 2664 Etenim
3372 2610 3513 2680 apud

1928 2678 2128 2742 inferos
2171 2692 2346 2744 utrum
2377 2687 2429 2741 in
2459 2686 2592 2744 locis
2618 2689 2934 2760 quibusdam
2982 2709 3087 2751 non
3129 2694 3318 2754 fuisset
3340 2678 3513 2760 Abrae

1927 2769 2107 2840 ham‘,
2156 2790 2262 2831 non
2309 2778 2437 2832 satis
2479 2793 2760 2859 possumus
2796 2781 3038 2842 definire.
3079 2785 3322 2844 Nondum
3366 2791 3510 2848 enim

1926 2861 2183 2921 Dominus
2234 2877 2455 2925 venerat
2505 2870 2572 2926 ad
2623 2870 2922 2942 infernum,
3000 2885 3058 2932 ut
3122 2891 3335 2942 erueret
3389 2883 3511 2942 inde

1923 2953 2162 3008 omnium
2190 2964 2493 3014 sanctorum
2518 2962 2932 3032 praecedentium
2978 2967 3202 3035 animas,
3251 2978 3307 3027 et
3332 2980 3508 3032 tamen

1922 3043 2188 3101 Abraham
2219 3045 2272 3102 in
2293 3047 2474 3118 requie
2495 3050 2566 3106 ibi
2593 3059 2730 3108 erat.
2759 3053 2823 3109 Et
2847 3055 3060 3125 quidam
3085 3057 3234 3116 dives
3257 3075 3376 3118 cum
3401 3072 3510 3120 tor-

1907 3145 2174 3205 .qucretur
2197 3137 2337 3208 apud
2363 3139 2732 3208 inferos,.cum
2757 3143 2964 3201 videret
2990 3147 3280 3219 Abraham,
3312 3151 3507 3210 levavit

1922 3227 2119 3284 oculos.
2153 3228 2268 3286 Non
2296 3247 2416 3288 eum
2445 3244 2626 3305 posset
2652 3235 2841 3294 levatis
2866 3239 3034 3300 oculis
3064 3242 3264 3311 videre,
3291 3245 3390 3300 nisi
3416 3247 3506 3304 ille

1921 3330 2062 3374 esset
2112 3323 2375 3392 superius,
2421 3324 2508 3380 ille
2560 3325 2798 3383 inferius.
2858 3331 2924 3386 Et
2966 3332 3090 3401 quid
3140 3335 3189 3389 ei
3231 3337 3506 3406 respondit

1921 3409 2208 3477 Abraham,
2260 3427 2382 3469 cum
2411 3413 2633 3482 diceret,
2686 3418 2875 3474 «Pater
2901 3419 3191 3488 Abraham,
3219 3424 3368 3480 mitte
3399 3426 3504 3481 La-

1921 3515 2124 3568 zarum,
2149 3512 2206 3557 ut
2223 3503 2483 3575 intinguat
2501 3506 2720 3576 digitum
2739 3523 2915 3575 suum,
2943 3520 2996 3566 et
3012 3513 3173 3569 stillet
3198 3513 3250 3568 in
3266 3513 3501 3586 linguam

1919 3607 2113 3660 meam,
2165 3595 2413 3664 qumtiatn
2441 3599 2652 3654 crucior
2691 3601 2742 3656 in
2772 3600 2872 3658 hac
2897 3601 3155 3662 flamma?
3183 3605 3312 3673 Fili,
3352 3626 3369 3659 ι
3404 3610 3500 3671 ait.

1924 3700 1944 3735 ι
1979 3694 2246 3743 memento
2274 3688 2394 3758 quia
2419 3691 2666 3760 recepisti
2694 3691 2830 3750 bona
2856 3694 2911 3750 in
2954 3697 3060 3755 vita
3103 3705 3224 3764 tua;
3267 3699 3502 3756 Lazarus

1917 3784 2094 3831 autem
2125 3777 2260 3833 mala
2292 3797 2305 3832 :
2338 3796 2479 3838 nunc
2505 3791 2682 3840 autem
2710 3783 2798 3842 hic
2824 3788 3128 3858 requiescit,
3156 3799 3215 3847 tu
3244 3804 3369 3847 vero
3396 3802 3503 3848 tor-

1917 3866 2114 3934 queris.
2143 3867 2206 3922 Et
2221 3883 2382 3939 super
2409 3869 2544 3938 lucc,
2569 3890 2591 3926 ι
2609 3873 2702 3938 ait,
2728 3891 2747 3926 ι
2774 3874 2912 3930 inter
2937 3893 3036 3932 nos
3061 3888 3114 3934 et
3131 3895 3222 3934 vos
3251 3897 3501 3951 maguum

1916 3954 2082 4012 chaos
2109 3957 2374 4014 firmatum
2415 3970 2535 4028 est;
2585 3971 2642 4016 ut
2670 3979 2770 4018 nec
2795 3979 2894 4021 nos
2931 3969 3198 4036 pessimus
3227 3972 3407 4026 venire
3431 3973 3499 4028 ad

1916 4061 2030 4112 vos,
2051 4062 2150 4103 nec
2173 4049 2293 4104 inde
2313 4050 2504 4122 aliquis
2522 4054 2706 4110 venire
2725 4055 2792 4110 ad
2817 4071 2915 4113 nos
2938 4076 2958 4111 ι
2983 4057 3132 4131 (Luc.
3155 4077 3262 4128 xvt,
3283 4062 3500 4133 22-26).

1918 4137 2059 4210 Ergo
2086 4139 2225 4196 inter
2251 4142 2349 4197 ista
2377 4143 2483 4200 duo
2519 4142 2748 4203 fortasse
2776 4147 3002 4218 inferna,
3057 4167 3281 4222 quorum
3311 4154 3361 4209 in
3392 4172 3500 4212 uno

1916 4230 2229 4299 quieverunt
2253 4234 2746 4306 animasjustorum,
2775 4239 2828 4294 in
2853 4241 3023 4300 altero
3046 4253 3356 4314 torquentur
3379 4250 3501 4302 ani-

1916 4336 2018 4376 mat
2047 4321 2351 4393 impiorum,
2400 4328 2684 4385 attendens
2705 4330 2918 4399 quidam
2944 4348 3102 4389 orans
3128 4333 3232 4399 hic,
3272 4336 3381 4408 jam
3417 4339 3499 4393 hic

1919 4412 1969 4466 in
1994 4427 2217 4482 corpore
2243 4415 2437 4471 Christi
2470 4419 2692 4486 positus,
2739 4430 2794 4475 et
2834 4437 2993 4476 orans
3025 4424 3076 4478 in
3117 4441 3248 4480 voce
3277 4427 3500 4497 Christi,

1915 4501 2120 4559 eruisse
2175 4506 2336 4560 Deum
2390 4509 2620 4563 animam
2670 4526 2818 4565 suam
2868 4514 2935 4566 ah
2989 4513 3195 4570 inferno
3249 4517 3500 4575 inferiore

1913 4593 2063 4658 dixit,
2121 4595 2244 4665 quia
2289 4597 2528 4654 liberavit
2576 4615 2636 4654 se
2682 4615 2710 4654 a
2757 4601 2946 4657 talibus
2984 4606 3213 4674 peccatis
3259 4623 3354 4678 per
3380 4626 3502 4680 quze

1917 4695 2091 4752 posset
2111 4685 2299 4740 deduci
2321 4687 2385 4740 ad
2410 4696 2670 4744 tormenta
2700 4691 2890 4746 inferni
2923 4694 3204 4750 inferioris.
3229 4697 3502 4764 Quemad-

1915 4777 2130 4831 modum
2162 4779 2205 4832 si
2236 4779 2471 4834 medicus
2497 4781 2670 4837 videat
2697 4784 2790 4838 tibi
2835 4786 3196 4842 imminentem
3225 4791 3502 4861 aegritudi-

1918 4884 2034 4922 nem
2064 4871 2198 4924 forte
2224 4886 2287 4924 ex
2317 4871 2497 4940 aliquo
2525 4871 2737 4938 labore,
2769 4884 2823 4930 et
2851 4875 2992 4931 dicat
3011 4918 3026 4940 ,
3057 4877 3223 4935 Parce
3251 4881 3339 4934 tihi
3362 4922 3378 4945 ,
3421 4883 3502 4937 sic

1915 4968 1967 5014 te
1995 4970 2176 5025 tracta,
2207 4963 2500 5032 requiesce,
2526 4961 2609 5018 his
2628 4963 2759 5020 cibis
2790 4975 2971 5033 ntere;
3000 4983 3120 5023 nam
3151 4970 3194 5024 si
3221 4987 3325 5025 non
3355 4971 3502 5026 fece-

1915 5051 2008 5116 ris,
2053 5052 2333 5124 mgrotabis
2363 5068 2377 5105 :
2426 5064 2478 5107 tu
2513 5063 2690 5110 autem
2723 5056 2765 5109 si
2796 5055 2983 5112 feceris
3009 5067 3064 5114 et
3091 5060 3268 5115 salvus
3309 5059 3497 5130 fueris,

1916 5151 2066 5198 recte
2093 5142 2226 5197 dicis
2254 5143 2485 5209 medico,
2513 5143 2770 5201 Liberasti
2800 5163 2884 5202 me
2913 5149 2981 5202 ab
3005 5150 3356 5220 aegritudine;
3392 5169 3498 5207 non

1917 5236 1968 5291 in
1999 5251 2100 5303 qua
2125 5235 2234 5306 jam
2266 5251 2404 5302 eras,
2437 5237 2530 5292 sed
2554 5239 2605 5292 in
2634 5254 2732 5309 qna
2763 5238 2968 5296 futurus
2993 5257 3131 5296 eras.
3161 5241 3352 5297 Nescio
3376 5244 3499 5315 quis

1919 5328 2117 5382 habens
2145 5342 2355 5382 causam
2396 5329 2695 5396 molestam,
2748 5332 3032 5387 mittendus
3076 5342 3194 5388 erat
3241 5335 3294 5388 in
3321 5350 3503 5392 carce-

1917 5433 2063 5482 rem;
2096 5418 2243 5473 venit
2282 5419 2438 5484 alius,
2469 5419 2703 5476 defendit
2737 5438 2856 5477 cum
2893 5441 2905 5476 :
2948 5423 3146 5492 gratias
3184 5438 3347 5502 agens
3375 5427 3500 5497 quid

1916 5507 2087 5565 dicit?
2112 5509 2306 5565 Eruisti
2335 5510 2567 5566 animam
2594 5525 2766 5566 meam
2797 5512 2864 5566 de
2893 5527 3127 5568 carcere.
3155 5513 3501 5587 Suspenden-

1960 5667 2001 5777 ὺι
2028 5666 2101 5776 sic
2128 5663 2310 5730 aliquot
2331 5671 2437 5718 uss.
2461 5672 2514 5716 At
2543 5664 2673 5728 ald,
2697 5663 2748 5717 in
2773 5663 2890 5717 (acts
2913 5667 3201 5731 quibusdam
3215 5670 3499 5734 fuissetjmn

1992 5739 2049 5777 ra
2083 5741 2178 5777 am.

1925 5738 2178 5777 aerariam.
