4084 6476
535 296 673 356 1095

534 412 633 468 dus
662 416 776 465 erat
798 405 1039 471 debitor;
1069 402 1300 459 solutum
1324 408 1408 457 est
1429 412 1525 470 pro
1549 411 1654 453 eo:
1694 394 1953 450 liberatus
1980 389 2113 445 dici-

536 514 622 560 tur
649 502 715 558 de
735 497 1041 569 suspendio.
1081 497 1135 550 In
1167 495 1249 549 his
1273 491 1521 548 omnibus
1541 504 1645 543 non
1672 494 1856 550 erant;
1882 482 1976 539 sed
1996 481 2118 553 quia

537 594 731 650 talibus
772 589 976 645 meritis
1020 587 1330 658 agebantur,
1378 589 1436 637 ut
1465 581 1564 635 nisi
1595 579 1910 634 subventum
1953 581 2116 640 esset,

539 686 609 741 ibi
640 690 856 747 essent;
899 678 1022 734 inde
1047 693 1104 733 se
1132 684 1277 733 recte
1304 675 1487 729 dicunt
1516 671 1750 733 liberari,
1796 682 1900 739 quo
1928 682 2024 737 per
2054 665 2121 719 li-

539 777 814 831 beratores
841 786 966 827 suos
989 785 1091 824 non
1117 775 1240 823 sunt
1265 763 1505 837 permissi
1539 761 1775 833 perduci.
1823 758 1984 827 Ergo,
2014 754 2115 809 fra-

543 877 673 932 tres,
728 865 840 920 sive
889 861 1036 927 illud,
1079 860 1190 915 sive
1220 857 1347 912 illud
1386 856 1489 919 sit;
1540 853 1625 907 hic
1665 867 1749 905 mc
1774 855 2121 905 scrutatorem

546 959 693 1014 verbi
722 956 837 1023 Dei,
870 970 972 1009 non
1005 951 1341 1007 temerarium
1367 947 1747 1002 afﬁrmaturem
1774 942 2014 996 teneatis.
2060 935 2124 990 Et

550 1048 724 1103 eruisti
749 1047 967 1100 animam
995 1057 1155 1096 meam
1179 1057 1243 1095 ea:
1266 1041 1462 1109 inferno
1487 1033 1741 1107 inferiore.

621 1141 710 1195 19.
753 1136 902 1211 [vers.
932 1133 1045 1207 14.]
1072 1132 1228 1197 Deus,
1266 1135 1618 1201 prwtereuntes
1655 1124 1811 1193 legem
1837 1121 2127 1174 insurrexe-

548 1241 663 1287 runt
684 1210 834 1301 super
856 1244 952 1281 me.
998 1225 1143 1293 Quos
1179 1221 1307 1276 dicit
1346 1223 1727 1290 praetereuntes
1757 1210 1963 1282 legem?
2011 1210 2125 1266 Non

549 1323 813 1392 Pagauos,
834 1317 921 1388 qui
942 1330 1047 1369 non
1073 1317 1394 1381 acceperunt
1417 1308 1606 1377 legem.
1634 1302 1800 1358 Nemo
1822 1301 1961 1356 enim
1995 1316 2128 1371 pne-

553 1388 675 1468 terit
699 1407 839 1480 quod
872 1421 975 1460 non
1014 1402 1219 1472 accepit
1248 1420 1263 1453 :
1293 1398 1423 1453 dicit
1449 1394 1731 1465 Apostolus
1758 1390 1994 1455 deﬁnite,
2033 1388 2131 1444 Ubi

551 1503 684 1557 enim
705 1501 786 1554 lex
804 1514 902 1552 non
926 1506 1017 1561 est,
1041 1511 1129 1548 nec
1154 1488 1497 1563 prwvaricatio
1522 1486 1694 1559 (Rom.
1726 1499 1798 1549 tv,
1838 1484 1950 1551 15).
1984 1482 2129 1536 Prm-

553 1600 824 1646 tereunles
873 1588 1067 1657 legem,
1125 1581 1555 1653 praevaricatores
1611 1576 1740 1645 legis
1782 1572 1929 1627 dicit.
1986 1571 2132 1639 Quos

553 1696 679 1751 ergo
721 1678 1081 1747 intelligimus,
1131 1671 1363 1728 fratres?
1403 1669 1459 1725 Si
1488 1668 1556 1722 ab
1585 1669 1700 1737 ipso
1727 1664 1948 1719 Domino
1988 1662 2129 1716 acci.

554 1778 761 1845 planius
781 1772 916 1827 hanc
945 1784 1149 1834 vocem,
1176 1772 1552 1837 praetereuntes
1581 1762 1747 1832 legem
1769 1757 1935 1813 Judwi
1957 1764 2128 1812 erant.

556 1867 945 1922 Insurrexerunt
972 1876 1122 1931 super
1160 1875 1238 1913 me
1263 1865 1613 1928 prtetereuntes
1656 1855 1812 1922 legem
1844 1863 1865 1904 :
1892 1863 1993 1903 non
2021 1861 2133 1902 sero

556 1967 815 2013 vaverunt
863 1956 1069 2024 legem,
1122 1959 1177 2006 et
1221 1953 1603 2005 accusaverunt
1644 1942 1936 2006 Christum,
1985 1936 2135 2009 quasi

560 2053 672 2121 ipse
701 2049 995 2120 pr.rteriret
1023 2047 1211 2116 legem.
1264 2041 1627 2096 Prcetereuntes
1662 2037 1817 2107 legem
1843 2034 2133 2088 insurrexe-

558 2152 675 2197 runt
703 2158 855 2211 super
883 2156 977 2194 me.
1026 2137 1092 2191 Et
1122 2149 1306 2205 passus
1332 2140 1413 2186 est.
1438 2130 1691 2185 Dominus
1721 2141 1837 2196 quas
1869 2124 2132 2178 novimus.

562 2236 724 2290 Putas
746 2231 872 2285 nihil
902 2230 1003 2283 tale
1028 2228 1222 2297 patitur
1251 2223 1410 2278 modo
1433 2233 1627 2289 corpus
1651 2217 1805 2287 ejus?
1833 2213 1984 2271 Unde
2023 2212 2134 2266 ﬁeri

561 2323 765 2394 potest?
794 2322 854 2374 Si
873 2315 1286 2389 patremfamilias
1304 2309 1572 2366 Beelzebub
1592 2315 1921 2369 vocaverunt;
1950 2312 2136 2373 quanto

559 2415 720 2484 magis
748 2412 1039 2465 domesticos
1067 2411 1175 2480 ejus
1200 2408 1224 2462 .9
1250 2405 1368 2458 Non
1395 2411 1467 2457 est
1496 2399 1772 2470 discipulus
1795 2414 1948 2468 super
1976 2397 2139 2467 magi-

559 2512 735 2567 strum,
772 2517 861 2554 nec
886 2514 1053 2553 servus
1078 2513 1235 2569 super,
1256 2494 1515 2547 dominum
1543 2506 1689 2545 suum
1716 2487 1931 2559 (Matth.
1963 2502 2019 2553 Χ,
2047 2485 2135 2550 25,

558 2594 673 2665 24).
705 2592 905 2646 Patitur
932 2599 983 2645 ct
1009 2601 1203 2657 corpus
1230 2590 1609 2655 praetereuntes
1641 2582 1809 2650 legem
1835 2595 1849 2645 ;
1877 2586 1932 2634 et
1960 2578 2137 2633 insur-

558 2696 689 2759 gunt
717 2701 876 2756 super
915 2698 1106 2753 corpus
1136 2679 1349 2736 Christi.
1399 2678 1791 2732 Prcetcreuntcs
1836 2674 2006 2742 legem
2047 2672 2135 2741 qui

560 2779 720 2834 sant?
768 2776 1029 2845 Numquid
1065 2774 1199 2827 forte
1226 2770 1392 2826 Judaei
1435 2768 1628 2822 audent
1670 2767 1941 2835 insurgere
1980 2778 2141 2833 super

560 2869 863 2925 Christum?
888 2866 1001 2921 Non
1032 2883 1047 2919 :
1074 2880 1195 2919 nam
1225 2878 1324 2918 nec
1346 2862 1442 2931 ipsi
1476 2858 1628 2913 nobis
1651 2856 1801 2911 valde
1824 2855 2022 2910 faciunt
2046 2856 2139 2909 tti-

560 2962 901 3017 bnlationem.
942 2955 1183 3011 Nondum
1215 2954 1356 3009 enim
1386 2950 1744 3014 crediderunt,
1779 2945 2011 3001 nondum
2054 2962 2139 2999 sa-

562 3054 723 3107 lutem
773 3054 1116 3120 agnoverunt.
1160 3045 1442 3114 lnsurgunt
1492 3054 1651 3110 super
1704 3053 1895 3108 corpus
1943 3036 2139 3092 Christi

563 3142 689 3197 mali
718 3137 1017 3201 Christiani,
1050 3136 1117 3191 de
1145 3134 1335 3205 quibus
1358 3130 1594 3203 quotidie
1624 3128 2016 3183 tribulationem
2046 3142 2139 3197 pa-

564 3233 691 3288 titur
712 3245 904 3301 corpus
931 3227 1148 3284 Christi.
1178 3224 1366 3281 Omnia
1392 3223 1698 3286 schismata,
1738 3233 1927 3274 omnes
1970 3218 2143 3273 haue-

563 3340 671 3390 ses,
705 3336 892 3377 omnes
942 3320 1081 3373 intus
1136 3317 1366 3389 pessime
1412 3315 1671 3378 viventes,
1722 3322 1775 3367 et
1814 3326 1987 3366 mores
2018 3325 2142 3364 suos

564 3417 701 3470 bene
726 3412 1018 3468 viventibus
1058 3410 1411 3480 imponentes,
1453 3414 1506 3461 et
1529 3404 1594 3459 ad
1624 3420 1717 3460 sua
1750 3403 2048 3469 trahentes,
2091 3410 2145 3456 et

569 3506 724 3560 malis
747 3501 1027 3573 colloquiis
1045 3499 1213 3555 bonos
1230 3512 1405 3553 mores
1420 3504 1821 3566 corrumpentes
1846 3494 1886 3564 (l
1904 3493 2021 3548 Cor.
2051 3510 2139 3559 xv,

568 3595 696 3666 55);
746 3594 845 3664 ipsi
869 3600 1218 3663 prwtereuntes
1254 3590 1410 3660 legem
1451 3587 1827 3642 insurrexerunt
1864 3601 2015 3655 super
2044 3600 2141 3638 nte.

564 3686 716 3740 Dicat
742 3685 914 3738 omnis
937 3682 1111 3737 anima
1141 3682 1242 3751 pia,
1274 3680 1417 3735 dicat
1442 3679 1613 3735 omnis
1638 3677 1812 3733 anima
1833 3675 2140 3732 christiana.

566 3775 695 3842 Qua:
722 3774 823 3829 hoc
852 3788 957 3829 non
988 3773 1199 3843 patitur,
1243 3786 1346 3825 non
1383 3769 1544 3825 dicat.
1571 3769 1625 3825 Si
1652 3779 1828 3823 autem
1854 3767 2143 3824 christiana

565 3870 739 3923 anima
769 3877 869 3931 est,
903 3867 1051 3921 novit
1074 3864 1197 3936 quia
1239 3864 1374 3919 mala
1411 3863 1638 3933 patitur:
1668 3862 1710 3916 si
1741 3862 1977 3932 agnoscit
2004 3861 2056 3917 in
2087 3876 2145 3917 se

568 3961 864 4032 passionem
892 3973 1064 4025 suam,
1091 3965 1341 4028 agnoscat
1365 3954 1449 4010 hic
1476 3969 1659 4010 vocem
1689 3969 1835 4009 suam
1863 3970 1878 4020 ;
1903 3953 1946 4008 si
1968 3960 2143 4008 autem

567 4060 715 4107 extra
738 4050 1037 4121 passionem
1060 4056 1163 4113 est,
1192 4055 1406 4102 ctextra
1430 4060 1609 4101 vocem
1631 4045 1732 4109 sit;
1761 4053 1817 4099 ut
1841 4054 2016 4099 autem
2039 4060 2144 4098 non

566 4144 636 4198 sit
684 4152 834 4196 extra
887 4141 1206 4212 passionem,
1254 4138 1487 4193 ambulet
1527 4152 1622 4207 per
1676 4136 1815 4191 viam
1869 4148 2143 4206 angustam

570 4234 780 4304 (.lfatth.
807 4248 900 4299 vn,
928 4231 1034 4301 ﬂ),
1064 4240 1117 4286 et
1145 4229 1359 4299 incipiat
1383 4228 1465 4298 pie
1497 4227 1675 4281 vivere
1701 4226 1752 4280 in
1784 4225 2017 4291 Christo,
2048 4240 2143 4279 ne«

568 4341 721 4381 cosse
740 4334 820 4379 est
840 4334 895 4379 ut
913 4323 1047 4377 hanc
1066 4321 1487 4392 persecutionem
1506 4318 1752 4389 patiatur.
1781 4315 1965 4369 Omnes
1980 4315 2143 4383 enim,

570 4418 739 4489 inquit
768 4416 1070 4487 Apostolus,
1093 4414 1177 4482 qui
1204 4415 1372 4467 volunt
1393 4413 1445 4466 in
1470 4410 1668 4467 Christo
1694 4411 1773 4480 pie
1791 4409 1965 4471 vivere,
1982 4424 2149 4477 perse-

568 4514 812 4565 cutionem
837 4510 1091 4579 patiuntur
1113 4506 1175 4580 (ll
1207 4506 1337 4560 Tim.
1368 4520 1443 4569 ιιι,
1476 4503 1584 4575 ιε).
1619 4502 1772 4567 Deus,
1797 4510 2148 4573 pra-terenntes

568 4604 724 4673 legem
754 4602 1126 4654 insurrexerunt
1154 4614 1303 4666 super
1339 4611 1456 4657 me;
1497 4604 1543 4648 et
1584 4607 1842 4665 synagoga
1878 4590 2147 4659 potentium

568 4692 900 4763 inquisieruut
924 4691 1145 4744 animam
1172 4704 1353 4741 meam.
1397 4685 1672 4757 Synagoga
1698 4682 1990 4754 puteutiunt
2022 4697 2149 4735 con-

570 4783 804 4853 gregatio
832 4791 911 4836 est
936 4780 1306 4850 superborum.
1355 4776 1630 4848 Synagoga
1654 4775 1942 4844 potentium
1974 4772 2146 4827 insur-

570 4876 705 4930 rcxit
734 4889 894 4944 super
941 4881 1116 4942 caput,
1166 4871 1215 4925 id
1246 4880 1326 4924 est
1358 4869 1635 4922 Dominum
1683 4873 1919 4919 nostrum
1964 4862 2144 4917 Jesnm

567 4967 858 5031 Christum,
881 4964 1219 5019 clamantium
1244 4969 1297 5015 et
1317 4959 1598 5014 dicentium
1621 4970 1726 5009 uno
1741 4969 1853 5018 ore,
1878 4953 2145 5024 Cruciﬁge,

567 5057 808 5127 cruciﬁge
843 5054 1017 5124 (Joan.
1051 5070 1170 5117 χιχ,
1203 5050 1256 5122 6)
1283 5066 1296 5102 :
1345 5050 1411 5104 de
1430 5049 1619 5118 quilnts
1648 5046 1843 5101 dictum
1870 5055 1971 5112 est,
2025 5044 2150 5098 Filii

571 5155 830 5207 hominum
857 5152 1025 5206 dentes
1046 5166 1214 5205 eorum
1239 5163 1381 5200 arma
1407 5154 1450 5199 et
1470 5144 1683 5214 sagittw,
1712 5151 1757 5196 et
1778 5142 1950 5212 lingua
1975 5156 2149 5194 eorum

569 5248 768 5319 gladius
805 5257 981 5300 acutus
1007 5243 1177 5315 (Psal.
1214 5256 1318 5307 Lvt,
1350 5239 1425 5307 5).
1458 5236 1573 5290 Non
1616 5242 2008 5305 percusserunt,
2053 5232 2145 5286 sed

568 5343 975 5397 clamaverunt:
1036 5333 1314 5391 clamando
1341 5330 1613 5391 ferierunt,
1666 5323 1943 5381 clamando
1975 5324 2147 5379 cruci-

574 5436 819 5489 lixcrunt.
836 5432 1092 5486 Voluntas
1114 5419 1682 5491 clatnantiumimpleta
1705 5427 1805 5481 est,
1820 5416 2029 5488 quando
2044 5415 2149 5469 Do-

568 5527 745 5582 minus
774 5523 1056 5581 cruciﬁxus
1081 5529 1200 5575 est:
1229 5516 1294 5571 Et
1330 5529 1585 5586 synagoga
1617 5510 1890 5581 potentium
1915 5507 2150 5578 inquisie-

570 5627 686 5671 runt
708 5617 928 5667 animum
944 5626 1123 5665 meam.
1154 5607 1216 5661 Et
1232 5622 1331 5659 non
1354 5608 1721 5674 proposuerunt
1738 5608 1783 5652 ιιι
1802 5598 1854 5652 in
1878 5606 2145 5667 conspectu

568 5726 677 5763 suo.
727 5703 1004 5774 Quomodo
1030 5718 1131 5756 non
1162 5694 1589 5769 proposuerunt?
1630 5691 1742 5746 Non
1773 5690 2145 5746 intellexerunt

1772 279 1829 337 S.
1871 272 2233 335 AUCUSTINI
2275 272 2574 331 EPISCOPI

3668 275 3806 333 1093

2228 388 2414 443 Deum.
2472 387 2678 443 [lumini
2733 396 3058 458 parcerent:
3101 388 3165 444 ad
3207 387 3345 460 quod
3386 362 3633 443 videbant
3653 389 3693 454 ‘,
3737 388 3805 443 ad

2224 477 2327 533 hoc
2353 479 2703 534 ambularent.
2728 479 2856 535 Puta
2881 480 2999 548 quia
3023 481 3162 536 Deus
3179 496 3283 535 non
3310 491 3446 548 erat,
3478 481 3639 535 homo
3655 492 3803 536 erat:

2226 568 2347 624 ideo
2395 568 2715 626 occidendus
2768 570 2919 626 erat?
2979 571 3143 626 Parce
3191 571 3431 638 homini,
3480 579 3536 626 et
3581 586 3809 643 agnosce

2226 659 2416 715 Deum.

2295 752 2386 807 20.
2427 750 2579 828 [vers.
2622 750 2735 826 15.]
2774 751 2844 807 Et
2870 762 2959 819 tu,
3002 750 3223 808 Domine
3259 751 3429 820 Deus,
3472 754 3737 808 miseratar
3766 763 3811 808 et

2227 844 2509 899 misericors
2529 886 2544 909 ,
2577 844 2876 917 longanimis
2899 854 2945 899 et
2979 845 3194 898 multum
3221 845 3501 898 misericors
3518 885 3534 910 ,
3565 855 3611 899 et
3636 861 3807 899 verax.

2228 934 2403 1002 Quare
2433 933 2736 1005 longanimis
2762 943 2810 989 et
2838 936 3052 990 multum
3078 934 3360 989 misericors
3379 975 3396 1001 ,
3438 944 3483 988 et
3510 935 3769 989 miserator
3786 937 3813 991 .’

2228 1024 2361 1091 Quia
2400 1024 2452 1078 in
2482 1038 2639 1079 cruce
2666 1024 2901 1094 pendens
2932 1024 3006 1079 ait
3035 1041 3049 1077 :
3093 1023 3269 1091 Pater,
3298 1024 3500 1094 ignosce
3531 1024 3631 1079 illis
3650 1066 3665 1090 ,
3694 1026 3813 1094 quia

2229 1116 2453 1170 nesciunt
2471 1116 2594 1186 quid
2620 1116 2813 1186 faciunt
2835 1116 2984 1189 (Luc.
3007 1130 3155 1180 χχιιι,
3180 1115 3293 1185 54).
3321 1115 3488 1184 Quem
3517 1114 3685 1187 petit?
3709 1115 3813 1170 Pro

2230 1205 2420 1277 quibus
2449 1207 2617 1276 petit?
2642 1209 2760 1278 quis
2785 1206 2952 1277 petit?
2979 1206 3065 1261 ubi
3094 1205 3260 1276 petit?
3290 1205 3499 1261 Patrem
3532 1206 3689 1271 ﬁlius,
3716 1222 3812 1275 pro

2232 1295 2406 1363 impiis
2431 1296 2734 1361 cruciﬁxus,
2763 1296 2901 1351 inter
2928 1296 3071 1364 ipsas
3100 1295 3340 1365 injurias,
3371 1310 3475 1349 non
3503 1294 3809 1359 verborum,

2232 1387 2326 1442 sed
2355 1387 2540 1442 mortis
2568 1387 2747 1450 illata).
2780 1386 3017 1456 pendens
3045 1386 3095 1439 in
3123 1400 3317 1461 crucej:
3347 1392 3593 1454 tanquam
3618 1385 3682 1439 ad
3713 1383 3815 1439 hoc

2234 1490 2473 1537 extentas
2498 1495 2686 1536 manus
2710 1480 2969 1545 habuerit,
2997 1487 3055 1534 ut
3077 1480 3154 1534 sic
3182 1494 3276 1549 pro
3302 1478 3409 1533 illis
3431 1486 3625 1544 oraret,
3652 1488 3710 1532 ιιι
3734 1478 3816 1531 di-

2236 1576 2494 1645 rigeretur
2528 1574 2697 1629 oratio
2722 1573 2839 1642 ejus
2870 1584 3116 1643 tanquam
3147 1572 3416 1627 incensum
3447 1570 3499 1625 in
3527 1582 3814 1641 conspectu

2237 1667 2429 1732 Patris,
2457 1676 2511 1722 et
2539 1666 2765 1721 elevatio
2793 1680 3042 1719 manuum
3070 1664 3185 1734 ejus
3210 1664 3525 1719 sacriﬁcium
3555 1664 3815 1733 vesperti-

2236 1776 2362 1815 num
2399 1758 2565 1831 (Psal.
2593 1773 2715 1826 cst,
2742 1757 2823 1829 2).
2852 1756 3195 1828 Longanimis,
3220 1766 3263 1811 et
3284 1759 3494 1811 multum
3515 1758 3811 1823 misericors,

2237 1861 2283 1905 et
2306 1867 2477 1905 verax.

2306 1938 2398 1995 ει.
2440 1939 2591 2013 [vers.
2624 1938 2737 2014 16.]
2774 1939 2830 1995 Si
2861 1953 2987 2011 ergo
3028 1946 3083 1994 ttt
3110 1953 3293 2003 verax,
3325 1938 3515 2008 respice
3541 1938 3593 1991 in
3623 1953 3701 1991 me
3722 1979 3737 2002 ,
3771 1946 3819 1991 et

2238 2034 2470 2087 miserere
2497 2032 2628 2097 mei;
2658 2032 2725 2085 da
2750 2040 3042 2102 potestatem
3069 2045 3221 2101 puero
3247 2040 3353 2083 tuo.
3383 2028 3513 2096 Quia
3540 2044 3693 2082 verax
3712 2072 3724 2091 ,
3750 2029 3820 2081 da

2241 2134 2531 2195 potestatem
2557 2140 2712 2195 puero
2740 2133 2843 2178 tuo.
2879 2123 3135 2177 Transeat
3164 2130 3370 2190 tempus
3394 2120 3688 2190 patientiae,
3722 2134 3820 2172 ve-

2241 2217 2351 2272 niat
2387 2226 2597 2286 tempus
2628 2214 2835 2285 judicii.
2884 2212 3198 2282 Quomodo,
3240 2212 3307 2267 da
3334 2218 3625 2283 potestatem
3666 2224 3821 2281 puero

2242 2310 2367 2362 tuo?
2396 2308 2554 2362 Pater
2593 2324 2692 2361 non
2712 2307 2913 2376 judicat
2936 2321 3267 2376 quemquam;
3292 2303 3380 2359 sed
3406 2319 3551 2357 onme
3566 2302 3821 2373 judicium

2242 2400 2377 2453 dedit
2412 2399 2544 2453 Filio
2572 2397 2747 2470 (Joan.
2778 2414 2830 2463 v,
2858 2397 2972 2468 9.2).
3006 2396 3099 2452 llle
3127 2409 3427 2465 resurgens,
3468 2403 3521 2449 et
3548 2395 3599 2447 in
3628 2403 3821 2448 terram

2242 2492 2356 2561 ipse
2385 2490 2558 2545 veniet
2579 2490 2943 2560 judicatnrus;
2986 2490 3099 2557 ipse
3124 2486 3390 2541 videbitur
3418 2483 3669 2540 terribilis
3689 2525 3702 2548 ,
3733 2484 3821 2554 qui

2243 2583 2385 2636 visus
2405 2593 2487 2637 est
2511 2580 2944 2651 contemptibilis.
2975 2576 3364 2634 Demonstrabit
3392 2575 3700 2645 potentiam,
3731 2576 3821 2644 qui

2243 2673 2628 2728 demonstravit
2654 2669 2960 2742 patientiam
2992 2686 3004 2723 :
3043 2669 3097 2722 in
3125 2681 3283 2724 cruce
3312 2665 3559 2735 patientia
3587 2673 3736 2728 erat;
3771 2665 3823 2717 in

2239 2763 2439 2833 judicio
2466 2762 2698 2833 potentia
2723 2761 2844 2816 erit.
2871 2756 3160 2830 Apparebit
3184 2756 3323 2812 enim
3354 2754 3518 2809 homo
3536 2753 3784 2824 judicans
3808 2794 3822 2815 ,

2243 2853 2336 2908 sed
2366 2854 2418 2907 in
2454 2852 2691 2907 claritate
2719 2869 2733 2905 :
2774 2849 2894 2921 quia
2924 2850 3050 2903 sicut
3074 2863 3189 2902 eum
3217 2846 3409 2901 vidistis
3437 2846 3544 2912 ire,
3573 2843 3825 2899 dixerunt

2245 2944 2463 3015 Angeli,
2496 2944 2568 2997 sic
2592 2945 2749 2997 veniet
2778 2942 2910 3012 (Act.
2940 2957 2987 3006 ι,
3032 2941 3091 2996 11
3117 2939 3156 3011 ).
3186 2938 3376 2993 Forma
3407 2937 3519 3007 ipsa
3547 2936 3723 2992 veniet
3757 2934 3823 2988 ad

2240 3038 2530 3108 judicium;
2558 3035 2678 3091 ideo
2710 3033 2961 3089 videbunt
2982 3032 3125 3092 illum
3150 3039 3203 3084 et
3230 3028 3376 3098 impii
3404 3046 3419 3082 :
3450 3042 3570 3082 nam
3601 3026 3826 3081 formam

2246 3128 2340 3184 Dei
2370 3144 2474 3183 non
2516 3126 2787 3181 videbunt.
2828 3123 2972 3195 Beati
3007 3123 3147 3178 enim
3176 3120 3355 3174 mundi
3379 3119 3561 3183 corde,
3588 3118 3827 3189 quoniam

2245 3219 2343 3289 ipsi
2371 3217 2535 3271 Deum
2564 3216 2799 3271 videbunt
2831 3213 3040 3286 (Matth.
3072 3228 3121 3276 v,
3152 3210 3229 3281 8).
3263 3210 3539 3280 Apparcns
3566 3209 3618 3261 in
3651 3207 3829 3262 humi.

2246 3311 2327 3365 nis
2356 3310 2543 3374 forma,
2578 3309 2750 3373 dicet,
2782 3306 2860 3361 Ite
2887 3307 2937 3360 in
2968 3307 3131 3376 ignem
3160 3313 3438 3366 (cternum;
3466 3309 3523 3354 ut
3547 3300 3831 3369 impleatur

2247 3401 2385 3471 quod
2415 3401 2548 3455 dixit
2579 3399 2766 3461 Isaias,
2802 3396 3036 3451 Tollatnr
3062 3395 3246 3466 impius
3266 3435 3281 3459 ,
3312 3402 3367 3445 ut
3394 3408 3495 3446 non
3523 3389 3687 3444 videat
3714 3390 3827 3445 cla-

2248 3494 2445 3546 ritatem
2473 3492 2674 3545 Domini
2710 3488 2874 3562 (lsai.
2907 3502 3028 3541 χιιιί
3048 3527 3063 3551 ,
3098 3487 3160 3540 l0
3179 3527 3191 3547 ,
3219 3499 3319 3538 sec.
3351 3481 3553 3552 LXX).
3583 3480 3829 3534 Tollatur

2249 3594 2306 3637 ιιι
2348 3598 2451 3637 ιιοιι
2490 3582 2665 3637 videat
2708 3584 2929 3635 fortnam
2976 3578 3090 3632 Dei.
3136 3575 3381 3630 Formam
3422 3588 3548 3643 ergo
3574 3570 3833 3626 videbunt

2250 3673 2504 3729 hominis.
2554 3673 2652 3740 Qui
2694 3688 2809 3725 cum
2851 3672 2903 3723 in
2951 3673 3115 3741 forma
3164 3666 3257 3719 Dei
3296 3674 3421 3719 esset
3462 3662 3673 3734 (aqualis
3720 3660 3831 3714 Deo

2254 3765 2508 3839 (Philipp.
2546 3781 2615 3829 tt,
2658 3764 2726 3833 6)
2765 3781 2778 3818 :
2822 3763 2923 3817 hoc
2953 3776 3055 3816 non
3085 3759 3338 3814 videbunt
3372 3757 3539 3827 impii.
3583 3754 3650 3809 In
3690 3755 3835 3825 prin-

2250 3861 2381 3934 cipio
2409 3870 2515 3915 erat
2550 3857 2785 3923 Verbum,
2810 3866 2856 3911 et
2886 3854 3100 3908 Verbum
3126 3860 3233 3907 erat
3253 3850 3390 3922 apud
3411 3849 3591 3912 Deum,
3623 3856 3669 3901 et
3693 3845 3833 3899 Deus

2250 3964 2355 4009 erat
2393 3951 2604 4008 Verbum
2641 3948 2832 4024 (Joan.
2874 3964 2925 4012 ι,
2958 3947 3025 4017 1)
3065 3963 3077 3999 :
3112 3944 3212 3999 hoc
3242 3959 3347 3998 non
3378 3941 3633 3997 videbunt
3662 3939 3832 4009 impii.

2249 4045 2306 4101 Si
2331 4046 2473 4101 enim
2505 4044 2642 4099 Deus
2668 4042 2920 4106 Verbum,
2950 4049 3002 4093 et
3035 4038 3165 4092 beati
3193 4035 3366 4090 mundi
3395 4034 3564 4097 corde,
3594 4033 3835 4103 quoniam

2249 4138 2347 4209 ipsi
2370 4135 2532 4190 Deum
2552 4134 2784 4188 videbunt
2802 4149 2822 4196 ;
2843 4129 2988 4201 impii
3008 4138 3183 4183 autem
3208 4125 3463 4182 immundi
3484 4135 3606 4179 sunt
3629 4122 3792 4178 corde
3816 4137 3833 4177 :

2252 4228 2435 4300 procul
2465 4227 2625 4282 dubio
2656 4226 2821 4280 Deum
2866 4241 2969 4278 non
2999 4221 3275 4277 videbunt.
3314 4220 3381 4275 Et
3409 4219 3493 4274 ubi
3525 4226 3637 4281 est,
3676 4215 3836 4270 Vide—

2251 4320 2370 4375 bunt
2395 4320 2446 4372 in
2474 4334 2618 4389 quem
2647 4322 2960 4387 pupugcrunt
2988 4312 3108 4385 (Id.
3140 4328 3225 4366 stx
3243 4351 3258 4377 ,
3290 4311 3394 4381 57)
3425 4326 3438 4363 :
3465 4309 3566 4363 nisi
3589 4308 3709 4377 quia
3735 4320 3837 4376 ap-

2251 4418 2403 4480 paret
2446 4408 2670 4464 formatn
2720 4406 2952 4462 hominis
2999 4420 3092 4461 eos
3126 4404 3367 4467 visuros,
3407 4396 3836 4471 utjudicentur;

2251 4504 2477 4559 formam
2524 4500 2612 4554 Dei
2648 4513 2752 4554 non
2780 4499 3021 4561 visuros,
3068 4495 3168 4549 nisi
3208 4507 3302 4549 eos
3330 4492 3418 4563 qui
3448 4491 3513 4545 ad
3559 4490 3837 4546 dexteram

2251 4592 2673 4666 separabuntur?
2697 4590 2903 4645 Etenim
2928 4603 3046 4643 cum
3074 4585 3301 4655 separati
3332 4584 3528 4638 fuerint
3551 4582 3616 4636 ad
3645 4581 3837 4636 dexte-

2254 4701 2365 4741 ram
2386 4726 2401 4752 ,
2435 4684 2535 4740 hoc
2562 4682 2642 4739 eis
2681 4681 2888 4736 dicetur
2929 4697 2941 4731 :
2989 4677 3191 4739 Venite,
3220 4675 3462 4729 benedicti
3501 4672 3671 4727 Patris
3699 4673 3837 4738 mei;

2254 4777 2493 4847 percipite
2535 4789 2780 4844 regnum,
2823 4770 2957 4843 quod
2993 4769 3129 4824 vobis
3168 4775 3400 4838 paratum
3440 4774 3510 4819 est
3544 4766 3607 4819 ab
3644 4764 3840 4834 origine

2253 4869 2449 4922 mundi.
2490 4850 2677 4937 lmpiis’
2695 4878 2824 4919 vero
2857 4862 2921 4917 ad
2963 4861 3231 4915 sinistram
3272 4857 3437 4929 quid?
3479 4854 3561 4910 Ite
3589 4856 3642 4909 in
3670 4862 3839 4926 ignem

2252 4971 2492 5016 atternum
2514 5001 2529 5024 ,
2560 4974 2703 5029 quem
2734 4956 2929 5025 paravit
2973 4952 3125 5007 Pater
3161 4966 3298 5004 meus
3333 4948 3533 5002 diabolo
3570 4956 3617 5001 et
3643 4947 3841 5016 angelis

2254 5054 2383 5123 ejus.
2426 5050 2604 5106 Finito
2632 5058 2808 5103 autem
2843 5044 3077 5115 judicio,
3105 5038 3374 5114 quomodo
3411 5038 3712 5095 conclusit?
3748 5039 3839 5093 Sic

2253 5149 2393 5204 ibunt
2419 5147 2560 5218 impii
2583 5146 2637 5200 in
2660 5143 3019 5198 ambustionem
3044 5148 3319 5202 aeternam;
3337 5134 3469 5205 justi
3494 5143 3660 5187 autem
3685 5132 3738 5185 in
3767 5131 3816 5184 ri

2319 5325 2347 5386 ιθ
2362 5321 2497 5379 Edd.,
2523 5324 2574 5369 ut
2595 5315 2775 5368 homini
2788 5317 3064 5386 parcerent,
3086 5316 3139 5386 ut
3161 5306 3432 5386 quodtetg.
3458 5303 3842 5386 atplﬁr‘ique‘et

2254 5364 2851 5437 mctaﬁéé'iimi
2883 5364 3135 5483 parcerent
3167 5364 3267 5421 .‘ad
3290 5364 3437 5431 quod,
3464 5364 3560 5415 (διό.
3586 5364 3749 5415 Modus
3771 5364 3843 5413 lo-

2255 5445 2434 5483 mmndi
2472 5449 2549 5483 ma
2586 5440 2847 5483 Augustino
2898 5433 3128 5483 'amiliaris
3167 5440 3219 5482 et
3256 5426 3729 5483 perimamfrequens
3750 5440 3843 5483 per

2255 5426 2849 5511 q'iiendifesfsugustino
2870 5426 3128 5511 laminam.
3167 5440 3219 5482 et
3250 5426 3729 5511 Ριξιιιιιειιιιξιςιξειξιιριιξ
3750 5440 3843 5511 per

2258 5487 2416 5558 ῐῖὂὲἑῐ
2424 5487 2685 5567 Μιλώνςὲ
2700 5506 2977 5567 ἰτεείΑωεξ
2997 5495 3089 5567 ξοίὲ
3117 5497 3165 5543 in
3190 5487 3841 5567 tiriie,f~¥‘i‘i§5‘3ﬁf‘.t:i§9t“

2252 5547 2721 5619 iniiiuéféfc‘iism,
2742 5547 2895 5617 ψεῖ),
2932 5547 3016 5607 ubi
3054 5562 3169 5619 Mss.
3192 5547 3378 5604 habent
3404 5564 3415 5598 :
3442 5559 3567 5619 Tth
3599 5547 3843 5619 relinque-

2254 5610 2626 5686 ιῖὲῖξᾶἷξῆιιι.
2654 5610 2912 5671 ferebant}
2933 5627 3058 5668 Tune
3080 5616 3371 5679 relinqueres
3390 5610 3631 5673 mbram,
3648 5616 3698 5661 ut
3713 5610 3841 5663 esse;

2200 5688 2203 5689 ⁷
2258 5706 2307 5744 tu
2335 5690 2454 5748 tuor,
2477 5693 2571 5735 etc.
