  <div class='ocr_page' id='page_1' title='image "/cluster/home/n/w/nwhite01/storage/ocr_20150623/37/hvd.32044015471477/042.png"; bbox 0 0 4084 6470; ppageno 0'>
   <div class='ocr_carea' id='block_1_1' title="bbox 305 351 439 407">
    <p class='ocr_par' dir='ltr' id='par_1_1' title="bbox 305 351 439 407">
     <span class='ocr_line' id='line_1_1' title="bbox 305 351 439 407; baseline 0 -1"><span class='ocrx_word' id='word_1_1' title='bbox 305 351 439 407; x_wconf 72' lang='grc'><strong>1097</strong></span> 
     </span>
    </p>
   </div>
   <div class='ocr_carea' id='block_1_2' title="bbox 288 558 1870 639">
    <p class='ocr_par' dir='ltr' id='par_1_2' title="bbox 288 558 1870 639">
     <span class='ocr_line' id='line_1_2' title="bbox 288 558 1870 639; baseline 0.006 -27"><span class='ocrx_word' id='word_1_2' title='bbox 288 558 477 614; x_wconf 68' lang='lat' dir='ltr'><strong>forma:</strong></span> <span class='ocrx_word' id='word_1_3' title='bbox 515 560 746 615; x_wconf 84' lang='lat' dir='ltr'><strong>hominis</strong></span> <span class='ocrx_word' id='word_1_4' title='bbox 787 571 1014 633; x_wconf 78' lang='lat' dir='ltr'><strong>pergunt</strong></span> <span class='ocrx_word' id='word_1_5' title='bbox 1044 562 1117 617; x_wconf 91' lang='lat' dir='ltr'><strong>illi</strong></span> <span class='ocrx_word' id='word_1_6' title='bbox 1150 563 1216 617; x_wconf 89' lang='lat' dir='ltr'><strong>ad</strong></span> <span class='ocrx_word' id='word_1_7' title='bbox 1254 563 1512 619; x_wconf 85' lang='lat' dir='ltr'><strong>visionem</strong></span> <span class='ocrx_word' id='word_1_8' title='bbox 1543 564 1724 621; x_wconf 76' lang='lat' dir='ltr'><strong>forma:</strong></span> <span class='ocrx_word' id='word_1_9' title='bbox 1757 567 1870 639; x_wconf 70' lang='lat' dir='ltr'><strong>Dei.</strong></span> 
     </span>
    </p>
   </div>
   <div class='ocr_carea' id='block_1_3' title="bbox 290 650 1873 729">
    <p class='ocr_par' dir='ltr' id='par_1_3' title="bbox 290 650 1873 729">
     <span class='ocr_line' id='line_1_3' title="bbox 290 650 1873 729; baseline 0.008 -25"><span class='ocrx_word' id='word_1_10' title='bbox 290 650 416 705; x_wconf 69' lang='lat' dir='ltr'><strong>Hec</strong></span> <span class='ocrx_word' id='word_1_11' title='bbox 460 663 533 706; x_wconf 85' lang='lat' dir='ltr'><strong>est</strong></span> <span class='ocrx_word' id='word_1_12' title='bbox 579 654 732 719; x_wconf 86' lang='lat' dir='ltr'><strong>enim,</strong></span> <span class='ocrx_word' id='word_1_13' title='bbox 782 655 972 726; x_wconf 85' lang='lat' dir='ltr'><strong>inquit,</strong></span> <span class='ocrx_word' id='word_1_14' title='bbox 1016 657 1117 710; x_wconf 81' lang='lat' dir='ltr'><strong>vita</strong></span> <span class='ocrx_word' id='word_1_15' title='bbox 1154 667 1359 723; x_wconf 75' lang='lat' dir='ltr'><strong>(eterna,</strong></span> <span class='ocrx_word' id='word_1_16' title='bbox 1404 668 1457 711; x_wconf 91' lang='lat' dir='ltr'><strong>ut</strong></span> <span class='ocrx_word' id='word_1_17' title='bbox 1496 671 1797 729; x_wconf 84' lang='lat' dir='ltr'><strong>cognoscant</strong></span> <span class='ocrx_word' id='word_1_18' title='bbox 1824 672 1873 716; x_wconf 88' lang='lat' dir='ltr'><strong>te</strong></span> 
     </span>
    </p>
   </div>
   <div class='ocr_carea' id='block_1_4' title="bbox 283 744 1871 817">
    <p class='ocr_par' dir='ltr' id='par_1_4' title="bbox 283 744 1871 817">
     <span class='ocr_line' id='line_1_4' title="bbox 283 744 1871 817; baseline 0.008 -23"><span class='ocrx_word' id='word_1_19' title='bbox 283 758 446 795; x_wconf 79' lang='lat' dir='ltr'><strong>unum</strong></span> <span class='ocrx_word' id='word_1_20' title='bbox 481 754 653 798; x_wconf 82' lang='lat' dir='ltr'><strong>verum</strong></span> <span class='ocrx_word' id='word_1_21' title='bbox 680 744 881 811; x_wconf 66' lang='lat' dir='ltr'><strong>‘Deum,</strong></span> <span class='ocrx_word' id='word_1_22' title='bbox 930 757 978 799; x_wconf 90' lang='lat' dir='ltr'><strong>et</strong></span> <span class='ocrx_word' id='word_1_23' title='bbox 1022 764 1166 817; x_wconf 83' lang='lat' dir='ltr'><strong><em>quem</em></strong></span> <span class='ocrx_word' id='word_1_24' title='bbox 1197 749 1373 803; x_wconf 87' lang='lat' dir='ltr'><strong>misisti</strong></span> <span class='ocrx_word' id='word_1_25' title='bbox 1414 749 1591 804; x_wconf 74' lang='lat' dir='ltr'><strong>Iesum</strong></span> <span class='ocrx_word' id='word_1_26' title='bbox 1620 752 1871 808; x_wconf 72' lang='lat' dir='ltr'><strong>Christum</strong></span> 
     </span>
    </p>
   </div>
   <div class='ocr_carea' id='block_1_5' title="bbox 282 832 1867 917">
    <p class='ocr_par' dir='ltr' id='par_1_5' title="bbox 282 832 1867 917">
     <span class='ocr_line' id='line_1_5' title="bbox 282 832 1867 917; baseline 0.011 -32"><span class='ocrx_word' id='word_1_27' title='bbox 282 832 482 900; x_wconf 82' lang='lat' dir='ltr'><strong>(Joan.</strong></span> <span class='ocrx_word' id='word_1_28' title='bbox 527 850 668 902; x_wconf 81' lang='lat' dir='ltr'><strong>xvn,</strong></span> <span class='ocrx_word' id='word_1_29' title='bbox 711 838 779 908; x_wconf 82' lang='lat'><strong>5)</strong></span> <span class='ocrx_word' id='word_1_30' title='bbox 823 854 837 891; x_wconf 92' lang='lat'><strong>:</strong></span> <span class='ocrx_word' id='word_1_31' title='bbox 885 839 1154 905; x_wconf 81' lang='lat' dir='ltr'><strong>subaudis,</strong></span> <span class='ocrx_word' id='word_1_32' title='bbox 1204 841 1273 917; x_wconf 87' lang='lat' dir='ltr'><strong>Et</strong></span> <span class='ocrx_word' id='word_1_33' title='bbox 1298 842 1468 911; x_wconf 89' lang='lat' dir='ltr'><strong>ipsum</strong></span> <span class='ocrx_word' id='word_1_34' title='bbox 1495 859 1657 898; x_wconf 88' lang='lat' dir='ltr'><strong>unum</strong></span> <span class='ocrx_word' id='word_1_35' title='bbox 1682 860 1867 901; x_wconf 88' lang='lat' dir='ltr'><strong>verum</strong></span> 
     </span>
    </p>
   </div>
   <div class='ocr_carea' id='block_1_6' title="bbox 280 923 1867 997">
    <p class='ocr_par' dir='ltr' id='par_1_6' title="bbox 280 923 1867 997">
     <span class='ocr_line' id='line_1_6' title="bbox 280 923 1867 997; baseline 0.011 -19"><span class='ocrx_word' id='word_1_36' title='bbox 280 923 489 990; x_wconf 88' lang='lat' dir='ltr'><strong>Deum;</strong></span> <span class='ocrx_word' id='word_1_37' title='bbox 519 928 644 997; x_wconf 81' lang='lat' dir='ltr'><strong>quia</strong></span> <span class='ocrx_word' id='word_1_38' title='bbox 671 927 827 983; x_wconf 88' lang='lat' dir='ltr'><strong>Pater</strong></span> <span class='ocrx_word' id='word_1_39' title='bbox 849 937 904 985; x_wconf 92' lang='lat' dir='ltr'><strong>et</strong></span> <span class='ocrx_word' id='word_1_40' title='bbox 931 930 1098 986; x_wconf 88' lang='lat' dir='ltr'><strong>Filius</strong></span> <span class='ocrx_word' id='word_1_41' title='bbox 1124 947 1259 988; x_wconf 90' lang='lat' dir='ltr'><strong>unus</strong></span> <span class='ocrx_word' id='word_1_42' title='bbox 1287 949 1442 990; x_wconf 88' lang='lat' dir='ltr'><strong>verus</strong></span> <span class='ocrx_word' id='word_1_43' title='bbox 1472 936 1612 991; x_wconf 88' lang='lat' dir='ltr'><strong>Deus</strong></span> <span class='ocrx_word' id='word_1_44' title='bbox 1641 954 1653 991; x_wconf 92' lang='lat'><strong>:</strong></span> <span class='ocrx_word' id='word_1_45' title='bbox 1684 946 1742 992; x_wconf 93' lang='lat' dir='ltr'><strong>ut</strong></span> <span class='ocrx_word' id='word_1_46' title='bbox 1767 938 1867 995; x_wconf 88' lang='lat' dir='ltr'><strong>iste</strong></span> 
     </span>
    </p>
   </div>
   <div class='ocr_carea' id='block_1_7' title="bbox 277 1017 1864 1092">
    <p class='ocr_par' dir='ltr' id='par_1_7' title="bbox 277 1017 1864 1092">
     <span class='ocr_line' id='line_1_7' title="bbox 277 1017 1864 1092; baseline 0.011 -23"><span class='ocrx_word' id='word_1_47' title='bbox 277 1017 343 1069; x_wconf 88' lang='lat' dir='ltr'><strong>sit</strong></span> <span class='ocrx_word' id='word_1_48' title='bbox 383 1028 611 1085; x_wconf 81' lang='lat' dir='ltr'><strong>sensus,</strong></span> <span class='ocrx_word' id='word_1_49' title='bbox 656 1028 713 1075; x_wconf 91' lang='lat' dir='ltr'><strong>te</strong></span> <span class='ocrx_word' id='word_1_50' title='bbox 753 1029 807 1075; x_wconf 90' lang='lat' dir='ltr'><strong>et</strong></span> <span class='ocrx_word' id='word_1_51' title='bbox 834 1036 989 1092; x_wconf 86' lang='lat' dir='ltr'><strong>quem</strong></span> <span class='ocrx_word' id='word_1_52' title='bbox 1031 1023 1220 1080; x_wconf 81' lang='lat' dir='ltr'><strong>misisti</strong></span> <span class='ocrx_word' id='word_1_53' title='bbox 1259 1024 1440 1083; x_wconf 81' lang='lat' dir='ltr'><strong>Jesum</strong></span> <span class='ocrx_word' id='word_1_54' title='bbox 1471 1025 1741 1084; x_wconf 77' lang='lat' dir='ltr'><strong>Christum</strong></span> <span class='ocrx_word' id='word_1_55' title='bbox 1769 1045 1864 1086; x_wconf 83' lang='lat' dir='ltr'><strong>co-</strong></span> 
     </span>
    </p>
   </div>
   <div class='ocr_carea' id='block_1_8' title="bbox 275 1113 1863 1177">
    <p class='ocr_par' dir='ltr' id='par_1_8' title="bbox 275 1113 1863 1177">
     <span class='ocr_line' id='line_1_8' title="bbox 275 1113 1863 1177; baseline 0.01 -17"><span class='ocrx_word' id='word_1_56' title='bbox 275 1117 542 1175; x_wconf 75' lang='lat' dir='ltr'><strong>gnoscant</strong></span> <span class='ocrx_word' id='word_1_57' title='bbox 570 1125 733 1165; x_wconf 89' lang='lat' dir='ltr'><strong>unum</strong></span> <span class='ocrx_word' id='word_1_58' title='bbox 760 1127 943 1167; x_wconf 81' lang='lat' dir='ltr'><strong>verum</strong></span> <span class='ocrx_word' id='word_1_59' title='bbox 972 1113 1158 1169; x_wconf 91' lang='lat' dir='ltr'><strong>Deum.</strong></span> <span class='ocrx_word' id='word_1_60' title='bbox 1188 1114 1303 1173; x_wconf 90' lang='lat' dir='ltr'><strong>Non</strong></span> <span class='ocrx_word' id='word_1_61' title='bbox 1332 1118 1474 1173; x_wconf 89' lang='lat' dir='ltr'><strong>enim</strong></span> <span class='ocrx_word' id='word_1_62' title='bbox 1513 1119 1584 1175; x_wconf 92' lang='lat' dir='ltr'><strong>illi</strong></span> <span class='ocrx_word' id='word_1_63' title='bbox 1622 1120 1772 1176; x_wconf 84' lang='lat' dir='ltr'><strong>ibunt</strong></span> <span class='ocrx_word' id='word_1_64' title='bbox 1795 1122 1863 1177; x_wconf 88' lang='lat' dir='ltr'><strong>ad</strong></span> 
     </span>
    </p>
   </div>
   <div class='ocr_carea' id='block_1_9' title="bbox 274 1199 1862 1270">
    <p class='ocr_par' dir='ltr' id='par_1_9' title="bbox 274 1199 1862 1270">
     <span class='ocr_line' id='line_1_9' title="bbox 274 1199 1862 1270; baseline 0.011 -20"><span class='ocrx_word' id='word_1_65' title='bbox 274 1199 540 1256; x_wconf 73' lang='lat' dir='ltr'><strong>visionem</strong></span> <span class='ocrx_word' id='word_1_66' title='bbox 563 1200 757 1270; x_wconf 76' lang='lat' dir='ltr'><strong>Patris,</strong></span> <span class='ocrx_word' id='word_1_67' title='bbox 785 1212 840 1257; x_wconf 90' lang='lat' dir='ltr'><strong>et</strong></span> <span class='ocrx_word' id='word_1_68' title='bbox 863 1218 968 1259; x_wconf 92' lang='lat' dir='ltr'><strong>non</strong></span> <span class='ocrx_word' id='word_1_69' title='bbox 996 1206 1067 1265; x_wconf 89' lang='lat' dir='ltr'><strong>ibi</strong></span> <span class='ocrx_word' id='word_1_70' title='bbox 1090 1206 1341 1263; x_wconf 90' lang='lat' dir='ltr'><strong>videbunt</strong></span> <span class='ocrx_word' id='word_1_71' title='bbox 1359 1219 1416 1266; x_wconf 89' lang='lat' dir='ltr'><strong>et</strong></span> <span class='ocrx_word' id='word_1_72' title='bbox 1432 1210 1647 1267; x_wconf 90' lang='lat' dir='ltr'><strong>Filium.</strong></span> <span class='ocrx_word' id='word_1_73' title='bbox 1671 1212 1725 1267; x_wconf 92' lang='lat' dir='ltr'><strong>Si</strong></span> <span class='ocrx_word' id='word_1_74' title='bbox 1754 1227 1862 1268; x_wconf 84' lang='lat' dir='ltr'><strong>non</strong></span> 
     </span>
    </p>
   </div>
   <div class='ocr_carea' id='block_1_10' title="bbox 273 1290 1860 1372">
    <p class='ocr_par' dir='ltr' id='par_1_10' title="bbox 273 1290 1860 1372">
     <span class='ocr_line' id='line_1_10' title="bbox 273 1290 1860 1372; baseline 0.01 -30"><span class='ocrx_word' id='word_1_75' title='bbox 273 1298 420 1343; x_wconf 88' lang='lat' dir='ltr'><strong>esset</strong></span> <span class='ocrx_word' id='word_1_76' title='bbox 446 1298 507 1345; x_wconf 91' lang='lat' dir='ltr'><strong>et</strong></span> <span class='ocrx_word' id='word_1_77' title='bbox 533 1290 698 1347; x_wconf 88' lang='lat' dir='ltr'><strong>Filius</strong></span> <span class='ocrx_word' id='word_1_78' title='bbox 725 1293 778 1347; x_wconf 90' lang='lat' dir='ltr'><strong>in</strong></span> <span class='ocrx_word' id='word_1_79' title='bbox 809 1293 982 1351; x_wconf 92' lang='lat' dir='ltr'><strong>Patris</strong></span> <span class='ocrx_word' id='word_1_80' title='bbox 1010 1296 1093 1351; x_wconf 90' lang='lat' dir='ltr'><strong>sui</strong></span> <span class='ocrx_word' id='word_1_81' title='bbox 1118 1298 1321 1357; x_wconf 86' lang='lat' dir='ltr'><strong>visione</strong></span> <span class='ocrx_word' id='word_1_82' title='bbox 1341 1340 1356 1364; x_wconf 91' lang='lat'><strong>,</strong></span> <span class='ocrx_word' id='word_1_83' title='bbox 1387 1316 1493 1356; x_wconf 90' lang='lat' dir='ltr'><strong>non</strong></span> <span class='ocrx_word' id='word_1_84' title='bbox 1519 1300 1721 1359; x_wconf 91' lang='lat' dir='ltr'><strong>diceret</strong></span> <span class='ocrx_word' id='word_1_85' title='bbox 1748 1304 1860 1372; x_wconf 87' lang='lat' dir='ltr'><strong>ipse</strong></span> 
     </span>
    </p>
   </div>
   <div class='ocr_carea' id='block_1_11' title="bbox 272 1380 1859 1460">
    <p class='ocr_par' dir='ltr' id='par_1_11' title="bbox 272 1380 1859 1460">
     <span class='ocr_line' id='line_1_11' title="bbox 272 1380 1859 1460; baseline 0.01 -26"><span class='ocrx_word' id='word_1_86' title='bbox 272 1380 446 1439; x_wconf 83' lang='lat' dir='ltr'><strong>Filius</strong></span> <span class='ocrx_word' id='word_1_87' title='bbox 473 1381 751 1454; x_wconf 86' lang='lat' dir='ltr'><strong>discipulis</strong></span> <span class='ocrx_word' id='word_1_88' title='bbox 773 1386 1023 1456; x_wconf 86' lang='lat' dir='ltr'><strong>suisquia</strong></span> <span class='ocrx_word' id='word_1_89' title='bbox 1047 1387 1212 1445; x_wconf 90' lang='lat' dir='ltr'><strong>Filius</strong></span> <span class='ocrx_word' id='word_1_90' title='bbox 1236 1390 1291 1445; x_wconf 89' lang='lat' dir='ltr'><strong>in</strong></span> <span class='ocrx_word' id='word_1_91' title='bbox 1314 1392 1471 1449; x_wconf 83' lang='lat' dir='ltr'><strong>Patre</strong></span> <span class='ocrx_word' id='word_1_92' title='bbox 1494 1402 1596 1460; x_wconf 87' lang='lat' dir='ltr'><strong>est,</strong></span> <span class='ocrx_word' id='word_1_93' title='bbox 1624 1402 1681 1450; x_wconf 92' lang='lat' dir='ltr'><strong>et</strong></span> <span class='ocrx_word' id='word_1_94' title='bbox 1701 1394 1859 1450; x_wconf 74' lang='lat' dir='ltr'><strong>Patet-</strong></span> 
     </span>
    </p>
   </div>
   <div class='ocr_carea' id='block_1_12' title="bbox 271 1476 1851 1557">
    <p class='ocr_par' dir='ltr' id='par_1_12' title="bbox 271 1476 1851 1557">
     <span class='ocr_line' id='line_1_12' title="bbox 271 1476 1851 1557; baseline 0.009 -28"><span class='ocrx_word' id='word_1_95' title='bbox 271 1476 326 1529; x_wconf 85' lang='lat' dir='ltr'><strong>iu</strong></span> <span class='ocrx_word' id='word_1_96' title='bbox 356 1476 518 1532; x_wconf 78' lang='lat' dir='ltr'><strong>Filio.</strong></span> <span class='ocrx_word' id='word_1_97' title='bbox 554 1478 744 1534; x_wconf 84' lang='lat' dir='ltr'><strong>Dicunt</strong></span> <span class='ocrx_word' id='word_1_98' title='bbox 771 1479 845 1534; x_wconf 89' lang='lat' dir='ltr'><strong>illi</strong></span> <span class='ocrx_word' id='word_1_99' title='bbox 875 1479 1120 1552; x_wconf 82' lang='lat' dir='ltr'><strong>discipuli</strong></span> <span class='ocrx_word' id='word_1_100' title='bbox 1146 1499 1160 1535; x_wconf 91' lang='lat'><strong>:</strong></span> <span class='ocrx_word' id='word_1_101' title='bbox 1197 1483 1413 1540; x_wconf 80' lang='lat' dir='ltr'><strong>Ostende</strong></span> <span class='ocrx_word' id='word_1_102' title='bbox 1441 1485 1581 1542; x_wconf 81' lang='lat' dir='ltr'><strong>nobis</strong></span> <span class='ocrx_word' id='word_1_103' title='bbox 1614 1487 1851 1557; x_wconf 81' lang='lat' dir='ltr'><strong>Patrem,</strong></span> 
     </span>
    </p>
   </div>
   <div class='ocr_carea' id='block_1_13' title="bbox 269 1568 1872 1648">
    <p class='ocr_par' dir='ltr' id='par_1_13' title="bbox 269 1568 1872 1648">
     <span class='ocr_line' id='line_1_13' title="bbox 269 1568 1872 1648; baseline 0.012 -28"><span class='ocrx_word' id='word_1_104' title='bbox 269 1576 317 1621; x_wconf 85' lang='lat' dir='ltr'><strong>et</strong></span> <span class='ocrx_word' id='word_1_105' title='bbox 360 1568 549 1638; x_wconf 58' lang='lat' dir='ltr'><strong>suﬁcit</strong></span> <span class='ocrx_word' id='word_1_106' title='bbox 594 1570 755 1625; x_wconf 84' lang='lat' dir='ltr'><strong>nobis.</strong></span> <span class='ocrx_word' id='word_1_107' title='bbox 807 1572 893 1626; x_wconf 79' lang='lat' dir='ltr'><strong>Ait</strong></span> <span class='ocrx_word' id='word_1_108' title='bbox 930 1573 1035 1626; x_wconf 85' lang='lat' dir='ltr'><strong>illis</strong></span> <span class='ocrx_word' id='word_1_109' title='bbox 1074 1589 1094 1627; x_wconf 87' lang='lat'><strong><em>:</em></strong></span> <span class='ocrx_word' id='word_1_110' title='bbox 1138 1573 1300 1631; x_wconf 85' lang='lat' dir='ltr'><strong>Tanto</strong></span> <span class='ocrx_word' id='word_1_111' title='bbox 1341 1586 1565 1648; x_wconf 84' lang='lat' dir='ltr'><strong>tempore</strong></span> <span class='ocrx_word' id='word_1_112' title='bbox 1606 1580 1872 1638; x_wconf 7' lang='lat' dir='ltr'><strong>uobiscum;</strong></span> 
     </span>
    </p>
   </div>
   <div class='ocr_carea' id='block_1_14' title="bbox 266 1660 1854 1737">
    <p class='ocr_par' dir='ltr' id='par_1_14' title="bbox 266 1660 1854 1737">
     <span class='ocr_line' id='line_1_14' title="bbox 266 1660 1854 1737; baseline 0.011 -27"><span class='ocrx_word' id='word_1_113' title='bbox 266 1672 401 1720; x_wconf 83' lang='lat' dir='ltr'><strong>sunt.</strong></span> <span class='ocrx_word' id='word_1_114' title='bbox 428 1665 479 1712; x_wconf 86' lang='lat' dir='ltr'><strong>et</strong></span> <span class='ocrx_word' id='word_1_115' title='bbox 502 1674 607 1713; x_wconf 85' lang='lat' dir='ltr'><strong>non</strong></span> <span class='ocrx_word' id='word_1_116' title='bbox 634 1675 713 1714; x_wconf 89' lang='lat' dir='ltr'><strong>me</strong></span> <span class='ocrx_word' id='word_1_117' title='bbox 738 1661 938 1716; x_wconf 80' lang='lat' dir='ltr'><strong>nostis?</strong></span> <span class='ocrx_word' id='word_1_118' title='bbox 968 1660 1230 1734; x_wconf 78' lang='lat' dir='ltr'><strong>Philippe,</strong></span> <span class='ocrx_word' id='word_1_119' title='bbox 1252 1666 1339 1736; x_wconf 86' lang='lat' dir='ltr'><strong>qui</strong></span> <span class='ocrx_word' id='word_1_120' title='bbox 1364 1684 1444 1722; x_wconf 86' lang='lat' dir='ltr'><strong>me</strong></span> <span class='ocrx_word' id='word_1_121' title='bbox 1465 1669 1589 1723; x_wconf 83' lang='lat' dir='ltr'><strong>vidit</strong></span> <span class='ocrx_word' id='word_1_122' title='bbox 1606 1708 1623 1737; x_wconf 91' lang='lat'><strong>,</strong></span> <span class='ocrx_word' id='word_1_123' title='bbox 1655 1671 1778 1726; x_wconf 81' lang='lat' dir='ltr'><strong>vidit</strong></span> <span class='ocrx_word' id='word_1_124' title='bbox 1805 1682 1854 1728; x_wconf 89' lang='lat' dir='ltr'><strong>et</strong></span> 
     </span>
    </p>
   </div>
   <div class='ocr_carea' id='block_1_15' title="bbox 268 1744 1852 1826">
    <p class='ocr_par' dir='ltr' id='par_1_15' title="bbox 268 1744 1852 1826">
     <span class='ocr_line' id='line_1_15' title="bbox 268 1744 1852 1826; baseline 0.015 -28"><span class='ocrx_word' id='word_1_125' title='bbox 268 1744 500 1803; x_wconf 84' lang='lat' dir='ltr'><strong>Patrem.</strong></span> <span class='ocrx_word' id='word_1_126' title='bbox 530 1747 736 1805; x_wconf 76' lang='lat' dir='ltr'><strong>Videtis</strong></span> <span class='ocrx_word' id='word_1_127' title='bbox 770 1752 892 1821; x_wconf 90' lang='lat' dir='ltr'><strong>quia</strong></span> <span class='ocrx_word' id='word_1_128' title='bbox 921 1753 976 1808; x_wconf 91' lang='lat' dir='ltr'><strong>in</strong></span> <span class='ocrx_word' id='word_1_129' title='bbox 1013 1754 1217 1812; x_wconf 83' lang='lat' dir='ltr'><strong>visione</strong></span> <span class='ocrx_word' id='word_1_130' title='bbox 1250 1756 1451 1826; x_wconf 83' lang='lat' dir='ltr'><strong>Patris,</strong></span> <span class='ocrx_word' id='word_1_131' title='bbox 1482 1769 1537 1816; x_wconf 90' lang='lat' dir='ltr'><strong>et</strong></span> <span class='ocrx_word' id='word_1_132' title='bbox 1564 1761 1684 1818; x_wconf 86' lang='lat' dir='ltr'><strong>Filii</strong></span> <span class='ocrx_word' id='word_1_133' title='bbox 1720 1764 1852 1821; x_wconf 86' lang='lat' dir='ltr'><strong>visio</strong></span> 
     </span>
    </p>
   </div>
   <div class='ocr_carea' id='block_1_16' title="bbox 266 1839 1881 1913">
    <p class='ocr_par' dir='ltr' id='par_1_16' title="bbox 266 1839 1881 1913">
     <span class='ocr_line' id='line_1_16' title="bbox 266 1839 1881 1913; baseline 0.014 -23"><span class='ocrx_word' id='word_1_134' title='bbox 266 1847 382 1899; x_wconf 88' lang='lat' dir='ltr'><strong>est;</strong></span> <span class='ocrx_word' id='word_1_135' title='bbox 415 1847 472 1892; x_wconf 89' lang='lat' dir='ltr'><strong>et</strong></span> <span class='ocrx_word' id='word_1_136' title='bbox 497 1839 551 1893; x_wconf 91' lang='lat' dir='ltr'><strong>in</strong></span> <span class='ocrx_word' id='word_1_137' title='bbox 578 1841 781 1897; x_wconf 87' lang='lat' dir='ltr'><strong>visione</strong></span> <span class='ocrx_word' id='word_1_138' title='bbox 808 1842 927 1898; x_wconf 91' lang='lat' dir='ltr'><strong>Filii</strong></span> <span class='ocrx_word' id='word_1_139' title='bbox 946 1885 961 1907; x_wconf 89' lang='lat'><strong>,</strong></span> <span class='ocrx_word' id='word_1_140' title='bbox 1000 1855 1052 1901; x_wconf 92' lang='lat' dir='ltr'><strong>et</strong></span> <span class='ocrx_word' id='word_1_141' title='bbox 1078 1846 1249 1903; x_wconf 89' lang='lat' dir='ltr'><strong>Patris</strong></span> <span class='ocrx_word' id='word_1_142' title='bbox 1275 1849 1409 1906; x_wconf 91' lang='lat' dir='ltr'><strong>visio</strong></span> <span class='ocrx_word' id='word_1_143' title='bbox 1433 1860 1540 1913; x_wconf 77' lang='lat' dir='ltr'><strong>est.</strong></span> <span class='ocrx_word' id='word_1_144' title='bbox 1570 1853 1692 1910; x_wconf 90' lang='lat' dir='ltr'><strong>Ideo</strong></span> <span class='ocrx_word' id='word_1_145' title='bbox 1715 1871 1848 1912; x_wconf 88' lang='lat' dir='ltr'><strong>eon-</strong></span> <span class='ocrx_word' id='word_1_146' title='bbox 1880 1908 1881 1911; x_wconf 45' lang='grc' dir='ltr'><strong>η</strong></span> 
     </span>
    </p>
   </div>
   <div class='ocr_carea' id='block_1_17' title="bbox 264 1932 1845 2016">
    <p class='ocr_par' dir='ltr' id='par_1_17' title="bbox 264 1932 1845 2016">
     <span class='ocr_line' id='line_1_17' title="bbox 264 1932 1845 2016; baseline 0.014 -34"><span class='ocrx_word' id='word_1_147' title='bbox 264 1940 558 1998; x_wconf 84' lang='lat' dir='ltr'><strong>sequenter</strong></span> <span class='ocrx_word' id='word_1_148' title='bbox 580 1932 825 2003; x_wconf 84' lang='lat' dir='ltr'><strong>subjecit,</strong></span> <span class='ocrx_word' id='word_1_149' title='bbox 859 1943 913 1991; x_wconf 91' lang='lat' dir='ltr'><strong>et</strong></span> <span class='ocrx_word' id='word_1_150' title='bbox 934 1936 1047 1991; x_wconf 88' lang='lat' dir='ltr'><strong>ait:</strong></span> <span class='ocrx_word' id='word_1_151' title='bbox 1077 1936 1297 1994; x_wconf 75' lang='lat' dir='ltr'><strong>Nescitis</strong></span> <span class='ocrx_word' id='word_1_152' title='bbox 1322 1942 1440 2010; x_wconf 97' lang='lat' dir='ltr'><strong>quia</strong></span> <span class='ocrx_word' id='word_1_153' title='bbox 1462 1960 1552 2016; x_wconf 97' lang='lat' dir='ltr'><strong>ego</strong></span> <span class='ocrx_word' id='word_1_154' title='bbox 1575 1946 1629 2000; x_wconf 90' lang='lat' dir='ltr'><strong>in</strong></span> <span class='ocrx_word' id='word_1_155' title='bbox 1656 1946 1845 2015; x_wconf 85' lang='lat' dir='ltr'><strong>Patre,</strong></span> 
     </span>
    </p>
   </div>
   <div class='ocr_carea' id='block_1_18' title="bbox 262 2020 1847 2107">
    <p class='ocr_par' dir='ltr' id='par_1_18' title="bbox 262 2020 1847 2107">
     <span class='ocr_line' id='line_1_18' title="bbox 262 2020 1847 2107; baseline 0.016 -34"><span class='ocrx_word' id='word_1_156' title='bbox 262 2031 309 2074; x_wconf 80' lang='lat' dir='ltr'><strong>et</strong></span> <span class='ocrx_word' id='word_1_157' title='bbox 338 2020 498 2077; x_wconf 88' lang='lat' dir='ltr'><strong>Pater</strong></span> <span class='ocrx_word' id='word_1_158' title='bbox 524 2024 580 2079; x_wconf 88' lang='lat' dir='ltr'><strong>in</strong></span> <span class='ocrx_word' id='word_1_159' title='bbox 608 2027 726 2080; x_wconf 85' lang='lat' dir='ltr'><strong>me?</strong></span> <span class='ocrx_word' id='word_1_160' title='bbox 752 2026 803 2082; x_wconf 87' lang='lat' dir='ltr'><strong>id</strong></span> <span class='ocrx_word' id='word_1_161' title='bbox 828 2036 930 2094; x_wconf 87' lang='lat' dir='ltr'><strong>est,</strong></span> <span class='ocrx_word' id='word_1_162' title='bbox 952 2038 1006 2084; x_wconf 92' lang='lat' dir='ltr'><strong>et</strong></span> <span class='ocrx_word' id='word_1_163' title='bbox 1030 2045 1117 2088; x_wconf 91' lang='lat' dir='ltr'><strong>me</strong></span> <span class='ocrx_word' id='word_1_164' title='bbox 1141 2033 1255 2088; x_wconf 88' lang='lat' dir='ltr'><strong>viso</strong></span> <span class='ocrx_word' id='word_1_165' title='bbox 1283 2034 1490 2093; x_wconf 90' lang='lat' dir='ltr'><strong>videtur</strong></span> <span class='ocrx_word' id='word_1_166' title='bbox 1514 2045 1568 2092; x_wconf 91' lang='lat' dir='ltr'><strong>et</strong></span> <span class='ocrx_word' id='word_1_167' title='bbox 1587 2039 1764 2107; x_wconf 88' lang='lat' dir='ltr'><strong>Pater,</strong></span> <span class='ocrx_word' id='word_1_168' title='bbox 1792 2053 1847 2099; x_wconf 92' lang='lat' dir='ltr'><strong>et</strong></span> 
     </span>
    </p>
   </div>
   <div class='ocr_carea' id='block_1_19' title="bbox 262 2113 1845 2202">
    <p class='ocr_par' dir='ltr' id='par_1_19' title="bbox 262 2113 1845 2202">
     <span class='ocr_line' id='line_1_19' title="bbox 262 2113 1845 2202; baseline 0.014 -34"><span class='ocrx_word' id='word_1_169' title='bbox 262 2113 424 2170; x_wconf 88' lang='lat' dir='ltr'><strong>Patre</strong></span> <span class='ocrx_word' id='word_1_170' title='bbox 465 2116 582 2172; x_wconf 90' lang='lat' dir='ltr'><strong>viso</strong></span> <span class='ocrx_word' id='word_1_171' title='bbox 621 2118 828 2174; x_wconf 90' lang='lat' dir='ltr'><strong>videtur</strong></span> <span class='ocrx_word' id='word_1_172' title='bbox 855 2130 908 2176; x_wconf 90' lang='lat' dir='ltr'><strong>et</strong></span> <span class='ocrx_word' id='word_1_173' title='bbox 932 2122 1119 2179; x_wconf 90' lang='lat' dir='ltr'><strong>Filius.</strong></span> <span class='ocrx_word' id='word_1_174' title='bbox 1152 2124 1328 2182; x_wconf 86' lang='lat' dir='ltr'><strong>Patris</strong></span> <span class='ocrx_word' id='word_1_175' title='bbox 1363 2136 1419 2184; x_wconf 86' lang='lat' dir='ltr'><strong>et</strong></span> <span class='ocrx_word' id='word_1_176' title='bbox 1451 2128 1569 2184; x_wconf 86' lang='lat' dir='ltr'><strong>Filii</strong></span> <span class='ocrx_word' id='word_1_177' title='bbox 1607 2135 1845 2202; x_wconf 89' lang='lat' dir='ltr'><strong>separari</strong></span> 
     </span>
    </p>
   </div>
   <div class='ocr_carea' id='block_1_20' title="bbox 261 2208 1842 2284">
    <p class='ocr_par' dir='ltr' id='par_1_20' title="bbox 261 2208 1842 2284">
     <span class='ocr_line' id='line_1_20' title="bbox 261 2208 1842 2284; baseline 0.013 -26"><span class='ocrx_word' id='word_1_178' title='bbox 261 2219 365 2259; x_wconf 90' lang='lat' dir='ltr'><strong>non</strong></span> <span class='ocrx_word' id='word_1_179' title='bbox 394 2214 574 2274; x_wconf 84' lang='lat' dir='ltr'><strong>potest</strong></span> <span class='ocrx_word' id='word_1_180' title='bbox 615 2208 747 2264; x_wconf 87' lang='lat' dir='ltr'><strong>visio</strong></span> <span class='ocrx_word' id='word_1_181' title='bbox 784 2228 797 2265; x_wconf 89' lang='lat'><strong>:</strong></span> <span class='ocrx_word' id='word_1_182' title='bbox 829 2212 917 2268; x_wconf 89' lang='lat' dir='ltr'><strong>ubi</strong></span> <span class='ocrx_word' id='word_1_183' title='bbox 947 2227 1052 2268; x_wconf 91' lang='lat' dir='ltr'><strong>non</strong></span> <span class='ocrx_word' id='word_1_184' title='bbox 1078 2224 1357 2284; x_wconf 79' lang='lat' dir='ltr'><strong>separatur</strong></span> <span class='ocrx_word' id='word_1_185' title='bbox 1385 2222 1571 2274; x_wconf 89' lang='lat' dir='ltr'><strong>natura</strong></span> <span class='ocrx_word' id='word_1_186' title='bbox 1614 2230 1672 2277; x_wconf 91' lang='lat' dir='ltr'><strong>et</strong></span> <span class='ocrx_word' id='word_1_187' title='bbox 1713 2224 1842 2279; x_wconf 90' lang='lat' dir='ltr'><strong>sub-</strong></span> 
     </span>
    </p>
   </div>
   <div class='ocr_carea' id='block_1_21' title="bbox 259 2297 1845 2377">
    <p class='ocr_par' dir='ltr' id='par_1_21' title="bbox 259 2297 1845 2377">
     <span class='ocr_line' id='line_1_21' title="bbox 259 2297 1845 2377; baseline 0.014 -28"><span class='ocrx_word' id='word_1_188' title='bbox 259 2297 493 2363; x_wconf 86' lang='lat' dir='ltr'><strong>stantia,</strong></span> <span class='ocrx_word' id='word_1_189' title='bbox 542 2299 677 2355; x_wconf 83' lang='lat' dir='ltr'><strong>visio</strong></span> <span class='ocrx_word' id='word_1_190' title='bbox 705 2304 940 2371; x_wconf 87' lang='lat' dir='ltr'><strong>separari</strong></span> <span class='ocrx_word' id='word_1_191' title='bbox 971 2319 1075 2360; x_wconf 92' lang='lat' dir='ltr'><strong>non</strong></span> <span class='ocrx_word' id='word_1_192' title='bbox 1103 2316 1297 2377; x_wconf 85' lang='lat' dir='ltr'><strong>potest.</strong></span> <span class='ocrx_word' id='word_1_193' title='bbox 1324 2308 1457 2365; x_wconf 88' lang='lat' dir='ltr'><strong>Nam</strong></span> <span class='ocrx_word' id='word_1_194' title='bbox 1503 2319 1558 2366; x_wconf 91' lang='lat' dir='ltr'><strong>ut</strong></span> <span class='ocrx_word' id='word_1_195' title='bbox 1588 2315 1845 2372; x_wconf 83' lang='lat' dir='ltr'><strong>noveritis</strong></span> 
     </span>
    </p>
   </div>
   <div class='ocr_carea' id='block_1_22' title="bbox 258 2386 1840 2462">
    <p class='ocr_par' dir='ltr' id='par_1_22' title="bbox 258 2386 1840 2462">
     <span class='ocr_line' id='line_1_22' title="bbox 258 2386 1840 2462; baseline 0.014 -23"><span class='ocrx_word' id='word_1_196' title='bbox 258 2386 387 2442; x_wconf 88' lang='lat' dir='ltr'><strong>illuc</strong></span> <span class='ocrx_word' id='word_1_197' title='bbox 428 2388 627 2445; x_wconf 83' lang='lat' dir='ltr'><strong>debere</strong></span> <span class='ocrx_word' id='word_1_198' title='bbox 668 2395 951 2462; x_wconf 58' lang='lat' dir='ltr'><strong>preparari</strong></span> <span class='ocrx_word' id='word_1_199' title='bbox 980 2410 1076 2451; x_wconf 91' lang='lat' dir='ltr'><strong>cor</strong></span> <span class='ocrx_word' id='word_1_200' title='bbox 1111 2397 1178 2452; x_wconf 89' lang='lat' dir='ltr'><strong>ad</strong></span> <span class='ocrx_word' id='word_1_201' title='bbox 1204 2398 1486 2455; x_wconf 85' lang='lat' dir='ltr'><strong>videndam</strong></span> <span class='ocrx_word' id='word_1_202' title='bbox 1513 2401 1840 2462; x_wconf 87' lang='lat' dir='ltr'><strong>divinitatem</strong></span> 
     </span>
    </p>
   </div>
   <div class='ocr_carea' id='block_1_23' title="bbox 259 2478 1838 2561">
    <p class='ocr_par' dir='ltr' id='par_1_23' title="bbox 259 2478 1838 2561">
     <span class='ocr_line' id='line_1_23' title="bbox 259 2478 1838 2561; baseline 0.013 -29"><span class='ocrx_word' id='word_1_203' title='bbox 259 2478 435 2534; x_wconf 81' lang='lat' dir='ltr'><strong>Patris</strong></span> <span class='ocrx_word' id='word_1_204' title='bbox 457 2490 514 2536; x_wconf 89' lang='lat' dir='ltr'><strong>et</strong></span> <span class='ocrx_word' id='word_1_205' title='bbox 542 2481 661 2537; x_wconf 90' lang='lat' dir='ltr'><strong>Filii</strong></span> <span class='ocrx_word' id='word_1_206' title='bbox 687 2492 741 2537; x_wconf 88' lang='lat' dir='ltr'><strong>et</strong></span> <span class='ocrx_word' id='word_1_207' title='bbox 764 2481 993 2555; x_wconf 88' lang='lat' dir='ltr'><strong>Spiritus</strong></span> <span class='ocrx_word' id='word_1_208' title='bbox 1019 2489 1223 2553; x_wconf 89' lang='lat' dir='ltr'><strong>sancti,</strong></span> <span class='ocrx_word' id='word_1_209' title='bbox 1264 2491 1318 2546; x_wconf 92' lang='lat' dir='ltr'><strong>in</strong></span> <span class='ocrx_word' id='word_1_210' title='bbox 1347 2507 1503 2561; x_wconf 88' lang='lat' dir='ltr'><strong>quam</strong></span> <span class='ocrx_word' id='word_1_211' title='bbox 1536 2509 1641 2550; x_wconf 92' lang='lat' dir='ltr'><strong>non</strong></span> <span class='ocrx_word' id='word_1_212' title='bbox 1671 2495 1838 2552; x_wconf 90' lang='lat' dir='ltr'><strong>visam</strong></span> 
     </span>
    </p>
   </div>
   <div class='ocr_carea' id='block_1_24' title="bbox 256 2569 1838 2653">
    <p class='ocr_par' dir='ltr' id='par_1_24' title="bbox 256 2569 1838 2653">
     <span class='ocr_line' id='line_1_24' title="bbox 256 2569 1838 2653; baseline 0.014 -31"><span class='ocrx_word' id='word_1_213' title='bbox 256 2569 549 2637; x_wconf 86' lang='lat' dir='ltr'><strong>credimus,</strong></span> <span class='ocrx_word' id='word_1_214' title='bbox 584 2583 637 2627; x_wconf 90' lang='lat' dir='ltr'><strong>et</strong></span> <span class='ocrx_word' id='word_1_215' title='bbox 666 2573 953 2640; x_wconf 88' lang='lat' dir='ltr'><strong>credendo,</strong></span> <span class='ocrx_word' id='word_1_216' title='bbox 982 2591 1078 2632; x_wconf 91' lang='lat' dir='ltr'><strong>cor</strong></span> <span class='ocrx_word' id='word_1_217' title='bbox 1104 2579 1243 2635; x_wconf 89' lang='lat' dir='ltr'><strong>unde</strong></span> <span class='ocrx_word' id='word_1_218' title='bbox 1270 2580 1438 2637; x_wconf 90' lang='lat' dir='ltr'><strong>videri</strong></span> <span class='ocrx_word' id='word_1_219' title='bbox 1468 2584 1640 2653; x_wconf 87' lang='lat' dir='ltr'><strong>possit</strong></span> <span class='ocrx_word' id='word_1_220' title='bbox 1677 2602 1838 2644; x_wconf 85' lang='lat' dir='ltr'><strong>mun-</strong></span> 
     </span>
    </p>
   </div>
   <div class='ocr_carea' id='block_1_25' title="bbox 215 2660 1837 2741">
    <p class='ocr_par' dir='ltr' id='par_1_25' title="bbox 215 2660 1837 2741">
     <span class='ocr_line' id='line_1_25' title="bbox 215 2660 1837 2741; baseline 0.013 -27"><span class='ocrx_word' id='word_1_221' title='bbox 215 2692 227 2699; x_wconf 74' lang='grc' dir='ltr'><strong><em>ο</em></strong></span> <span class='ocrx_word' id='word_1_222' title='bbox 254 2660 481 2729; x_wconf 86' lang='lat' dir='ltr'><strong>damus;</strong></span> <span class='ocrx_word' id='word_1_223' title='bbox 513 2664 628 2733; x_wconf 83' lang='lat' dir='ltr'><strong>ipse</strong></span> <span class='ocrx_word' id='word_1_224' title='bbox 652 2664 907 2722; x_wconf 88' lang='lat' dir='ltr'><strong>Dominus</strong></span> <span class='ocrx_word' id='word_1_225' title='bbox 928 2668 1037 2723; x_wconf 89' lang='lat' dir='ltr'><strong>alio</strong></span> <span class='ocrx_word' id='word_1_226' title='bbox 1062 2669 1181 2726; x_wconf 88' lang='lat' dir='ltr'><strong>loco</strong></span> <span class='ocrx_word' id='word_1_227' title='bbox 1205 2670 1334 2728; x_wconf 87' lang='lat' dir='ltr'><strong>dicit</strong></span> <span class='ocrx_word' id='word_1_228' title='bbox 1360 2690 1375 2728; x_wconf 91' lang='lat'><strong>:</strong></span> <span class='ocrx_word' id='word_1_229' title='bbox 1408 2673 1507 2741; x_wconf 96' lang='lat' dir='ltr'><strong>Qui</strong></span> <span class='ocrx_word' id='word_1_230' title='bbox 1527 2676 1674 2733; x_wconf 82' lang='lat' dir='ltr'><strong>habet</strong></span> <span class='ocrx_word' id='word_1_231' title='bbox 1693 2695 1837 2735; x_wconf 85' lang='lat' dir='ltr'><strong>man-</strong></span> 
     </span>
    </p>
   </div>
   <div class='ocr_carea' id='block_1_26' title="bbox 254 2751 1835 2837">
    <p class='ocr_par' dir='ltr' id='par_1_26' title="bbox 254 2751 1835 2837">
     <span class='ocr_line' id='line_1_26' title="bbox 254 2751 1835 2837; baseline 0.016 -34"><span class='ocrx_word' id='word_1_232' title='bbox 254 2751 373 2804; x_wconf 83' lang='lat' dir='ltr'><strong>data</strong></span> <span class='ocrx_word' id='word_1_233' title='bbox 397 2768 511 2807; x_wconf 83' lang='lat' dir='ltr'><strong>mea</strong></span> <span class='ocrx_word' id='word_1_234' title='bbox 535 2762 583 2808; x_wconf 79' lang='lat' dir='ltr'><strong>et</strong></span> <span class='ocrx_word' id='word_1_235' title='bbox 605 2766 768 2810; x_wconf 80' lang='lat' dir='ltr'><strong>servat</strong></span> <span class='ocrx_word' id='word_1_236' title='bbox 789 2773 850 2812; x_wconf 87' lang='lat' dir='ltr'><strong>ea</strong></span> <span class='ocrx_word' id='word_1_237' title='bbox 867 2798 883 2824; x_wconf 95' lang='lat'><strong>,</strong></span> <span class='ocrx_word' id='word_1_238' title='bbox 909 2758 998 2815; x_wconf 86' lang='lat' dir='ltr'><strong>ille</strong></span> <span class='ocrx_word' id='word_1_239' title='bbox 1020 2769 1091 2815; x_wconf 86' lang='lat' dir='ltr'><strong>est</strong></span> <span class='ocrx_word' id='word_1_240' title='bbox 1113 2762 1200 2832; x_wconf 89' lang='lat' dir='ltr'><strong>qui</strong></span> <span class='ocrx_word' id='word_1_241' title='bbox 1222 2763 1390 2836; x_wconf 81' lang='lat' dir='ltr'><strong>diligit</strong></span> <span class='ocrx_word' id='word_1_242' title='bbox 1416 2782 1495 2823; x_wconf 76' lang='lat' dir='ltr'><strong>me</strong></span> <span class='ocrx_word' id='word_1_243' title='bbox 1516 2784 1537 2824; x_wconf 91' lang='lat'><strong><em>:</em></strong></span> <span class='ocrx_word' id='word_1_244' title='bbox 1558 2770 1646 2837; x_wconf 77' lang='lat' dir='ltr'><strong>qui</strong></span> <span class='ocrx_word' id='word_1_245' title='bbox 1669 2780 1835 2828; x_wconf 85' lang='lat' dir='ltr'><strong>autem</strong></span> 
     </span>
    </p>
   </div>
   <div class='ocr_carea' id='block_1_27' title="bbox 253 2842 1829 2932">
    <p class='ocr_par' dir='ltr' id='par_1_27' title="bbox 253 2842 1829 2932">
     <span class='ocr_line' id='line_1_27' title="bbox 253 2842 1829 2932; baseline 0.015 -37"><span class='ocrx_word' id='word_1_246' title='bbox 253 2842 418 2914; x_wconf 69' lang='lat' dir='ltr'><strong>diligit</strong></span> <span class='ocrx_word' id='word_1_247' title='bbox 445 2861 555 2913; x_wconf 82' lang='lat' dir='ltr'><strong>me,</strong></span> <span class='ocrx_word' id='word_1_248' title='bbox 585 2846 823 2919; x_wconf 83' lang='lat' dir='ltr'><strong>diligetur</strong></span> <span class='ocrx_word' id='word_1_249' title='bbox 842 2866 875 2902; x_wconf 90' lang='lat' dir='ltr'><strong>a</strong></span> <span class='ocrx_word' id='word_1_250' title='bbox 902 2847 1063 2907; x_wconf 83' lang='lat' dir='ltr'><strong>Patre</strong></span> <span class='ocrx_word' id='word_1_251' title='bbox 1086 2868 1194 2909; x_wconf 88' lang='lat' dir='ltr'><strong>meo</strong></span> <span class='ocrx_word' id='word_1_252' title='bbox 1208 2872 1228 2920; x_wconf 88' lang='lat'><strong>;</strong></span> <span class='ocrx_word' id='word_1_253' title='bbox 1255 2864 1303 2910; x_wconf 84' lang='lat' dir='ltr'><strong>et</strong></span> <span class='ocrx_word' id='word_1_254' title='bbox 1323 2871 1419 2927; x_wconf 84' lang='lat' dir='ltr'><strong>ego</strong></span> <span class='ocrx_word' id='word_1_255' title='bbox 1438 2856 1649 2931; x_wconf 81' lang='lat' dir='ltr'><strong>diligam</strong></span> <span class='ocrx_word' id='word_1_256' title='bbox 1678 2879 1791 2918; x_wconf 86' lang='lat' dir='ltr'><strong>eum</strong></span> <span class='ocrx_word' id='word_1_257' title='bbox 1814 2895 1829 2932; x_wconf 84' lang='lat'><strong>,</strong></span> 
     </span>
    </p>
   </div>
   <div class='ocr_carea' id='block_1_28' title="bbox 252 2936 1829 3026">
    <p class='ocr_par' dir='ltr' id='par_1_28' title="bbox 252 2936 1829 3026">
     <span class='ocr_line' id='line_1_28' title="bbox 252 2936 1829 3026; baseline 0.016 -40"><span class='ocrx_word' id='word_1_258' title='bbox 252 2944 299 3015; x_wconf 85' lang='lat' dir='ltr'><strong>et</strong></span> <span class='ocrx_word' id='word_1_259' title='bbox 325 2936 659 3007; x_wconf 78' lang='lat' dir='ltr'><strong>manifestabo</strong></span> <span class='ocrx_word' id='word_1_260' title='bbox 681 2939 728 2994; x_wconf 88' lang='lat' dir='ltr'><strong>ei</strong></span> <span class='ocrx_word' id='word_1_261' title='bbox 755 2941 1002 3011; x_wconf 86' lang='lat' dir='ltr'><strong>meipsum</strong></span> <span class='ocrx_word' id='word_1_262' title='bbox 1030 2942 1153 3015; x_wconf 90' lang='lat' dir='ltr'><strong>(Id.</strong></span> <span class='ocrx_word' id='word_1_263' title='bbox 1187 2962 1295 3015; x_wconf 77' lang='lat' dir='ltr'><strong>xw,</strong></span> <span class='ocrx_word' id='word_1_264' title='bbox 1317 2945 1386 3013; x_wconf 81' lang='lat'><strong>8,</strong></span> <span class='ocrx_word' id='word_1_265' title='bbox 1427 2950 1494 3018; x_wconf 89' lang='lat'><strong>9,</strong></span> <span class='ocrx_word' id='word_1_266' title='bbox 1547 2952 1645 3019; x_wconf 68' lang='lat'><strong>10,</strong></span> <span class='ocrx_word' id='word_1_267' title='bbox 1698 2954 1829 3026; x_wconf 80' lang='grc'><strong>21).</strong></span> 
     </span>
    </p>
   </div>
   <div class='ocr_carea' id='block_1_29' title="bbox 251 3012 1831 3112">
    <p class='ocr_par' dir='ltr' id='par_1_29' title="bbox 251 3012 1831 3112">
     <span class='ocr_line' id='line_1_29' title="bbox 251 3012 1831 3112; baseline 0.013 -34"><span class='ocrx_word' id='word_1_268' title='bbox 251 3012 519 3096; x_wconf 75' lang='lat' dir='ltr'><strong>Numquid</strong></span> <span class='ocrx_word' id='word_1_269' title='bbox 549 3043 655 3083; x_wconf 90' lang='lat' dir='ltr'><strong>non</strong></span> <span class='ocrx_word' id='word_1_270' title='bbox 683 3044 805 3084; x_wconf 89' lang='lat' dir='ltr'><strong>eum</strong></span> <span class='ocrx_word' id='word_1_271' title='bbox 836 3012 1083 3089; x_wconf 85' lang='lat' dir='ltr'><strong>videbant</strong></span> <span class='ocrx_word' id='word_1_272' title='bbox 1111 3050 1231 3091; x_wconf 90' lang='lat' dir='ltr'><strong>cum</strong></span> <span class='ocrx_word' id='word_1_273' title='bbox 1258 3012 1453 3108; x_wconf 85' lang='lat' dir='ltr'><strong>quibus</strong></span> <span class='ocrx_word' id='word_1_274' title='bbox 1480 3012 1831 3112; x_wconf 53' lang='lat' dir='ltr'><strong>loquebatur-&#39;7</strong></span> 
     </span>
    </p>
   </div>
   <div class='ocr_carea' id='block_1_30' title="bbox 252 3114 1829 3203">
    <p class='ocr_par' dir='ltr' id='par_1_30' title="bbox 252 3114 1829 3203">
     <span class='ocr_line' id='line_1_30' title="bbox 252 3114 1829 3203; baseline 0.015 -33"><span class='ocrx_word' id='word_1_275' title='bbox 252 3114 319 3170; x_wconf 75' lang='lat' dir='ltr'><strong>Et</strong></span> <span class='ocrx_word' id='word_1_276' title='bbox 346 3116 624 3187; x_wconf 82' lang='lat' dir='ltr'><strong>videbant,</strong></span> <span class='ocrx_word' id='word_1_277' title='bbox 650 3130 704 3176; x_wconf 91' lang='lat' dir='ltr'><strong>et</strong></span> <span class='ocrx_word' id='word_1_278' title='bbox 728 3136 835 3177; x_wconf 91' lang='lat' dir='ltr'><strong>non</strong></span> <span class='ocrx_word' id='word_1_279' title='bbox 860 3123 1110 3192; x_wconf 78' lang='lat' dir='ltr'><strong>videbant</strong></span> <span class='ocrx_word' id='word_1_280' title='bbox 1147 3144 1161 3181; x_wconf 90' lang='lat'><strong>:</strong></span> <span class='ocrx_word' id='word_1_281' title='bbox 1189 3127 1386 3200; x_wconf 84' lang='lat' dir='ltr'><strong>aliquid</strong></span> <span class='ocrx_word' id='word_1_282' title='bbox 1423 3130 1701 3203; x_wconf 81' lang='lat' dir='ltr'><strong>videbant,</strong></span> <span class='ocrx_word' id='word_1_283' title='bbox 1728 3137 1829 3193; x_wconf 88' lang='lat' dir='ltr'><strong>ali-</strong></span> 
     </span>
    </p>
   </div>
   <div class='ocr_carea' id='block_1_31' title="bbox 250 3205 1826 3283">
    <p class='ocr_par' dir='ltr' id='par_1_31' title="bbox 250 3205 1826 3283">
     <span class='ocr_line' id='line_1_31' title="bbox 250 3205 1826 3283; baseline 0.014 -23"><span class='ocrx_word' id='word_1_284' title='bbox 250 3205 374 3274; x_wconf 78' lang='lat' dir='ltr'><strong>quid</strong></span> <span class='ocrx_word' id='word_1_285' title='bbox 399 3208 720 3276; x_wconf 78' lang='lat' dir='ltr'><strong>credebant;</strong></span> <span class='ocrx_word' id='word_1_286' title='bbox 748 3211 995 3269; x_wconf 86' lang='lat' dir='ltr'><strong>videbant</strong></span> <span class='ocrx_word' id='word_1_287' title='bbox 1018 3213 1307 3283; x_wconf 83' lang='lat' dir='ltr'><strong>hominem,</strong></span> <span class='ocrx_word' id='word_1_288' title='bbox 1328 3220 1618 3279; x_wconf 88' lang='lat' dir='ltr'><strong>credebant</strong></span> <span class='ocrx_word' id='word_1_289' title='bbox 1639 3225 1826 3282; x_wconf 89' lang='lat' dir='ltr'><strong>Deum.</strong></span> 
     </span>
    </p>
   </div>
   <div class='ocr_carea' id='block_1_32' title="bbox 252 3295 1826 3373">
    <p class='ocr_par' dir='ltr' id='par_1_32' title="bbox 252 3295 1826 3373">
     <span class='ocr_line' id='line_1_32' title="bbox 252 3295 1826 3373; baseline 0.014 -22"><span class='ocrx_word' id='word_1_290' title='bbox 252 3295 308 3351; x_wconf 84' lang='lat' dir='ltr'><strong>In</strong></span> <span class='ocrx_word' id='word_1_291' title='bbox 338 3297 542 3367; x_wconf 86' lang='lat' dir='ltr'><strong>judicio</strong></span> <span class='ocrx_word' id='word_1_292' title='bbox 568 3306 747 3357; x_wconf 88' lang='lat' dir='ltr'><strong>autem</strong></span> <span class='ocrx_word' id='word_1_293' title='bbox 776 3302 1022 3360; x_wconf 88' lang='lat' dir='ltr'><strong>eumdem</strong></span> <span class='ocrx_word' id='word_1_294' title='bbox 1061 3306 1343 3364; x_wconf 89' lang='lat' dir='ltr'><strong>Dominum</strong></span> <span class='ocrx_word' id='word_1_295' title='bbox 1377 3321 1617 3369; x_wconf 91' lang='lat' dir='ltr'><strong>nostrum</strong></span> <span class='ocrx_word' id='word_1_296' title='bbox 1645 3315 1826 3373; x_wconf 83' lang='lat' dir='ltr'><strong>Jesum</strong></span> 
     </span>
    </p>
   </div>
   <div class='ocr_carea' id='block_1_33' title="bbox 250 3388 1827 3471">
    <p class='ocr_par' dir='ltr' id='par_1_33' title="bbox 250 3388 1827 3471">
     <span class='ocr_line' id='line_1_33' title="bbox 250 3388 1827 3471; baseline 0.014 -29"><span class='ocrx_word' id='word_1_297' title='bbox 250 3388 506 3444; x_wconf 87' lang='lat' dir='ltr'><strong>videbunt</strong></span> <span class='ocrx_word' id='word_1_298' title='bbox 542 3390 808 3448; x_wconf 84' lang='lat' dir='ltr'><strong>hominem</strong></span> <span class='ocrx_word' id='word_1_299' title='bbox 837 3408 959 3450; x_wconf 90' lang='lat' dir='ltr'><strong>cum</strong></span> <span class='ocrx_word' id='word_1_300' title='bbox 988 3394 1199 3465; x_wconf 89' lang='lat' dir='ltr'><strong>impiis;</strong></span> <span class='ocrx_word' id='word_1_301' title='bbox 1242 3407 1363 3468; x_wconf 89' lang='lat' dir='ltr'><strong>post</strong></span> <span class='ocrx_word' id='word_1_302' title='bbox 1383 3400 1641 3471; x_wconf 86' lang='lat' dir='ltr'><strong>judicium</strong></span> <span class='ocrx_word' id='word_1_303' title='bbox 1674 3407 1827 3464; x_wconf 84' lang='lat' dir='ltr'><strong>vide-</strong></span> 
     </span>
    </p>
   </div>
   <div class='ocr_carea' id='block_1_34' title="bbox 249 3477 1753 3562">
    <p class='ocr_par' dir='ltr' id='par_1_34' title="bbox 249 3477 1753 3562">
     <span class='ocr_line' id='line_1_34' title="bbox 249 3477 1753 3562; baseline 0.013 -29"><span class='ocrx_word' id='word_1_304' title='bbox 249 3477 378 3534; x_wconf 87' lang='lat' dir='ltr'><strong>bunt</strong></span> <span class='ocrx_word' id='word_1_305' title='bbox 406 3480 573 3536; x_wconf 90' lang='lat' dir='ltr'><strong>Deum</strong></span> <span class='ocrx_word' id='word_1_306' title='bbox 601 3490 793 3550; x_wconf 66' lang='lat' dir='ltr'><strong>praeter</strong></span> <span class='ocrx_word' id='word_1_307' title='bbox 815 3484 1025 3554; x_wconf 88' lang='lat' dir='ltr'><strong>impios.</strong></span> <span class='ocrx_word' id='word_1_308' title='bbox 1048 3485 1132 3539; x_wconf 89' lang='lat' dir='ltr'><strong>Da</strong></span> <span class='ocrx_word' id='word_1_309' title='bbox 1155 3497 1444 3556; x_wconf 87' lang='lat' dir='ltr'><strong>potestatem</strong></span> <span class='ocrx_word' id='word_1_310' title='bbox 1469 3509 1624 3562; x_wconf 82' lang='lat' dir='ltr'><strong>puero</strong></span> <span class='ocrx_word' id='word_1_311' title='bbox 1649 3504 1753 3551; x_wconf 86' lang='lat' dir='ltr'><strong>tuo.</strong></span> 
     </span>
    </p>
   </div>
   <div class='ocr_carea' id='block_1_35' title="bbox 314 3570 1826 3645">
    <p class='ocr_par' dir='ltr' id='par_1_35' title="bbox 314 3570 1826 3645">
     <span class='ocr_line' id='line_1_35' title="bbox 314 3570 1826 3645; baseline 0.012 -18"><span class='ocrx_word' id='word_1_312' title='bbox 314 3570 408 3627; x_wconf 85' lang='grc'><strong>22.</strong></span> <span class='ocrx_word' id='word_1_313' title='bbox 447 3570 517 3627; x_wconf 87' lang='lat' dir='ltr'><strong>Et</strong></span> <span class='ocrx_word' id='word_1_314' title='bbox 539 3574 730 3628; x_wconf 80' lang='lat' dir='ltr'><strong>saluum</strong></span> <span class='ocrx_word' id='word_1_315' title='bbox 752 3579 836 3645; x_wconf 81' lang='lat' dir='ltr'><strong>fac</strong></span> <span class='ocrx_word' id='word_1_316' title='bbox 861 3576 1023 3644; x_wconf 80' lang='lat' dir='ltr'><strong>ﬁlium</strong></span> <span class='ocrx_word' id='word_1_317' title='bbox 1045 3579 1245 3633; x_wconf 79' lang='lat' dir='ltr'><strong>ancillte</strong></span> <span class='ocrx_word' id='word_1_318' title='bbox 1267 3588 1386 3635; x_wconf 72' lang='lat' dir='ltr'><strong>tum.</strong></span> <span class='ocrx_word' id='word_1_319' title='bbox 1408 3582 1664 3641; x_wconf 90' lang='lat' dir='ltr'><strong>Dominus</strong></span> <span class='ocrx_word' id='word_1_320' title='bbox 1687 3586 1826 3645; x_wconf 85' lang='lat' dir='ltr'><strong>ﬁlius</strong></span> 
     </span>
    </p>
   </div>
   <div class='ocr_carea' id='block_1_36' title="bbox 246 3661 1826 3744">
    <p class='ocr_par' dir='ltr' id='par_1_36' title="bbox 246 3661 1826 3744">
     <span class='ocr_line' id='line_1_36' title="bbox 246 3661 1826 3744; baseline 0.013 -30"><span class='ocrx_word' id='word_1_321' title='bbox 246 3662 471 3727; x_wconf 73' lang='lat' dir='ltr'><strong>aacillm.</strong></span> <span class='ocrx_word' id='word_1_322' title='bbox 503 3661 664 3733; x_wconf 88' lang='lat' dir='ltr'><strong>Cujus</strong></span> <span class='ocrx_word' id='word_1_323' title='bbox 692 3665 937 3721; x_wconf 80' lang='lat' dir='ltr'><strong>ancillae?</strong></span> <span class='ocrx_word' id='word_1_324' title='bbox 976 3664 1073 3723; x_wconf 89' lang='lat' dir='ltr'><strong>Cui</strong></span> <span class='ocrx_word' id='word_1_325' title='bbox 1113 3670 1413 3727; x_wconf 81' lang='lat' dir='ltr'><strong>nasciturus</strong></span> <span class='ocrx_word' id='word_1_326' title='bbox 1436 3676 1648 3744; x_wconf 85' lang='lat' dir='ltr'><strong>quando</strong></span> <span class='ocrx_word' id='word_1_327' title='bbox 1686 3694 1826 3734; x_wconf 82' lang='lat' dir='ltr'><strong>nun—</strong></span> 
     </span>
    </p>
   </div>
   <div class='ocr_carea' id='block_1_37' title="bbox 246 3752 1825 3837">
    <p class='ocr_par' dir='ltr' id='par_1_37' title="bbox 246 3752 1825 3837">
     <span class='ocr_line' id='line_1_37' title="bbox 246 3752 1825 3837; baseline 0.012 -32"><span class='ocrx_word' id='word_1_328' title='bbox 246 3752 409 3808; x_wconf 89' lang='lat' dir='ltr'><strong>tiatus</strong></span> <span class='ocrx_word' id='word_1_329' title='bbox 432 3762 533 3822; x_wconf 77' lang='lat' dir='ltr'><strong>est,</strong></span> <span class='ocrx_word' id='word_1_330' title='bbox 564 3755 838 3825; x_wconf 88' lang='lat' dir='ltr'><strong>respondit</strong></span> <span class='ocrx_word' id='word_1_331' title='bbox 864 3765 920 3812; x_wconf 91' lang='lat' dir='ltr'><strong>et</strong></span> <span class='ocrx_word' id='word_1_332' title='bbox 947 3759 1021 3812; x_wconf 90' lang='lat' dir='ltr'><strong>ait</strong></span> <span class='ocrx_word' id='word_1_333' title='bbox 1052 3776 1066 3813; x_wconf 91' lang='lat'>:</span> <span class='ocrx_word' id='word_1_334' title='bbox 1092 3757 1226 3814; x_wconf 86' lang='lat' dir='ltr'><strong>Ecce</strong></span> <span class='ocrx_word' id='word_1_335' title='bbox 1250 3763 1441 3818; x_wconf 84' lang='lat' dir='ltr'><strong>ancilla</strong></span> <span class='ocrx_word' id='word_1_336' title='bbox 1467 3764 1708 3834; x_wconf 87' lang='lat' dir='ltr'><strong>Domini;</strong></span> <span class='ocrx_word' id='word_1_337' title='bbox 1735 3771 1825 3837; x_wconf 84' lang='lat' dir='ltr'><strong>ﬁat</strong></span> 
     </span>
    </p>
   </div>
   <div class='ocr_carea' id='block_1_38' title="bbox 244 3845 1822 3929">
    <p class='ocr_par' dir='ltr' id='par_1_38' title="bbox 244 3845 1822 3929">
     <span class='ocr_line' id='line_1_38' title="bbox 244 3845 1822 3929; baseline 0.012 -32"><span class='ocrx_word' id='word_1_338' title='bbox 244 3845 369 3898; x_wconf 76' lang='lat' dir='ltr'><strong>milii</strong></span> <span class='ocrx_word' id='word_1_339' title='bbox 410 3846 682 3901; x_wconf 81' lang='lat' dir='ltr'><strong>secundum</strong></span> <span class='ocrx_word' id='word_1_340' title='bbox 705 3846 905 3903; x_wconf 81' lang='lat' dir='ltr'><strong>uerbum</strong></span> <span class='ocrx_word' id='word_1_341' title='bbox 928 3857 1069 3904; x_wconf 88' lang='lat' dir='ltr'><strong>tuum</strong></span> <span class='ocrx_word' id='word_1_342' title='bbox 1109 3852 1127 3883; x_wconf 74' lang='grc' dir='ltr'>ί</span> <span class='ocrx_word' id='word_1_343' title='bbox 1164 3852 1335 3924; x_wconf 90' lang='lat' dir='ltr'><strong>(Luc.</strong></span> <span class='ocrx_word' id='word_1_344' title='bbox 1367 3871 1417 3922; x_wconf 84' lang='grc' dir='ltr'><strong>ι,</strong></span> <span class='ocrx_word' id='word_1_345' title='bbox 1448 3856 1581 3929; x_wconf 83' lang='grc'><strong>58).</strong></span> <span class='ocrx_word' id='word_1_346' title='bbox 1607 3858 1822 3916; x_wconf 87' lang='lat' dir='ltr'><strong>Salvum</strong></span> 
     </span>
    </p>
   </div>
   <div class='ocr_carea' id='block_1_39' title="bbox 243 3936 1821 4006">
    <p class='ocr_par' dir='ltr' id='par_1_39' title="bbox 243 3936 1821 4006">
     <span class='ocr_line' id='line_1_39' title="bbox 243 3936 1821 4006; baseline 0.01 -16"><span class='ocrx_word' id='word_1_347' title='bbox 243 3936 369 3992; x_wconf 84' lang='lat' dir='ltr'><strong>fecit</strong></span> <span class='ocrx_word' id='word_1_348' title='bbox 412 3938 601 3995; x_wconf 80' lang='lat' dir='ltr'><strong>Filium</strong></span> <span class='ocrx_word' id='word_1_349' title='bbox 629 3940 832 3996; x_wconf 75' lang='lat' dir='ltr'><strong>ancillae</strong></span> <span class='ocrx_word' id='word_1_350' title='bbox 861 3957 992 4006; x_wconf 64' lang='lat' dir='ltr'><strong>suat,</strong></span> <span class='ocrx_word' id='word_1_351' title='bbox 1037 3951 1092 3998; x_wconf 88' lang='lat' dir='ltr'><strong>et</strong></span> <span class='ocrx_word' id='word_1_352' title='bbox 1137 3943 1328 4000; x_wconf 90' lang='lat' dir='ltr'><strong>Filium</strong></span> <span class='ocrx_word' id='word_1_353' title='bbox 1372 3962 1526 4002; x_wconf 91' lang='lat' dir='ltr'><strong>suum</strong></span> <span class='ocrx_word' id='word_1_354' title='bbox 1567 3966 1582 4003; x_wconf 93' lang='lat'><strong>:</strong></span> <span class='ocrx_word' id='word_1_355' title='bbox 1631 3950 1821 4006; x_wconf 85' lang='lat' dir='ltr'><strong>Filium</strong></span> 
     </span>
    </p>
   </div>
   <div class='ocr_carea' id='block_1_40' title="bbox 240 4028 1821 4104">
    <p class='ocr_par' dir='ltr' id='par_1_40' title="bbox 240 4028 1821 4104">
     <span class='ocr_line' id='line_1_40' title="bbox 240 4028 1821 4104; baseline 0.009 -23"><span class='ocrx_word' id='word_1_356' title='bbox 240 4041 437 4094; x_wconf 89' lang='lat' dir='ltr'><strong>suum,</strong></span> <span class='ocrx_word' id='word_1_357' title='bbox 479 4028 532 4083; x_wconf 89' lang='lat' dir='ltr'><strong>iu</strong></span> <span class='ocrx_word' id='word_1_358' title='bbox 562 4028 729 4102; x_wconf 73' lang='lat' dir='ltr'><strong>forma</strong></span> <span class='ocrx_word' id='word_1_359' title='bbox 759 4031 884 4097; x_wconf 88' lang='lat' dir='ltr'><strong>Dei;</strong></span> <span class='ocrx_word' id='word_1_360' title='bbox 916 4032 1106 4088; x_wconf 91' lang='lat' dir='ltr'><strong>Filium</strong></span> <span class='ocrx_word' id='word_1_361' title='bbox 1147 4033 1354 4090; x_wconf 66' lang='lat' dir='ltr'><strong>ancillae</strong></span> <span class='ocrx_word' id='word_1_362' title='bbox 1381 4050 1522 4104; x_wconf 64' lang='lat' dir='ltr'><strong>suae,</strong></span> <span class='ocrx_word' id='word_1_363' title='bbox 1558 4039 1610 4093; x_wconf 90' lang='lat' dir='ltr'><strong>in</strong></span> <span class='ocrx_word' id='word_1_364' title='bbox 1651 4039 1821 4095; x_wconf 88' lang='lat' dir='ltr'><strong>forma</strong></span> 
     </span>
    </p>
   </div>
   <div class='ocr_carea' id='block_1_41' title="bbox 239 4119 1821 4196">
    <p class='ocr_par' dir='ltr' id='par_1_41' title="bbox 239 4119 1821 4196">
     <span class='ocr_line' id='line_1_41' title="bbox 239 4119 1821 4196; baseline 0.008 -23"><span class='ocrx_word' id='word_1_365' title='bbox 239 4120 406 4174; x_wconf 86' lang='lat' dir='ltr'><strong>servi.</strong></span> <span class='ocrx_word' id='word_1_366' title='bbox 432 4119 508 4175; x_wconf 91' lang='lat' dir='ltr'><strong>De</strong></span> <span class='ocrx_word' id='word_1_367' title='bbox 526 4122 714 4176; x_wconf 89' lang='lat' dir='ltr'><strong>ancilla</strong></span> <span class='ocrx_word' id='word_1_368' title='bbox 739 4122 830 4177; x_wconf 91' lang='lat' dir='ltr'><strong>Dei</strong></span> <span class='ocrx_word' id='word_1_369' title='bbox 856 4131 1010 4178; x_wconf 88' lang='lat' dir='ltr'><strong>natus</strong></span> <span class='ocrx_word' id='word_1_370' title='bbox 1036 4132 1120 4180; x_wconf 87' lang='lat' dir='ltr'><strong>est</strong></span> <span class='ocrx_word' id='word_1_371' title='bbox 1144 4139 1272 4196; x_wconf 78' lang='lat' dir='ltr'><strong>ergo</strong></span> <span class='ocrx_word' id='word_1_372' title='bbox 1296 4126 1551 4184; x_wconf 90' lang='lat' dir='ltr'><strong>Dominus</strong></span> <span class='ocrx_word' id='word_1_373' title='bbox 1575 4129 1628 4185; x_wconf 89' lang='lat' dir='ltr'><strong>in</strong></span> <span class='ocrx_word' id='word_1_374' title='bbox 1648 4128 1821 4186; x_wconf 80' lang='lat' dir='ltr'><strong>forma</strong></span> 
     </span>
    </p>
   </div>
   <div class='ocr_carea' id='block_1_42' title="bbox 238 4208 1819 4283">
    <p class='ocr_par' dir='ltr' id='par_1_42' title="bbox 238 4208 1819 4283">
     <span class='ocr_line' id='line_1_42' title="bbox 238 4208 1819 4283; baseline 0.007 -18"><span class='ocrx_word' id='word_1_375' title='bbox 238 4211 416 4277; x_wconf 80' lang='lat' dir='ltr'><strong>servi;</strong></span> <span class='ocrx_word' id='word_1_376' title='bbox 444 4221 499 4266; x_wconf 91' lang='lat' dir='ltr'><strong>et</strong></span> <span class='ocrx_word' id='word_1_377' title='bbox 522 4208 673 4278; x_wconf 83' lang='lat' dir='ltr'><strong>dixit,</strong></span> <span class='ocrx_word' id='word_1_378' title='bbox 703 4213 913 4268; x_wconf 81' lang='lat' dir='ltr'><strong>Salvum</strong></span> <span class='ocrx_word' id='word_1_379' title='bbox 942 4215 1025 4283; x_wconf 79' lang='lat' dir='ltr'><strong>{ac</strong></span> <span class='ocrx_word' id='word_1_380' title='bbox 1050 4214 1215 4283; x_wconf 80' lang='lat' dir='ltr'><strong>ﬁlium</strong></span> <span class='ocrx_word' id='word_1_381' title='bbox 1240 4218 1440 4273; x_wconf 78' lang='lat' dir='ltr'><strong>ancilla:</strong></span> <span class='ocrx_word' id='word_1_382' title='bbox 1463 4227 1581 4273; x_wconf 76' lang='lat' dir='ltr'><strong>tum.</strong></span> <span class='ocrx_word' id='word_1_383' title='bbox 1608 4219 1678 4275; x_wconf 86' lang='lat' dir='ltr'><strong>Et</strong></span> <span class='ocrx_word' id='word_1_384' title='bbox 1709 4222 1819 4278; x_wconf 88' lang='lat' dir='ltr'><strong>sal-</strong></span> 
     </span>
    </p>
   </div>
   <div class='ocr_carea' id='block_1_43' title="bbox 236 4310 1819 4377">
    <p class='ocr_par' dir='ltr' id='par_1_43' title="bbox 236 4310 1819 4377">
     <span class='ocr_line' id='line_1_43' title="bbox 236 4310 1819 4377; baseline 0.007 -16"><span class='ocrx_word' id='word_1_385' title='bbox 236 4317 392 4362; x_wconf 83' lang='lat' dir='ltr'><strong>vatus</strong></span> <span class='ocrx_word' id='word_1_386' title='bbox 416 4316 498 4363; x_wconf 91' lang='lat' dir='ltr'><strong>est</strong></span> <span class='ocrx_word' id='word_1_387' title='bbox 525 4323 556 4362; x_wconf 92' lang='lat' dir='ltr'><strong>a</strong></span> <span class='ocrx_word' id='word_1_388' title='bbox 584 4318 775 4371; x_wconf 90' lang='lat' dir='ltr'><strong>morte,</strong></span> <span class='ocrx_word' id='word_1_389' title='bbox 807 4310 942 4364; x_wconf 88' lang='lat' dir='ltr'><strong>sicut</strong></span> <span class='ocrx_word' id='word_1_390' title='bbox 970 4311 1168 4377; x_wconf 86' lang='lat' dir='ltr'><strong>nostis,</strong></span> <span class='ocrx_word' id='word_1_391' title='bbox 1198 4313 1510 4368; x_wconf 87' lang='lat' dir='ltr'><strong>resuscitata</strong></span> <span class='ocrx_word' id='word_1_392' title='bbox 1534 4329 1696 4371; x_wconf 90' lang='lat' dir='ltr'><strong>carne</strong></span> <span class='ocrx_word' id='word_1_393' title='bbox 1722 4330 1819 4372; x_wconf 89' lang='lat' dir='ltr'><strong>sua</strong></span> 
     </span>
    </p>
   </div>
   <div class='ocr_carea' id='block_1_44' title="bbox 233 4398 1819 4473">
    <p class='ocr_par' dir='ltr' id='par_1_44' title="bbox 233 4398 1819 4473">
     <span class='ocr_line' id='line_1_44' title="bbox 233 4398 1819 4473; baseline 0.007 -21"><span class='ocrx_word' id='word_1_394' title='bbox 233 4409 356 4468; x_wconf 67' lang='lat' dir='ltr'><strong>qua:</strong></span> <span class='ocrx_word' id='word_1_395' title='bbox 396 4404 604 4453; x_wconf 88' lang='lat' dir='ltr'><strong>mortua</strong></span> <span class='ocrx_word' id='word_1_396' title='bbox 638 4407 770 4454; x_wconf 90' lang='lat' dir='ltr'><strong>erat.</strong></span> <span class='ocrx_word' id='word_1_397' title='bbox 812 4398 918 4455; x_wconf 88' lang='lat' dir='ltr'><strong>Sed</strong></span> <span class='ocrx_word' id='word_1_398' title='bbox 948 4409 1006 4454; x_wconf 92' lang='lat' dir='ltr'><strong>ut</strong></span> <span class='ocrx_word' id='word_1_399' title='bbox 1046 4400 1267 4458; x_wconf 83' lang='lat' dir='ltr'><strong>videatis</strong></span> <span class='ocrx_word' id='word_1_400' title='bbox 1292 4403 1414 4473; x_wconf 86' lang='lat' dir='ltr'><strong>quia</strong></span> <span class='ocrx_word' id='word_1_401' title='bbox 1443 4405 1584 4460; x_wconf 92' lang='lat' dir='ltr'><strong>Deus</strong></span> <span class='ocrx_word' id='word_1_402' title='bbox 1619 4414 1736 4473; x_wconf 90' lang='lat' dir='ltr'><strong>est,</strong></span> <span class='ocrx_word' id='word_1_403' title='bbox 1765 4417 1819 4463; x_wconf 89' lang='lat' dir='ltr'><strong>et</strong></span> 
     </span>
    </p>
   </div>
   <div class='ocr_carea' id='block_1_45' title="bbox 236 4488 1815 4560">
    <p class='ocr_par' dir='ltr' id='par_1_45' title="bbox 236 4488 1815 4560">
     <span class='ocr_line' id='line_1_45' title="bbox 236 4488 1815 4560; baseline 0.008 -18"><span class='ocrx_word' id='word_1_404' title='bbox 236 4503 342 4543; x_wconf 87' lang='lat' dir='ltr'><strong>non</strong></span> <span class='ocrx_word' id='word_1_405' title='bbox 369 4504 403 4542; x_wconf 88' lang='lat' dir='ltr'><strong>a</strong></span> <span class='ocrx_word' id='word_1_406' title='bbox 433 4488 586 4544; x_wconf 88' lang='lat' dir='ltr'><strong>Patre</strong></span> <span class='ocrx_word' id='word_1_407' title='bbox 615 4490 691 4544; x_wconf 88' lang='lat' dir='ltr'><strong>sic</strong></span> <span class='ocrx_word' id='word_1_408' title='bbox 720 4499 802 4544; x_wconf 89' lang='lat' dir='ltr'><strong>est</strong></span> <span class='ocrx_word' id='word_1_409' title='bbox 828 4490 1112 4547; x_wconf 89' lang='lat' dir='ltr'><strong>suscitatus</strong></span> <span class='ocrx_word' id='word_1_410' title='bbox 1131 4533 1147 4560; x_wconf 89' lang='lat'><strong>,</strong></span> <span class='ocrx_word' id='word_1_411' title='bbox 1180 4502 1236 4547; x_wconf 93' lang='lat' dir='ltr'><strong>ut</strong></span> <span class='ocrx_word' id='word_1_412' title='bbox 1263 4508 1295 4548; x_wconf 88' lang='lat' dir='ltr'><strong>a</strong></span> <span class='ocrx_word' id='word_1_413' title='bbox 1323 4508 1382 4549; x_wconf 90' lang='lat' dir='ltr'><strong>se</strong></span> <span class='ocrx_word' id='word_1_414' title='bbox 1407 4510 1515 4551; x_wconf 90' lang='lat' dir='ltr'><strong>non</strong></span> <span class='ocrx_word' id='word_1_415' title='bbox 1541 4497 1610 4551; x_wconf 89' lang='lat' dir='ltr'><strong>sit</strong></span> <span class='ocrx_word' id='word_1_416' title='bbox 1644 4499 1815 4554; x_wconf 85' lang='lat' dir='ltr'><strong>susci-</strong></span> 
     </span>
    </p>
   </div>
   <div class='ocr_carea' id='block_1_46' title="bbox 241 4580 1815 4655">
    <p class='ocr_par' dir='ltr' id='par_1_46' title="bbox 241 4580 1815 4655">
     <span class='ocr_line' id='line_1_46' title="bbox 241 4580 1815 4655; baseline 0.008 -24"><span class='ocrx_word' id='word_1_417' title='bbox 241 4582 379 4633; x_wconf 82' lang='lat' dir='ltr'><strong>tatus</strong></span> <span class='ocrx_word' id='word_1_418' title='bbox 402 4580 567 4649; x_wconf 21' lang='lat' dir='ltr'><strong>;.quia</strong></span> <span class='ocrx_word' id='word_1_419' title='bbox 601 4589 655 4635; x_wconf 87' lang='lat' dir='ltr'><strong>et</strong></span> <span class='ocrx_word' id='word_1_420' title='bbox 683 4581 795 4650; x_wconf 83' lang='lat' dir='ltr'><strong>ipse</strong></span> <span class='ocrx_word' id='word_1_421' title='bbox 819 4582 1091 4637; x_wconf 87' lang='lat' dir='ltr'><strong>suscitavit</strong></span> <span class='ocrx_word' id='word_1_422' title='bbox 1123 4598 1338 4639; x_wconf 87' lang='lat' dir='ltr'><strong>carnem</strong></span> <span class='ocrx_word' id='word_1_423' title='bbox 1364 4600 1537 4655; x_wconf 89' lang='lat' dir='ltr'><strong>suam,</strong></span> <span class='ocrx_word' id='word_1_424' title='bbox 1570 4588 1733 4644; x_wconf 89' lang='lat' dir='ltr'><strong>habes</strong></span> <span class='ocrx_word' id='word_1_425' title='bbox 1763 4590 1815 4644; x_wconf 87' lang='lat' dir='ltr'><strong>in</strong></span> 
     </span>
    </p>
   </div>
   <div class='ocr_carea' id='block_1_47' title="bbox 238 4666 1815 4745">
    <p class='ocr_par' dir='ltr' id='par_1_47' title="bbox 238 4666 1815 4745">
     <span class='ocr_line' id='line_1_47' title="bbox 238 4666 1815 4745; baseline 0.009 -24"><span class='ocrx_word' id='word_1_426' title='bbox 238 4666 526 4738; x_wconf 81' lang='lat' dir='ltr'><strong>Evangelio</strong></span> <span class='ocrx_word' id='word_1_427' title='bbox 568 4669 786 4740; x_wconf 87' lang='lat' dir='ltr'><strong>dictum,</strong></span> <span class='ocrx_word' id='word_1_428' title='bbox 830 4670 1082 4727; x_wconf 82' lang='lat' dir='ltr'><strong>Destruite</strong></span> <span class='ocrx_word' id='word_1_429' title='bbox 1123 4674 1364 4745; x_wconf 84' lang='lat' dir='ltr'><strong>templum</strong></span> <span class='ocrx_word' id='word_1_430' title='bbox 1406 4678 1520 4745; x_wconf 87' lang='lat' dir='ltr'><strong>hoc,</strong></span> <span class='ocrx_word' id='word_1_431' title='bbox 1561 4688 1608 4732; x_wconf 88' lang='lat' dir='ltr'><strong>et</strong></span> <span class='ocrx_word' id='word_1_432' title='bbox 1650 4680 1815 4735; x_wconf 84' lang='lat' dir='ltr'><strong>triduo</strong></span> 
     </span>
    </p>
   </div>
   <div class='ocr_carea' id='block_1_48' title="bbox 233 4759 1811 4837">
    <p class='ocr_par' dir='ltr' id='par_1_48' title="bbox 233 4759 1811 4837">
     <span class='ocr_line' id='line_1_48' title="bbox 233 4759 1811 4837; baseline 0.009 -25"><span class='ocrx_word' id='word_1_433' title='bbox 233 4759 491 4814; x_wconf 79' lang='lat' dir='ltr'><strong>suscitabo</strong></span> <span class='ocrx_word' id='word_1_434' title='bbox 529 4760 659 4837; x_wconf 83' lang='lat' dir='ltr'><strong>illud</strong></span> <span class='ocrx_word' id='word_1_435' title='bbox 701 4776 719 4814; x_wconf 93' lang='lat'><strong><em>:</em></strong></span> <span class='ocrx_word' id='word_1_436' title='bbox 762 4776 831 4817; x_wconf 88' lang='lat' dir='ltr'><strong>ne</strong></span> <span class='ocrx_word' id='word_1_437' title='bbox 871 4771 1047 4818; x_wconf 89' lang='lat' dir='ltr'><strong>autem</strong></span> <span class='ocrx_word' id='word_1_438' title='bbox 1088 4779 1188 4820; x_wconf 89' lang='lat' dir='ltr'><strong>nos</strong></span> <span class='ocrx_word' id='word_1_439' title='bbox 1231 4766 1370 4820; x_wconf 90' lang='lat' dir='ltr'><strong>aliud</strong></span> <span class='ocrx_word' id='word_1_440' title='bbox 1399 4768 1811 4837; x_wconf 87' lang='lat' dir='ltr'><strong>suspicaremur,</strong></span> 
     </span>
    </p>
   </div>
   <div class='ocr_carea' id='block_1_49' title="bbox 235 4828 1813 4929">
    <p class='ocr_par' dir='ltr' id='par_1_49' title="bbox 235 4828 1813 4929">
     <span class='ocr_line' id='line_1_49' title="bbox 235 4828 1813 4929; baseline 0.007 -26"><span class='ocrx_word' id='word_1_441' title='bbox 235 4848 575 4920; x_wconf 79' lang='lat' dir='ltr'><strong>Evangelista</strong></span> <span class='ocrx_word' id='word_1_442' title='bbox 604 4828 817 4908; x_wconf 55' lang='lat' dir='ltr'><strong>siccatus</strong></span> <span class='ocrx_word' id='word_1_443' title='bbox 844 4852 950 4920; x_wconf 90' lang='lat' dir='ltr'><strong>ait,</strong></span> <span class='ocrx_word' id='word_1_444' title='bbox 983 4852 1096 4908; x_wconf 86' lang='lat' dir='ltr'><strong>Hoc</strong></span> <span class='ocrx_word' id='word_1_445' title='bbox 1121 4863 1287 4909; x_wconf 88' lang='lat' dir='ltr'><strong>autem</strong></span> <span class='ocrx_word' id='word_1_446' title='bbox 1310 4828 1508 4910; x_wconf 75' lang='lat' dir='ltr'><strong>dicebat</strong></span> <span class='ocrx_word' id='word_1_447' title='bbox 1540 4857 1603 4912; x_wconf 88' lang='lat' dir='ltr'><strong>de</strong></span> <span class='ocrx_word' id='word_1_448' title='bbox 1629 4862 1813 4929; x_wconf 88' lang='lat' dir='ltr'><strong>templo</strong></span> 
     </span>
    </p>
   </div>
   <div class='ocr_carea' id='block_1_50' title="bbox 232 4942 1816 5019">
    <p class='ocr_par' dir='ltr' id='par_1_50' title="bbox 232 4942 1816 5019">
     <span class='ocr_line' id='line_1_50' title="bbox 232 4942 1816 5019; baseline 0.009 -25"><span class='ocrx_word' id='word_1_449' title='bbox 232 4942 457 5012; x_wconf 81' lang='lat' dir='ltr'><strong>corporis</strong></span> <span class='ocrx_word' id='word_1_450' title='bbox 485 4944 563 4996; x_wconf 88' lang='lat' dir='ltr'><strong>sui</strong></span> <span class='ocrx_word' id='word_1_451' title='bbox 593 4943 772 5016; x_wconf 83' lang='lat' dir='ltr'><strong>(Joan.</strong></span> <span class='ocrx_word' id='word_1_452' title='bbox 800 4960 858 5009; x_wconf 85' lang='grc' dir='ltr'><strong>ιι,</strong></span> <span class='ocrx_word' id='word_1_453' title='bbox 889 4945 976 5010; x_wconf 81' lang='grc'><strong>19,</strong></span> <span class='ocrx_word' id='word_1_454' title='bbox 1005 4945 1069 5000; x_wconf 83' lang='grc'><strong>21</strong></span> <span class='ocrx_word' id='word_1_455' title='bbox 1094 4945 1141 5017; x_wconf 92' lang='grc'><strong>).</strong></span> <span class='ocrx_word' id='word_1_456' title='bbox 1171 4945 1359 5003; x_wconf 87' lang='lat' dir='ltr'><strong>Salvus</strong></span> <span class='ocrx_word' id='word_1_457' title='bbox 1384 4963 1510 5019; x_wconf 83' lang='lat' dir='ltr'><strong>ergo</strong></span> <span class='ocrx_word' id='word_1_458' title='bbox 1535 4948 1704 5007; x_wconf 84' lang='lat' dir='ltr'><strong>factus</strong></span> <span class='ocrx_word' id='word_1_459' title='bbox 1732 4962 1816 5008; x_wconf 83' lang='lat' dir='ltr'><strong>est</strong></span> 
     </span>
    </p>
   </div>
   <div class='ocr_carea' id='block_1_51' title="bbox 232 5033 1815 5107">
    <p class='ocr_par' dir='ltr' id='par_1_51' title="bbox 232 5033 1815 5107">
     <span class='ocr_line' id='line_1_51' title="bbox 232 5033 1815 5107; baseline 0.008 -20"><span class='ocrx_word' id='word_1_460' title='bbox 232 5033 402 5088; x_wconf 89' lang='lat' dir='ltr'><strong>Filius</strong></span> <span class='ocrx_word' id='word_1_461' title='bbox 420 5034 647 5089; x_wconf 77' lang='lat' dir='ltr'><strong>ancillae.</strong></span> <span class='ocrx_word' id='word_1_462' title='bbox 671 5036 819 5091; x_wconf 83' lang='lat' dir='ltr'><strong>Dicat</strong></span> <span class='ocrx_word' id='word_1_463' title='bbox 837 5043 891 5091; x_wconf 90' lang='lat' dir='ltr'><strong>et</strong></span> <span class='ocrx_word' id='word_1_464' title='bbox 911 5038 1269 5107; x_wconf 89' lang='lat' dir='ltr'><strong>unusquisque</strong></span> <span class='ocrx_word' id='word_1_465' title='bbox 1289 5038 1604 5095; x_wconf 82' lang='lat' dir='ltr'><strong>christiauus</strong></span> <span class='ocrx_word' id='word_1_466' title='bbox 1624 5042 1676 5096; x_wconf 92' lang='lat' dir='ltr'><strong>in</strong></span> <span class='ocrx_word' id='word_1_467' title='bbox 1697 5058 1815 5098; x_wconf 87' lang='lat' dir='ltr'><strong>cor-</strong></span> 
     </span>
    </p>
   </div>
   <div class='ocr_carea' id='block_1_52' title="bbox 231 5122 1813 5199">
    <p class='ocr_par' dir='ltr' id='par_1_52' title="bbox 231 5122 1813 5199">
     <span class='ocr_line' id='line_1_52' title="bbox 231 5122 1813 5199; baseline 0.006 -21"><span class='ocrx_word' id='word_1_468' title='bbox 231 5138 363 5193; x_wconf 84' lang='lat' dir='ltr'><strong>pore</strong></span> <span class='ocrx_word' id='word_1_469' title='bbox 400 5122 600 5180; x_wconf 88' lang='lat' dir='ltr'><strong>Cbristi</strong></span> <span class='ocrx_word' id='word_1_470' title='bbox 642 5126 878 5195; x_wconf 84' lang='lat' dir='ltr'><strong>positus,</strong></span> <span class='ocrx_word' id='word_1_471' title='bbox 926 5126 1137 5182; x_wconf 77' lang='lat' dir='ltr'><strong>Salvum</strong></span> <span class='ocrx_word' id='word_1_472' title='bbox 1172 5131 1255 5199; x_wconf 81' lang='lat' dir='ltr'><strong>[ac</strong></span> <span class='ocrx_word' id='word_1_473' title='bbox 1279 5129 1440 5197; x_wconf 79' lang='lat' dir='ltr'><strong>ﬁlium</strong></span> <span class='ocrx_word' id='word_1_474' title='bbox 1467 5132 1813 5188; x_wconf 71' lang='lat' dir='ltr'><strong>ancilltetute.</strong></span> 
     </span>
    </p>
   </div>
   <div class='ocr_carea' id='block_1_53' title="bbox 229 5214 1811 5291">
    <p class='ocr_par' dir='ltr' id='par_1_53' title="bbox 229 5214 1811 5291">
     <span class='ocr_line' id='line_1_53' title="bbox 229 5214 1811 5291; baseline 0.005 -21"><span class='ocrx_word' id='word_1_475' title='bbox 229 5214 395 5271; x_wconf 78' lang='lat' dir='ltr'><strong>Forte</strong></span> <span class='ocrx_word' id='word_1_476' title='bbox 438 5230 543 5270; x_wconf 90' lang='lat' dir='ltr'><strong>non</strong></span> <span class='ocrx_word' id='word_1_477' title='bbox 594 5225 769 5285; x_wconf 89' lang='lat' dir='ltr'><strong>potest</strong></span> <span class='ocrx_word' id='word_1_478' title='bbox 795 5216 1010 5284; x_wconf 87' lang='lat' dir='ltr'><strong>dicere,</strong></span> <span class='ocrx_word' id='word_1_479' title='bbox 1056 5217 1151 5273; x_wconf 80' lang='lat' dir='ltr'><strong>Da</strong></span> <span class='ocrx_word' id='word_1_480' title='bbox 1167 5228 1459 5289; x_wconf 85' lang='lat' dir='ltr'><strong>potestatem</strong></span> <span class='ocrx_word' id='word_1_481' title='bbox 1501 5238 1658 5291; x_wconf 87' lang='lat' dir='ltr'><strong>puero</strong></span> <span class='ocrx_word' id='word_1_482' title='bbox 1687 5234 1811 5291; x_wconf 87' lang='lat' dir='ltr'><strong>tuo;</strong></span> 
     </span>
    </p>
   </div>
   <div class='ocr_carea' id='block_1_54' title="bbox 229 5306 1812 5383">
    <p class='ocr_par' dir='ltr' id='par_1_54' title="bbox 229 5306 1812 5383">
     <span class='ocr_line' id='line_1_54' title="bbox 229 5306 1812 5383; baseline 0.006 -23"><span class='ocrx_word' id='word_1_483' title='bbox 229 5307 351 5376; x_wconf 84' lang='lat' dir='ltr'><strong>quia</strong></span> <span class='ocrx_word' id='word_1_484' title='bbox 381 5307 470 5362; x_wconf 91' lang='lat' dir='ltr'><strong>ille</strong></span> <span class='ocrx_word' id='word_1_485' title='bbox 498 5306 663 5362; x_wconf 87' lang='lat' dir='ltr'><strong>Filius</strong></span> <span class='ocrx_word' id='word_1_486' title='bbox 687 5310 892 5379; x_wconf 87' lang='lat' dir='ltr'><strong>accepit</strong></span> <span class='ocrx_word' id='word_1_487' title='bbox 916 5319 1252 5379; x_wconf 84' lang='lat' dir='ltr'><strong>potestatem.</strong></span> <span class='ocrx_word' id='word_1_488' title='bbox 1279 5311 1384 5367; x_wconf 84' lang='lat' dir='ltr'><strong>Sed</strong></span> <span class='ocrx_word' id='word_1_489' title='bbox 1408 5325 1573 5383; x_wconf 88' lang='lat' dir='ltr'><strong>quare</strong></span> <span class='ocrx_word' id='word_1_490' title='bbox 1599 5328 1705 5371; x_wconf 90' lang='lat' dir='ltr'><strong>non</strong></span> <span class='ocrx_word' id='word_1_491' title='bbox 1731 5317 1812 5372; x_wconf 49' lang='lat' dir='ltr'><strong>die</strong></span> 
     </span>
    </p>
   </div>
   <div class='ocr_carea' id='block_1_55' title="bbox 229 5397 1813 5479">
    <p class='ocr_par' dir='ltr' id='par_1_55' title="bbox 229 5397 1813 5479">
     <span class='ocr_line' id='line_1_55' title="bbox 229 5397 1813 5479; baseline 0.007 -28"><span class='ocrx_word' id='word_1_492' title='bbox 229 5399 302 5451; x_wconf 88' lang='lat' dir='ltr'><strong>cit</strong></span> <span class='ocrx_word' id='word_1_493' title='bbox 326 5405 384 5451; x_wconf 88' lang='lat' dir='ltr'><strong>et</strong></span> <span class='ocrx_word' id='word_1_494' title='bbox 414 5397 555 5453; x_wconf 85' lang='lat' dir='ltr'><strong>hoc?</strong></span> <span class='ocrx_word' id='word_1_495' title='bbox 580 5401 770 5453; x_wconf 83' lang='lat' dir='ltr'><strong>Annon</strong></span> <span class='ocrx_word' id='word_1_496' title='bbox 797 5399 964 5455; x_wconf 81' lang='lat' dir='ltr'><strong>servis</strong></span> <span class='ocrx_word' id='word_1_497' title='bbox 993 5400 1191 5457; x_wconf 92' lang='lat' dir='ltr'><strong>dictum</strong></span> <span class='ocrx_word' id='word_1_498' title='bbox 1231 5413 1313 5457; x_wconf 84' lang='lat' dir='ltr'><strong>est</strong></span> <span class='ocrx_word' id='word_1_499' title='bbox 1334 5445 1349 5469; x_wconf 89' lang='lat'><strong>,</strong></span> <span class='ocrx_word' id='word_1_500' title='bbox 1393 5404 1639 5461; x_wconf 87' lang='lat' dir='ltr'><strong>Sedebitis</strong></span> <span class='ocrx_word' id='word_1_501' title='bbox 1663 5425 1813 5479; x_wconf 86' lang='lat' dir='ltr'><strong>super</strong></span> 
     </span>
    </p>
   </div>
   <div class='ocr_carea' id='block_1_56' title="bbox 230 5487 1808 5570">
    <p class='ocr_par' dir='ltr' id='par_1_56' title="bbox 230 5487 1808 5570">
     <span class='ocr_line' id='line_1_56' title="bbox 230 5487 1808 5570; baseline 0.009 -29"><span class='ocrx_word' id='word_1_502' title='bbox 230 5487 494 5542; x_wconf 80' lang='lat' dir='ltr'><strong>duodecim</strong></span> <span class='ocrx_word' id='word_1_503' title='bbox 512 5488 654 5543; x_wconf 86' lang='lat' dir='ltr'><strong>sedes</strong></span> <span class='ocrx_word' id='word_1_504' title='bbox 661 5489 950 5556; x_wconf 87' lang='lat' dir='ltr'><strong>judicantes</strong></span> <span class='ocrx_word' id='word_1_505' title='bbox 966 5490 1229 5549; x_wconf 86' lang='lat' dir='ltr'><strong>duodecim</strong></span> <span class='ocrx_word' id='word_1_506' title='bbox 1247 5495 1400 5550; x_wconf 86' lang='lat' dir='ltr'><strong>tribus</strong></span> <span class='ocrx_word' id='word_1_507' title='bbox 1415 5494 1583 5551; x_wconf 79' lang='lat' dir='ltr'><strong>Israel</strong></span> <span class='ocrx_word' id='word_1_508' title='bbox 1596 5497 1808 5570; x_wconf 76' lang='lat' dir='ltr'><strong>(Matth.</strong></span> 
     </span>
    </p>
   </div>
   <div class='ocr_carea' id='block_1_57' title="bbox 230 5580 1811 5659">
    <p class='ocr_par' dir='ltr' id='par_1_57' title="bbox 230 5580 1811 5659">
     <span class='ocr_line' id='line_1_57' title="bbox 230 5580 1811 5659; baseline 0.006 -25"><span class='ocrx_word' id='word_1_509' title='bbox 230 5595 343 5647; x_wconf 74' lang='lat' dir='ltr'><strong>six,</strong></span> <span class='ocrx_word' id='word_1_510' title='bbox 370 5580 490 5650; x_wconf 79' lang='lat'><strong>28)?</strong></span> <span class='ocrx_word' id='word_1_511' title='bbox 513 5589 568 5635; x_wconf 89' lang='lat' dir='ltr'><strong>et</strong></span> <span class='ocrx_word' id='word_1_512' title='bbox 589 5581 732 5636; x_wconf 85' lang='lat' dir='ltr'><strong>servi</strong></span> <span class='ocrx_word' id='word_1_513' title='bbox 756 5580 941 5637; x_wconf 91' lang='lat' dir='ltr'><strong>dicunt</strong></span> <span class='ocrx_word' id='word_1_514' title='bbox 967 5600 981 5636; x_wconf 89' lang='lat'><strong>:</strong></span> <span class='ocrx_word' id='word_1_515' title='bbox 1015 5583 1236 5642; x_wconf 84' lang='lat' dir='ltr'><strong>Nescitis</strong></span> <span class='ocrx_word' id='word_1_516' title='bbox 1249 5587 1368 5656; x_wconf 86' lang='lat' dir='ltr'><strong>quia</strong></span> <span class='ocrx_word' id='word_1_517' title='bbox 1386 5588 1592 5656; x_wconf 81' lang='lat' dir='ltr'><strong>angelos</strong></span> <span class='ocrx_word' id='word_1_518' title='bbox 1603 5589 1811 5659; x_wconf 84' lang='lat' dir='ltr'><strong>judica-</strong></span> 
     </span>
    </p>
   </div>
   <div class='ocr_carea' id='block_1_58' title="bbox 231 5669 1808 5754">
    <p class='ocr_par' dir='ltr' id='par_1_58' title="bbox 231 5669 1808 5754">
     <span class='ocr_line' id='line_1_58' title="bbox 231 5669 1808 5754; baseline 0.009 -29"><span class='ocrx_word' id='word_1_519' title='bbox 231 5669 391 5727; x_wconf 78' lang='lat' dir='ltr'><strong>bimus</strong></span> <span class='ocrx_word' id='word_1_520' title='bbox 434 5671 646 5742; x_wconf 84' lang='lat' dir='ltr'><strong>(lCor.</strong></span> <span class='ocrx_word' id='word_1_521' title='bbox 688 5689 771 5738; x_wconf 81' lang='lat' dir='ltr'><strong>vi,</strong></span> <span class='ocrx_word' id='word_1_522' title='bbox 803 5674 916 5745; x_wconf 80' lang='lat'><strong>5)?</strong></span> <span class='ocrx_word' id='word_1_523' title='bbox 957 5676 1163 5746; x_wconf 86' lang='lat' dir='ltr'><strong>Accipit</strong></span> <span class='ocrx_word' id='word_1_524' title='bbox 1203 5693 1330 5748; x_wconf 79' lang='lat' dir='ltr'><strong>ergo</strong></span> <span class='ocrx_word' id='word_1_525' title='bbox 1368 5687 1422 5736; x_wconf 90' lang='lat' dir='ltr'><strong>et</strong></span> <span class='ocrx_word' id='word_1_526' title='bbox 1449 5683 1808 5754; x_wconf 81' lang='lat' dir='ltr'><strong>unusquisque</strong></span> 
     </span>
    </p>
   </div>
   <div class='ocr_carea' id='block_1_59' title="bbox 293 5781 948 5848">
    <p class='ocr_par' dir='ltr' id='par_1_59' title="bbox 293 5781 948 5848">
     <span class='ocr_line' id='line_1_59' title="bbox 293 5781 948 5848; baseline 0.006 -13"><span class='ocrx_word' id='word_1_527' title='bbox 293 5786 309 5816; x_wconf 76' lang='lat'><strong>’</strong></span> <span class='ocrx_word' id='word_1_528' title='bbox 334 5792 427 5835; x_wconf 73' lang='lat' dir='ltr'><strong>las</strong></span> <span class='ocrx_word' id='word_1_529' title='bbox 448 5821 463 5845; x_wconf 93' lang='lat'><strong>,</strong></span> <span class='ocrx_word' id='word_1_530' title='bbox 481 5781 701 5848; x_wconf 83' lang='lat' dir='ltr'><strong>ﬁatmihi</strong></span> <span class='ocrx_word' id='word_1_531' title='bbox 720 5786 843 5838; x_wconf 86' lang='lat' dir='ltr'><strong>sicut</strong></span> <span class='ocrx_word' id='word_1_532' title='bbox 862 5789 948 5839; x_wconf 79' lang='lat' dir='ltr'><strong>vis.</strong></span> 
     </span>
    </p>
   </div>
   <div class='ocr_carea' id='block_1_60' title="bbox 468 5870 1158 5939">
    <p class='ocr_par' dir='ltr' id='par_1_60' title="bbox 468 5870 1158 5939">
     <span class='ocr_line' id='line_1_60' title="bbox 468 5870 1158 5939; baseline 0.013 -9"><span class='ocrx_word' id='word_1_533' title='bbox 468 5870 694 5931; x_wconf 71' lang='lat' dir='ltr'><strong>Sauc&#39;r.</strong></span> <span class='ocrx_word' id='word_1_534' title='bbox 738 5874 1017 5935; x_wconf 73' lang='lat' dir='ltr'><strong>Aususr.</strong></span> <span class='ocrx_word' id='word_1_535' title='bbox 1052 5870 1158 5939; x_wconf 81' lang='lat' dir='ltr'><strong>1V.-</strong></span> 
     </span>
    </p>
   </div>
   <div class='ocr_carea' id='block_1_61' title="bbox 1370 356 2523 434">
    <p class='ocr_par' dir='ltr' id='par_1_61' title="bbox 1370 356 2523 434">
     <span class='ocr_line' id='line_1_61' title="bbox 1370 356 2523 434; baseline 0.019 -21"><span class='ocrx_word' id='word_1_536' title='bbox 1370 356 1763 415; x_wconf 78' lang='lat' dir='ltr'><strong>ENARRATIO</strong></span> <span class='ocrx_word' id='word_1_537' title='bbox 1804 361 1868 416; x_wconf 85' lang='lat' dir='ltr'><strong>IN</strong></span> <span class='ocrx_word' id='word_1_538' title='bbox 1907 362 2233 431; x_wconf 80' lang='lat' dir='ltr'><strong>PSALMUM</strong></span> <span class='ocrx_word' id='word_1_539' title='bbox 2260 373 2523 434; x_wconf 81' lang='lat' dir='ltr'><strong>LXXXV.</strong></span> 
     </span>
    </p>
   </div>
   <div class='ocr_carea' id='block_1_62' title="bbox 292 465 1887 542">
    <p class='ocr_par' dir='ltr' id='par_1_62' title="bbox 292 465 1887 542">
     <span class='ocr_line' id='line_1_62' title="bbox 292 465 1887 542; baseline 0.009 -25"><span class='ocrx_word' id='word_1_540' title='bbox 292 475 395 518; x_wconf 87' lang='lat' dir='ltr'><strong>tam</strong></span> <span class='ocrx_word' id='word_1_541' title='bbox 424 475 666 521; x_wconf 72' lang='lat' dir='ltr'><strong>teter-nam</strong></span> <span class='ocrx_word' id='word_1_542' title='bbox 695 465 905 541; x_wconf 75' lang='lat' dir='ltr'><strong>(Matth.</strong></span> <span class='ocrx_word' id='word_1_543' title='bbox 932 483 1058 533; x_wconf 72' lang='lat' dir='ltr'><strong>xxv,</strong></span> <span class='ocrx_word' id='word_1_544' title='bbox 1088 469 1178 535; x_wconf 66' lang='lat'><strong>54,</strong></span> <span class='ocrx_word' id='word_1_545' title='bbox 1204 470 1294 535; x_wconf 66' lang='lat' dir='ltr'><strong>it,</strong></span> <span class='ocrx_word' id='word_1_546' title='bbox 1322 468 1435 542; x_wconf 68' lang='grc'><strong>46).</strong></span> <span class='ocrx_word' id='word_1_547' title='bbox 1462 471 1582 530; x_wconf 85' lang='lat' dir='ltr'><strong>Jam</strong></span> <span class='ocrx_word' id='word_1_548' title='bbox 1612 487 1642 527; x_wconf 90' lang='lat' dir='ltr'><strong>a</strong></span> <span class='ocrx_word' id='word_1_549' title='bbox 1667 472 1887 531; x_wconf 83' lang='lat' dir='ltr'><strong>visione.</strong></span> 
     </span>
    </p>
   </div>
   <div class='ocr_carea' id='block_1_63' title="bbox 3438 404 3571 458">
    <p class='ocr_par' dir='ltr' id='par_1_63' title="bbox 3438 404 3571 458">
     <span class='ocr_line' id='line_1_63' title="bbox 3438 404 3571 458; baseline 0.008 -1"><span class='ocrx_word' id='word_1_550' title='bbox 3438 404 3571 458; x_wconf 73' lang='lat' dir='ltr'><strong>i093</strong></span> 
     </span>
    </p>
   </div>
   <div class='ocr_carea' id='block_1_64' title="bbox 1985 490 3565 577">
    <p class='ocr_par' dir='ltr' id='par_1_64' title="bbox 1985 490 3565 577">
     <span class='ocr_line' id='line_1_64' title="bbox 1985 490 3565 577; baseline 0.026 -47"><span class='ocrx_word' id='word_1_551' title='bbox 1985 490 2288 577; x_wconf 68' lang='lat' dir='ltr'><strong>sanctorum</strong></span> <span class='ocrx_word' id='word_1_552' title='bbox 2316 496 2661 558; x_wconf 84' lang='lat' dir='ltr'><strong>potestatem,</strong></span> <span class='ocrx_word' id='word_1_553' title='bbox 2691 504 2747 550; x_wconf 89' lang='lat' dir='ltr'><strong>et</strong></span> <span class='ocrx_word' id='word_1_554' title='bbox 2770 506 2853 554; x_wconf 88' lang='lat' dir='ltr'><strong>est</strong></span> <span class='ocrx_word' id='word_1_555' title='bbox 2875 504 3235 577; x_wconf 86' lang='lat' dir='ltr'><strong>unusquisque</strong></span> <span class='ocrx_word' id='word_1_556' title='bbox 3256 522 3565 570; x_wconf 85' lang='lat' dir='ltr'><strong>sanctorum</strong></span> 
     </span>
    </p>
   </div>
   <div class='ocr_carea' id='block_1_65' title="bbox 1980 565 3567 671">
    <p class='ocr_par' dir='ltr' id='par_1_65' title="bbox 1980 565 3567 671">
     <span class='ocr_line' id='line_1_65' title="bbox 1980 565 3567 671; baseline 0.026 -52"><span class='ocrx_word' id='word_1_557' title='bbox 1980 565 2120 671; x_wconf 58' lang='lat' dir='ltr'><strong>illius</strong></span> <span class='ocrx_word' id='word_1_558' title='bbox 2149 574 2364 671; x_wconf 72' lang='lat' dir='ltr'><strong>ancillae</strong></span> <span class='ocrx_word' id='word_1_559' title='bbox 2399 578 2536 649; x_wconf 89' lang='lat' dir='ltr'><strong>ejus.</strong></span> <span class='ocrx_word' id='word_1_560' title='bbox 2571 582 2708 651; x_wconf 86' lang='lat' dir='ltr'><strong>Quid</strong></span> <span class='ocrx_word' id='word_1_561' title='bbox 2747 588 2791 642; x_wconf 89' lang='lat' dir='ltr'><strong>si</strong></span> <span class='ocrx_word' id='word_1_562' title='bbox 2819 588 2888 645; x_wconf 92' lang='lat' dir='ltr'><strong>de</strong></span> <span class='ocrx_word' id='word_1_563' title='bbox 2930 565 3326 664; x_wconf 49' lang='lat' dir='ltr'><strong>pagana-natus</strong></span> <span class='ocrx_word' id='word_1_564' title='bbox 3366 565 3567 671; x_wconf 29' lang='lat' dir='ltr'><strong>est)”;</strong></span> 
     </span>
    </p>
   </div>
   <div class='ocr_carea' id='block_1_66' title="bbox 1978 655 3562 762">
    <p class='ocr_par' dir='ltr' id='par_1_66' title="bbox 1978 655 3562 762">
     <span class='ocr_line' id='line_1_66' title="bbox 1978 655 3562 762; baseline 0.026 -52"><span class='ocrx_word' id='word_1_565' title='bbox 1978 655 2299 719; x_wconf 82' lang='lat' dir='ltr'><strong>christianos</strong></span> <span class='ocrx_word' id='word_1_566' title='bbox 2328 666 2497 725; x_wconf 87' lang='lat' dir='ltr'><strong>factus</strong></span> <span class='ocrx_word' id='word_1_567' title='bbox 2525 676 2649 729; x_wconf 81' lang='lat' dir='ltr'><strong>est?</strong></span> <span class='ocrx_word' id='word_1_568' title='bbox 2677 676 2817 733; x_wconf 79' lang='lat' dir='ltr'><strong>(ilius</strong></span> <span class='ocrx_word' id='word_1_569' title='bbox 2844 655 3061 752; x_wconf 44' lang='lat' dir='ltr'><strong>pag-ariae</strong></span> <span class='ocrx_word' id='word_1_570' title='bbox 3088 690 3356 755; x_wconf 90' lang='lat' dir='ltr'><strong>quomodo</strong></span> <span class='ocrx_word' id='word_1_571' title='bbox 3387 655 3562 762; x_wconf 58' lang='lat' dir='ltr'><strong>potest</strong></span> 
     </span>
    </p>
   </div>
   <div class='ocr_carea' id='block_1_67' title="bbox 1976 749 3561 849">
    <p class='ocr_par' dir='ltr' id='par_1_67' title="bbox 1976 749 3561 849">
     <span class='ocr_line' id='line_1_67' title="bbox 1976 749 3561 849; baseline 0.026 -49"><span class='ocrx_word' id='word_1_572' title='bbox 1976 760 2100 804; x_wconf 82' lang='lat' dir='ltr'><strong>esse</strong></span> <span class='ocrx_word' id='word_1_573' title='bbox 2139 749 2277 849; x_wconf 66' lang='lat' dir='ltr'><strong>filius</strong></span> <span class='ocrx_word' id='word_1_574' title='bbox 2318 758 2525 849; x_wconf 81' lang='lat' dir='ltr'><strong>ancillae</strong></span> <span class='ocrx_word' id='word_1_575' title='bbox 2564 764 2766 832; x_wconf 84' lang='lat' dir='ltr'><strong>ipsius?</strong></span> <span class='ocrx_word' id='word_1_576' title='bbox 2806 749 3150 841; x_wconf 33' lang='lat' dir='ltr'><strong>Estvquidem</strong></span> <span class='ocrx_word' id='word_1_577' title='bbox 3180 749 3401 849; x_wconf 54' lang='lat' dir='ltr'><strong>pagana;</strong></span> <span class='ocrx_word' id='word_1_578' title='bbox 3421 749 3561 841; x_wconf 82' lang='lat' dir='ltr'><strong>ﬁlius</strong></span> 
     </span>
    </p>
   </div>
   <div class='ocr_carea' id='block_1_68' title="bbox 1976 841 3559 937">
    <p class='ocr_par' dir='ltr' id='par_1_68' title="bbox 1976 841 3559 937">
     <span class='ocr_line' id='line_1_68' title="bbox 1976 841 3559 937; baseline 0.026 -45"><span class='ocrx_word' id='word_1_579' title='bbox 1976 841 2278 917; x_wconf 88' lang='lat' dir='ltr'><strong>carnaliter,</strong></span> <span class='ocrx_word' id='word_1_580' title='bbox 2306 848 2400 905; x_wconf 90' lang='lat' dir='ltr'><strong>sed</strong></span> <span class='ocrx_word' id='word_1_581' title='bbox 2428 850 2565 909; x_wconf 85' lang='lat' dir='ltr'><strong>filius</strong></span> <span class='ocrx_word' id='word_1_582' title='bbox 2595 855 2847 917; x_wconf 72' lang='lat' dir='ltr'><strong>Ecclesia:</strong></span> <span class='ocrx_word' id='word_1_583' title='bbox 2871 841 3336 933; x_wconf 49' lang='lat' dir='ltr'><strong>spiritualiter.&#39;Et</strong></span> <span class='ocrx_word' id='word_1_584' title='bbox 3364 877 3559 937; x_wconf 82' lang='lat' dir='ltr'><strong>salvum</strong></span> 
     </span>
    </p>
   </div>
   <div class='ocr_carea' id='block_1_69' title="bbox 1975 930 2622 1009">
    <p class='ocr_par' dir='ltr' id='par_1_69' title="bbox 1975 930 2622 1009">
     <span class='ocr_line' id='line_1_69' title="bbox 1975 930 2622 1009; baseline 0.031 -29"><span class='ocrx_word' id='word_1_585' title='bbox 1975 930 2058 998; x_wconf 78' lang='lat' dir='ltr'><strong>[ac</strong></span> <span class='ocrx_word' id='word_1_586' title='bbox 2084 932 2249 999; x_wconf 80' lang='lat' dir='ltr'><strong>ﬁlium</strong></span> <span class='ocrx_word' id='word_1_587' title='bbox 2275 938 2477 994; x_wconf 80' lang='lat' dir='ltr'><strong>ancilla:</strong></span> <span class='ocrx_word' id='word_1_588' title='bbox 2492 951 2622 1009; x_wconf 75' lang='lat' dir='ltr'><strong>tute.</strong></span> 
     </span>
    </p>
   </div>
   <div class='ocr_carea' id='block_1_70' title="bbox 2041 1017 3555 1128">
    <p class='ocr_par' dir='ltr' id='par_1_70' title="bbox 2041 1017 3555 1128">
     <span class='ocr_line' id='line_1_70' title="bbox 2041 1017 3555 1128; baseline 0.029 -52"><span class='ocrx_word' id='word_1_589' title='bbox 2041 1020 2130 1077; x_wconf 80' lang='grc'><strong>25.</strong></span> <span class='ocrx_word' id='word_1_590' title='bbox 2172 1017 2331 1128; x_wconf 50' lang='lat' dir='ltr'><strong>[verm</strong></span> <span class='ocrx_word' id='word_1_591' title='bbox 2374 1032 2497 1105; x_wconf 73' lang='lat'><strong>17.]</strong></span> <span class='ocrx_word' id='word_1_592' title='bbox 2535 1034 2646 1092; x_wconf 85' lang='lat' dir='ltr'><strong>Fac</strong></span> <span class='ocrx_word' id='word_1_593' title='bbox 2682 1056 2872 1098; x_wconf 85' lang='lat' dir='ltr'><strong>mecum</strong></span> <span class='ocrx_word' id='word_1_594' title='bbox 2899 1051 3101 1118; x_wconf 88' lang='lat' dir='ltr'><strong>signum</strong></span> <span class='ocrx_word' id='word_1_595' title='bbox 3128 1053 3179 1108; x_wconf 90' lang='lat' dir='ltr'><strong>in</strong></span> <span class='ocrx_word' id='word_1_596' title='bbox 3207 1055 3357 1112; x_wconf 54' lang='lat' dir='ltr'><strong>bonas</strong></span> <span class='ocrx_word' id='word_1_597' title='bbox 3402 1060 3555 1128; x_wconf 77' lang='lat' dir='ltr'><strong>Quod</strong></span> 
     </span>
    </p>
   </div>
   <div class='ocr_carea' id='block_1_71' title="bbox 1970 1110 3553 1208">
    <p class='ocr_par' dir='ltr' id='par_1_71' title="bbox 1970 1110 3553 1208">
     <span class='ocr_line' id='line_1_71' title="bbox 1970 1110 3553 1208; baseline 0.027 -43"><span class='ocrx_word' id='word_1_598' title='bbox 1970 1110 2199 1183; x_wconf 70' lang='lat' dir='ltr'><strong>signum,</strong></span> <span class='ocrx_word' id='word_1_599' title='bbox 2223 1119 2322 1175; x_wconf 91' lang='lat' dir='ltr'><strong>nisi</strong></span> <span class='ocrx_word' id='word_1_600' title='bbox 2352 1129 2791 1188; x_wconf 85' lang='lat' dir='ltr'><strong>resurrectionis?</strong></span> <span class='ocrx_word' id='word_1_601' title='bbox 2818 1136 3252 1201; x_wconf 87' lang='lat' dir='ltr'><strong>Dominusdicit:</strong></span> <span class='ocrx_word' id='word_1_602' title='bbox 3283 1110 3553 1208; x_wconf 45' lang='lat' dir='ltr'><strong>Cerretano</strong></span> 
     </span>
    </p>
   </div>
   <div class='ocr_carea' id='block_1_72' title="bbox 1970 1203 3554 1307">
    <p class='ocr_par' dir='ltr' id='par_1_72' title="bbox 1970 1203 3554 1307">
     <span class='ocr_line' id='line_1_72' title="bbox 1970 1203 3554 1307; baseline 0.028 -50"><span class='ocrx_word' id='word_1_603' title='bbox 1970 1203 2076 1260; x_wconf 79' lang='lat' dir='ltr'><strong>Itth</strong></span> <span class='ocrx_word' id='word_1_604' title='bbox 2093 1224 2247 1277; x_wconf 85' lang='lat' dir='ltr'><strong>prava</strong></span> <span class='ocrx_word' id='word_1_605' title='bbox 2267 1223 2312 1265; x_wconf 91' lang='lat' dir='ltr'><strong>et</strong></span> <span class='ocrx_word' id='word_1_606' title='bbox 2328 1218 2612 1275; x_wconf 86' lang='lat' dir='ltr'><strong>amaricans</strong></span> <span class='ocrx_word' id='word_1_607' title='bbox 2624 1223 2827 1294; x_wconf 84' lang='lat' dir='ltr'><strong>signum</strong></span> <span class='ocrx_word' id='word_1_608' title='bbox 2843 1232 3047 1297; x_wconf 77' lang='lat' dir='ltr'><strong>queerit;</strong></span> <span class='ocrx_word' id='word_1_609' title='bbox 3063 1243 3108 1288; x_wconf 86' lang='lat' dir='ltr'><strong>et</strong></span> <span class='ocrx_word' id='word_1_610' title='bbox 3127 1237 3324 1307; x_wconf 86' lang='lat' dir='ltr'><strong>signum</strong></span> <span class='ocrx_word' id='word_1_611' title='bbox 3342 1258 3441 1298; x_wconf 87' lang='lat' dir='ltr'><strong>non</strong></span> <span class='ocrx_word' id='word_1_612' title='bbox 3458 1245 3554 1299; x_wconf 87' lang='lat' dir='ltr'><strong>da-</strong></span> 
     </span>
    </p>
   </div>
   <div class='ocr_carea' id='block_1_73' title="bbox 1966 1294 3549 1405">
    <p class='ocr_par' dir='ltr' id='par_1_73' title="bbox 1966 1294 3549 1405">
     <span class='ocr_line' id='line_1_73' title="bbox 1966 1294 3549 1405; baseline 0.027 -58"><span class='ocrx_word' id='word_1_613' title='bbox 1966 1294 2096 1350; x_wconf 85' lang='lat' dir='ltr'><strong>bitur</strong></span> <span class='ocrx_word' id='word_1_614' title='bbox 2110 1297 2175 1365; x_wconf 87' lang='lat' dir='ltr'><strong>ei,</strong></span> <span class='ocrx_word' id='word_1_615' title='bbox 2190 1301 2287 1356; x_wconf 86' lang='lat' dir='ltr'><strong>nisi</strong></span> <span class='ocrx_word' id='word_1_616' title='bbox 2301 1304 2499 1375; x_wconf 85' lang='lat' dir='ltr'><strong>signum</strong></span> <span class='ocrx_word' id='word_1_617' title='bbox 2510 1308 2541 1362; x_wconf 82' lang='lat' dir='ltr'><strong><em>J</em></strong></span> <span class='ocrx_word' id='word_1_618' title='bbox 2548 1327 2661 1366; x_wconf 73' lang='lat' dir='ltr'><strong>ante</strong></span> <span class='ocrx_word' id='word_1_619' title='bbox 2675 1294 2952 1385; x_wconf 68' lang='lat' dir='ltr'><strong>prophetae.</strong></span> <span class='ocrx_word' id='word_1_620' title='bbox 2968 1294 3113 1377; x_wconf 81' lang='lat' dir='ltr'><strong>Sicut</strong></span> <span class='ocrx_word' id='word_1_621' title='bbox 3131 1294 3261 1383; x_wconf 66' lang='lat' dir='ltr'><strong>enim</strong></span> <span class='ocrx_word' id='word_1_622' title='bbox 3273 1328 3435 1388; x_wconf 82' lang='lat' dir='ltr'><strong>Jonas</strong></span> <span class='ocrx_word' id='word_1_623' title='bbox 3451 1336 3549 1405; x_wconf 77' lang='lat' dir='ltr'><strong>fuit</strong></span> 
     </span>
    </p>
   </div>
   <div class='ocr_carea' id='block_1_74' title="bbox 1963 1384 3551 1491">
    <p class='ocr_par' dir='ltr' id='par_1_74' title="bbox 1963 1384 3551 1491">
     <span class='ocr_line' id='line_1_74' title="bbox 1963 1384 3551 1491; baseline 0.029 -55"><span class='ocrx_word' id='word_1_624' title='bbox 1963 1384 2017 1437; x_wconf 89' lang='lat' dir='ltr'><strong>in</strong></span> <span class='ocrx_word' id='word_1_625' title='bbox 2032 1398 2199 1443; x_wconf 84' lang='lat' dir='ltr'><strong>ventre</strong></span> <span class='ocrx_word' id='word_1_626' title='bbox 2210 1394 2305 1447; x_wconf 88' lang='lat' dir='ltr'><strong>ceti</strong></span> <span class='ocrx_word' id='word_1_627' title='bbox 2320 1396 2479 1452; x_wconf 87' lang='lat' dir='ltr'><strong>tribus</strong></span> <span class='ocrx_word' id='word_1_628' title='bbox 2491 1399 2665 1458; x_wconf 85' lang='lat' dir='ltr'><strong>diebus</strong></span> <span class='ocrx_word' id='word_1_629' title='bbox 2679 1413 2725 1457; x_wconf 89' lang='lat' dir='ltr'><strong>et</strong></span> <span class='ocrx_word' id='word_1_630' title='bbox 2738 1384 2895 1464; x_wconf 84' lang='lat' dir='ltr'><strong>tribus</strong></span> <span class='ocrx_word' id='word_1_631' title='bbox 2910 1412 3232 1479; x_wconf 85' lang='lat' dir='ltr'><strong>noctibus,sic</strong></span> <span class='ocrx_word' id='word_1_632' title='bbox 3245 1421 3334 1475; x_wconf 89' lang='lat' dir='ltr'><strong>erit</strong></span> <span class='ocrx_word' id='word_1_633' title='bbox 3346 1432 3393 1477; x_wconf 87' lang='lat' dir='ltr'><strong>et</strong></span> <span class='ocrx_word' id='word_1_634' title='bbox 3410 1384 3551 1491; x_wconf 71' lang='lat' dir='ltr'><strong>ﬁlius</strong></span> 
     </span>
    </p>
   </div>
   <div class='ocr_carea' id='block_1_75' title="bbox 1963 1474 3545 1581">
    <p class='ocr_par' dir='ltr' id='par_1_75' title="bbox 1963 1474 3545 1581">
     <span class='ocr_line' id='line_1_75' title="bbox 1963 1474 3545 1581; baseline 0.028 -54"><span class='ocrx_word' id='word_1_635' title='bbox 1963 1474 2177 1581; x_wconf 73' lang='lat' dir='ltr'><strong>hominis</strong></span> <span class='ocrx_word' id='word_1_636' title='bbox 2203 1482 2257 1537; x_wconf 87' lang='lat' dir='ltr'><strong>in</strong></span> <span class='ocrx_word' id='word_1_637' title='bbox 2284 1488 2434 1542; x_wconf 86' lang='lat' dir='ltr'><strong>corde</strong></span> <span class='ocrx_word' id='word_1_638' title='bbox 2462 1499 2609 1547; x_wconf 80' lang='lat' dir='ltr'><strong>teme</strong></span> <span class='ocrx_word' id='word_1_639' title='bbox 2634 1493 2843 1564; x_wconf 73' lang='lat' dir='ltr'><strong>(Matth.</strong></span> <span class='ocrx_word' id='word_1_640' title='bbox 2862 1515 2953 1565; x_wconf 76' lang='lat' dir='ltr'><strong>xu,</strong></span> <span class='ocrx_word' id='word_1_641' title='bbox 2969 1501 3038 1558; x_wconf 83' lang='grc'><strong>59</strong></span> <span class='ocrx_word' id='word_1_642' title='bbox 3055 1514 3103 1559; x_wconf 88' lang='lat' dir='ltr'><strong>et</strong></span> <span class='ocrx_word' id='word_1_643' title='bbox 3124 1474 3232 1578; x_wconf 58' lang='grc' dir='ltr'><strong>λθ).</strong></span> <span class='ocrx_word' id='word_1_644' title='bbox 3256 1474 3395 1581; x_wconf 77' lang='lat' dir='ltr'><strong>Ergo</strong></span> 
     </span>
    </p>
   </div>
   <div class='ocr_carea' id='block_1_76' title="bbox 1960 1569 3546 1667">
    <p class='ocr_par' dir='ltr' id='par_1_76' title="bbox 1960 1569 3546 1667">
     <span class='ocr_line' id='line_1_76' title="bbox 1960 1569 3546 1667; baseline 0.025 -45"><span class='ocrx_word' id='word_1_645' title='bbox 1960 1569 2132 1639; x_wconf 86' lang='lat' dir='ltr'><strong>capite</strong></span> <span class='ocrx_word' id='word_1_646' title='bbox 2156 1586 2339 1631; x_wconf 88' lang='lat' dir='ltr'><strong>nostro</strong></span> <span class='ocrx_word' id='word_1_647' title='bbox 2353 1578 2461 1646; x_wconf 90' lang='lat' dir='ltr'><strong>jam</strong></span> <span class='ocrx_word' id='word_1_648' title='bbox 2488 1580 2683 1640; x_wconf 88' lang='lat' dir='ltr'><strong>factum</strong></span> <span class='ocrx_word' id='word_1_649' title='bbox 2713 1595 2793 1645; x_wconf 87' lang='lat' dir='ltr'><strong>est</strong></span> <span class='ocrx_word' id='word_1_650' title='bbox 2816 1590 3024 1667; x_wconf 80' lang='lat' dir='ltr'><strong>signum</strong></span> <span class='ocrx_word' id='word_1_651' title='bbox 3050 1596 3103 1650; x_wconf 93' lang='lat' dir='ltr'><strong>in</strong></span> <span class='ocrx_word' id='word_1_652' title='bbox 3125 1569 3265 1655; x_wconf 77' lang='lat' dir='ltr'><strong>bono</strong></span> <span class='ocrx_word' id='word_1_653' title='bbox 3288 1619 3302 1655; x_wconf 88' lang='lat'><strong>:</strong></span> <span class='ocrx_word' id='word_1_654' title='bbox 3327 1569 3468 1660; x_wconf 72' lang='lat' dir='ltr'><strong>dicat</strong></span> 
     </span>
    </p>
   </div>
   <div class='ocr_carea' id='block_1_77' title="bbox 1960 1665 3543 1766">
    <p class='ocr_par' dir='ltr' id='par_1_77' title="bbox 1960 1665 3543 1766">
     <span class='ocr_line' id='line_1_77' title="bbox 1960 1665 3543 1766; baseline 0.024 -52"><span class='ocrx_word' id='word_1_655' title='bbox 1960 1665 2321 1735; x_wconf 89' lang='lat' dir='ltr'><strong>unusquisque</strong></span> <span class='ocrx_word' id='word_1_656' title='bbox 2336 1681 2596 1741; x_wconf 89' lang='lat' dir='ltr'><strong>nostrum,</strong></span> <span class='ocrx_word' id='word_1_657' title='bbox 2615 1675 2726 1732; x_wconf 82' lang='lat' dir='ltr'><strong>Fac</strong></span> <span class='ocrx_word' id='word_1_658' title='bbox 2750 1666 2940 1737; x_wconf 79' lang='lat' dir='ltr'><strong>mecum</strong></span> <span class='ocrx_word' id='word_1_659' title='bbox 2961 1685 3160 1757; x_wconf 84' lang='lat' dir='ltr'><strong>signum</strong></span> <span class='ocrx_word' id='word_1_660' title='bbox 3176 1691 3228 1745; x_wconf 88' lang='lat' dir='ltr'><strong>in</strong></span> <span class='ocrx_word' id='word_1_661' title='bbox 3244 1691 3371 1748; x_wconf 87' lang='lat' dir='ltr'><strong>bono</strong></span> <span class='ocrx_word' id='word_1_662' title='bbox 3385 1712 3404 1759; x_wconf 86' lang='lat'><strong>;</strong></span> <span class='ocrx_word' id='word_1_663' title='bbox 3419 1698 3543 1766; x_wconf 86' lang='lat' dir='ltr'><strong>quia</strong></span> 
     </span>
    </p>
   </div>
   <div class='ocr_carea' id='block_1_78' title="bbox 1958 1749 3540 1843">
    <p class='ocr_par' dir='ltr' id='par_1_78' title="bbox 1958 1749 3540 1843">
     <span class='ocr_line' id='line_1_78' title="bbox 1958 1749 3540 1843; baseline 0.025 -41"><span class='ocrx_word' id='word_1_664' title='bbox 1958 1749 2010 1803; x_wconf 91' lang='lat' dir='ltr'><strong>in</strong></span> <span class='ocrx_word' id='word_1_665' title='bbox 2027 1754 2309 1811; x_wconf 88' lang='lat' dir='ltr'><strong>novissima</strong></span> <span class='ocrx_word' id='word_1_666' title='bbox 2330 1760 2476 1828; x_wconf 89' lang='lat' dir='ltr'><strong>tuba,</strong></span> <span class='ocrx_word' id='word_1_667' title='bbox 2500 1763 2552 1819; x_wconf 90' lang='lat' dir='ltr'><strong>in</strong></span> <span class='ocrx_word' id='word_1_668' title='bbox 2570 1765 2809 1831; x_wconf 49' lang='lat' dir='ltr'><strong>adventu,</strong></span> <span class='ocrx_word' id='word_1_669' title='bbox 2821 1749 3051 1843; x_wconf 77' lang='lat' dir='ltr'><strong>Domini,</strong></span> <span class='ocrx_word' id='word_1_670' title='bbox 3069 1787 3123 1832; x_wconf 92' lang='lat' dir='ltr'><strong>et</strong></span> <span class='ocrx_word' id='word_1_671' title='bbox 3143 1782 3337 1836; x_wconf 87' lang='lat' dir='ltr'><strong>mortui</strong></span> <span class='ocrx_word' id='word_1_672' title='bbox 3354 1749 3540 1843; x_wconf 55' lang='lat' dir='ltr'><strong>resur-</strong></span> 
     </span>
    </p>
   </div>
   <div class='ocr_carea' id='block_1_79' title="bbox 1954 1845 3563 1949">
    <p class='ocr_par' dir='ltr' id='par_1_79' title="bbox 1954 1845 3563 1949">
     <span class='ocr_line' id='line_1_79' title="bbox 1954 1845 3563 1949; baseline 0.025 -53"><span class='ocrx_word' id='word_1_673' title='bbox 1954 1852 2079 1910; x_wconf 80' lang='lat' dir='ltr'><strong>gent</strong></span> <span class='ocrx_word' id='word_1_674' title='bbox 2108 1845 2417 1921; x_wconf 85' lang='lat' dir='ltr'><strong>incorrupti,</strong></span> <span class='ocrx_word' id='word_1_675' title='bbox 2448 1864 2501 1910; x_wconf 89' lang='lat' dir='ltr'><strong>et</strong></span> <span class='ocrx_word' id='word_1_676' title='bbox 2530 1871 2628 1913; x_wconf 90' lang='lat' dir='ltr'><strong>nos</strong></span> <span class='ocrx_word' id='word_1_677' title='bbox 2662 1858 3066 1923; x_wconf 88' lang='lat' dir='ltr'><strong>immutabimur</strong></span> <span class='ocrx_word' id='word_1_678' title='bbox 3098 1869 3142 1940; x_wconf 86' lang='grc' dir='ltr'><strong>(ι</strong></span> <span class='ocrx_word' id='word_1_679' title='bbox 3169 1870 3287 1929; x_wconf 81' lang='lat' dir='ltr'><strong>Cor.</strong></span> <span class='ocrx_word' id='word_1_680' title='bbox 3311 1891 3397 1942; x_wconf 82' lang='lat' dir='ltr'><strong>xv,</strong></span> <span class='ocrx_word' id='word_1_681' title='bbox 3422 1877 3563 1949; x_wconf 78' lang='grc'><strong>52).-</strong></span> 
     </span>
    </p>
   </div>
   <div class='ocr_carea' id='block_1_80' title="bbox 1953 1934 3535 2039">
    <p class='ocr_par' dir='ltr' id='par_1_80' title="bbox 1953 1934 3535 2039">
     <span class='ocr_line' id='line_1_80' title="bbox 1953 1934 3535 2039; baseline 0.025 -51"><span class='ocrx_word' id='word_1_682' title='bbox 1953 1934 2066 1991; x_wconf 88' lang='lat' dir='ltr'><strong>Erit</strong></span> <span class='ocrx_word' id='word_1_683' title='bbox 2098 1937 2199 1995; x_wconf 87' lang='lat' dir='ltr'><strong>hoc</strong></span> <span class='ocrx_word' id='word_1_684' title='bbox 2223 1943 2429 2013; x_wconf 77' lang='lat' dir='ltr'><strong>signum</strong></span> <span class='ocrx_word' id='word_1_685' title='bbox 2460 1948 2512 2003; x_wconf 91' lang='lat' dir='ltr'><strong>in</strong></span> <span class='ocrx_word' id='word_1_686' title='bbox 2537 1949 2697 2009; x_wconf 91' lang='lat' dir='ltr'><strong>bono.</strong></span> <span class='ocrx_word' id='word_1_687' title='bbox 2728 1953 2840 2010; x_wconf 88' lang='lat' dir='ltr'><strong>Fac</strong></span> <span class='ocrx_word' id='word_1_688' title='bbox 2867 1974 3060 2015; x_wconf 88' lang='lat' dir='ltr'><strong>mecum</strong></span> <span class='ocrx_word' id='word_1_689' title='bbox 3084 1964 3284 2035; x_wconf 85' lang='lat' dir='ltr'><strong>signum</strong></span> <span class='ocrx_word' id='word_1_690' title='bbox 3311 1964 3373 2023; x_wconf 71' lang='lat' dir='ltr'><strong>in</strong></span> <span class='ocrx_word' id='word_1_691' title='bbox 3384 1934 3535 2039; x_wconf 79' lang='lat' dir='ltr'><strong>bono,</strong></span> 
     </span>
    </p>
   </div>
   <div class='ocr_carea' id='block_1_81' title="bbox 1950 2028 3535 2128">
    <p class='ocr_par' dir='ltr' id='par_1_81' title="bbox 1950 2028 3535 2128">
     <span class='ocr_line' id='line_1_81' title="bbox 1950 2028 3535 2128; baseline 0.026 -50"><span class='ocrx_word' id='word_1_692' title='bbox 1950 2035 2007 2079; x_wconf 90' lang='lat' dir='ltr'><strong>ut</strong></span> <span class='ocrx_word' id='word_1_693' title='bbox 2034 2028 2233 2085; x_wconf 83' lang='lat' dir='ltr'><strong>videant</strong></span> <span class='ocrx_word' id='word_1_694' title='bbox 2257 2034 2345 2103; x_wconf 88' lang='lat' dir='ltr'><strong>qui</strong></span> <span class='ocrx_word' id='word_1_695' title='bbox 2369 2052 2449 2091; x_wconf 90' lang='lat' dir='ltr'><strong>me</strong></span> <span class='ocrx_word' id='word_1_696' title='bbox 2472 2039 2706 2109; x_wconf 87' lang='lat' dir='ltr'><strong>oderunt,</strong></span> <span class='ocrx_word' id='word_1_697' title='bbox 2735 2054 2782 2098; x_wconf 86' lang='lat' dir='ltr'><strong>et</strong></span> <span class='ocrx_word' id='word_1_698' title='bbox 2810 2028 3211 2121; x_wconf 68' lang='lat' dir='ltr'><strong>confundantur.</strong></span> <span class='ocrx_word' id='word_1_699' title='bbox 3253 2056 3312 2112; x_wconf 85' lang='lat' dir='ltr'><strong>In</strong></span> <span class='ocrx_word' id='word_1_700' title='bbox 3333 2028 3535 2128; x_wconf 67' lang='lat' dir='ltr'><strong>judicid</strong></span> 
     </span>
    </p>
   </div>
   <div class='ocr_carea' id='block_1_82' title="bbox 1950 2116 3535 2207">
    <p class='ocr_par' dir='ltr' id='par_1_82' title="bbox 1950 2116 3535 2207">
     <span class='ocr_line' id='line_1_82' title="bbox 1950 2116 3535 2207; baseline 0.025 -39"><span class='ocrx_word' id='word_1_701' title='bbox 1950 2116 2339 2207; x_wconf 76' lang='lat' dir='ltr'><strong>confundantur</strong></span> <span class='ocrx_word' id='word_1_702' title='bbox 2368 2129 2682 2198; x_wconf 87' lang='lat' dir='ltr'><strong>perniciose,</strong></span> <span class='ocrx_word' id='word_1_703' title='bbox 2711 2135 2803 2204; x_wconf 90' lang='lat' dir='ltr'><strong>qui</strong></span> <span class='ocrx_word' id='word_1_704' title='bbox 2831 2137 2848 2195; x_wconf 61' lang='grc' dir='ltr'><strong>ι</strong></span> <span class='ocrx_word' id='word_1_705' title='bbox 2887 2116 3047 2197; x_wconf 86' lang='lat' dir='ltr'><strong>modo</strong></span> <span class='ocrx_word' id='word_1_706' title='bbox 3072 2144 3258 2201; x_wconf 87' lang='lat' dir='ltr'><strong>uolunt</strong></span> <span class='ocrx_word' id='word_1_707' title='bbox 3281 2116 3535 2207; x_wconf 68' lang='lat' dir='ltr'><strong>cdnfundi</strong></span> 
     </span>
    </p>
   </div>
   <div class='ocr_carea' id='block_1_83' title="bbox 1948 2206 3553 2300">
    <p class='ocr_par' dir='ltr' id='par_1_83' title="bbox 1948 2206 3553 2300">
     <span class='ocr_line' id='line_1_83' title="bbox 1948 2206 3553 2300; baseline 0.024 -39"><span class='ocrx_word' id='word_1_708' title='bbox 1948 2206 2249 2266; x_wconf 86' lang='lat' dir='ltr'><strong>salubriter.</strong></span> <span class='ocrx_word' id='word_1_709' title='bbox 2297 2214 2454 2272; x_wconf 80' lang='lat' dir='ltr'><strong>Modo</strong></span> <span class='ocrx_word' id='word_1_710' title='bbox 2493 2224 3088 2300; x_wconf 80' lang='lat' dir='ltr'><strong>ergoconfundantur;</strong></span> <span class='ocrx_word' id='word_1_711' title='bbox 3144 2248 3394 2295; x_wconf 87' lang='lat' dir='ltr'><strong>accusent</strong></span> <span class='ocrx_word' id='word_1_712' title='bbox 3421 2243 3553 2298; x_wconf 75' lang='lat' dir='ltr'><strong>vias‘</strong></span> 
     </span>
    </p>
   </div>
   <div class='ocr_carea' id='block_1_84' title="bbox 1945 2302 3528 2391">
    <p class='ocr_par' dir='ltr' id='par_1_84' title="bbox 1945 2302 3528 2391">
     <span class='ocr_line' id='line_1_84' title="bbox 1945 2302 3528 2391; baseline 0.026 -41"><span class='ocrx_word' id='word_1_713' title='bbox 1945 2309 2069 2354; x_wconf 87' lang='lat' dir='ltr'><strong>suas</strong></span> <span class='ocrx_word' id='word_1_714' title='bbox 2092 2302 2281 2371; x_wconf 91' lang='lat' dir='ltr'><strong>malas,</strong></span> <span class='ocrx_word' id='word_1_715' title='bbox 2301 2313 2516 2364; x_wconf 90' lang='lat' dir='ltr'><strong>teneant</strong></span> <span class='ocrx_word' id='word_1_716' title='bbox 2542 2312 2677 2368; x_wconf 88' lang='lat' dir='ltr'><strong>viam</strong></span> <span class='ocrx_word' id='word_1_717' title='bbox 2695 2314 2889 2373; x_wconf 92' lang='lat' dir='ltr'><strong>bonam</strong></span> <span class='ocrx_word' id='word_1_718' title='bbox 2916 2337 2929 2373; x_wconf 89' lang='lat'><strong>:</strong></span> <span class='ocrx_word' id='word_1_719' title='bbox 2961 2322 3081 2391; x_wconf 91' lang='lat' dir='ltr'><strong>quia</strong></span> <span class='ocrx_word' id='word_1_720' title='bbox 3109 2340 3265 2383; x_wconf 90' lang='lat' dir='ltr'><strong>nemo</strong></span> <span class='ocrx_word' id='word_1_721' title='bbox 3287 2340 3528 2390; x_wconf 88' lang='lat' dir='ltr'><strong>nostrum</strong></span> 
     </span>
    </p>
   </div>
   <div class='ocr_carea' id='block_1_85' title="bbox 1946 2387 3526 2482">
    <p class='ocr_par' dir='ltr' id='par_1_85' title="bbox 1946 2387 3526 2482">
     <span class='ocr_line' id='line_1_85' title="bbox 1946 2387 3526 2482; baseline 0.026 -42"><span class='ocrx_word' id='word_1_722' title='bbox 1946 2387 2073 2444; x_wconf 88' lang='lat' dir='ltr'><strong>vivit</strong></span> <span class='ocrx_word' id='word_1_723' title='bbox 2099 2392 2214 2449; x_wconf 87' lang='lat' dir='ltr'><strong>sine</strong></span> <span class='ocrx_word' id='word_1_724' title='bbox 2231 2396 2563 2465; x_wconf 87' lang='lat' dir='ltr'><strong>confusione,</strong></span> <span class='ocrx_word' id='word_1_725' title='bbox 2596 2404 2698 2460; x_wconf 90' lang='lat' dir='ltr'><strong>nisi</strong></span> <span class='ocrx_word' id='word_1_726' title='bbox 2722 2390 2743 2438; x_wconf 59' lang='grc'><strong>⁵</strong></span> <span class='ocrx_word' id='word_1_727' title='bbox 2775 2409 2922 2478; x_wconf 89' lang='lat' dir='ltr'><strong>prius</strong></span> <span class='ocrx_word' id='word_1_728' title='bbox 2944 2413 3198 2473; x_wconf 80' lang='lat' dir='ltr'><strong>confusus</strong></span> <span class='ocrx_word' id='word_1_729' title='bbox 3223 2422 3526 2482; x_wconf 88' lang='lat' dir='ltr'><strong>reviviscat.</strong></span> 
     </span>
    </p>
   </div>
   <div class='ocr_carea' id='block_1_86' title="bbox 1944 2476 3527 2583">
    <p class='ocr_par' dir='ltr' id='par_1_86' title="bbox 1944 2476 3527 2583">
     <span class='ocr_line' id='line_1_86' title="bbox 1944 2476 3527 2583; baseline 0.026 -52"><span class='ocrx_word' id='word_1_730' title='bbox 1944 2476 2154 2580; x_wconf 75' lang='lat' dir='ltr'><strong>Praebet</strong></span> <span class='ocrx_word' id='word_1_731' title='bbox 2179 2484 2283 2540; x_wconf 91' lang='lat' dir='ltr'><strong>illis</strong></span> <span class='ocrx_word' id='word_1_732' title='bbox 2310 2487 2453 2545; x_wconf 88' lang='lat' dir='ltr'><strong>Deus</strong></span> <span class='ocrx_word' id='word_1_733' title='bbox 2480 2493 2641 2548; x_wconf 90' lang='lat' dir='ltr'><strong>modo</strong></span> <span class='ocrx_word' id='word_1_734' title='bbox 2669 2476 2869 2554; x_wconf 81' lang='lat' dir='ltr'><strong>aditum</strong></span> <span class='ocrx_word' id='word_1_735' title='bbox 2914 2503 3144 2562; x_wconf 89' lang='lat' dir='ltr'><strong>salubris</strong></span> <span class='ocrx_word' id='word_1_736' title='bbox 3181 2476 3527 2583; x_wconf 70' lang='lat' dir='ltr'><strong>confusionis,</strong></span> 
     </span>
    </p>
   </div>
   <div class='ocr_carea' id='block_1_87' title="bbox 1942 2567 3526 2663">
    <p class='ocr_par' dir='ltr' id='par_1_87' title="bbox 1942 2567 3526 2663">
     <span class='ocr_line' id='line_1_87' title="bbox 1942 2567 3526 2663; baseline 0.027 -42"><span class='ocrx_word' id='word_1_737' title='bbox 1942 2567 1986 2622; x_wconf 90' lang='lat' dir='ltr'><strong>si</strong></span> <span class='ocrx_word' id='word_1_738' title='bbox 2017 2584 2123 2627; x_wconf 88' lang='lat' dir='ltr'><strong>non</strong></span> <span class='ocrx_word' id='word_1_739' title='bbox 2151 2584 2495 2636; x_wconf 87' lang='lat' dir='ltr'><strong>contemnant</strong></span> <span class='ocrx_word' id='word_1_740' title='bbox 2521 2583 2839 2643; x_wconf 90' lang='lat' dir='ltr'><strong>medicinam</strong></span> <span class='ocrx_word' id='word_1_741' title='bbox 2867 2591 3217 2654; x_wconf 88' lang='lat' dir='ltr'><strong>confessionis</strong></span> <span class='ocrx_word' id='word_1_742' title='bbox 3246 2602 3329 2657; x_wconf 87' lang='lat' dir='ltr'><strong>:si</strong></span> <span class='ocrx_word' id='word_1_743' title='bbox 3348 2613 3526 2663; x_wconf 90' lang='lat' dir='ltr'><strong>autem</strong></span> 
     </span>
    </p>
   </div>
   <div class='ocr_carea' id='block_1_88' title="bbox 1945 2661 3528 2763">
    <p class='ocr_par' dir='ltr' id='par_1_88' title="bbox 1945 2661 3528 2763">
     <span class='ocr_line' id='line_1_88' title="bbox 1945 2661 3528 2763; baseline 0.025 -50"><span class='ocrx_word' id='word_1_744' title='bbox 1945 2661 2106 2717; x_wconf 92' lang='lat' dir='ltr'><strong>modo</strong></span> <span class='ocrx_word' id='word_1_745' title='bbox 2149 2665 2337 2723; x_wconf 90' lang='lat' dir='ltr'><strong>nolunt</strong></span> <span class='ocrx_word' id='word_1_746' title='bbox 2376 2670 2649 2742; x_wconf 88' lang='lat' dir='ltr'><strong>confundi,</strong></span> <span class='ocrx_word' id='word_1_747' title='bbox 2701 2685 2825 2735; x_wconf 91' lang='lat' dir='ltr'><strong>tunc</strong></span> <span class='ocrx_word' id='word_1_748' title='bbox 2860 2683 3272 2758; x_wconf 85' lang='lat' dir='ltr'><strong>confundeutur,</strong></span> <span class='ocrx_word' id='word_1_749' title='bbox 3313 2661 3528 2763; x_wconf 86' lang='lat' dir='ltr'><strong>quando</strong></span> 
     </span>
    </p>
   </div>
   <div class='ocr_carea' id='block_1_89' title="bbox 1938 2748 3522 2853">
    <p class='ocr_par' dir='ltr' id='par_1_89' title="bbox 1938 2748 3522 2853">
     <span class='ocr_line' id='line_1_89' title="bbox 1938 2748 3522 2853; baseline 0.024 -50"><span class='ocrx_word' id='word_1_750' title='bbox 1938 2748 2203 2809; x_wconf 88' lang='lat' dir='ltr'><strong>deducent</strong></span> <span class='ocrx_word' id='word_1_751' title='bbox 2236 2771 2330 2811; x_wconf 90' lang='lat' dir='ltr'><strong>eos</strong></span> <span class='ocrx_word' id='word_1_752' title='bbox 2369 2774 2436 2814; x_wconf 81' lang='lat' dir='ltr'><strong>ex</strong></span> <span class='ocrx_word' id='word_1_753' title='bbox 2461 2761 2687 2820; x_wconf 88' lang='lat' dir='ltr'><strong>adverso</strong></span> <span class='ocrx_word' id='word_1_754' title='bbox 2713 2766 3017 2840; x_wconf 89' lang='lat' dir='ltr'><strong>iniquitates</strong></span> <span class='ocrx_word' id='word_1_755' title='bbox 3044 2790 3228 2833; x_wconf 89' lang='lat' dir='ltr'><strong>eorum</strong></span> <span class='ocrx_word' id='word_1_756' title='bbox 3256 2748 3522 2853; x_wconf 29' lang='lat' dir='ltr'><strong>&#39;(Sapriv,</strong></span> 
     </span>
    </p>
   </div>
   <div class='ocr_carea' id='block_1_90' title="bbox 1936 2839 3524 2936">
    <p class='ocr_par' dir='ltr' id='par_1_90' title="bbox 1936 2839 3524 2936">
     <span class='ocr_line' id='line_1_90' title="bbox 1936 2839 3524 2936; baseline 0.023 -42"><span class='ocrx_word' id='word_1_757' title='bbox 1936 2839 2052 2910; x_wconf 87' lang='grc'><strong>20).</strong></span> <span class='ocrx_word' id='word_1_758' title='bbox 2084 2842 2362 2911; x_wconf 84' lang='lat' dir='ltr'><strong>Quomodo</strong></span> <span class='ocrx_word' id='word_1_759' title='bbox 2388 2839 2818 2913; x_wconf 70' lang='lat' dir='ltr'><strong>conlundenturfl</strong></span> <span class='ocrx_word' id='word_1_760' title='bbox 2842 2860 3064 2928; x_wconf 87' lang='lat' dir='ltr'><strong>Quando</strong></span> <span class='ocrx_word' id='word_1_761' title='bbox 3087 2839 3285 2936; x_wconf 55' lang='lat' dir='ltr'><strong>dicent;</strong></span> <span class='ocrx_word' id='word_1_762' title='bbox 3313 2839 3387 2927; x_wconf 71' lang='lat' dir='ltr'><strong>Hi</strong></span> 
     </span>
    </p>
   </div>
   <div class='ocr_carea' id='block_1_91' title="bbox 1935 2936 3524 3020">
    <p class='ocr_par' dir='ltr' id='par_1_91' title="bbox 1935 2936 3524 3020">
     <span class='ocr_line' id='line_1_91' title="bbox 1935 2936 3524 3020; baseline 0.022 -35"><span class='ocrx_word' id='word_1_763' title='bbox 1935 2950 2059 3004; x_wconf 88' lang='lat' dir='ltr'><strong>quos</strong></span> <span class='ocrx_word' id='word_1_764' title='bbox 2083 2936 2358 3009; x_wconf 85' lang='lat' dir='ltr'><strong>aliquando</strong></span> <span class='ocrx_word' id='word_1_765' title='bbox 2383 2940 2647 3000; x_wconf 84' lang='lat' dir='ltr'><strong>habuimus</strong></span> <span class='ocrx_word' id='word_1_766' title='bbox 2677 2948 2730 3002; x_wconf 90' lang='lat' dir='ltr'><strong>in</strong></span> <span class='ocrx_word' id='word_1_767' title='bbox 2773 2950 2933 3006; x_wconf 89' lang='lat' dir='ltr'><strong>risum</strong></span> <span class='ocrx_word' id='word_1_768' title='bbox 2965 2962 3013 3008; x_wconf 88' lang='lat' dir='ltr'><strong>et</strong></span> <span class='ocrx_word' id='word_1_769' title='bbox 3047 2956 3100 3010; x_wconf 91' lang='lat' dir='ltr'><strong>in</strong></span> <span class='ocrx_word' id='word_1_770' title='bbox 3142 2959 3524 3020; x_wconf 85' lang='lat' dir='ltr'><strong>similitudinem</strong></span> 
     </span>
    </p>
   </div>
   <div class='ocr_carea' id='block_1_92' title="bbox 1934 3027 3522 3113">
    <p class='ocr_par' dir='ltr' id='par_1_92' title="bbox 1934 3027 3522 3113">
     <span class='ocr_line' id='line_1_92' title="bbox 1934 3027 3522 3113; baseline 0.02 -32"><span class='ocrx_word' id='word_1_771' title='bbox 1934 3027 2246 3100; x_wconf 85' lang='lat' dir='ltr'><strong>improperii.</strong></span> <span class='ocrx_word' id='word_1_772' title='bbox 2270 3031 2383 3089; x_wconf 90' lang='lat' dir='ltr'><strong>Nos</strong></span> <span class='ocrx_word' id='word_1_773' title='bbox 2410 3034 2652 3093; x_wconf 84' lang='lat' dir='ltr'><strong>insensnti</strong></span> <span class='ocrx_word' id='word_1_774' title='bbox 2671 3042 2822 3096; x_wconf 84' lang='lat' dir='ltr'><strong>vitam</strong></span> <span class='ocrx_word' id='word_1_775' title='bbox 2844 3060 3017 3101; x_wconf 82' lang='lat' dir='ltr'><strong>eorum</strong></span> <span class='ocrx_word' id='word_1_776' title='bbox 3043 3050 3417 3111; x_wconf 74' lang='lat' dir='ltr'><strong>wstimabamus</strong></span> <span class='ocrx_word' id='word_1_777' title='bbox 3441 3059 3522 3113; x_wconf 85' lang='lat' dir='ltr'><strong>in-</strong></span> 
     </span>
    </p>
   </div>
   <div class='ocr_carea' id='block_1_93' title="bbox 1934 3120 3521 3216">
    <p class='ocr_par' dir='ltr' id='par_1_93' title="bbox 1934 3120 3521 3216">
     <span class='ocr_line' id='line_1_93' title="bbox 1934 3120 3521 3216; baseline 0.019 -42"><span class='ocrx_word' id='word_1_778' title='bbox 1934 3120 2130 3175; x_wconf 87' lang='lat' dir='ltr'><strong>saniam</strong></span> <span class='ocrx_word' id='word_1_779' title='bbox 2155 3137 2175 3176; x_wconf 90' lang='lat'><strong><em>:</em></strong></span> <span class='ocrx_word' id='word_1_780' title='bbox 2201 3124 2452 3193; x_wconf 89' lang='lat' dir='ltr'><strong>quomodo</strong></span> <span class='ocrx_word' id='word_1_781' title='bbox 2477 3132 2751 3200; x_wconf 87' lang='lat' dir='ltr'><strong>computati</strong></span> <span class='ocrx_word' id='word_1_782' title='bbox 2775 3144 2894 3188; x_wconf 88' lang='lat' dir='ltr'><strong>sunt</strong></span> <span class='ocrx_word' id='word_1_783' title='bbox 2914 3137 3044 3192; x_wconf 88' lang='lat' dir='ltr'><strong>inter</strong></span> <span class='ocrx_word' id='word_1_784' title='bbox 3061 3122 3197 3208; x_wconf 74' lang='lat' dir='ltr'><strong>ﬁlios</strong></span> <span class='ocrx_word' id='word_1_785' title='bbox 3210 3142 3309 3199; x_wconf 86' lang='lat' dir='ltr'><strong>Dei</strong></span> <span class='ocrx_word' id='word_1_786' title='bbox 3329 3146 3356 3199; x_wconf 66' lang='grc' dir='ltr'><em>ἲ</em></span> <span class='ocrx_word' id='word_1_787' title='bbox 3382 3147 3521 3216; x_wconf 82' lang='lat' dir='ltr'><strong>Quid</strong></span> 
     </span>
    </p>
   </div>
   <div class='ocr_carea' id='block_1_94' title="bbox 1933 3210 3518 3306">
    <p class='ocr_par' dir='ltr' id='par_1_94' title="bbox 1933 3210 3518 3306">
     <span class='ocr_line' id='line_1_94' title="bbox 1933 3210 3518 3306; baseline 0.02 -43"><span class='ocrx_word' id='word_1_788' title='bbox 1933 3210 2074 3265; x_wconf 90' lang='lat' dir='ltr'><strong>nobis</strong></span> <span class='ocrx_word' id='word_1_789' title='bbox 2097 3214 2289 3285; x_wconf 78' lang='lat' dir='ltr'><strong>profuit</strong></span> <span class='ocrx_word' id='word_1_790' title='bbox 2309 3218 2583 3286; x_wconf 84' lang='lat' dir='ltr'><strong>superbia?</strong></span> <span class='ocrx_word' id='word_1_791' title='bbox 2626 3220 2775 3279; x_wconf 87' lang='lat' dir='ltr'><strong>Tunc</strong></span> <span class='ocrx_word' id='word_1_792' title='bbox 2800 3223 2977 3281; x_wconf 89' lang='lat' dir='ltr'><strong>dicent</strong></span> <span class='ocrx_word' id='word_1_793' title='bbox 3005 3245 3018 3281; x_wconf 92' lang='lat'><strong>:</strong></span> <span class='ocrx_word' id='word_1_794' title='bbox 3052 3231 3211 3287; x_wconf 89' lang='lat' dir='ltr'><strong>modo</strong></span> <span class='ocrx_word' id='word_1_795' title='bbox 3235 3210 3434 3306; x_wconf 66' lang='lat' dir='ltr'><strong>dicant,</strong></span> <span class='ocrx_word' id='word_1_796' title='bbox 3462 3251 3518 3294; x_wconf 90' lang='lat' dir='ltr'><strong>et</strong></span> 
     </span>
    </p>
   </div>
   <div class='ocr_carea' id='block_1_95' title="bbox 1932 3301 3512 3395">
    <p class='ocr_par' dir='ltr' id='par_1_95' title="bbox 1932 3301 3512 3395">
     <span class='ocr_line' id='line_1_95' title="bbox 1932 3301 3512 3395; baseline 0.02 -42"><span class='ocrx_word' id='word_1_797' title='bbox 1932 3301 2213 3359; x_wconf 89' lang='lat' dir='ltr'><strong>salubriter</strong></span> <span class='ocrx_word' id='word_1_798' title='bbox 2239 3303 2441 3361; x_wconf 86' lang='lat' dir='ltr'><strong>dicunt.</strong></span> <span class='ocrx_word' id='word_1_799' title='bbox 2486 3308 2839 3367; x_wconf 88' lang='lat' dir='ltr'><strong>Convertatur</strong></span> <span class='ocrx_word' id='word_1_800' title='bbox 2876 3317 3017 3372; x_wconf 89' lang='lat' dir='ltr'><strong>enim</strong></span> <span class='ocrx_word' id='word_1_801' title='bbox 3060 3301 3430 3395; x_wconf 27' lang='lat' dir='ltr'><strong>unusquisque.</strong></span> <span class='ocrx_word' id='word_1_802' title='bbox 3444 3329 3512 3384; x_wconf 89' lang='lat' dir='ltr'><strong>ad</strong></span> 
     </span>
    </p>
   </div>
   <div class='ocr_carea' id='block_1_96' title="bbox 1931 3390 3514 3483">
    <p class='ocr_par' dir='ltr' id='par_1_96' title="bbox 1931 3390 3514 3483">
     <span class='ocr_line' id='line_1_96' title="bbox 1931 3390 3514 3483; baseline 0.02 -39"><span class='ocrx_word' id='word_1_803' title='bbox 1931 3390 2098 3447; x_wconf 89' lang='lat' dir='ltr'><strong>Deum</strong></span> <span class='ocrx_word' id='word_1_804' title='bbox 2134 3392 2367 3461; x_wconf 83' lang='lat' dir='ltr'><strong>humilis,</strong></span> <span class='ocrx_word' id='word_1_805' title='bbox 2400 3406 2453 3453; x_wconf 91' lang='lat' dir='ltr'><strong>et</strong></span> <span class='ocrx_word' id='word_1_806' title='bbox 2483 3400 2641 3473; x_wconf 89' lang='lat' dir='ltr'><strong>modo</strong></span> <span class='ocrx_word' id='word_1_807' title='bbox 2674 3401 2838 3471; x_wconf 88' lang='lat' dir='ltr'><strong>dicat,</strong></span> <span class='ocrx_word' id='word_1_808' title='bbox 2876 3406 3010 3475; x_wconf 83' lang='lat' dir='ltr'><strong>Quid</strong></span> <span class='ocrx_word' id='word_1_809' title='bbox 3038 3410 3167 3466; x_wconf 90' lang='lat' dir='ltr'><strong>mihi</strong></span> <span class='ocrx_word' id='word_1_810' title='bbox 3194 3390 3390 3483; x_wconf 75' lang='lat' dir='ltr'><strong>profuit</strong></span> <span class='ocrx_word' id='word_1_811' title='bbox 3419 3434 3514 3474; x_wconf 86' lang='lat' dir='ltr'><strong>su-</strong></span> 
     </span>
    </p>
   </div>
   <div class='ocr_carea' id='block_1_97' title="bbox 1932 3482 3513 3576">
    <p class='ocr_par' dir='ltr' id='par_1_97' title="bbox 1932 3482 3513 3576">
     <span class='ocr_line' id='line_1_97' title="bbox 1932 3482 3513 3576; baseline 0.019 -41"><span class='ocrx_word' id='word_1_812' title='bbox 1932 3482 2152 3551; x_wconf 86' lang='lat' dir='ltr'><strong>perbia?</strong></span> <span class='ocrx_word' id='word_1_813' title='bbox 2179 3494 2234 3540; x_wconf 90' lang='lat' dir='ltr'><strong>et</strong></span> <span class='ocrx_word' id='word_1_814' title='bbox 2270 3486 2449 3543; x_wconf 90' lang='lat' dir='ltr'><strong>audiat</strong></span> <span class='ocrx_word' id='word_1_815' title='bbox 2496 3490 2563 3545; x_wconf 91' lang='lat' dir='ltr'><strong>ab</strong></span> <span class='ocrx_word' id='word_1_816' title='bbox 2588 3492 2863 3561; x_wconf 88' lang='lat' dir='ltr'><strong>Apostolo,</strong></span> <span class='ocrx_word' id='word_1_817' title='bbox 2912 3497 3076 3565; x_wconf 86' lang='lat' dir='ltr'><strong>Quam</strong></span> <span class='ocrx_word' id='word_1_818' title='bbox 3119 3482 3253 3558; x_wconf 86' lang='lat' dir='ltr'><strong>enim</strong></span> <span class='ocrx_word' id='word_1_819' title='bbox 3297 3508 3513 3576; x_wconf 75' lang='lat' dir='ltr'><strong>gloriam</strong></span> 
     </span>
    </p>
   </div>
   <div class='ocr_carea' id='block_1_98' title="bbox 1931 3570 3505 3667">
    <p class='ocr_par' dir='ltr' id='par_1_98' title="bbox 1931 3570 3505 3667">
     <span class='ocr_line' id='line_1_98' title="bbox 1931 3570 3505 3667; baseline 0.021 -45"><span class='ocrx_word' id='word_1_820' title='bbox 1931 3570 2173 3651; x_wconf 84' lang='lat' dir='ltr'><strong>habuistis</strong></span> <span class='ocrx_word' id='word_1_821' title='bbox 2211 3575 2264 3628; x_wconf 88' lang='lat' dir='ltr'><strong>in</strong></span> <span class='ocrx_word' id='word_1_822' title='bbox 2302 3576 2409 3645; x_wconf 87' lang='lat' dir='ltr'><strong>his,</strong></span> <span class='ocrx_word' id='word_1_823' title='bbox 2450 3579 2502 3632; x_wconf 90' lang='lat' dir='ltr'><strong>in</strong></span> <span class='ocrx_word' id='word_1_824' title='bbox 2528 3580 2705 3649; x_wconf 84' lang='lat' dir='ltr'><strong>quibus</strong></span> <span class='ocrx_word' id='word_1_825' title='bbox 2740 3601 2872 3639; x_wconf 87' lang='lat' dir='ltr'><strong>nunc</strong></span> <span class='ocrx_word' id='word_1_826' title='bbox 2900 3589 3187 3648; x_wconf 85' lang='lat' dir='ltr'><strong>erubescitis</strong></span> <span class='ocrx_word' id='word_1_827' title='bbox 3225 3570 3399 3667; x_wconf 75' lang='lat' dir='ltr'><strong>(Rom.</strong></span> <span class='ocrx_word' id='word_1_828' title='bbox 3434 3616 3505 3663; x_wconf 83' lang='lat' dir='ltr'><strong>Vi,</strong></span> 
     </span>
    </p>
   </div>
   <div class='ocr_carea' id='block_1_99' title="bbox 1928 3661 3510 3748">
    <p class='ocr_par' dir='ltr' id='par_1_99' title="bbox 1928 3661 3510 3748">
     <span class='ocr_line' id='line_1_99' title="bbox 1928 3661 3510 3748; baseline 0.021 -34"><span class='ocrx_word' id='word_1_829' title='bbox 1928 3661 2058 3733; x_wconf 75' lang='lat'><strong>21)?</strong></span> <span class='ocrx_word' id='word_1_830' title='bbox 2097 3663 2299 3721; x_wconf 85' lang='lat' dir='ltr'><strong>Videtis</strong></span> <span class='ocrx_word' id='word_1_831' title='bbox 2328 3682 2446 3724; x_wconf 90' lang='lat' dir='ltr'><strong>esse</strong></span> <span class='ocrx_word' id='word_1_832' title='bbox 2479 3679 2532 3725; x_wconf 88' lang='lat' dir='ltr'><strong>et</strong></span> <span class='ocrx_word' id='word_1_833' title='bbox 2577 3675 2736 3729; x_wconf 89' lang='lat' dir='ltr'><strong>modo</strong></span> <span class='ocrx_word' id='word_1_834' title='bbox 2759 3679 3123 3739; x_wconf 76' lang='lat' dir='ltr'><strong>confusionem</strong></span> <span class='ocrx_word' id='word_1_835' title='bbox 3160 3661 3426 3746; x_wconf 83' lang='lat' dir='ltr'><strong>salubrem</strong></span> <span class='ocrx_word' id='word_1_836' title='bbox 3454 3693 3510 3748; x_wconf 87' lang='lat' dir='ltr'><strong>iu</strong></span> 
     </span>
    </p>
   </div>
   <div class='ocr_carea' id='block_1_100' title="bbox 1930 3751 3509 3848">
    <p class='ocr_par' dir='ltr' id='par_1_100' title="bbox 1930 3751 3509 3848">
     <span class='ocr_line' id='line_1_100' title="bbox 1930 3751 3509 3848; baseline 0.021 -42"><span class='ocrx_word' id='word_1_837' title='bbox 1930 3751 2049 3808; x_wconf 89' lang='lat' dir='ltr'><strong>loco</strong></span> <span class='ocrx_word' id='word_1_838' title='bbox 2080 3757 2446 3826; x_wconf 75' lang='lat' dir='ltr'><strong>pmnitentizc;</strong></span> <span class='ocrx_word' id='word_1_839' title='bbox 2500 3772 2623 3820; x_wconf 91' lang='lat' dir='ltr'><strong>tunc</strong></span> <span class='ocrx_word' id='word_1_840' title='bbox 2667 3775 2844 3823; x_wconf 89' lang='lat' dir='ltr'><strong>autem</strong></span> <span class='ocrx_word' id='word_1_841' title='bbox 2882 3785 3076 3840; x_wconf 87' lang='lat' dir='ltr'><strong>seram,</strong></span> <span class='ocrx_word' id='word_1_842' title='bbox 3115 3776 3375 3848; x_wconf 87' lang='lat' dir='ltr'><strong>inutilem,</strong></span> <span class='ocrx_word' id='word_1_843' title='bbox 3424 3784 3509 3839; x_wconf 91' lang='lat' dir='ltr'><strong>in-</strong></span> 
     </span>
    </p>
   </div>
   <div class='ocr_carea' id='block_1_101' title="bbox 1928 3843 3510 3940">
    <p class='ocr_par' dir='ltr' id='par_1_101' title="bbox 1928 3843 3510 3940">
     <span class='ocr_line' id='line_1_101' title="bbox 1928 3843 3510 3940; baseline 0.018 -41"><span class='ocrx_word' id='word_1_844' title='bbox 1928 3843 2273 3904; x_wconf 81' lang='lat' dir='ltr'><strong>fructuosam.</strong></span> <span class='ocrx_word' id='word_1_845' title='bbox 2306 3851 2443 3916; x_wconf 81' lang='lat' dir='ltr'><strong>Quid</strong></span> <span class='ocrx_word' id='word_1_846' title='bbox 2476 3854 2617 3910; x_wconf 88' lang='lat' dir='ltr'><strong>nobis</strong></span> <span class='ocrx_word' id='word_1_847' title='bbox 2646 3860 2835 3928; x_wconf 81' lang='lat' dir='ltr'><strong>profuit</strong></span> <span class='ocrx_word' id='word_1_848' title='bbox 2852 3865 3089 3931; x_wconf 85' lang='lat' dir='ltr'><strong>superbia</strong></span> <span class='ocrx_word' id='word_1_849' title='bbox 3111 3868 3138 3919; x_wconf 83' lang='lat'><strong><em>?</em></strong></span> <span class='ocrx_word' id='word_1_850' title='bbox 3163 3880 3250 3921; x_wconf 88' lang='lat' dir='ltr'><strong>aut</strong></span> <span class='ocrx_word' id='word_1_851' title='bbox 3280 3843 3403 3940; x_wconf 85' lang='lat' dir='ltr'><strong>quid</strong></span> <span class='ocrx_word' id='word_1_852' title='bbox 3430 3876 3510 3929; x_wconf 91' lang='lat' dir='ltr'><strong>di-</strong></span> 
     </span>
    </p>
   </div>
   <div class='ocr_carea' id='block_1_102' title="bbox 1927 3939 3507 4019">
    <p class='ocr_par' dir='ltr' id='par_1_102' title="bbox 1927 3939 3507 4019">
     <span class='ocr_line' id='line_1_102' title="bbox 1927 3939 3507 4019; baseline 0.018 -29"><span class='ocrx_word' id='word_1_853' title='bbox 1927 3939 2160 3993; x_wconf 82' lang='lat' dir='ltr'><strong>vitiarum</strong></span> <span class='ocrx_word' id='word_1_854' title='bbox 2195 3943 2447 4011; x_wconf 88' lang='lat' dir='ltr'><strong>jactantia</strong></span> <span class='ocrx_word' id='word_1_855' title='bbox 2485 3949 2693 4002; x_wconf 89' lang='lat' dir='ltr'><strong>contulit</strong></span> <span class='ocrx_word' id='word_1_856' title='bbox 2730 3950 2871 4005; x_wconf 88' lang='lat' dir='ltr'><strong>nobis</strong></span> <span class='ocrx_word' id='word_1_857' title='bbox 2892 3953 2917 4005; x_wconf 72' lang='grc' dir='ltr'><strong>Ξ)</strong></span> <span class='ocrx_word' id='word_1_858' title='bbox 2968 3954 3294 4013; x_wconf 86' lang='lat' dir='ltr'><strong>Transierunt</strong></span> <span class='ocrx_word' id='word_1_859' title='bbox 3336 3967 3507 4019; x_wconf 82' lang='lat' dir='ltr'><strong>omnia</strong></span> 
     </span>
    </p>
   </div>
   <div class='ocr_carea' id='block_1_103' title="bbox 1926 4030 3505 4118">
    <p class='ocr_par' dir='ltr' id='par_1_103' title="bbox 1926 4030 3505 4118">
     <span class='ocr_line' id='line_1_103' title="bbox 1926 4030 3505 4118; baseline 0.018 -38"><span class='ocrx_word' id='word_1_860' title='bbox 1926 4035 2163 4096; x_wconf 87' lang='lat' dir='ltr'><strong>tanquam</strong></span> <span class='ocrx_word' id='word_1_861' title='bbox 2182 4030 2356 4085; x_wconf 90' lang='lat' dir='ltr'><strong>umbra</strong></span> <span class='ocrx_word' id='word_1_862' title='bbox 2378 4032 2531 4105; x_wconf 84' lang='lat' dir='ltr'><strong>(Sap.</strong></span> <span class='ocrx_word' id='word_1_863' title='bbox 2557 4037 2612 4103; x_wconf 86' lang='lat'><strong>5,</strong></span> <span class='ocrx_word' id='word_1_864' title='bbox 2638 4038 2784 4107; x_wconf 78' lang='grc'><strong>5-9).</strong></span> <span class='ocrx_word' id='word_1_865' title='bbox 2811 4040 2947 4107; x_wconf 89' lang='lat' dir='ltr'><strong>Quid</strong></span> <span class='ocrx_word' id='word_1_866' title='bbox 2969 4045 3107 4100; x_wconf 89' lang='lat' dir='ltr'><strong>enim</strong></span> <span class='ocrx_word' id='word_1_867' title='bbox 3128 4047 3386 4118; x_wconf 63' lang='lat' dir='ltr'><strong>iquando</strong></span> <span class='ocrx_word' id='word_1_868' title='bbox 3415 4054 3505 4109; x_wconf 89' lang='lat' dir='ltr'><strong>bie</strong></span> 
     </span>
    </p>
   </div>
   <div class='ocr_carea' id='block_1_104' title="bbox 1927 4117 3505 4209">
    <p class='ocr_par' dir='ltr' id='par_1_104' title="bbox 1927 4117 3505 4209">
     <span class='ocr_line' id='line_1_104' title="bbox 1927 4117 3505 4209; baseline 0.018 -40"><span class='ocrx_word' id='word_1_869' title='bbox 1927 4117 2158 4185; x_wconf 84' lang='lat' dir='ltr'><strong>vivebas,</strong></span> <span class='ocrx_word' id='word_1_870' title='bbox 2187 4136 2294 4175; x_wconf 90' lang='lat' dir='ltr'><strong>non</strong></span> <span class='ocrx_word' id='word_1_871' title='bbox 2321 4123 2536 4179; x_wconf 88' lang='lat' dir='ltr'><strong>videbas</strong></span> <span class='ocrx_word' id='word_1_872' title='bbox 2566 4128 2687 4194; x_wconf 88' lang='lat' dir='ltr'><strong>quia</strong></span> <span class='ocrx_word' id='word_1_873' title='bbox 2716 4132 3042 4188; x_wconf 88' lang='lat' dir='ltr'><strong>transiebant</strong></span> <span class='ocrx_word' id='word_1_874' title='bbox 3066 4136 3164 4190; x_wconf 87' lang='lat' dir='ltr'><strong>ista</strong></span> <span class='ocrx_word' id='word_1_875' title='bbox 3183 4117 3360 4209; x_wconf 89' lang='lat' dir='ltr'><strong>omnia</strong></span> <span class='ocrx_word' id='word_1_876' title='bbox 3388 4150 3505 4197; x_wconf 81' lang='lat' dir='ltr'><strong>tan-</strong></span> 
     </span>
    </p>
   </div>
   <div class='ocr_carea' id='block_1_105' title="bbox 1924 4214 3500 4301">
    <p class='ocr_par' dir='ltr' id='par_1_105' title="bbox 1924 4214 3500 4301">
     <span class='ocr_line' id='line_1_105' title="bbox 1924 4214 3500 4301; baseline 0.016 -37"><span class='ocrx_word' id='word_1_877' title='bbox 1924 4227 2079 4281; x_wconf 89' lang='lat' dir='ltr'><strong>quam</strong></span> <span class='ocrx_word' id='word_1_878' title='bbox 2102 4214 2332 4268; x_wconf 84' lang='lat' dir='ltr'><strong>umbra?</strong></span> <span class='ocrx_word' id='word_1_879' title='bbox 2361 4216 2509 4271; x_wconf 91' lang='lat' dir='ltr'><strong>Tunc</strong></span> <span class='ocrx_word' id='word_1_880' title='bbox 2534 4219 2866 4301; x_wconf 86' lang='lat' dir='ltr'><strong>relinqueres</strong></span> <span class='ocrx_word' id='word_1_881' title='bbox 2896 4227 3154 4295; x_wconf 88' lang='lat' dir='ltr'><strong>umbram,</strong></span> <span class='ocrx_word' id='word_1_882' title='bbox 3195 4240 3249 4285; x_wconf 90' lang='lat' dir='ltr'><strong>et</strong></span> <span class='ocrx_word' id='word_1_883' title='bbox 3273 4247 3421 4290; x_wconf 90' lang='lat' dir='ltr'><strong>esses</strong></span> <span class='ocrx_word' id='word_1_884' title='bbox 3448 4236 3500 4290; x_wconf 91' lang='lat' dir='ltr'><strong>in</strong></span> 
     </span>
    </p>
   </div>
   <div class='ocr_carea' id='block_1_106' title="bbox 1924 4304 3503 4383">
    <p class='ocr_par' dir='ltr' id='par_1_106' title="bbox 1924 4304 3503 4383">
     <span class='ocr_line' id='line_1_106' title="bbox 1924 4304 3503 4383; baseline 0.017 -26"><span class='ocrx_word' id='word_1_885' title='bbox 1924 4304 2076 4371; x_wconf 89' lang='lat' dir='ltr'><strong>luce;</strong></span> <span class='ocrx_word' id='word_1_886' title='bbox 2122 4322 2226 4360; x_wconf 92' lang='lat' dir='ltr'><strong>non</strong></span> <span class='ocrx_word' id='word_1_887' title='bbox 2267 4318 2449 4376; x_wconf 85' lang='lat' dir='ltr'><strong>postea</strong></span> <span class='ocrx_word' id='word_1_888' title='bbox 2504 4310 2731 4380; x_wconf 87' lang='lat' dir='ltr'><strong>diceres,</strong></span> <span class='ocrx_word' id='word_1_889' title='bbox 2786 4314 3118 4375; x_wconf 83' lang='lat' dir='ltr'><strong>Transierunt</strong></span> <span class='ocrx_word' id='word_1_890' title='bbox 3160 4327 3329 4380; x_wconf 90' lang='lat' dir='ltr'><strong>omnia</strong></span> <span class='ocrx_word' id='word_1_891' title='bbox 3368 4329 3503 4383; x_wconf 85' lang='lat' dir='ltr'><strong>velut</strong></span> 
     </span>
    </p>
   </div>
   <div class='ocr_carea' id='block_1_107' title="bbox 1922 4396 3503 4475">
    <p class='ocr_par' dir='ltr' id='par_1_107' title="bbox 1922 4396 3503 4475">
     <span class='ocr_line' id='line_1_107' title="bbox 1922 4396 3503 4475; baseline 0.019 -29"><span class='ocrx_word' id='word_1_892' title='bbox 1922 4396 2118 4462; x_wconf 86' lang='lat' dir='ltr'><strong>umbra,</strong></span> <span class='ocrx_word' id='word_1_893' title='bbox 2166 4397 2375 4467; x_wconf 88' lang='lat' dir='ltr'><strong>quando</strong></span> <span class='ocrx_word' id='word_1_894' title='bbox 2400 4399 2468 4454; x_wconf 89' lang='lat' dir='ltr'><strong>ab</strong></span> <span class='ocrx_word' id='word_1_895' title='bbox 2498 4402 2682 4458; x_wconf 87' lang='lat' dir='ltr'><strong>umbra</strong></span> <span class='ocrx_word' id='word_1_896' title='bbox 2720 4405 2775 4459; x_wconf 92' lang='lat' dir='ltr'><strong>in</strong></span> <span class='ocrx_word' id='word_1_897' title='bbox 2816 4408 3060 4465; x_wconf 76' lang='lat' dir='ltr'><strong>tenebras</strong></span> <span class='ocrx_word' id='word_1_898' title='bbox 3088 4412 3258 4472; x_wconf 91' lang='lat' dir='ltr'><strong>iturus</strong></span> <span class='ocrx_word' id='word_1_899' title='bbox 3280 4433 3359 4473; x_wconf 89' lang='lat' dir='ltr'><strong>es.</strong></span> <span class='ocrx_word' id='word_1_900' title='bbox 3390 4420 3503 4475; x_wconf 88' lang='lat' dir='ltr'><strong>Fac</strong></span> 
     </span>
    </p>
   </div>
   <div class='ocr_carea' id='block_1_108' title="bbox 1921 4489 3501 4580">
    <p class='ocr_par' dir='ltr' id='par_1_108' title="bbox 1921 4489 3501 4580">
     <span class='ocr_line' id='line_1_108' title="bbox 1921 4489 3501 4580; baseline 0.02 -43"><span class='ocrx_word' id='word_1_901' title='bbox 1921 4500 2113 4540; x_wconf 88' lang='lat' dir='ltr'><strong>mecum</strong></span> <span class='ocrx_word' id='word_1_902' title='bbox 2139 4489 2336 4556; x_wconf 79' lang='lat' dir='ltr'><strong>signant</strong></span> <span class='ocrx_word' id='word_1_903' title='bbox 2364 4490 2416 4544; x_wconf 90' lang='lat' dir='ltr'><strong>in</strong></span> <span class='ocrx_word' id='word_1_904' title='bbox 2456 4491 2606 4561; x_wconf 82' lang='lat' dir='ltr'><strong>bona,</strong></span> <span class='ocrx_word' id='word_1_905' title='bbox 2648 4504 2701 4548; x_wconf 88' lang='lat' dir='ltr'><strong>ut</strong></span> <span class='ocrx_word' id='word_1_906' title='bbox 2727 4498 2927 4555; x_wconf 84' lang='lat' dir='ltr'><strong>videant</strong></span> <span class='ocrx_word' id='word_1_907' title='bbox 2947 4502 3034 4571; x_wconf 89' lang='lat' dir='ltr'><strong>qui</strong></span> <span class='ocrx_word' id='word_1_908' title='bbox 3068 4520 3149 4560; x_wconf 83' lang='lat' dir='ltr'><strong>me</strong></span> <span class='ocrx_word' id='word_1_909' title='bbox 3171 4510 3405 4580; x_wconf 87' lang='lat' dir='ltr'><strong>oderunt,</strong></span> <span class='ocrx_word' id='word_1_910' title='bbox 3452 4524 3501 4568; x_wconf 87' lang='lat' dir='ltr'><strong>et</strong></span> 
     </span>
    </p>
   </div>
   <div class='ocr_carea' id='block_1_109' title="bbox 1920 4576 2519 4655">
    <p class='ocr_par' dir='ltr' id='par_1_109' title="bbox 1920 4576 2519 4655">
     <span class='ocr_line' id='line_1_109' title="bbox 1920 4576 2519 4655; baseline 0.015 -29"><span class='ocrx_word' id='word_1_911' title='bbox 1920 4576 2312 4646; x_wconf 81' lang='lat' dir='ltr'><strong>confundantur.</strong></span> <span class='ocrx_word' id='word_1_912' title='bbox 2516 4652 2519 4655; x_wconf 92' lang='lat'><em>_</em></span> 
     </span>
    </p>
   </div>
   <div class='ocr_carea' id='block_1_110' title="bbox 1989 4667 3496 4755">
    <p class='ocr_par' dir='ltr' id='par_1_110' title="bbox 1989 4667 3496 4755">
     <span class='ocr_line' id='line_1_110' title="bbox 1989 4667 3496 4755; baseline 0.021 -36"><span class='ocrx_word' id='word_1_913' title='bbox 1989 4667 2079 4721; x_wconf 75' lang='grc'><strong>24.</strong></span> <span class='ocrx_word' id='word_1_914' title='bbox 2115 4669 2364 4733; x_wconf 78' lang='lat' dir='ltr'><strong>Quoniam</strong></span> <span class='ocrx_word' id='word_1_915' title='bbox 2391 4678 2461 4738; x_wconf 86' lang='lat' dir='ltr'><strong>tu,</strong></span> <span class='ocrx_word' id='word_1_916' title='bbox 2491 4672 2711 4731; x_wconf 88' lang='lat' dir='ltr'><strong>Domine</strong></span> <span class='ocrx_word' id='word_1_917' title='bbox 2729 4720 2743 4746; x_wconf 88' lang='lat'><strong>,</strong></span> <span class='ocrx_word' id='word_1_918' title='bbox 2775 4680 3015 4751; x_wconf 81' lang='lat' dir='ltr'><strong>adjuvisti</strong></span> <span class='ocrx_word' id='word_1_919' title='bbox 3054 4702 3134 4740; x_wconf 90' lang='lat' dir='ltr'><strong>me</strong></span> <span class='ocrx_word' id='word_1_920' title='bbox 3154 4727 3171 4755; x_wconf 92' lang='lat'><strong>,</strong></span> <span class='ocrx_word' id='word_1_921' title='bbox 3196 4699 3242 4743; x_wconf 88' lang='lat' dir='ltr'><strong>et</strong></span> <span class='ocrx_word' id='word_1_922' title='bbox 3262 4695 3496 4749; x_wconf 86' lang='lat' dir='ltr'><strong>consola-</strong></span> 
     </span>
    </p>
   </div>
   <div class='ocr_carea' id='block_1_111' title="bbox 1920 4762 3498 4845">
    <p class='ocr_par' dir='ltr' id='par_1_111' title="bbox 1920 4762 3498 4845">
     <span class='ocr_line' id='line_1_111' title="bbox 1920 4762 3498 4845; baseline 0.022 -36"><span class='ocrx_word' id='word_1_923' title='bbox 1920 4765 1999 4811; x_wconf 87' lang='lat' dir='ltr'><strong>tus</strong></span> <span class='ocrx_word' id='word_1_924' title='bbox 2023 4775 2075 4813; x_wconf 91' lang='lat' dir='ltr'><strong>es</strong></span> <span class='ocrx_word' id='word_1_925' title='bbox 2113 4776 2210 4814; x_wconf 91' lang='lat' dir='ltr'><strong>me.</strong></span> <span class='ocrx_word' id='word_1_926' title='bbox 2247 4762 2500 4833; x_wconf 82' lang='lat' dir='ltr'><strong>Adjuvisti</strong></span> <span class='ocrx_word' id='word_1_927' title='bbox 2525 4784 2604 4821; x_wconf 88' lang='lat' dir='ltr'><strong>me</strong></span> <span class='ocrx_word' id='word_1_928' title='bbox 2626 4808 2643 4836; x_wconf 91' lang='lat'><strong>,</strong></span> <span class='ocrx_word' id='word_1_929' title='bbox 2689 4770 2742 4824; x_wconf 90' lang='lat' dir='ltr'><strong>in</strong></span> <span class='ocrx_word' id='word_1_930' title='bbox 2780 4776 3103 4845; x_wconf 87' lang='lat' dir='ltr'><strong>certamine;</strong></span> <span class='ocrx_word' id='word_1_931' title='bbox 3133 4790 3182 4834; x_wconf 90' lang='lat' dir='ltr'><strong>et</strong></span> <span class='ocrx_word' id='word_1_932' title='bbox 3210 4787 3498 4843; x_wconf 87' lang='lat' dir='ltr'><strong>consolatus</strong></span> 
     </span>
    </p>
   </div>
   <div class='ocr_carea' id='block_1_112' title="bbox 1917 4849 3489 4944">
    <p class='ocr_par' dir='ltr' id='par_1_112' title="bbox 1917 4849 3489 4944">
     <span class='ocr_line' id='line_1_112' title="bbox 1917 4849 3489 4944; baseline 0.022 -46"><span class='ocrx_word' id='word_1_933' title='bbox 1917 4861 1970 4899; x_wconf 88' lang='lat' dir='ltr'><strong>es</strong></span> <span class='ocrx_word' id='word_1_934' title='bbox 2000 4864 2095 4914; x_wconf 90' lang='lat' dir='ltr'><strong>me,</strong></span> <span class='ocrx_word' id='word_1_935' title='bbox 2126 4849 2176 4902; x_wconf 90' lang='lat' dir='ltr'><strong>in</strong></span> <span class='ocrx_word' id='word_1_936' title='bbox 2210 4851 2438 4907; x_wconf 87' lang='lat' dir='ltr'><strong>tristitia.</strong></span> <span class='ocrx_word' id='word_1_937' title='bbox 2467 4854 2634 4911; x_wconf 90' lang='lat' dir='ltr'><strong>Nemo</strong></span> <span class='ocrx_word' id='word_1_938' title='bbox 2657 4860 2800 4914; x_wconf 91' lang='lat' dir='ltr'><strong>enim</strong></span> <span class='ocrx_word' id='word_1_939' title='bbox 2829 4866 3251 4926; x_wconf 87' lang='lat' dir='ltr'><strong>consolationem</strong></span> <span class='ocrx_word' id='word_1_940' title='bbox 3280 4879 3489 4944; x_wconf 68' lang='lat' dir='ltr'><strong>qumrit,</strong></span> 
     </span>
    </p>
   </div>
   <div class='ocr_carea' id='block_1_113' title="bbox 1920 4937 3498 5034">
    <p class='ocr_par' dir='ltr' id='par_1_113' title="bbox 1920 4937 3498 5034">
     <span class='ocr_line' id='line_1_113' title="bbox 1920 4937 3498 5034; baseline 0.022 -46"><span class='ocrx_word' id='word_1_941' title='bbox 1920 4937 2020 4989; x_wconf 89' lang='lat' dir='ltr'><strong>nisi</strong></span> <span class='ocrx_word' id='word_1_942' title='bbox 2043 4938 2132 5007; x_wconf 87' lang='lat' dir='ltr'><strong>qui</strong></span> <span class='ocrx_word' id='word_1_943' title='bbox 2154 4948 2237 4994; x_wconf 91' lang='lat' dir='ltr'><strong>est</strong></span> <span class='ocrx_word' id='word_1_944' title='bbox 2261 4940 2313 4995; x_wconf 89' lang='lat' dir='ltr'><strong>iu</strong></span> <span class='ocrx_word' id='word_1_945' title='bbox 2341 4942 2581 4999; x_wconf 88' lang='lat' dir='ltr'><strong>miseria.</strong></span> <span class='ocrx_word' id='word_1_946' title='bbox 2624 4946 2738 5002; x_wconf 85' lang='lat' dir='ltr'><strong>Non</strong></span> <span class='ocrx_word' id='word_1_947' title='bbox 2791 4952 2949 5034; x_wconf 83' lang='lat' dir='ltr'><strong>vultis</strong></span> <span class='ocrx_word' id='word_1_948' title='bbox 2987 4937 3498 5022; x_wconf 58' lang='lat' dir='ltr'><strong>consolari‘iDicite</strong></span> 
     </span>
    </p>
   </div>
   <div class='ocr_carea' id='block_1_114' title="bbox 1896 5028 3497 5137">
    <p class='ocr_par' dir='ltr' id='par_1_114' title="bbox 1896 5028 3497 5137">
     <span class='ocr_line' id='line_1_114' title="bbox 1896 5028 3497 5137; baseline 0.021 -59"><span class='ocrx_word' id='word_1_949' title='bbox 1896 5028 2041 5097; x_wconf 85' lang='lat' dir='ltr'><strong>quia</strong></span> <span class='ocrx_word' id='word_1_950' title='bbox 2092 5028 2277 5086; x_wconf 77' lang='lat' dir='ltr'><strong>felices</strong></span> <span class='ocrx_word' id='word_1_951' title='bbox 2320 5034 2468 5088; x_wconf 90' lang='lat' dir='ltr'><strong>estis.</strong></span> <span class='ocrx_word' id='word_1_952' title='bbox 2518 5036 2590 5091; x_wconf 87' lang='lat' dir='ltr'><strong>Et</strong></span> <span class='ocrx_word' id='word_1_953' title='bbox 2624 5038 2858 5108; x_wconf 88' lang='lat' dir='ltr'><strong>auditis,</strong></span> <span class='ocrx_word' id='word_1_954' title='bbox 2902 5028 3137 5117; x_wconf 81' lang='lat' dir='ltr'><strong>Populus</strong></span> <span class='ocrx_word' id='word_1_955' title='bbox 3182 5067 3321 5107; x_wconf 88' lang='lat' dir='ltr'><strong>meus</strong></span> <span class='ocrx_word' id='word_1_956' title='bbox 3367 5057 3497 5137; x_wconf 84' lang='lat' dir='ltr'><strong>(jam</strong></span> 
     </span>
    </p>
   </div>
   <div class='ocr_carea' id='block_1_115' title="bbox 1918 5117 3495 5213">
    <p class='ocr_par' dir='ltr' id='par_1_115' title="bbox 1918 5117 3495 5213">
     <span class='ocr_line' id='line_1_115' title="bbox 1918 5117 3495 5213; baseline 0.019 -42"><span class='ocrx_word' id='word_1_957' title='bbox 1918 5117 2252 5185; x_wconf 88' lang='lat' dir='ltr'><strong>respondetis</strong></span> <span class='ocrx_word' id='word_1_958' title='bbox 2277 5150 2293 5187; x_wconf 84' lang='lat'><strong>,</strong></span> <span class='ocrx_word' id='word_1_959' title='bbox 2319 5130 2371 5177; x_wconf 87' lang='lat' dir='ltr'><strong>et</strong></span> <span class='ocrx_word' id='word_1_960' title='bbox 2415 5124 2572 5205; x_wconf 85' lang='lat' dir='ltr'><strong>audio</strong></span> <span class='ocrx_word' id='word_1_961' title='bbox 2597 5142 2838 5187; x_wconf 89' lang='lat' dir='ltr'><strong>murmur</strong></span> <span class='ocrx_word' id='word_1_962' title='bbox 2863 5131 2999 5191; x_wconf 90' lang='lat' dir='ltr'><strong>bene</strong></span> <span class='ocrx_word' id='word_1_963' title='bbox 3025 5140 3315 5213; x_wconf 89' lang='lat' dir='ltr'><strong>tenentium</strong></span> <span class='ocrx_word' id='word_1_964' title='bbox 3347 5117 3495 5201; x_wconf 61' lang='lat' dir='ltr'><strong>Scri.</strong></span> 
     </span>
    </p>
   </div>
   <div class='ocr_carea' id='block_1_116' title="bbox 1917 5211 3495 5302">
    <p class='ocr_par' dir='ltr' id='par_1_116' title="bbox 1917 5211 3495 5302">
     <span class='ocr_line' id='line_1_116' title="bbox 1917 5211 3495 5302; baseline 0.018 -40"><span class='ocrx_word' id='word_1_965' title='bbox 1917 5219 2119 5293; x_wconf 83' lang='lat' dir='ltr'><strong>pturas.</strong></span> <span class='ocrx_word' id='word_1_966' title='bbox 2169 5211 2445 5292; x_wconf 68' lang='lat' dir='ltr'><strong>Deusqui</strong></span> <span class='ocrx_word' id='word_1_967' title='bbox 2484 5214 2587 5272; x_wconf 90' lang='lat' dir='ltr'><strong>hoc</strong></span> <span class='ocrx_word' id='word_1_968' title='bbox 2629 5220 2845 5299; x_wconf 86' lang='lat' dir='ltr'><strong>scripsit</strong></span> <span class='ocrx_word' id='word_1_969' title='bbox 2888 5225 2944 5278; x_wconf 92' lang='lat' dir='ltr'><strong>in</strong></span> <span class='ocrx_word' id='word_1_970' title='bbox 2988 5226 3235 5283; x_wconf 91' lang='lat' dir='ltr'><strong>cordibus</strong></span> <span class='ocrx_word' id='word_1_971' title='bbox 3280 5236 3495 5302; x_wconf 84' lang='lat' dir='ltr'><strong>vestris,</strong></span> 
     </span>
    </p>
   </div>
   <div class='ocr_carea' id='block_1_117' title="bbox 1916 5289 3497 5398">
    <p class='ocr_par' dir='ltr' id='par_1_117' title="bbox 1916 5289 3497 5398">
     <span class='ocr_line' id='line_1_117' title="bbox 1916 5289 3497 5398; baseline 0.018 -43"><span class='ocrx_word' id='word_1_972' title='bbox 1916 5289 2196 5356; x_wconf 85' lang='lat' dir='ltr'><strong>conﬁrmet</strong></span> <span class='ocrx_word' id='word_1_973' title='bbox 2224 5303 2278 5357; x_wconf 93' lang='lat' dir='ltr'><strong>in</strong></span> <span class='ocrx_word' id='word_1_974' title='bbox 2308 5289 2462 5360; x_wconf 78' lang='lat' dir='ltr'><strong>factis</strong></span> <span class='ocrx_word' id='word_1_975' title='bbox 2487 5311 2703 5365; x_wconf 89' lang='lat' dir='ltr'><strong>vestris.</strong></span> <span class='ocrx_word' id='word_1_976' title='bbox 2732 5289 2961 5383; x_wconf 56' lang='lat' dir='ltr'><strong>Videtis,</strong></span> <span class='ocrx_word' id='word_1_977' title='bbox 2994 5317 3222 5390; x_wconf 88' lang='lat' dir='ltr'><strong>fratres,</strong></span> <span class='ocrx_word' id='word_1_978' title='bbox 3249 5325 3373 5392; x_wconf 90' lang='lat' dir='ltr'><strong>quia</strong></span> <span class='ocrx_word' id='word_1_979' title='bbox 3401 5331 3497 5398; x_wconf 84' lang='lat' dir='ltr'><strong>qui</strong></span> 
     </span>
    </p>
   </div>
   <div class='ocr_carea' id='block_1_118' title="bbox 1916 5392 3495 5487">
    <p class='ocr_par' dir='ltr' id='par_1_118' title="bbox 1916 5392 3495 5487">
     <span class='ocr_line' id='line_1_118' title="bbox 1916 5392 3495 5487; baseline 0.018 -42"><span class='ocrx_word' id='word_1_980' title='bbox 1916 5392 2064 5447; x_wconf 86' lang='lat' dir='ltr'><strong>vobis</strong></span> <span class='ocrx_word' id='word_1_981' title='bbox 2093 5392 2314 5460; x_wconf 90' lang='lat' dir='ltr'><strong>dicunt,</strong></span> <span class='ocrx_word' id='word_1_982' title='bbox 2346 5395 2553 5455; x_wconf 88' lang='lat' dir='ltr'><strong>Felices</strong></span> <span class='ocrx_word' id='word_1_983' title='bbox 2598 5403 2754 5467; x_wconf 90' lang='lat' dir='ltr'><strong>estis,</strong></span> <span class='ocrx_word' id='word_1_984' title='bbox 2781 5404 3040 5461; x_wconf 86' lang='lat' dir='ltr'><strong>seducunt</strong></span> <span class='ocrx_word' id='word_1_985' title='bbox 3082 5411 3227 5482; x_wconf 91' lang='lat' dir='ltr'><strong>vos),</strong></span> <span class='ocrx_word' id='word_1_986' title='bbox 3262 5392 3495 5487; x_wconf 78' lang='lat' dir='ltr'><strong>Populus</strong></span> 
     </span>
    </p>
   </div>
   <div class='ocr_carea' id='block_1_119' title="bbox 1914 5485 3499 5579">
    <p class='ocr_par' dir='ltr' id='par_1_119' title="bbox 1914 5485 3499 5579">
     <span class='ocr_line' id='line_1_119' title="bbox 1914 5485 3499 5579; baseline 0.02 -43"><span class='ocrx_word' id='word_1_987' title='bbox 1914 5498 2075 5545; x_wconf 89' lang='lat' dir='ltr'><strong>meus,</strong></span> <span class='ocrx_word' id='word_1_988' title='bbox 2099 5485 2187 5554; x_wconf 88' lang='lat' dir='ltr'><strong>qui</strong></span> <span class='ocrx_word' id='word_1_989' title='bbox 2211 5502 2295 5539; x_wconf 83' lang='lat' dir='ltr'><strong>vos</strong></span> <span class='ocrx_word' id='word_1_990' title='bbox 2314 5487 2485 5556; x_wconf 81' lang='lat' dir='ltr'><strong>felices</strong></span> <span class='ocrx_word' id='word_1_991' title='bbox 2513 5492 2718 5561; x_wconf 89' lang='lat' dir='ltr'><strong>dicunt,</strong></span> <span class='ocrx_word' id='word_1_992' title='bbox 2742 5496 2795 5549; x_wconf 88' lang='lat' dir='ltr'><strong>in</strong></span> <span class='ocrx_word' id='word_1_993' title='bbox 2827 5496 3046 5553; x_wconf 88' lang='lat' dir='ltr'><strong>errorem</strong></span> <span class='ocrx_word' id='word_1_994' title='bbox 3069 5517 3155 5557; x_wconf 83' lang='lat' dir='ltr'><strong>vos</strong></span> <span class='ocrx_word' id='word_1_995' title='bbox 3184 5506 3418 5579; x_wconf 87' lang='lat' dir='ltr'><strong>mittunt,</strong></span> <span class='ocrx_word' id='word_1_996' title='bbox 3450 5522 3499 5568; x_wconf 87' lang='lat' dir='ltr'><strong>et</strong></span> 
     </span>
    </p>
   </div>
   <div class='ocr_carea' id='block_1_120' title="bbox 1916 5574 3494 5669">
    <p class='ocr_par' dir='ltr' id='par_1_120' title="bbox 1916 5574 3494 5669">
     <span class='ocr_line' id='line_1_120' title="bbox 1916 5574 3494 5669; baseline 0.02 -44"><span class='ocrx_word' id='word_1_997' title='bbox 1916 5574 2116 5628; x_wconf 86' lang='lat' dir='ltr'><strong>turbant</strong></span> <span class='ocrx_word' id='word_1_998' title='bbox 2159 5577 2359 5633; x_wconf 84' lang='lat' dir='ltr'><strong>semitas</strong></span> <span class='ocrx_word' id='word_1_999' title='bbox 2393 5582 2576 5649; x_wconf 84' lang='lat' dir='ltr'><strong>pedum</strong></span> <span class='ocrx_word' id='word_1_1000' title='bbox 2603 5594 2876 5641; x_wconf 86' lang='lat' dir='ltr'><strong>vestrorum</strong></span> <span class='ocrx_word' id='word_1_1001' title='bbox 2902 5576 3058 5660; x_wconf 83' lang='lat' dir='ltr'><strong>(Isai.</strong></span> <span class='ocrx_word' id='word_1_1002' title='bbox 3084 5608 3158 5660; x_wconf 85' lang='lat' dir='ltr'><strong>tu,</strong></span> <span class='ocrx_word' id='word_1_1003' title='bbox 3188 5580 3294 5669; x_wconf 70' lang='grc'><strong>12).</strong></span> <span class='ocrx_word' id='word_1_1004' title='bbox 3324 5574 3413 5657; x_wconf 61' lang='lat' dir='ltr'><strong>sui</strong></span> <span class='ocrx_word' id='word_1_1005' title='bbox 3441 5613 3494 5659; x_wconf 75' lang='lat' dir='ltr'><strong>et</strong></span> 
     </span>
    </p>
   </div>
   <div class='ocr_carea' id='block_1_121' title="bbox 1978 5744 2605 5809">
    <p class='ocr_par' dir='ltr' id='par_1_121' title="bbox 1978 5744 2605 5809">
     <span class='ocr_line' id='line_1_121' title="bbox 1978 5744 2605 5809; baseline 0.024 -19"><span class='ocrx_word' id='word_1_1006' title='bbox 1978 5744 1995 5809; x_wconf 55' lang='grc' dir='ltr'>ξ</span> <span class='ocrx_word' id='word_1_1007' title='bbox 2024 5752 2141 5809; x_wconf 80' lang='lat' dir='ltr'><strong>vox.</strong></span> <span class='ocrx_word' id='word_1_1008' title='bbox 2166 5747 2264 5809; x_wconf 87' lang='lat' dir='ltr'><strong>qui.</strong></span> <span class='ocrx_word' id='word_1_1009' title='bbox 2284 5751 2427 5802; x_wconf 89' lang='lat' dir='ltr'><strong>abest</strong></span> <span class='ocrx_word' id='word_1_1010' title='bbox 2448 5766 2475 5803; x_wconf 89' lang='lat' dir='ltr'><strong>a</strong></span> <span class='ocrx_word' id='word_1_1011' title='bbox 2499 5762 2605 5804; x_wconf 78' lang='lat' dir='ltr'><strong>Mss.</strong></span> 
     </span>
    </p>
   </div>
   <div class='ocr_carea' id='block_1_122' title="bbox 1977 5806 2493 5875">
    <p class='ocr_par' dir='ltr' id='par_1_122' title="bbox 1977 5806 2493 5875">
     <span class='ocr_line' id='line_1_122' title="bbox 1977 5806 2493 5875; baseline 0.029 -23"><span class='ocrx_word' id='word_1_1012' title='bbox 1977 5808 1997 5837; x_wconf 62' lang='grc' dir='ltr'>θ</span> <span class='ocrx_word' id='word_1_1013' title='bbox 2020 5806 2208 5870; x_wconf 77' lang='lat' dir='ltr'><strong>Aliquot</strong></span> <span class='ocrx_word' id='word_1_1014' title='bbox 2229 5817 2355 5875; x_wconf 57' lang='lat' dir='ltr'><strong>Mss,</strong></span> <span class='ocrx_word' id='word_1_1015' title='bbox 2374 5814 2493 5867; x_wconf 86' lang='lat' dir='ltr'><strong>sine.</strong></span> 
     </span>
    </p>
   </div>
   <div class='ocr_carea' id='block_1_123' title="bbox 2647 5903 3156 5993">
    <p class='ocr_par' dir='ltr' id='par_1_123' title="bbox 2647 5903 3156 5993">
     <span class='ocr_line' id='line_1_123' title="bbox 2647 5903 3156 5993; baseline 0.014 -32"><span class='ocrx_word' id='word_1_1016' title='bbox 2647 5903 3156 5993; x_wconf 79' lang='lat' dir='ltr'><strong>(Trente-—ct&#39;nq.)</strong></span> 
     </span>
    </p>
   </div>
  </div>
