4084 6532
525 393 661 449 1099

524 513 593 565 de
622 506 856 578 Epistula
899 503 1083 561 Jacobi
1109 501 1371 571 apostoli:
1406 499 1582 554 Miseri
1617 508 1800 563 estote,
1834 497 2021 565 inqutt,
2051 503 2097 548 et

524 603 727 672 lugete;
752 600 884 654 risus
905 606 1060 652 vester
1081 598 1133 650 in
1150 594 1339 649 luctum
1359 600 1674 647 convertatur
1697 588 1898 661 (Jacobi
1920 602 1988 651 tv,
2018 587 2096 655 9).

525 694 726 749 Videtis
773 705 891 763 qua
917 688 1176 745 audistis:
1209 684 1422 756 quando
1451 684 1604 739 nobis
1647 683 1761 737 hac
1798 681 2104 736 dicerentur

524 789 576 842 in
594 786 814 856 regione
843 779 1183 839 securitatis?
1204 777 1398 848 Utique
1426 780 1572 846 regio
1599 775 1698 829 ista
1726 772 2101 828 scandalorum

523 886 608 931 est
629 917 644 941 ,
669 882 725 931 et
752 874 1100 930 tentationum
1130 910 1144 935 ,
1168 877 1225 924 et
1252 867 1489 922 omnium
1516 865 1772 920 maiorum
1799 898 1821 929 ,ι
1844 872 1901 918 ut
1924 877 2111 933 gemaa

524 983 643 1021 mus
674 966 793 1033 hic,
818 973 873 1019 et
907 976 1207 1017 mereamur
1230 958 1463 1031 gaudere
1492 958 1562 1012 ibi
1587 973 1601 1023 ;
1636 956 1722 1010 hic
1748 955 1984 1009 tribulari
2003 996 2018 1020 ,
2052 962 2109 1009 et

525 1057 793 1113 consolari
844 1051 916 1109 ibi
941 1095 954 1119 ,
984 1062 1042 1109 et
1079 1053 1256 1108 dicere
1295 1067 1309 1105 :
1364 1049 1617 1117 Quoniam
1662 1045 2106 1103 exemistioculos

523 1160 661 1201 meos
689 1160 721 1197 a
750 1141 1009 1215 iacrymis,
1043 1142 1190 1213 pedes
1236 1155 1373 1195 meos
1416 1156 1448 1192 a
1491 1135 1662 1193 tabina
1682 1138 1737 1202 ’ς
1766 1136 1969 1208 placebo
1990 1135 2106 1189 Do-

527 1236 666 1290 mino
689 1236 743 1289 in
764 1235 973 1306 regione
997 1234 1223 1287 vivorum
1250 1230 1418 1303 (Paul.
1445 1244 1601 1295 cxrv,
1632 1228 1685 1291 8,
1717 1227 1794 1300 9).
1828 1228 1931 1283 Ista
1959 1227 2106 1296 regio

526 1336 858 1383 mortuorum
883 1335 985 1381 est.
1010 1323 1224 1378 Transit
1248 1322 1393 1392 regio
1417 1330 1768 1381 mortuorum,
1794 1319 1938 1373 venit
1958 1318 2107 1388 regio

524 1419 788 1472 vivorum.
820 1416 878 1470 in
904 1415 1121 1485 regione
1146 1420 1477 1468 mortuorum
1502 1408 1675 1476 labor,
1708 1409 1888 1476 dolor,
1922 1408 2101 1474 timor,

528 1507 816 1572 tribulatio,
848 1505 1089 1569 tentatio,
1123 1503 1351 1574 gemitus
1373 1542 1388 1569 ,
1420 1500 1705 1570 suspirium
1736 1516 1750 1553 :
1780 1499 1869 1554 hic
1890 1497 2002 1553 falsi
2027 1497 2106 1553 fe-

526 1594 675 1664 ices,
708 1599 819 1654 veri
849 1598 1122 1661 infelices;
1155 1596 1277 1666 quia
1308 1594 1435 1649 falsa
1460 1592 1710 1657 felicitas,
1734 1606 1859 1646 vera
1892 1591 2105 1645 miseria

526 1699 629 1746 cst.
651 1689 752 1756 Qui
798 1703 927 1743 vero
964 1702 1023 1742 se
1052 1686 1294 1756 agnoscit
1331 1684 1383 1738 in
1410 1696 1536 1738 vera
1583 1696 1703 1736 esse
1726 1680 1939 1735 miseria
1963 1721 1978 1747 ,
2005 1680 2108 1734 erit

530 1788 688 1841 etiam
735 1784 789 1836 in
818 1795 945 1836 vera
978 1779 1230 1835 felicitate
1261 1794 1275 1831 :
1306 1784 1361 1831 et
1395 1783 1575 1829 tamen
1616 1787 1757 1827 nunc
1793 1772 1915 1841 quia
1945 1770 2109 1825 miser

526 1892 606 1941 es,
634 1872 917 1930 Dominum
948 1871 1069 1926 audi
1089 1870 1373 1932 dicentem,
1398 1866 1543 1920 Beati
1571 1862 2028 1936 iugentes(Mattlt.
2053 1877 2104 1928 v,

530 1967 612 2037 5).
641 1964 706 2032 0,
737 1964 865 2019 beati
895 1962 1158 2035 lugentes!
1197 1958 1337 2014 Nihil
1370 1970 1475 2012 tam
1505 1956 1845 2025 coniunctum
1877 1953 2108 2008 miseriae

529 2072 688 2129 quam
722 2056 936 2120 luctus;
970 2053 1098 2107 nihil
1137 2061 1242 2107 tam
1270 2057 1535 2105 remotum
1561 2054 1618 2102 et
1653 2045 1975 2101 contrarium
2006 2044 2108 2097 mi-

528 2150 682 2205 seria
724 2162 883 2219 quam
926 2144 1233 2201 beatitudo:
1265 2150 1318 2196 tu
1354 2141 1488 2196 dicis
1527 2140 1793 2209 lugentes,
1817 2145 1871 2192 et
1896 2145 1949 2190 tu
1979 2135 2111 2189 dicis

530 2242 751 2298 beatos!
790 2239 1066 2308 lntelligite
1090 2278 1105 2303 ,
1157 2235 1363 2304 inquit,
1395 2232 1537 2303 quod
1584 2231 1705 2286 dico
1736 2248 1748 2282 :
1782 2230 1967 2285 beatos
1990 2228 2111 2282 dico

534 2342 801 2405 urgentes;
829 2344 995 2402 quare
1019 2328 1193 2385 beati?
1218 2328 1275 2382 lu
1304 2342 1418 2397 spe.
1438 2325 1612 2393 Quare
1643 2324 1880 2393 lugentes
1897 2323 1920 2375 ?
1940 2320 1995 2375 in
2026 2335 2107 2375 re.

528 2425 737 2480 Etenim
764 2424 946 2493 lugent
974 2422 1026 2475 in
1050 2427 1225 2475 morte
1252 2418 1373 2484 ista,
1404 2418 1456 2471 in
1492 2414 1919 2471 tribulationibus
1945 2413 2059 2467 istis
2091 2453 2105 2477 ,

526 2515 583 2571 in
610 2513 1032 2585 peregrinatione
1071 2524 1200 2574 sua;
1231 2518 1285 2564 et
1312 2508 1435 2578 quia
1480 2514 1774 2577 agnoscunt
1813 2519 1871 2560 se
1903 2518 2025 2559 esse
2055 2504 2108 2557 in

527 2606 629 2660 ista
659 2604 870 2659 miseria
889 2642 903 2668 ,
932 2610 986 2658 et
1012 2609 1266 2673 gemunt,
1298 2598 1436 2654 beati
1462 2605 1606 2653 sunt.
1635 2596 1809 2664 Quare
1844 2596 2025 2665 lugent
2049 2593 2112 2646 '?

524 2694 879 2751 Contristatus
906 2701 989 2749 est
1009 2692 1193 2747 beatus
1222 2690 1520 2761 Cyprianus
1550 2688 1603 2742 in
1634 2687 1917 2756 passione;
1949 2684 2110 2739 modo

521 2786 830 2842 consolatus
843 2792 927 2840 est
954 2785 1005 2839 in
1022 2782 1239 2839 corona.
1266 2780 1422 2836 Modo
1439 2787 1492 2834 et
1507 2778 1812 2834 consolatus
1829 2775 2003 2831 adhuc
2024 2775 2109 2829 tri-

524 2880 621 2935 stis
645 2888 746 2935 est.
770 2877 1024 2932 Dominus
1050 2876 1193 2930 enim
1208 2880 1388 2929 noster
1409 2872 1565 2927 Iesus
1584 2871 1827 2926 Christus
1848 2868 2019 2924 adhuc
2036 2868 2107 2922 in-

525 2970 771 3040 terpellat
787 2982 881 3038 pro
901 2967 1054 3023 nobis
1078 2966 1251 3039 (Rom.
1269 2979 1378 3029 vnt,
1400 2964 1493 3033 34)
1512 2980 1525 3016 :
1546 2976 1731 3017 omnes
1742 2960 1999 3033 Martyres
2014 2960 2106 3030 qui

521 3077 643 3117 cum
675 3062 765 3115 illo
788 3069 946 3127 sunt,
973 3057 1311 3127 interpellant
1333 3069 1429 3125 pro
1454 3052 1628 3108 nobis.
1668 3052 1783 3107 Non
1829 3059 2105 3106 transeunt

524 3150 975 3221 interpellationes
1020 3148 1277 3217 ipsorum,
1297 3145 1397 3200 nisi
1426 3158 1547 3198 cum
1577 3142 1847 3198 transierit
1873 3143 2103 3211 gemitus

524 3252 706 3298 noster
732 3258 745 3294 :
773 3257 892 3296 cum
907 3247 1084 3295 autem
1103 3238 1366 3293 transierit
1387 3237 1613 3306 gemitus
1634 3243 1831 3299 noster,
1850 3235 2101 3290 omnesin

523 3350 624 3388 una
637 3346 787 3399 voce,
809 3332 860 3387 in
886 3346 993 3386 uno
1010 3328 1225 3400 populo,
1246 3330 1297 3383 in
1329 3343 1431 3382 una
1451 3327 1617 3396 patria
1642 3325 2036 3381 consolabimur
2054 3324 2096 3391 ³,

523 3425 687 3480 millia
712 3424 934 3479 millium
963 3422 1245 3492 conjunCta
1286 3418 1630 3489 psallentibus
1655 3417 1894 3487 Angelis,
1923 3416 2102 3472 choris

520 3517 816 3574 calestium
841 3516 1167 3572 Potestatum
1196 3514 1247 3568 in
1276 3529 1379 3568 una
1404 3513 1615 3569 civitate
1639 3511 1947 3567 viventium.
1971 3511 2100 3579 Quis

521 3608 589 3663 ibi
613 3607 815 3679 gemit?
835 3605 952 3675 quis
982 3605 1052 3660 ibi
1081 3604 1348 3673 suspirat?
1376 3603 1495 3673 quis
1516 3602 1587 3657 ibi
1611 3601 1852 3656 laborat?
1878 3602 1996 3671 quis
2027 3601 2096 3656 ibi

519 3696 817 3768 eget?quis
846 3695 917 3751 ibi
960 3693 1220 3749 ntoritur?
1272 3693 1392 3763 quis
1434 3692 1503 3747 ibi
1535 3691 1919 3746 miseriordiatn
1964 3707 2097 3759 prae-

520 3788 650 3843 bet?
678 3787 798 3857 quis
831 3786 1026 3857 frangit
1066 3800 1256 3856 panem
1295 3782 1584 3849 esurienti,
1610 3782 1700 3837 ubi
1742 3796 1930 3843 omnes
1961 3797 2096 3852 pane

518 3879 734 3947 iustitia
762 3878 1103 3948 saginantur?
1128 3876 1296 3930 Nemo
1322 3874 1413 3928 tibi
1435 3873 1583 3939 dicit,
1615 3872 1890 3942 llospitem
1915 3872 2091 3925 susci-

518 3985 625 4039 pe:
658 3970 967 4040 peregrinus
1010 3968 1080 4023 ibi
1121 3981 1279 4022 nemo
1326 3967 1459 4031 erit;
1483 3980 1667 4021 omnes
1708 3966 1759 4019 in
1798 3965 1964 4035 patria
1997 3978 2088 4019 sua

517 4060 716 4114 vivunt.
754 4058 923 4113 Nemo
962 4058 1056 4113 tibi
1081 4057 1241 4125 dicit,
1269 4057 1541 4120 Concorda
1582 4056 1784 4111 amicos
1831 4067 1947 4111 tuos
1988 4056 2095 4110 liti—

515 4161 744 4223 gantes:
790 4151 842 4205 in
888 4166 1017 4221 pace
1061 4150 1384 4220 sempiterna
1421 4149 1514 4205 Dei
1558 4149 1702 4203 vultu
1731 4148 2090 4219 perfruuntur.

515 4244 684 4300 Nemo
714 4243 805 4299 tibi
836 4243 983 4310 dicit,
1015 4244 1178 4298 Visita
1208 4258 1404 4312 agrum
1436 4261 1447 4295 :
1479 4241 1675 4297 sanitas
1701 4243 2093 4298 immortalitas-

515 4351 620 4407 quc
665 4342 959 4405 permanet.
1007 4334 1174 4390 Nemo
1219 4334 1314 4389 tibi
1350 4333 1513 4399 dicit,
1548 4334 1713 4403 sepeli
1762 4343 2027 4389 mortuum
2074 4353 2088 4388 :

515 4442 704 4483 omnes
745 4428 798 4482 in
824 4426 928 4481 vita
977 4435 1174 4481 aeterna
1220 4433 1395 4480 erunt.
1426 4424 1652 4479 Cessant
1679 4439 1841 4494 opera
1880 4423 2091 4479 miseri-

515 4516 731 4583 cordia,
754 4517 876 4588 quia
907 4516 1117 4571 miseria
1141 4530 1245 4570 non
1270 4515 1555 4570 invenitur.
1583 4516 1649 4569 Et
1668 4515 1791 4585 quid
1824 4515 1897 4569 ibi
1928 4514 2090 4569 facie-

514 4607 668 4663 mus?
692 4605 1029 4661 Dormiemus
1051 4604 1313 4659 fortasse?
1336 4603 1389 4658 Si
1412 4601 1571 4658 modo
1593 4619 1884 4674 pugnamus
1905 4614 2089 4659 contra

514 4711 633 4765 nos,
660 4696 901 4769 quamvis
928 4709 1175 4765 geramus
1197 4694 1411 4749 domum
1459 4694 1632 4749 somni
1658 4708 1871 4749 carnem
1898 4693 2049 4748 istam
2073 4736 2087 4760 ,

513 4800 568 4846 et
586 4790 867 4861 vigilamus
896 4789 948 4843 in
975 4787 1058 4842 his
1085 4787 1453 4851 luminaribus,
1478 4796 1533 4841 et
1554 4786 1860 4841 solemnitas
1882 4785 1979 4842 ista
2001 4786 2091 4841 dat

512 4882 668 4937 nobis
698 4881 933 4935 animum
961 4877 1210 4950 vigilandi
1236 4895 1251 4939 ς
1282 4877 1397 4933 dies
1437 4878 1525 4932 ille
1553 4876 1735 4946 quales
1764 4877 1968 4947 vigilias
1997 4892 2092 4931 no-

511 4974 594 5029 bis
640 4971 820 5027 dabit?
848 4971 990 5040 Ergo
1020 4969 1351 5042 vigilabimus
1371 5010 1385 5034 ,
1417 4984 1523 5023 non
1564 4968 1911 5024 dormiemus.
1946 4970 2081 5036 Quid

510 5063 768 5134 agemus?
813 5062 985 5131 Opera
1030 5058 1411 5116 misericordia
1454 5060 1555 5114 ista
1601 5074 1705 5114 non
1745 5068 1935 5126 erunt,
1967 5061 2087 5130 quia

515 5154 659 5211 nulla
682 5153 894 5210 miseria
923 5153 1044 5209 erit.
1072 5152 1233 5209 Forte
1257 5166 1417 5222 opera
1445 5152 1780 5207 necessitatis
1805 5161 1959 5206 erunt
1988 5153 2086 5207 ista

510 5262 631 5318 qua
666 5246 753 5301 hic
786 5253 908 5300 sunt
937 5244 1096 5299 modo
1120 5286 1135 5309 ,
1170 5242 1464 5301 seminandi
1484 5283 1499 5307 ,
1529 5242 1715 5297 arandi
1740 5283 1754 5309 ,
1783 5242 2044 5313 coquendi
2070 5287 2085 5313 ,

513 5338 767 5405 molendi,
798 5336 1050 5394 texendi?
1076 5334 1217 5389 Nihil
1248 5334 1435 5389 horum
1460 5375 1474 5398 ,
1502 5334 1624 5403 quia
1668 5334 1956 5389 necessitas
1982 5351 2087 5390 non

509 5436 631 5489 erit.
661 5431 749 5488 Sic
788 5446 893 5485 non
918 5437 1072 5485 erunt
1103 5441 1266 5496 opera
1296 5424 1678 5480 misericordia
1704 5466 1717 5489 ,
1748 5425 1870 5494 quia
1900 5428 2090 5481 transit

510 5525 726 5582 miseria
759 5542 772 5578 :
804 5521 893 5577 ubi
939 5518 1229 5575 necessitas
1257 5531 1364 5571 non
1405 5515 1508 5570 erit
1536 5529 1635 5569 nec
1664 5512 1898 5582 miseria,
1927 5530 2085 5585 opera

574 5646 590 5674 ι
611 5638 752 5697 mm,
777 5650 807 5686 a
824 5633 982 5685 ruina.
1004 5638 1059 5681 At
1076 5637 1204 5697 Mss,
1227 5643 1259 5680 a
1280 5624 1607 5687 labinawide,
1650 5638 1813 5688 supra,
1856 5624 1948 5676 col.
1974 5626 2086 5687 590,

510 5704 708 5751 Enar.in
734 5692 852 5747 i‘sal.
881 5706 1049 5750 xxxvt,
1075 5707 1123 5740 n.
1149 5692 1223 5741 i2.

573 5748 814 5821 i"quidam
830 5756 940 5807 libri
963 5768 977 5805 :
1002 5748 1047 5821 et
1061 5758 1288 5821 gemunt._
1306 5749 1580 5821 Beatisunt,
1603 5748 1930 5821 quarelugent
1953 5756 1968 5800 ξ

575 5828 598 5857 ιι
624 5806 1228 5883 ἶέὲῖὦὼίεοηδοιαύῖηιιιν,
1248 5814 1386 5863 abest
1408 5813 1469 5861 ab
1488 5806 1709 5863 omnibus
1730 5806 1834 5859 tussi

1758 380 1817 437 S.
1860 376 2227 436 AUGUSTINI
2255 378 2552 440 EPISCOPI

3649 400 3790 458 “00

2208 498 2541 554 necessitatis
2560 508 2615 555 et
2639 500 3019 557 misericordia
3047 519 3152 559 non
3183 513 3359 561 erunt.
3391 507 3528 576 Quid
3554 510 3624 565 ibi
3652 514 3793 568 erit?

2204 587 2347 655 quod
2376 587 2643 658 negotium
2670 592 2955 646 nostrum?
2982 608 3103 664 qua
3123 596 3261 651 actio
3286 600 3507 654 nostra?
3535 602 3616 657 An
3643 606 3791 658 nulla

2207 677 2366 745 actio,
2396 680 2518 748 quia
2546 681 3073 750 quies?Sedebimus
3098 701 3248 757 ergo,
3278 696 3332 743 et
3361 691 3709 762 torpebimus,
3738 706 3794 749 et

2210 764 2345 822 nihil
2368 771 2627 839 agemus?
2655 771 2712 829 Si
2739 773 3051 845 refrigescet
3073 791 3225 832 amor
3245 788 3449 848 noster,
3481 782 3794 856 refrigescet

2210 858 2355 913 actio
2384 870 2591 915 nostra.
2621 864 2787 919 Amor
2808 880 2937 935 ergo
2965 866 3177 935 quietus
3206 868 3263 923 in
3295 871 3446 926 vultu
3476 872 3567 928 Dei
3587 915 3601 939 ,
3633 891 3793 946 quem

2209 947 2370 1003 modo
2397 949 2782 1016 desideramus,
2812 955 2895 1008 cui
2920 956 3272 1025 suspiramus,
3298 973 3421 1014 cum
3451 960 3517 1016 ad
3546 977 3667 1017 cum
3697 981 3793 1020 ve-

2210 1040 2466 1108 nerimus,
2493 1043 2761 1112 quomodo
2798 1060 2898 1099 nos
2935 1047 3229 1104 accendet?
3260 1048 3315 1103 in
3358 1065 3519 1121 quem
3553 1055 3791 1111 nondum

2210 1133 2383 1188 visum
2408 1134 2486 1188 sic
2514 1136 2868 1205 suspiramus,
2890 1153 3013 1193 cum
3038 1139 3106 1193 ad
3129 1156 3253 1195 eum
3284 1144 3590 1199 venerimus
3610 1186 3624 1213 ,
3652 1162 3791 1216 quo-
3838 1168 3839 1171 η

2216 1225 2379 1280 modo
2420 1226 2776 1282 illuminabit?
2816 1229 3084 1298 quomodo
3121 1246 3219 1286 nos
3269 1234 3535 1289 mutabit?
3559 1238 3684 1305 quid
3726 1239 3795 1295 do

2211 1323 2365 1378 nobis
2392 1323 2588 1380 faciet?
2633 1327 2771 1394 Quid
2809 1343 2938 1398 ergo
2988 1346 3237 1400 agemus,
3284 1333 3515 1391 fratres?
3549 1336 3794 1390 Psaimus
3893 1363 3905 1374 ο

2212 1415 2365 1470 nobis
2393 1415 2539 1472 dicat
2569 1435 2582 1472 :
2625 1418 2771 1473 Beati
2808 1423 2893 1489 qui
2925 1422 3154 1478 habitant
3174 1426 3232 1479 in
3275 1427 3425 1482 domo
3463 1437 3569 1482 tua.
3599 1429 3796 1485 Unde?

2212 1505 2278 1559 In
2301 1508 2821 1566 saculaaaculorum
2857 1513 3133 1569 laudabunt
3159 1526 3206 1571 te
3229 1515 3400 1588 (Psat.
3434 1536 3643 1575 ume
3664 1564 3678 1586 ,
3711 1521 3791 1593 5).

2214 1596 2338 1651 liae
2378 1599 2479 1652 erit
2507 1600 2648 1655 actio
2690 1612 2899 1669 nostra,
2928 1605 3043 1660 laus
3075 1606 3186 1661 Dei.
3236 1608 3398 1664 Amas
3426 1612 3467 1676 ⁸,
3492 1620 3547 1666 et
3590 1613 3791 1668 laudas.

2216 1688 2436 1744 Desines
2462 1690 2680 1747 laudare
2705 1733 2719 1756 ,
2750 1695 2794 1747 si
2819 1694 3037 1751 desines
3065 1711 3267 1753 amare.
3300 1700 3413 1755 Non
3443 1710 3618 1756 autem
3646 1703 3790 1758 desi-

2215 1794 2309 1833 nes
2354 1794 2573 1847 amare,
2599 1783 2723 1851 quia
2763 1783 2883 1837 talis
2910 1794 2993 1839 est
3030 1802 3187 1855 quem
3226 1789 3415 1857 vides,
3444 1790 3534 1860 qui
3574 1794 3718 1845 nullo
3742 1804 3797 1849 te

2212 1868 2445 1924 offendat
2468 1869 2679 1930 fastidio
2704 1890 2716 1926 :
2746 1882 2802 1929 et
2825 1875 2983 1929 satiat
3009 1884 3079 1944 te,
3107 1886 3161 1932 et
3185 1892 3289 1933 non
3318 1888 3373 1935 te
3392 1881 3570 1936 satiat.
3600 1883 3795 1937 Mirum

2214 1971 2295 2015 est
2319 1960 2461 2030 quod
2485 1961 2625 2017 dico.
2658 1963 2715 2017 Si
2742 1963 2915 2019 dicam
2936 1966 3059 2036 quia
3088 1967 3244 2021 satiat
3272 1977 3342 2036 te,
3365 1970 3529 2026 timeo
3555 1986 3623 2027 ne
3642 1975 3795 2042 quasi

2214 2052 2436 2107 satiatus
2462 2053 2594 2108 velis
2630 2054 2951 2122 abscedere;
2979 2058 3249 2127 quomodo
3276 2059 3344 2114 de
3371 2061 3596 2129 prandio
3618 2104 3632 2127 ,
3663 2079 3799 2132 quin.

2217 2141 2375 2197 modo
2411 2143 2478 2197 de
2503 2157 2679 2199 cana.
2711 2147 2853 2216 Ergo
2889 2148 3017 2217 quid
3046 2149 3209 2206 dico?
3237 2150 3357 2207 Non
3386 2162 3438 2207 te
3473 2154 3677 2209 satiat?
3703 2156 3797 2209 Ti-

2217 2247 2336 2288 meo
2378 2249 2563 2289 rursus
2609 2251 2679 2291 ne
2723 2237 2769 2291 si
2814 2237 3041 2305 dixero,
3068 2240 3185 2296 Non
3230 2250 3283 2296 te
3325 2243 3516 2312 satiat,
3548 2244 3798 2314 indigens

2217 2324 2475 2391 videaris;
2506 2334 2561 2381 et
2585 2328 2737 2397 quasi
2786 2329 2994 2385 inanior
3036 2332 3255 2400 existas,
3283 2342 3339 2389 et
3362 2336 3542 2391 minus
3566 2337 3619 2391 in
3648 2347 3697 2392 te
3726 2340 3799 2393 sit

2214 2416 2415 2486 aliquid
2450 2418 2591 2486 quod
2630 2417 2823 2474 debeat
2865 2420 3096 2490 impleri.
3133 2423 3269 2490 Quid
3309 2440 3436 2494 ergo
3457 2426 3630 2480 dicam
3656 2429 3797 2491 ,1ιὶδὶ

2213 2504 2354 2574 quod
2402 2506 2503 2560 dici
2533 2517 2724 2576 potest,
2755 2511 2975 2580 cogitari
3010 2512 3098 2566 vix
3146 2516 3364 2582 potest?
3415 2516 3480 2570 Et
3516 2518 3674 2572 satiat
3719 2528 3795 2584 te,

2212 2606 2268 2651 et
2293 2611 2399 2652 non
2422 2606 2472 2652 te
2495 2599 2689 2656 satiat:
2715 2601 2839 2670 quia
2865 2610 3149 2672 utrumque
3173 2603 3385 2659 invenio
3406 2606 3457 2659 in
3485 2606 3795 2679 Scriptura.

2212 2686 2343 2741 Nam
2364 2702 2485 2742 cum
2511 2688 2735 2755 diceret,
2758 2689 2901 2744 Beati
2924 2694 3220 2759 esurientes,
3248 2695 3366 2765 quia
3385 2696 3481 2766 ipsi
3497 2700 3800 2754 salutabam-
3834 2726 3847 2735 ι

2211 2786 2291 2830 tur
2321 2776 2536 2848 (Matth.
2579 2794 2638 2845 v,
2672 2780 2730 2847 6)
2764 2798 2779 2835 :
2810 2789 2894 2835 est
2929 2796 3115 2837 rursus
3139 2783 3343 2840 dictum
3381 2785 3449 2841 de
3486 2788 3754 2858 Sapientia
3775 2794 3823 2859 ,⁷

2214 2865 2317 2932 Qui
2356 2876 2405 2921 te
2440 2869 2749 2923 manducaut
2768 2910 2784 2935 ,
2813 2874 2999 2925 iterum
3030 2873 3249 2927 esuriem
3278 2889 3300 2928 :
3336 2884 3383 2929 et
3401 2877 3487 2946 qui
3513 2886 3562 2931 te
3586 2878 3758 2934 bibunt
3776 2920 3794 2948 ,

2209 2958 2389 3012 iterant
2436 2960 2605 3014 sitiant
2646 2959 2831 3031 (Eccli.
2856 2977 2987 3016 xxtv
3012 3001 3028 3029 ,
3058 2963 3176 3036 29).
3204 2964 3317 3020 luto
3347 2982 3475 3023 vero
3498 2982 3605 3023 non
3624 2970 3792 3038 dixit,

2209 3050 2429 3116 iterum;
2455 3052 2549 3106 sed
2578 3053 2742 3118 dixit,
2767 3054 2936 3108 adhuc
2954 3070 2979 3107 :
3000 3070 3122 3109 nam
3141 3096 3158 3122 ,
3186 3056 3383 3113 lterum
3427 3060 3611 3127 sitiet,
3639 3064 3799 3131 quasi

2208 3139 2380 3208 primo
2405 3142 2678 3211 saginatus
2716 3143 3023 3200 discesserit
3057 3135 3113 3201 et
3154 3147 3435 3218 digesserit
3479 3160 3533 3205 et
3571 3152 3796 3207 redierit

2207 3231 2410 3288 bibere.
2449 3233 2575 3289 Tale
2620 3243 2734 3300 est,
2768 3236 2869 3300 Qui
2902 3246 2952 3290 te
2982 3237 3358 3305 edmzt,adhuc
3396 3242 3614 3296 esuriem
3654 3259 3673 3296 :
3716 3244 3797 3299 sic

2206 3338 2327 3378 cum
2369 3324 2566 3392 edunt,
2598 3326 2868 3392 esuriant;
2896 3336 2952 3382 et
2977 3330 3068 3398 qui
3096 3339 3148 3385 te
3174 3330 3395 3398 bibunt,
3428 3332 3505 3388 sic
3525 3334 3792 3402 bibendo,

2206 3418 2409 3488 sitient.
2438 3417 2575 3484 Quid
2602 3428 2721 3485 est,
2752 3419 2984 3477 bibendo
3007 3421 3193 3476 sitire?
3219 3422 3499 3493 Nunquam
3528 3425 3790 3480 fastidire.

2206 3506 2261 3561 Si
2289 3522 2421 3578 ergo
2460 3509 2558 3564 ista
2602 3509 2884 3564 ineﬂabilis
2932 3518 2987 3565 et
3026 3512 3351 3583 sempiterna
3391 3514 3623 3571 dulcedo
3645 3518 3793 3582 erit;

2206 3598 2366 3651 modo
2391 3598 2517 3667 quid
2552 3614 2584 3652 a
2624 3598 2780 3654 nobis
2804 3600 2974 3668 petit,
3004 3600 3197 3657 fratres
3220 3642 3235 3667 ,
3268 3603 3371 3657 nisi
3402 3603 3561 3659 fidem
3591 3621 3696 3661 non
3724 3608 3792 3660 fi-

2203 3699 2365 3753 ctam,
2393 3704 2542 3759 spem
2570 3689 2775 3744 iirmam
2800 3730 2815 3755 ,
2847 3691 3161 3747 charitatem
3188 3708 3375 3763 puram
3393 3735 3410 3760 ,
3453 3706 3508 3751 et
3556 3697 3795 3752 ambulet

2204 3780 2364 3834 homo
2391 3780 2443 3834 in
2468 3782 2553 3835 via
2582 3796 2741 3851 quam
2771 3783 3027 3840 Dominus
3052 3784 3229 3852 dedit,
3256 3785 3395 3842 ferat
3418 3790 3741 3845 tentationes
3763 3830 3782 3856 ,

2201 3883 2256 3928 et
2276 3874 2533 3944 suscipiat
2557 3875 2997 3932 consolationes?

2579 4061 2655 4121 IN
2700 4060 3079 4120 PSALMUM
3121 4061 3452 4123 LXXXVI

2789 4182 3209 4237 ENARRATIO.

2834 4308 3007 4348 δεηΜο
3040 4294 3137 4364 (a).

2272 4412 2320 4463 l.
2355 4411 2597 4465 Psalmus
2626 4409 2715 4478 qui
2746 4407 2908 4462 modo
2944 4418 3185 4462 cantatus
3214 4416 3299 4463 est
3322 4449 3338 4474 ,
3366 4409 3543 4464 brevis
3573 4421 3657 4466 est
3688 4429 3788 4467 nn-

2198 4516 2346 4557 mero
2370 4500 2675 4566 verborum,
2704 4514 2928 4569 magnus
2953 4499 3188 4569 pondere
3208 4501 3616 4556 sententiarum.
3650 4502 3784 4558 Nam

2198 4600 2341 4645 totus
2367 4590 2535 4645 lectus
2558 4600 2679 4654 est,
2708 4598 2763 4644 et
2789 4588 2981 4643 videtis
3022 4604 3179 4658 quam
3220 4590 3413 4659 exiguo
3452 4598 3691 4660 tempore
3716 4594 3787 4648 ad

2198 4682 2479 4737 terminum
2509 4694 2676 4750 usque
2717 4678 3025 4748 perductus.
3053 4678 3150 4733 Hic
3170 4678 3325 4734 nobis
3343 4719 3357 4743 ,
3382 4689 3639 4749 quantum
3670 4681 3782 4737 Do-

2196 4774 2370 4828 minus
2395 4773 2595 4827 donare
2620 4772 2883 4841 dignatur,
2908 4785 3027 4826 cum
3053 4780 3227 4825 vestra
3259 4770 3531 4825 Charitate
3552 4782 3786 4827 tractan-

2195 4864 2316 4928 dus,
2347 4863 2508 4917 modo
2536 4872 2619 4917 est
2645 4862 2946 4931 prepositus
2968 4876 2999 4915 a
3020 4860 3327 4916 beatissimo
3346 4870 3611 4931 prasente
3631 4874 3788 4934 patro

2199 4962 2381 5009 nostro
2424 4952 2518 5023 (b).
2564 4952 2860 5021 Repentina
2904 4950 3194 5020 propositio
3229 4965 3316 5005 me
3353 4960 3637 5020 gravaret,
3680 4954 3787 5008 nisi

2197 5060 2282 5100 me
2303 5043 2553 5099 continuo
2579 5044 2598 5073 ²
2629 5040 2971 5111 proponentis
3011 5041 3183 5094 oratio
3230 5040 3554 5097 sublevaret.
3598 5042 3783 5097 Inten-

2196 5134 2287 5189 dat
2322 5132 2741 5203 ergo.Charitas
2784 5139 2980 5185 vestra.
3029 5130 3234 5185 Civitas
3284 5130 3529 5200 quaedam
3578 5131 3632 5185 in
3678 5133 3784 5187 isto

2197 5225 2404 5295 psalmo
2427 5230 2636 5278 cantata
2675 5229 2729 5276 et
2769 5220 3137 5275 commendata
3176 5229 3257 5274 est
3285 5238 3298 5272 :
3329 5220 3481 5291 cujus
3511 5220 3659 5276 cives
3686 5238 3783 5277 su-

2196 5330 2335 5382 mus,
2363 5314 2415 5369 in
2443 5320 2695 5383 quantum
2725 5310 2999 5365 christiani
3040 5323 3224 5364 sumus
3247 5325 3263 5375 ;
3286 5317 3342 5363 et
3371 5309 3514 5366 unde
3539 5312 3783 5382 peregri.

2196 5421 2405 5473 namur,
2434 5402 2685 5474 quamdiu
2711 5400 2963 5456 mortales
2989 5413 3211 5467 sumus;
3237 5410 3289 5456 et
3326 5400 3392 5455 ad
3416 5415 3572 5471 quam
3604 5402 3783 5460 tendi-

2258 5564 2274 5594 ί
2294 5561 2431 5611 Corb.
2456 5566 2599 5611 vetus
2621 5557 2805 5609 codex:
2834 5570 2965 5616 ama,
2990 5560 3036 5606 et
3059 5552 3248 5605 laudas.

2258 5625 2278 5656 ¹
2295 5623 2433 5672 Corb.
2456 5622 2553 5670 duo
2573 5627 2699 5680 Mss,
2728 5618 2965 5669 continua.

2257 5685 2330 5748 (a)
2356 5684 2421 5732 Ad
2458 5682 2653 5748 plebem
2687 5675 2823 5748 forte
2853 5679 3299 5748 Carthaginensem,
3337 5675 3532 5748 habitus
3554 5691 3781 5748 prqatnto

2193 5736 2404 5810 (lie‘post
2428 5736 2701 5810 eipositum
2724 5741 2958 5810 Psalmum
2982 5736 3160 5810 tiatur,
3180 5736 3250 5810 de
3273 5750 3369 5807 quo
3386 5737 3526 5799 infra,
3555 5736 3604 5788 it.
3630 5743 3680 5791 9.

2255 5800 2326 5870 (b')
2352 5800 2707 5856 Forte'Aureiio
2732 5805 2957 5866 episcOpo
2975 5800 3352 5863 Carthaginiensi.
