4084 6470
324 372 449 426 ΗΟΙ

320 499 463 550 mus,
489 498 585 553 per
612 483 765 553 cujus
795 484 932 539 viam
956 486 996 550 ¹,
1027 500 1147 555 qua:
1165 485 1385 541 omnino
1410 486 1560 555 quasi
1588 486 1819 542 dumetis
1846 495 1901 542 et

318 576 559 631 sentibus
584 576 872 633 interclusa
906 592 1012 630 non
1042 578 1426 643 inveniebatur,
1457 592 1550 632 rex
1576 578 1739 648 ipsius
1762 579 1897 634 civi-

318 670 441 723 tatis
488 683 549 725 se
586 669 709 729 fecit
745 669 887 724 viam
909 710 924 736 ,
963 678 1022 724 ut
1057 670 1125 726 ad
1163 670 1429 726 civitatem
1475 673 1893 740 perveniremus.

317 758 668 821 Ambulantes
696 775 825 829 ergo
850 760 905 814 in
929 759 1146 817 Christo
1169 801 1184 825 ,
1216 768 1270 816 et
1296 760 1470 816 adhuc
1495 763 1899 833 peregrinantes

316 849 493 911 donec
522 850 927 919 perveniamus,
959 861 1015 905 et
1051 851 1382 921 suspirantes
1425 851 1692 908 desiderio
1717 854 1895 922 cujus-

314 939 440 995 dam
486 939 771 996 ineffabilia
816 942 1010 1011 quietis
1050 949 1170 1011 quae
1212 940 1419 997 habitat
1452 943 1505 997 in
1534 943 1621 997 illa
1648 942 1891 1011 civitate,

317 1029 387 1086 de
410 1046 517 1101 qua
544 1031 725 1101 quiete
748 1032 949 1087 dictum
987 1038 1071 1089 est
1096 1033 1197 1088 hoc
1222 1033 1375 1090 nobis
1410 1050 1530 1090 esse
1571 1036 1893 1105 promissum

312 1122 452 1190 quod
476 1121 655 1176 oculus
682 1139 785 1176 non
824 1123 946 1178 vidit
965 1165 980 1189 ,
1010 1140 1103 1178 nec
1130 1126 1269 1178 auris
1314 1124 1543 1191 audivit,
1574 1142 1665 1180 nec
1706 1127 1760 1180 in
1810 1143 1897 1179 cor

314 1212 538 1266 hominis
574 1213 797 1267 ascendit
838 1212 880 1283 (Ι
911 1213 1028 1268 (Sor.
1060 1228 1117 1279 ιι,
1147 1214 1240 1281 9);
1271 1216 1602 1272 ambulantes
1629 1232 1754 1287 ergo
1773 1258 1787 1283 ,
1817 1218 1895 1272 sic

312 1310 595 1357 cantemus
617 1343 632 1367 ,
662 1310 720 1357 ut
755 1302 1143 1359 desideremus.
1185 1304 1320 1359 Nam
1344 1306 1432 1376 qui
1462 1306 1765 1374 desiderat,
1794 1308 1894 1363 etsi

313 1390 495 1461 lingua
521 1401 713 1458 taceat,
742 1402 921 1447 cantat
945 1394 1105 1449 corde
1130 1412 1145 1449 :
1173 1395 1261 1464 qui
1281 1404 1457 1451 autem
1479 1411 1585 1450 non
1607 1396 1893 1461 desiderat,

312 1482 554 1548 quolibet
598 1481 831 1538 clamore
877 1498 1033 1538 aures
1068 1484 1340 1540 hominum
1382 1485 1573 1553 feriat,
1604 1495 1781 1542 mutus
1811 1496 1895 1542 est

316 1572 455 1629 Deo.
491 1572 680 1630 Videte
707 1574 973 1644 quomodo
1010 1584 1164 1630 erant
1190 1586 1455 1633 amatores
1486 1577 1640 1647 hujus
1666 1577 1893 1634 civitatis

310 1662 586 1729 ardentes,
618 1665 691 1719 illi
717 1664 818 1732 ipsi
849 1680 943 1734 per
971 1680 1103 1735 quos
1129 1666 1243 1722 huic
1269 1666 1408 1721 dicta
1455 1676 1614 1733 sunt,
1638 1683 1734 1737 per
1759 1682 1890 1738 quos

312 1753 431 1809 haec
453 1755 606 1810 nobis
633 1757 1001 1811 commendata
1038 1769 1194 1823 sunt,
1224 1769 1424 1827 quanto
1450 1774 1547 1829 per
1579 1774 1672 1814 eos
1697 1760 1890 1815 aﬂectu

311 1848 416 1903 ista
464 1857 677 1903 cantata
716 1858 859 1903 sunt.
899 1849 1160 1905 Atrectum
1205 1852 1362 1905 istum
1401 1852 1686 1921 generabat
1732 1852 1784 1907 in
1811 1852 1891 1908 eis

313 1952 469 1992 amor
517 1939 786 2004 civitatis;
842 1954 1081 1996 amorem
1124 1952 1302 1999 autem
1343 1943 1571 1997 civitatis
1622 1943 1892 1999 infuderat

308 2027 543 2097 Spiritus
570 2029 661 2085 Dei
689 2047 703 2083 :
736 2030 986 2098 Charitas,
1019 2032 1226 2102 inquit,
1257 2031 1356 2086 Dei
1378 2032 1566 2100 di/Iusa
1588 2044 1663 2089 est
1688 2036 1743 2088 in
1769 2050 1885 2088 cor-

307 2120 401 2175 bus
422 2122 605 2177 nostris
632 2139 722 2192 per
742 2123 990 2193 Spiritum
1026 2134 1293 2192 sanctum,
1318 2126 1405 2195 qui
1449 2126 1598 2181 datus
1631 2137 1703 2181 est
1747 2126 1889 2182 nobis

307 2209 489 2278 (Rom.
522 2227 555 2265 v
576 2251 593 2279 ,
616 2211 693 2282 5).
741 2212 853 2267 Hoc
892 2228 1019 2283 ergo
1064 2214 1265 2283 Spiritu
1309 2213 1578 2270 ferventes
1612 2217 1887 2275 audiamus

305 2314 428 2370 quae
454 2300 594 2356 dicta
622 2311 749 2357 sunt
770 2302 837 2357 de
860 2303 960 2358 hac
979 2304 1215 2360 civitate.

378 2388 434 2442 2.
462 2388 611 2461 [υεη.
641 2393 694 2457 1,
720 2391 802 2465 2.]
834 2391 1189 2449 Fundamenta
1229 2396 1340 2466 ejus
1384 2396 1437 2449 in
1480 2396 1729 2451 montibus
1767 2414 1888 2452 san-

306 2483 424 2537 etis.
444 2482 587 2538 Nihil
614 2484 682 2539 de
722 2468 820 2541 uia‘
846 2486 1023 2542 adhuc
1056 2487 1267 2543 dixerat
1290 2488 1561 2555 Psalmus;
1594 2489 1718 2545 hinc
1746 2491 1885 2546 inci-

305 2573 401 2642 pit,
435 2582 493 2629 et
518 2574 594 2630 ait
622 2593 635 2628 :
665 2574 1023 2631 Fundamenta
1042 2583 1151 2649 ejus
1192 2579 1245 2634 in
1267 2580 1520 2636 montibus
1544 2583 1749 2636 sanctis.
1777 2582 1887 2638 Cu-

302 2662 392 2731 jus
424 2661 802 2720 fundamenta?
830 2666 946 2723 Non
986 2667 1201 2723 dubium
1235 2677 1319 2725 est
1348 2671 1470 2740 quia
1499 2670 1841 2728 fundamenta
1863 2714 1881 2742 ,

306 2756 603 2823 presertim
621 2758 674 2811 in
702 2757 991 2826 montibus,
1019 2758 1248 2816 civitatis
1271 2761 1494 2830 alicujus
1514 2771 1658 2818 sunt.
1689 2760 1884 2834 Reple—

305 2854 392 2901 tus
415 2861 545 2917 ergo
569 2847 769 2919 Spiritu
803 2861 989 2905 sancto
1024 2852 1154 2907 civis
1180 2852 1307 2919 iste,
1334 2863 1389 2909 et
1413 2854 1577 2910 multa
1607 2855 1674 2911 de
1696 2871 1883 2925 amore

302 2944 357 2991 et
378 2936 655 2994 desiderio
674 2940 905 2996 civitatis
930 2941 1086 3012 hujus
1124 2943 1344 3000 volvens
1366 2958 1552 3002 secum
1572 2986 1591 3014 ,
1624 2954 1879 3018 tanquam

302 3028 456 3096 plura
483 3029 630 3085 intus
651 3031 791 3100 apud
811 3046 872 3088 se
896 3033 1201 3101 meditatus,
1228 3037 1403 3106 erupit
1430 3038 1483 3093 in
1518 3037 1642 3105 hoc,
1664 3040 1881 3095 Funda-

300 3129 474 3174 menta
495 3122 606 3192 ejus
632 3123 687 3181 in
710 3124 959 3180 montibus
981 3128 1203 3197 sanctis;
1223 3129 1372 3198 quasi
1392 3128 1505 3199 jam
1530 3130 1596 3186 de
1617 3131 1704 3187 illa
1725 3131 1882 3188 dixe-

298 3210 370 3264 rit
391 3210 615 3280 aliquid.
646 3213 924 3282 Quomodo
958 3215 1026 3271 de
1068 3217 1156 3273 illa
1184 3218 1316 3273 nihil
1354 3219 1595 3288 dixerat,
1625 3221 1715 3292 qui
1741 3238 1879 3279 nun-

298 3316 457 3370 quam
486 3302 555 3358 de
581 3304 670 3358 illa
700 3306 862 3365 corde
895 3310 1173 3363 tacuerat?
1194 3311 1473 3378 Quomodo
1508 3314 1652 3369 enim
1678 3314 1875 3370 dicitur

296 3394 427 3462 ejus,
454 3394 524 3450 de
549 3411 651 3466 qua
674 3398 805 3453 nihil
833 3400 1030 3456 dictum
1057 3412 1137 3457 est
1154 3405 1178 3456 ?
1196 3404 1300 3459 Sed
1325 3406 1509 3471 multa,
1534 3417 1591 3463 ut
1616 3409 1751 3476 dixi,
1782 3424 1871 3463 se-

294 3499 417 3539 cum
446 3485 500 3540 in
544 3487 759 3543 silentio
786 3488 853 3545 de
894 3492 982 3547 illa
1021 3494 1231 3550 civitate
1266 3498 1602 3565 parturiens,
1634 3500 1873 3556 clamans

292 3576 359 3631 ad
390 3576 581 3644 Deum,
613 3581 789 3651 erupit
824 3582 985 3639 etiam
1016 3585 1067 3639 in
1106 3601 1264 3643 aures
1303 3587 1577 3645 hominum
1609 3608 1621 3644 :
1657 3591 1871 3647 Funda-

293 3677 462 3722 menta
486 3672 598 3739 ejus
626 3672 679 3725 in
716 3673 964 3729 montibus
988 3678 1194 3731 sanctis.
1227 3680 1292 3733 Et
1319 3681 1469 3749 quasi
1498 3681 1743 3738 homines
1768 3700 1868 3739 au-

291 3757 499 3813 dientes
512 3772 833 3830 qutererent,
855 3764 1050 3834 Cujus?
1065 3766 1266 3837 Diligit,
1284 3770 1723 3841 inquit,Dominus
1749 3791 1869 3845 por-

290 3856 367 3900 tas
395 3848 545 3903 Sion.
577 3851 716 3906 Ecce
742 3855 894 3922 cujus
919 3856 1259 3914 fundamenta
1285 3861 1335 3916 in
1358 3864 1624 3919 montibus
1644 3866 1863 3932 sanctis,

288 3939 565 4009 cujusdam
606 3944 834 4001 civitatis
874 3948 1031 4015 Sion,
1061 3950 1213 4019 cujus
1243 3952 1496 4011 Dominus
1538 3956 1866 4026 portasdili-

287 4030 385 4097 git,
413 4032 551 4086 sicut
576 4047 961 4106 consequenter
994 4040 1143 4107 dicit,
1170 4059 1321 4112 super
1349 4046 1517 4101 omnia
1541 4046 1865 4101 tabernacula

286 4120 450 4175 Iacob
473 4164 489 4188 ,
524 4123 629 4179 Sed
668 4128 793 4194 quid
819 4138 902 4182 est
924 4169 939 4195 ,
979 4130 1336 4189 Fundamenta
1369 4137 1480 4205 ejus
1521 4126 1583 4189 in.
1614 4139 1862 4193 montibus

284 4216 626 4284 sanetis?qui
667 4229 790 4274 sunt
829 4233 1037 4278 montes
1077 4226 1244 4280 sancti
1268 4241 1431 4295 super
1463 4242 1600 4297 quos
1641 4228 1858 4287 fundata

286 4316 367 4361 est
395 4306 496 4361 ism
526 4309 746 4365 civitas?
776 4312 924 4368 Alter
949 4314 1163 4383 quidam
1188 4318 1322 4372 civis
1350 4319 1556 4388 planius
1584 4320 1686 4376 hoc
1705 4321 1856 4387 dixit,

284 4398 560 4466 apostolus
601 4396 829 4459 Paulus}
862 4403 1006 4459 Civis
1052 4406 1173 4463 inde
1217 4408 1483 4479 Propheta
1508 4451 1524 4475 ,
1561 4413 1696 4467 civis
1737 4414 1859 4469 inde

287 4488 615 4556 Apostolus:
639 4501 694 4546 et
722 4492 773 4545 hi
817 4502 1097 4563 propterea
1128 4498 1509 4568 loquebantur,
1534 4511 1592 4557 ut
1634 4513 1859 4560 «cteros

281 4578 429 4631 cives
448 4578 878 4639 exbortarentur.
908 4584 1013 4640 Sed
1042 4587 1115 4652 hi,
1147 4589 1198 4645 id
1223 4598 1306 4646 est
1335 4592 1616 4661 Propheta:
1640 4604 1695 4651 et
1716 4596 1859 4666 Apo-

279 4669 426 4735 stoli,
456 4674 724 4741 quomodo
749 4675 932 4732 cives?
950 4677 1199 4736 Fortasse
1233 4682 1308 4739 ita
1345 4691 1404 4739 ut
1442 4687 1601 4741 etiam
1630 4687 1730 4757 ipsi
1750 4689 1859 4743 sint

280 4770 518 4828 montes,
548 4777 709 4833 super
731 4781 866 4835 quos
892 4767 1231 4826 fundamenta
1261 4784 1385 4829 sunt
1412 4776 1567 4843 hujus
1590 4778 1817 4835 civitatis
1836 4814 1852 4846 ,

279 4852 435 4920 cujus
472 4861 655 4922 portas
695 4856 867 4927 diligit
904 4860 1179 4917 Dominus.
1210 4864 1358 4921 Dicat
1398 4881 1525 4937 ergo
1562 4869 1699 4925 alius
1724 4870 1854 4925 civis

278 4938 381 5028 hoc
405 4952 592 5013 aperte
621 4960 691 5003 ne
724 4962 822 5003 nos
862 4951 1121 5020 suspicari
1150 4954 1446 5011 videamur.
1491 4954 1742 5028 Loquens
1784 4962 1854 5017 ad

276 5026 499 5099 Gentes,
530 5043 587 5089 et
612 5049 1039 5096 commemorans
1076 5050 1134 5099 ut
1175 5044 1431 5112 redirent,
1461 5056 1514 5102 et
1541 5026 1693 5118 quasi
1727 5066 1856 5107 con-

275 5127 615 5181 struerentur
640 5125 694 5181 in
714 5126 967 5191 fabricam
993 5142 1230 5189 sanctam
1257 5177 1272 5200 ,
1303 5135 1731 5209 Su’pertcdiﬁcati,
1764 5142 1845 5198 in-

273 5211 407 5277 quit,
436 5229 593 5283 super
609 5215 993 5284 fundamentum
1012 5223 1364 5295 Apostolorum
1390 5237 1438 5283 et
1457 5227 1851 5301 Prophetarum.

266 5305 492 5377 ‘thuia
514 5324 615 5366 nec
661 5312 763 5382 ipsi
810 5316 1050 5385 Apostoli
1073 5329 1167 5374 aut
1216 5322 1531 5392 Prophetas,
1579 5326 1633 5381 in
1664 5327 1854 5397 quibus

279 5398 682 5461 fundamentum
708 5414 791 5461 est
813 5409 1064 5477 civitatis,
1091 5427 1152 5468 se
1178 5421 1422 5471 tenerent
1438 5417 1491 5472 in
1512 5433 1607 5484 se;
1639 5429 1852 5478 secutus

278 5489 348 5579 ibi
371 5491 463 5557 ait,
495 5491 622 5564 Ipso
669 5511 864 5553 summ
915 5501 1154 5559 existente
1196 5504 1367 5574 lapide
1396 5510 1630 5579 angulari
1653 5511 1852 5568 Christo

274 5577 422 5634 Iesu.
454 5581 536 5638 Ne
557 5584 735 5655 itaque
761 5595 1009 5657 putarent
1032 5590 1231 5649 Gentes
1259 5609 1364 5649 non
1407 5577 1480 5653 sei
1496 5601 1763 5668 pertinere
1782 5603 1850 5660 ad

275 5669 401 5728 Sion
428 5691 442 5729 :
470 5685 587 5731 erat
613 5674 754 5738 enim
792 5680 1038 5749 quantam
1073 5683 1258 5741 civitas
1286 5686 1413 5745 Sion
1455 5697 1663 5747 terrena
1686 5735 1699 5762 ,
1732 5710 1850 5764 qua:

339 5782 354 5814 ⁸
379 5786 452 5836 sic
472 5788 791 5842 corbeienses
810 5797 917 5844 Ilss.
941 5798 999 5844 At
1011 5793 1145 5855 add,
1169 5809 1256 5860 per
1276 5796 1383 5859 ejus
1398 5799 1537 5850 ινίαιιι.

1395 372 1788 430 ENARRATIO
1826 372 1889 426 IN
1928 374 2244 440 PSALMUM
2282 386 2563 449 LXXXVI.

3446 428 3578 483 “0:2

2001 505 2098 559 per
2137 498 2375 597 umbram
2418 512 2645 576 gestavit
2688 514 2971 586 imaginem
3019 524 3292 594 cujusdam
3336 528 3460 592 Sion
3508 541 3577 597 de

2000 590 2281 701 qua-tnodo
2298 593 2536 701 dicitur,
2569 605 2807 664 cmlestis
2850 611 2991 668 illius
3039 590 3332 679 Jerusalem
3375 590 3572 701 deity—ia

1998 671 2588 789 dicit‘ﬁpostolusﬂme
2610 704 2683 749 est
2703 708 2863 754 mater
2885 708 3109 762 omnium
3132 721 3355 769 nostrum
3379 671 3574 789 (Gellii;

1999 765 2187 879 :v,.26)
2216 788 2230 824 :
2261 788 2325 826 ne
2354 790 2483 847 ergo
2503 781 2578 879 illi
2594 800 2697 841 non
2722 792 2989 856 pertinere
3007 765 3395 862 dicerentur—ad

1999 855 2264 971 quianon
2303 876 2455 921 erant
2485 869 2551 925 de
2582 879 2776 971 populo
2801 880 3105 943 Iudaeorum
3124 932 3137 955 ,
3172 891 3273 949 hoc
3305 898 3381 953 eis
3402 855 3533 957 dixit
3560 855 3576 971 ζ

2003 946 2220 1049 clgitur
2244 952 2352 1021 jam
2384 972 2489 1013 non
2518 965 2647 1020 estis
2674 974 2934 1040 peregrini
2956 946 3267 1049 etinquilini
3292 1003 3305 1051 ;
3332 990 3423 1044 sed
3446 946 3579 1049 estis

1997 1037 2144 1095 cives
2171 1053 2496 1119 sanctorum,
2529 1062 2582 1108 et
2601 1056 2876 1117 domestici
2910 1067 3021 1135 Dei,
3051 1037 3457 1142 stipermdiiicati
3485 1101 3577 1140 su-

1998 1144 2094 1233 per
2116 1132 2514 1198 fundamentum
2538 1148 2853 1217 Apostolum
2883 1167 2937 1212 et
2964 1132 3575 1233 PrOphetarumfiﬂlia-

1997 1221 2090 1278 hes
2138 1233 2593 1292 constructionem
2637 1249 2795 1299 tanta:
2838 1221 3090 1309 civitatis:
3123 1221 3246 1314 Sed
3266 1267 3442 1321 omnis
3472 1221 3573 1325 ista

1995 1329 2282 1429 compages
2330 1325 2419 1381 ubi
2465 1328 2708 1390 innititur
2731 1378 2747 1403 ,
2783 1339 2869 1394 ubi
2898 1340 3193 1415 incumbit,
3227 1364 3282 1407 ut
3312 1372 3573 1429 nusquam

1995 1409 2189 1512 cadat?
2216 1412 2341 1512 ipso
2361 1459 2375 1483 ,
2409 1420 2619 1491 inquit,
2648 1444 2843 1485 summo
2872 1438 3108 1505 angulari
3142 1409 3313 1512 lapide
3335 1409 3575 1509 existente

1994 1496 2194 1555 Christo
2220 1504 2345 1561 Jesu
2374 1508 2587 1581 (Ep/tes.
2617 1533 2674 1584 ιι,
2706 1518 2837 1576 19ει
2851 1496 2965 1592 2οῇ

2065 1591 2119 1693 3:
2162 1592 2310 1699 Dicet
2359 1597 2589 1699 fortasse
2642 1608 2852 1680 aliquis,
2898 1591 2955 1671 Si
2998 1622 3268 1690 angularis
3313 1627 3445 1699 lapis
3488 1646 3574 1689 est

1992 1678 2431 1793 Christusjcsus,
2467 1692 2517 1747 in
2559 1695 2648 1751 illo
2675 1678 2889 1769 quidem
2914 1706 3021 1764 duo
3048 1678 3274 1780 parietes

1993 1780 2205 1826 nantur.
2236 1774 2418 1846 Neque
2444 1784 2585 1840 enim
2613 1792 2864 1859 angulum
2890 1774 3110 1867 faciunt,
3140 1805 3242 1860 nisi
3269 1808 3374 1864 duo
3400 1774 3574 1880 parie-

1992 1868 2072 1915 tes
2103 1862 2155 1966 in
2187 1881 2347 1922 unum
2379 1871 2445 1927 de
2470 1875 2681 1935 diverso
2720 1886 2994 1945 venientes
3020 1910 3032 1945 :
3066 1895 3144 1950 sic
3172 1907 3227 1952 et
3265 1862 3441 1972 populi
3464 1908 3568 1962 duo

1990 1967 2055 2007 ex
2087 1962 2489 2021 circumcisione
2516 1978 2572 2023 et
2602 1987 2668 2026 ex
2699 1981 2978 2049 praeputio,
3002 1985 3068 2039 ad
3116 1962 3298 2057 pacem
3325 1962 3570 2053 christia—

1993 2059 2116 2100 nam
2158 2050 2369 2108 sibimet
2396 2065 2620 2116 connexi
2648 2065 2700 2120 in
2728 2083 2830 2123 una
2859 2071 2983 2140 fide,
3013 2050 3130 2132 uua-
3158 2094 3270 2150 spe,
3304 2100 3405 2141 una
3442 2088 3568 2144 cha-

1988 2136 2167 2248 ritate.
2206 2142 2311 2199 Sed
2346 2148 2393 2201 si
2418 2154 2643 2220 angulus
2681 2172 2921 2219 summus
2940 2136 3385 2243 Christus‘lesus,
3416 2182 3566 2248 quasi

1987 2228 2235 2341 videntur
2260 2237 2435 2303 priora
2468 2240 2810 2304 fundamenta
2850 2263 2903 2308 et
2946 2261 3213 2325 posterior
3237 2228 3565 2341 lapisyaiig‘u—

1988 2318 2137 2377 laris.
2164 2323 2346 2426 εἴσιδε-ι
2381 2345 2510 2401 ergo
2537 2336 2726 2406 aliquis
2765 2318 3089 2417 dicere-quia
3131 2318 3565 2426 magisrChri-sotus

1986 2425 2148 2521 super
2170 2412 2468 2521 Prophetas
2487 2433 2541 2478 et
2561 2426 2844 2496 Apostolos
2870 2412 3147 2510 incumbit,
3172 2412 3277 2501 n6}.
3301 2412 3564 2521 illisuper

1986 2502 2159 2608 illum,
2189 2509 2234 2563 si
2262 2508 2338 2609 illi
2366 2524 2492 2570 sum
2521 2517 2573 2571 in
2604 2519 2967 2596 fundamento,
2994 2502 3184 2602 ipsein
3211 2502 3427 2609 angulo:
3439 2502 3562 2601 Sed

1984 2595 2181 2693 cogitet
2202 2600 2291 2669 qui
2320 2602 2425 2660 hoc
2452 2606 2601 2675 dicit,
2620 2616 2873 2683 angulum
2894 2595 2958 2674 et
2973 2595 3029 2677 in
3051 2595 3398 2689 fundamento

1982 2686 2166 2759 Neque
2194 2694 2353 2794 enim
2385 2696 2461 2753 ibi
2500 2710 2584 2758 est
2627 2712 2828 2764 tantum
2869 2716 3093 2784 angulus
3123 2719 3212 2776 ubi
3250 2686 3562 2794 videturrut

1983 2791 2165 2852 surgat
2191 2784 2474 2886 ina-picem
2502 2809 2516 2846 :
2544 2808 2575 2849 a
2619 2796 2962 2860 fundamento
3003 2809 3144 2864 enim
3190 2813 3391 2886 incipit.
3427 2784 3561 2876 Nam

1983 2878 2044 2926 ut
2085 2878 2340 2934 noveritis
2367 2882 2492 2951 quis
2536 2893 2592 2941 et
2638 2887 3035 2954 fundamentum
3068 2878 3313 2962 Christus
3356 2920 3412 2964 et
3452 2914 3562 2982 pri-

1981 2976 2127 3019 mum
2147 2974 2201 3021 et
2223 2971 2510 3029 maximum
2542 2993 2557 3031 :
2589 2976 3018 3055 Fundamentum,
3050 2992 3221 3062 inquit
3249 2971 3557 3071 Apostolus,

1981 3066 2137 3158 nemo.
2167 3066 2551 3158 potest-ponere
2585 3079 2768 3158 proelia
2792 3073 2847 3126 id
2885 3079 3022 3146 quod
3047 3084 3264 3149 positum
3300 3066 3397 3157 est,
3424 3066 3560 3158 quod

1979 3152 2052 3248 est
2075 3143 2301 3204 Christus
2322 3150 2474 3208 Iesus
2500 3155 2551 3226 (Ἰ
2578 3157 2695 3213 Cor.
2728 3174 2805 3230 ιιι,
2839 3143 2951 3236 Μ’).
2974 3143 3253 3236 Quomodo
3281 3143 3410 3248 ergo

1978 3233 2227 3295 damenta
2246 3241 2553 3332 _Propbet:n
2580 3258 2635 3304 et
2678 3233 2937 3322 Apostoli,
2972 3233 3026 3314 et
3050 3268 3316 3332 quomodo

1976 3336 2214 3383 mentum
2234 3330 2478 3390 Christus
2501 3335 2676 3407 Jesus,
2704 3358 2813 3412 quo
2847 3330 3079 3407 ulterius
3100 3354 3233 3411 nihil
3270 3361 3389 3414 est?
3413 3362 3556 3430 Quo-

1975 3415 2139 3473 modo
2187 3429 2457 3490 putamus,
2489 3427 2593 3483 nisi
2645 3436 3091 3501 quemadmodum
3135 3457 3318 3515 aperte
3359 3415 3554 3511 dicitur

1973 3516 2189 3565 sanctus
2215 3522 2544 3585 sanctorum,
2573 3523 2650 3576 sic
2678 3522 2901 3593 figurate
2931 3529 3327 3603 fundamentum
3358 3542 3551 3603 fundae

1971 3603 2313 3658 mentorum?
2338 3603 2395 3661 Si
2423 3622 2552 3679 ergo
2572 3625 2900 3673 sacramenta
2928 3624 3148 3693 cogites,
3166 3629 3410 3691 Christus
3429 3652 3552 3695 san-

1970 3693 2087 3744 ctus
2123 3701 2463 3750 sanctorum:
2492 3699 2536 3754 si
2569 3714 2785 3773 gregem
2827 3710 3095 3770 subditum
3137 3721 3359 3791 cogites,
3391 3726 3549 3785 Chri-

1970 3783 2093 3880 stus.
2124 3791 2303 3848 pastor
2339 3796 2611 3854 pastorum
2637 3810 2651 3846 :
2684 3796 2728 3853 si
2775 3796 3027 3858 fabricam
3058 3783 3278 3880 cogites,
3305 3783 3548 3877 Christus

1967 3864 2367 3929 fundamentum
2396 3878 2878 3943 fundamentorum.
2912 3891 2969 3947 ln
3006 3864 3400 3961 adificiis'istis
3434 3864 3545 3971 in;

1968 3968 2143 4026 potest
2166 3977 2284 4020 esse
2310 3966 2450 4023 idem
2476 3971 2614 4041 lapis
2638 3975 2690 4030 in
2719 3978 2828 4034 imo
2852 3992 2905 4036 et
2929 3983 2982 4038 iu
3012 4001 3223 4046 summo
3255 4011 3268 4048 :
3299 3996 3344 4049 si
3387 3998 3546 4058 fuerit

1967 4050 2018 4103 in
2048 4051 2174 4117 imo,
2204 4054 2256 4108 in
2299 4072 2506 4117 summo
2535 4079 2641 4120 non
2679 4068 2813 4134 erit;
2862 4073 2906 4127 si
2948 4075 3001 4129 in
3031 4093 3239 4137 summo
3281 4086 3458 4155 fuerit,
3488 4092 3541 4148 in

1964 4141 2071 4197 imo
2101 4160 2205 4200 non
2238 4149 2360 4207 erit.
2407 4153 2692 4224 Angustias
2733 4162 2875 4218 enim
2919 4168 3094 4225 orunia
3139 4188 3275 4241 pene
3313 4141 3541 4249 corpora

1964 4234 2264 4303 patiuntur;
2306 4256 2406 4296 nec
2449 4245 2640 4316 ubique
2688 4264 2808 4308 esse
2851 4267 3099 4325 possunt,
3139 4234 3250 4319 inec
3289 4234 3537 4339 semper:

1961 4323 2217 4384 Divinitas
2242 4341 2421 4389 autem
2468 4351 2585 4405 quae
2609 4340 2799 4411 ubique
2825 4358 3019 4413 praesto
3055 4323 3156 4418 est,
3194 4323 3432 4430 undique
3471 4367 3539 4421 ad

1961 4430 2077 4471 eam
2128 4427 2305 4487 potest
2350 4423 2490 4481 duci,
2517 4428 2849 4501 similitudo;
2894 4448 2947 4494 et
2993 4451 3159 4503 totum
3205 4423 3380 4518 potest
3420 4472 3541 4515 esse

1961 4506 2013 4559 in
2057 4509 2507 4583 similitudinibus,
2540 4521 2659 4588 quia
2702 4525 2830 4579 nihil
2860 4527 3048 4587 horum
3082 4545 3163 4591 est
3200 4506 3254 4594 in

1961 4601 2176 4659 tatibus.
2224 4604 2487 4677 Numquid
2534 4612 2774 4671 Christus
2822 4618 2985 4687 janua
3035 4636 3152 4695 est,
3193 4601 3540 4702 quemadmo—

1958 4693 2083 4750 dum
2114 4696 2353 4754 videmus
2368 4702 2566 4796 ianuas
2596 4704 2760 4763 factas
2797 4726 2830 4766 a
2858 4711 3048 4770 fabro?
3088 4693 3418 4796 Non-utique
3443 4748 3456 4785 :
3484 4739 3540 4787 et

1959 4792 2136 4842 tamen
2176 4789 2330 4857 dixit,
2358 4789 2469 4864 Ego
2510 4812 2624 4861 sum
2653 4800 2838 4869 jauua.
2883 4805 2987 4861 Aut
3032 4816 3286 4884 numquid
3334 4789 3413 4876 sic
3456 4834 3533 4880 est

1958 4886 2159 4945 pastor,
2197 4884 2465 4951 quomodo
2502 4886 2743 4945 videmus
2776 4902 3017 4961 pastores
3057 4901 3189 4960 istos
3224 4913 3535 4978 prtepositos

1959 4972 2250 5057 pecorum?
2272 4972 2340 5029 Et
2375 4973 2529 5044 dixit,
2557 4976 2670 5050 Ego
2694 4997 2807 5037 sum
2833 4996 3024 5055 pastor.
3054 4992 3119 5047 Et
3144 4972 3250 5051 uno
3273 4972 3393 5054 loco
3416 5016 3536 5057 am-

1958 5052 2065 5113 bas‘
2079 5074 2165 5116 res
2191 5061 2344 5119 dixit.
2378 5066 2434 5120 lu
2464 5068 2753 5140 Evangelio
2781 5052 2917 5131 dixit
2958 5082 3078 5150 quia
3111 5095 3288 5153 pastor
3320 5052 3532 5163 perii;-

1959 5167 2118 5206 nuam
2155 5155 2354 5209 intrat:
2384 5166 2440 5212 et
2472 5160 2543 5214 ibi
2571 5160 2728 5227 dixit,
2757 5164 2870 5237 Ego
2897 5185 3010 5225 sum
3048 5186 3221 5243 pastor
3244 5155 3404 5237 bonus
3419 5155 3535 5247 ;'et

1956 5243 2029 5298 ibi
2054 5244 2206 5313 dixit,
2238 5246 2349 5319 Ego
2372 5267 2483 5304 sunt
2499 5252 2666 5323 ianua
2694 5256 2876 5325 (Joan.
2910 5277 2969 5327 ιι,
2999 5264 3054 5325 9.
3088 5267 3201 5333 Η).
3236 5243 3428 5329 Ριξξιῑοιο⁷
3451 5279 3535 5333 ius

1959 5342 2058 5390 trat
2101 5350 2199 5407 per
2237 5340 2452 5409 januam
2478 5361 2491 5397 :
2522 5353 2577 5399 et
2602 5347 2720 5415 quis
2759 5358 2843 5406 est
2885 5363 3070 5423 pastor
3093 5358 3181 5427 qui
3231 5359 3392 5418 intrat
3438 5378 3535 5435 per

1952 5426 2208 5494 januam?
2253 5429 2365 5502 Ego
2393 5450 2505 5487 sum
2532 5448 2707 5506 pastor
2730 5439 2908 5497 bonus.
2943 5444 3010 5499 Et
3037 5426 3155 5516 quis
3182 5459 3266 5507 est
3301 5426 3531 5527 ergo'ja-

1957 5527 2058 5570 nua
2101 5534 2204 5588 qua
2252 5521 2418 5577 intras
2464 5536 2539 5592 tu,
2590 5538 2772 5597 pastor
2813 5531 2992 5589 bone?
3036 5537 3150 5609 Ego
3192 5559 3306 5597 sum
3341 5521 3531 5617 j'anua.

1954 5608 2231 5676 Quomodo
2256 5627 2383 5684 ergo
2413 5623 2467 5671 tu
2496 5621 2712 5675 omnia?
2750 5622 3026 5690 Quomodo
3057 5608 3155 5699 per
3182 5650 3266 5689 me
3296 5608 3469 5695 omnia
3488 5644 3528 5699 ‘t

2025 5809 2041 5842 ί
2063 5811 2133 5862 sic
2151 5809 2383 5863 meliores
2405 5819 2513 5865 Mss.
2533 5821 2589 5867 At
2613 5817 2743 5871 Edd.:
2773 5823 3015 5883 quomodo
3027 5839 3143 5892 ergo
3159 5842 3247 5892 per
3272 5836 3317 5882 te
3334 5833 3491 5883 omnia
3503 5832 3529 5885 2
