4048 6544
496 419 629 474 1³1Ὁ5

494 526 652 581 Verbi
681 524 868 594 gratia,
898 536 1018 577 cum
1069 521 1263 576 Paulus
1306 520 1469 574 intrat
1508 512 1601 586 per
1625 517 1864 587 jannam,
1892 531 2068 572 nonne

488 618 733 672 Christus
759 614 920 668 intrat
949 628 1045 683 per
1068 611 1322 681 januam?
1348 609 1562 676 Quare?
1599 608 1711 662 Non
1734 612 1853 679 quia
1879 609 2070 664 Paulus

487 708 763 770 Christus;
792 704 892 761 sed
937 703 1059 774 quia
1098 703 1148 757 in
1200 701 1364 756 Paulo
1390 700 1649 766 Christus,
1677 711 1732 754 et
1774 715 1869 771 per
1909 699 2100 755 Chrir

487 807 627 851 stum
650 796 872 852 Paulus.
907 795 1023 866 Ipse
1051 793 1185 849 dixit
1214 812 1227 848 :
1255 792 1336 847 An
1365 792 1756 863 experimentum
1785 793 1892 859 eius
1920 792 2070 845 vultis

488 888 733 955 accipere,
762 887 849 956 qui
888 887 942 940 in
969 901 1049 938 me
1077 885 1297 953 loquitur
1321 883 1548 938 Christus
1578 888 1600 953 (
1610 882 1652 935 11
1679 881 1798 937 Cor.
1831 898 1943 948 xm,
1974 881 2071 951 5)?

485 979 619 1033 Cmn
659 977 829 1031 sancti
865 977 981 1046 ejus
1009 983 1065 1030 et
1090 974 1274 1030 ﬁdeles
1309 974 1427 1043 ejus
1456 974 1655 1028 intrant
1698 987 1795 1045 per
1829 972 2066 1041 januam,

489 1086 663 1126 nonne
684 1068 930 1125 Christus
959 1066 1121 1121 intrat
1158 1081 1253 1136 per
1276 1064 1532 1136 januam?
1556 1063 1837 1132 Quomodo
1876 1063 2067 1132 proba-

487 1165 643 1219 mus?
669 1163 802 1231 Quia
832 1162 976 1231 ipsos
1005 1170 1218 1215 sanctos
1263 1159 1378 1229 ejus
1406 1156 1821 1229 persequebatur
1856 1155 2064 1241 Saulus,

486 1256 721 1311 nondum
754 1253 969 1318 Paulus,
998 1250 1210 1322 quando
1237 1250 1286 1305 ei
1313 1248 1559 1303 clamavit
1595 1247 1664 1303 de
1685 1247 1858 1302 celo:
1887 1244 2066 1310 Saule,

485 1350 666 1412 Saule,
680 1346 801 1417 quid
820 1363 899 1400 me
918 1345 1224 1417 persequeris
1242 1342 1375 1414 (Act.
1394 1358 1467 1406 Ix,
1483 1340 1572 1413 4)?
1592 1340 1733 1409 Ergo
1753 1338 2064 1392 fundamen-

486 1450 596 1494 tum
612 1448 666 1495 ct
680 1438 816 1507 lapis
830 1436 1098 1507 angularia
1116 1436 1227 1505 ipse
1242 1443 1344 1499 est,
1359 1433 1428 1488 ab
1440 1434 1548 1487 imo
1560 1444 1814 1502 surgens;
1834 1430 1876 1483 si
1894 1440 2066 1484 tamen

483 1532 553 1586 ab
573 1531 700 1585 imo.
740 1529 947 1585 Etenim
973 1528 1123 1597 origo
1150 1524 1476 1581 fundamenti
1514 1523 1673 1594 hujus
1707 1521 2066 1577 summitatem

488 1632 635 1678 tenet
661 1638 675 1675 :
704 1628 761 1676 et
793 1617 1238 1691 quemadmodum
1266 1616 1665 1670 fundamentum
1692 1626 1963 1682 corporea:
1989 1609 2066 1664 fa-

487 1714 650 1769 brica:
671 1713 722 1767 in
746 1712 853 1767 imo
870 1718 985 1775 est;
1013 1708 1089 1764 sic
1113 1706 1513 1763 fundamentum
1540 1703 1831 1775 Spiritualis
1856 1701 2067 1756 fabricae

485 1804 540 1859 in
564 1817 772 1859 summo
797 1809 898 1857 est.
926 1800 983 1856 Si
1011 1798 1078 1854 ad
1103 1806 1299 1853 terram
1329 1796 1736 1860 :ediﬁearemur,
1766 1792 1821 1846 in
1848 1793 1954 1847 imo
1979 1806 2067 1846 no-

485 1896 567 1952 bis
594 1893 898 1966 pouendum
929 1900 1044 1947 erat
1071 1888 1476 1944 fundamentum
1502 1903 1517 1940 :
1549 1882 1669 1954 quia
1715 1882 1950 1938 caelestis
1989 1879 2064 1934 fa-

484 1986 630 2042 brica
659 1995 761 2052 est,
779 1984 843 2038 ad
870 1982 1039 2038 ccelos
1069 1978 1344 2051 praecessit
1370 1976 1770 2033 fundamentum
1800 1981 2062 2027 nostrum.

487 2079 603 2148 Ipse
631 2092 760 2147 ergo
788 2074 1058 2146 angularis
1086 2071 1241 2142 lapis,
1273 2078 1592 2139 montesque
1639 2064 1900 2136 Apostoli,
1930 2064 2064 2118 Pro-

485 2170 661 2240 pheta:
707 2167 903 2237 magni,
953 2173 1230 2235 portantes
1273 2161 1526 2218 fabricam
1575 2158 1821 2224 civitatis,
1868 2156 2099 2211 faciuut‘

486 2261 661 2314 vivum
690 2257 956 2329 quoddam
981 2254 1285 2311 aediﬁcium.
1323 2252 1435 2308 Hoc
1459 2251 1742 2308 :ediﬁcium
1774 2248 1935 2304 modo
1958 2249 2067 2303 cla-

484 2360 595 2407 mat
617 2351 685 2406 de
704 2348 957 2405 cordibus
985 2346 1221 2403 vestris?
1264 2345 1368 2401 hoc
1415 2344 1523 2415 agit
1562 2342 1848 2398 artiﬁciosa
1880 2355 2067 2396 manus

487 2447 580 2502 Dei
609 2445 769 2501 etiam
813 2458 912 2513 per
949 2440 1180 2511 linguam
1208 2447 1466 2504 nostram,
1497 2444 1554 2492 ut
1581 2436 1646 2490 ad
1690 2434 1832 2489 illius
1858 2430 2066 2488 mdiﬁcii

484 2531 1227 2606 fabricameonquadremini.
1265 2530 1381 2585 Non
1412 2530 1555 2585 enim
1594 2527 1788 2582 frustra
1816 2525 1973 2580 etiam
2000 2524 2068 2577 de

486 2631 640 2702 lignis
666 2626 936 2699 quadratis
968 2623 1227 2680 aediﬁcata
1255 2628 1337 2676 est
1360 2633 1480 2674 arca
1524 2618 1636 2673 Noe
1678 2616 1829 2690 (Gen.
1857 2631 1931 2682 vr,
1978 2615 2063 2676 14,

484 2740 587 2777 sec.
617 2720 820 2789 LXX),
848 2734 967 2789 quae
1014 2713 1362 2771 nihilominus
1405 2711 1625 2781 ﬁguram
1675 2710 1914 2779 gestabat
1965 2707 2064 2761 Ec-

484 2812 685 2869 clesia).
710 2808 850 2879 Quid
893 2815 978 2863 est
1006 2806 1149 2862 enim
1175 2801 1464 2875 quadrari?
1507 2798 1778 2856 Attendite
1823 2796 2068 2853 similitu-

484 2899 933 2972 dinem-quadrati
963 2897 1151 2967 lapidis
1182 2912 1196 2949 :
1230 2894 1420 2949 similis
1448 2892 1607 2948 debet
1652 2905 1772 2947 esse
1817 2889 2065 2945 christia-

488 3008 607 3049 nus.
655 2992 712 3047 in
740 2990 885 3046 omni
917 2987 1211 3044 tentatione
1254 2998 1349 3041 sua
1392 2982 1713 3038 christianus
1757 2996 1861 3036 non
1890 2979 2063 3039 cadit;

485 3085 585 3139 etsi
637 3081 946 3152 impellitur,
975 3087 1030 3135 et
1056 3076 1207 3148 quasi
1250 3073 1526 3139 vertitur‘,
1578 3088 1684 3127 non
1730 3070 1915 3127 cadit:
1946 3084 2065 3124 nam

486 3176 796 3247 quadratum
825 3170 1053 3242 lapidem
1080 3180 1415 3240 quacumque
1440 3163 1685 3227 verteris,
1718 3170 1841 3218 stat.
1863 3160 2067 3216 Cadere

491 3267 587 3322 visi
611 3275 730 3320 sunt
751 3263 1029 3333 Martyres,
1057 3275 1177 3316 cum
1202 3265 1640 3328 percuterentur;
1671 3252 1763 3308 sed
1789 3251 1917 3323 quid
1936 3251 2068 3307 dixit

487 3358 725 3430 quaedam
763 3372 864 3411 vox
894 3352 1132 3411 Cantici?
1174 3350 1301 3406 Cum
1333 3348 1565 3404 ceciderit
1598 3348 1764 3417 iustus
1800 3362 1904 3399 non
1941 3360 2066 3399 con-

488 3451 804 3513 turbabitur;
842 3446 1083 3519 quoniam
1122 3443 1373 3498 Dominus
1411 3440 1679 3509 conﬁrmat
1727 3454 1933 3492 manum
1959 3438 2070 3507 ejus

490 3544 663 3615 (Psal.
688 3542 868 3608 xxxvi,
895 3540 1012 3610 24).
1040 3537 1130 3593 Sic
1156 3550 1286 3606 ergo
1313 3531 1771 3603 conquadramini,
1793 3530 1858 3585 ad
1884 3544 2070 3585 omnes

489 3634 813 3693 tentationes
838 3631 1039 3703 parati;
1068 3626 1322 3699 quidquid
1348 3623 1639 3696 impulerit,
1659 3637 1767 3677 non
1793 3636 1893 3677 vos
1920 3636 2067 3677 ever-

491 3736 585 3782 tat.
618 3726 859 3781 Slantem
890 3732 942 3778 te
970 3720 1208 3776 inveniat
1255 3716 1430 3773 omnis
1456 3728 1633 3769 casus.
1667 3712 1900 3782 Erigeris
1944 3726 2071 3781 ergo

491 3819 548 3873 in
578 3816 716 3870 hanc
742 3813 997 3869 fabricam
1037 3809 1229 3864 affectu
1256 3809 1366 3877 pio,
1390 3804 1646 3873 religione
1673 3802 1901 3867 sincera,
1945 3799 2068 3865 ﬁde,

489 3924 607 3979 spe,
633 3904 928 3969 charitate;
972 3910 1031 3957 et
1071 3900 1244 3971 ipsum
1289 3895 1539 3951 :editicari
1582 3892 1855 3947 ambulare
1882 3900 1979 3946 est.
2016 3889 2071 3943 lu

493 4000 606 4055 istis
631 3993 934 4051 civitatibus
961 3991 1061 4046 alia
1091 3997 1173 4044 est
1201 3984 1398 4042 fabrica
1427 3982 1794 4047 aadiﬁciorum,
1821 3981 1910 4035 alii
1952 3989 2074 4035 sunt

490 4089 636 4143 cives
661 4085 1018 4141 inhabitantes
1063 4082 1115 4135 in
1144 4078 1339 4134 fabrica
1363 4093 1377 4130 :
1407 4076 1495 4130 illa
1519 4073 1705 4128 civitas
1738 4071 1939 4126 civibus
1964 4070 2073 4126 suis

493 4180 806 4244 aediﬁcatur,
841 4175 942 4244 ipsi
972 4181 1096 4227 sunt
1125 4169 1328 4239 lapides
1357 4168 1447 4236 qui
1493 4173 1615 4220 sunt
1643 4167 1821 4229 cives;
1872 4162 2073 4232 lapides

495 4269 635 4324 enim
663 4264 771 4320 vivi
808 4270 953 4317 sunt.
997 4260 1067 4313 Et
1110 4274 1215 4325 uos,
1246 4257 1433 4326 inquit,
1466 4264 1706 4323 tanquam
1750 4252 1943 4323 lapides
1978 4252 2075 4305 vivi

496 4355 817 4427 aediﬁcantini
860 4353 915 4406 in
965 4352 1172 4404 domum
1222 4345 1535 4418 spiritualem
1584 4343 1641 4412 (l
1688 4342 1832 4397 Petr.
1886 4358 1944 4407 ιι,
1991 4342 2070 4413 5).

494 4450 576 4505 Ad
628 4462 726 4504 nos
771 4445 990 4500 directa»
1025 4456 1125 4496 vox
1178 4446 1280 4494 est.
1335 4438 1475 4507 Ergo
1518 4450 1812 4506 sequamur
1853 4434 1921 4490 de
1974 4433 2073 4489 ista

404 4574 407 4575 ν
495 4538 733 4595 civitate.

565 4629 622 4683 4.
664 4624 1019 4680 Fundamenta
1044 4622 1153 4693 ejus
1176 4620 1230 4673 in
1258 4617 1508 4672 montibus
1528 4617 1754 4671 sanctis:
1779 4615 1943 4687 diligit
1970 4614 2076 4669 Do-

494 4720 661 4773 minus
687 4725 858 4788 portas
881 4712 1027 4768 Sion.
1060 4710 1177 4765 iam
1208 4708 1328 4763 ideo
1368 4707 1685 4777 praelocutus
1713 4721 1853 4771 sum,
1880 4721 1948 4761 ne
1975 4722 2073 4777 pu-

496 4810 620 4865 tetis
661 4807 763 4860 alia
801 4817 921 4860 esse
962 4801 1321 4862 fundamenta,
1364 4797 1495 4851 alias
1520 4804 1723 4867 portas.
1748 4796 1928 4865 Quare
1955 4808 2077 4852 sunt

494 4899 836 4956 fundamenta
892 4890 1131 4963 Apostoli
1160 4897 1216 4945 et
1257 4886 1575 4958 Prophetas?
1603 4885 1737 4953 Quia
1765 4902 1951 4942 eorum
1978 4903 2073 4968 au-

494 4992 714 5049 ctoritas
765 4993 940 5058 portat
991 4981 1351 5037 inﬁrmitatem
1411 4988 1671 5033 nostram.
1730 4978 1906 5047 Quare
1953 4990 2077 5034 sunt

493 5082 706 5156 portas?
752 5078 886 5146 Quia
939 5090 1033 5146 per
1076 5075 1219 5143 ipsos
1267 5072 1526 5125 intramus
1562 5069 1631 5124 ad
1676 5085 1897 5140 regnum
1947 5071 2072 5126 Dei:

496 5173 787 5245 praedicant
811 5169 953 5224 enim
995 5165 1167 5219 nobis.
1209 5163 1422 5218 Etcum
1471 5175 1567 5232 per
1610 5161 1758 5230 ipsos
1794 5162 2072 5225 intramus,

496 5282 593 5337 per
618 5265 885 5322 Christum
919 5262 1175 5314 intramus
1203 5273 1216 5309 :
1248 5255 1360 5325 ipse
1389 5263 1471 5309 est
1505 5254 1650 5309 enim
1673 5252 1855 5323 janua.
1902 5254 1968 5308 Et
1992 5254 2077 5308 di-

494 5365 690 5414 cuntur
715 5353 993 5410 duodecim
1042 5357 1207 5420 porta:
1248 5345 1546 5402 Jerusalem
1582 5346 1764 5418 (Apoc.
1818 5362 1929 5411 xxi,
1962 5344 2076 5417 12),

498 5458 554 5505 et
579 5463 681 5504 una
709 5456 862 5517 porta
896 5442 1159 5509 Christus,
1199 5449 1254 5496 et
1284 5437 1564 5494 duodecim
1609 5446 1777 5508 porta}
1802 5435 2075 5502 Christus;

500 5541 622 5611 quia
650 5539 702 5593 in
731 5533 1011 5591 duodecim
1044 5532 1213 5603 portis
1238 5529 1487 5585 Christus
1514 5545 1528 5582 :
1559 5536 1614 5583 et
1656 5527 1777 5583 ideo
1802 5527 2077 5583 duodena-

502 5634 613 5690 rius
655 5641 909 5685 numerus
953 5624 1348 5694 Apostolorum.
1379 5620 1781 5676 Sacramentum
1828 5616 2075 5688 magnum

504 5724 659 5794 hujus
678 5715 989 5775 duodenarii
1019 5714 1248 5769 numeri.
1272 5710 1538 5776 Sedebitis,
1570 5709 1756 5780 inquit,
1781 5726 1934 5781 super
1960 5710 2080 5764 duo-

572 5839 586 5869 ί
612 5837 683 5885 sic
709 5840 815 5883 uss.
838 5829 1094 5890 Edd.vero,
1112 5833 1156 5879 et
1178 5825 1221 5878 si
1241 5838 1337 5889 qua
1359 5823 1564 5876 vertitur

1724 406 1780 463 S.
1822 408 1862 462 Α
1873 406 2183 464 UGUSTINI
2222 406 2521 464 EPlSCOPl

3613 415 3745 468 11111

2176 517 2336 572 decim
2365 519 2525 586 sedes,
2550 519 2845 588 judicantes
2867 520 3129 575 duodecim
3158 521 3313 576 tribus
3344 521 3506 578 Israel
3536 524 3747 596 (Matth.

2176 627 2286 678 xix,
2315 611 2429 681 28).
2462 611 2517 667 Si
2563 612 2842 668 duodecim
2890 614 3036 669 sella:
3079 615 3151 669 ibi
3198 625 3354 680 sunt;
3401 631 3507 671 non
3545 627 3628 672 est
3662 620 3749 674 ubi

2175 702 2357 756 sedeat
2388 703 2576 757 tertius
2602 702 2841 759 decimus
2871 704 3067 761 Paulus
3103 707 3393 775 apostolus,
3424 717 3479 763 et
3507 724 3610 763 non
3651 711 3752 764 erit

2172 792 2438 862 quomodo
2480 793 2681 863 judicet
2707 812 2721 849 :
2753 804 2806 850 et
2849 796 2963 866 ipse
2986 811 3045 852 se
3081 796 3437 866 judicaturum
3464 799 3613 866 dixit,
3644 816 3751 854 non

2174 882 2420 939 homines
2450 891 2676 950 tantum,
2707 884 2802 941 sed
2829 894 2884 941 et
2910 889 3150 958 angelos.
3183 888 3328 955 Quos
3364 890 3613 960 angelos,
3647 893 3749 946 nisi

2172 982 2441 1043 apostatas
2465 976 2723 1045 angelos?
2754 975 2993 1043 Nescitis,
3013 978 3200 1049 inquit,
3228 980 3349 1050 quia
3373 982 3580 1051 angelos
3596 984 3750 1052 judi-

2173 1063 2396 1119 cabimus
2423 1064 2476 1139 (l
2497 1066 2616 1121 Cor.
2641 1067 2717 1135 vi,
2740 1068 2837 1138 5)?
2868 1069 3233 1139 Respondcret
3251 1087 3378 1142 ergo
3404 1072 3587 1128 turba:
3613 1074 3749 1141 Quid

2175 1167 2225 1213 te
2249 1158 2420 1227 jactas
2441 1159 2837 1229 judicatnrum?
2868 1162 2965 1217 Ubi
2993 1162 3242 1218 sedehis?
3280 1164 3565 1221 Duodecim
3594 1167 3753 1222 sedes

2172 1248 2306 1304 dixit
2333 1250 2587 1306 Dominus
2616 1251 2897 1308 duodecim
2928 1247 3233 1323 Apostolis;
3288 1271 3425 1311 unus
3447 1257 3637 1312 cecidit
3660 1258 3752 1312 Ju-

2172 1342 2288 1407 das,
2318 1343 2368 1397 in
2396 1342 2572 1398 locum
2611 1344 2779 1414 ipsius
2804 1344 3053 1400 Matthias
3074 1346 3349 1403 ordinatus
3371 1359 3470 1414 est,
3501 1351 3751 1420 impletus

2171 1442 2255 1488 est
2299 1434 2658 1490 duodenarius
2705 1451 2963 1491 numerus
3012 1437 3215 1492 sedium
3264 1438 3403 1509 (Act.
3447 1456 3485 1508 ι,
3518 1439 3750 1512 15ο26);

2176 1526 2345 1595 primo
2370 1526 2545 1581 locum
2585 1526 2762 1582 inveni
2803 1527 2893 1582 ubi
2938 1528 3148 1592 sedeas,
3176 1538 3230 1583 et
3257 1531 3335 1584 sic
3361 1539 3412 1584 te
3436 1532 3750 1601 minarejn-

2173 1617 2489 1673 dicaturum.
2522 1619 2809 1675 Duodecim
2846 1634 2974 1690 ergo
3001 1620 3156 1675 sedes
3176 1622 3303 1692 quid
3332 1623 3432 1677 sibi
3458 1626 3641 1690 velint,
3667 1626 3751 1679 vi-

2172 1710 2418 1765 deamus.
2472 1711 2875 1767 Sacramentum
2919 1723 3002 1768 est
3048 1713 3320 1783 cujusdam
3357 1716 3750 1782 universitatis;

2172 1803 2293 1871 quia
2327 1817 2421 1871 per
2448 1813 2612 1856 totum
2636 1803 2822 1857 orbem
2854 1812 3113 1858 terrarum
3145 1804 3319 1861 futura
3349 1818 3465 1862 erat
3488 1808 3749 1875 Ecclesia,

2174 1891 2313 1946 unde
2355 1903 2573 1946 vocatur
2617 1893 2719 1947 hoc
2760 1892 3039 1948 azdiﬁcium
3070 1894 3135 1949 ad
3170 1894 3365 1950 Christi
3395 1911 3705 1967 compagem
3734 1916 3749 1951 :

2172 1992 2226 2034 et
2254 1981 2373 2036 ideo
2400 1983 2519 2051 quia
2552 1981 2784 2052 undique
2812 1983 3024 2038 venitur
3052 1984 3121 2039 ad
3147 1985 3512 2055 iudicandum,
3549 1987 3753 2044 duode-

2172 2072 2276 2127 cim
2303 2070 2459 2126 sedes
2485 2081 2641 2135 sunt;
2689 2074 2826 2128 sicut
2851 2075 2973 2144 quia
3004 2075 3237 2146 undique
3274 2078 3500 2133 intratur
3527 2079 3577 2133 in
3607 2080 3752 2133 illam

2171 2161 2463 2228 civitatem,
2495 2162 2776 2219 duodecim
2805 2176 2971 2234 portas
3005 2176 3147 2221 sunt.
3172 2167 3291 2221 Non
3317 2168 3488 2223 solum
3519 2184 3647 2240 ergo
3677 2171 3753 2223 illi

2172 2253 2449 2309 duodecim
2480 2264 2533 2309 et
2558 2257 2831 2323 apostolus
2860 2256 3074 2323 Paulus,
3108 2258 3202 2313 sed
3246 2267 3506 2329 quotquot
3541 2262 3750 2331 judica—

2175 2345 2281 2399 turi
2324 2354 2469 2409 sunt,
2518 2354 2733 2415 propter
2779 2347 3221 2417 signiﬁcationem
3265 2351 3648 2419 universitatis,
3683 2354 3754 2407 ad

2173 2434 2328 2490 sedes
2355 2432 2633 2489 duodecim
2664 2436 2967 2503 pertinent;
3016 2438 3461 2510 quemadmodum
3492 2450 3753 2511 quotquot

2174 2526 2465 2594 intrabunt,
2487 2526 2552 2580 ad
2578 2527 2855 2581 duodecim
2881 2539 3064 2599 portas
3092 2531 3376 2598 pertinent.
3402 2530 3587 2587 Partes
3609 2534 3759 2586 enim

2173 2617 2353 2671 mundi
2384 2626 2611 2687 quatuor
2634 2627 2778 2684 sunt,
2806 2617 3016 2683 Oriens,
3044 2618 3323 2689 Occidens,
3354 2622 3544 2692 Aquilo
3572 2631 3627 2676 et
3651 2623 3756 2677 Μρι

2174 2708 2356 2763 ridics.
2408 2708 2527 2763 Istae
2564 2718 2791 2777 quatuor
2835 2716 3010 2779 partes
3052 2710 3265 2765 assidue
3312 2712 3652 2767 nominantur
3698 2714 3755 2768 in

2173 2800 2480 2868 Scripturis.
2530 2798 2612 2853 Ab
2658 2800 2907 2854 omnibus
2956 2800 3071 2855 istis
3118 2809 3344 2870 quatuor
3379 2803 3574 2867 ventis,
3615 2804 3756 2859 sicut

2172 2889 2299 2943 dicit
2327 2888 2584 2943 Dominus
2614 2889 2665 2942 in
2700 2890 2985 2960 Evangelio
3026 2905 3057 2945 a
3087 2899 3314 2961 quatuor
3341 2894 3513 2948 ventis
3551 2909 3611 2951 se
3633 2895 3753 2949 col-

2173 2980 2432 3034 lecturum
2477 2978 2679 3035 electos
2726 2994 2852 3035 suos
2902 2980 3090 3052 (Marc.
3142 2997 3257 3049 xm,
3287 2981 3420 3053 27);
3465 2983 3533 3038 ab
3574 2984 3755 3039 omni-

2174 3069 2273 3124 bus
2303 3083 2433 3140 ergo
2461 3068 2575 3123 istis
2601 3079 2829 3139 quatuor
2855 3072 3027 3126 ventis
3054 3080 3275 3127 vocatur
3303 3074 3557 3130 Ecclesia.
3603 3075 3753 3142 Quo-

2172 3160 2333 3215 modo
2357 3159 2622 3213 vocatur?
2675 3159 2919 3232 Undique
2962 3162 3018 3216 in
3043 3161 3302 3218 'l‘rinitate
3343 3174 3601 3220 vocatur:
3645 3178 3789 3249 non.

2171 3260 2392 3305 vocatur
2417 3250 2519 3304 nisi
2548 3250 2825 3320 Baptismo
2855 3251 2909 3305 in
2939 3250 3157 3309 nomine
3203 3252 3394 3319 Patris,
3425 3263 3480 3309 et
3530 3255 3669 3322 Filii,
3697 3266 3756 3309 et

2172 3340 2400 3411 Spiritus
2448 3342 2642 3396 sancti.
2688 3341 2926 3410 Quatuor
2962 3356 3093 3414 ergo
3134 3349 3218 3399 ter
3260 3343 3438 3411 ducta,
3470 3344 3755 3402 duodecim

2174 3432 2531 3487 inveniuntur.

2245 3523 2300 3578 5.
2340 3523 2555 3579 Pulsate
2582 3538 2713 3595 ergo
2741 3524 2933 3581 affectu
2979 3525 3047 3582 ad
3096 3527 3192 3583 has
3244 3537 3445 3598 portas,
3478 3533 3532 3585 et
3560 3530 3758 3587 clamet

2175 3614 2228 3667 in
2258 3614 2409 3668 vobis
2435 3612 2678 3670 Christus
2702 3633 2716 3668 :
2758 3614 2962 3687 Aperite
2988 3618 3113 3671 mihi
3140 3629 3311 3689 portas
3336 3620 3552 3689 justitite
3579 3620 3755 3692 (Psal.

2175 3719 2335 3770 cxvu,
2368 3705 2481 3777 l9).
2514 3705 2795 3761 Praecessit
2829 3708 2972 3761 enim
3001 3709 3052 3762 in
3082 3708 3287 3779 capite;
3314 3711 3554 3780 sequitur
3580 3714 3668 3766 se‘
3698 3713 3759 3768 in

2175 3796 2645 3865 corpore..Videte
2688 3798 2817 3868 quid
2864 3798 3001 3853 dixit
3047 3800 3354 3869 Apostolus,
3386 3803 3506 3872 quia
3539 3804 3589 3857 in
3639 3804 3760 3874 ipso

2176 3886 2421 3943 Christus
2465 3890 2765 3958 patiebatur
2793 3908 2807 3944 :
2851 3889 2916 3945 Ut
2944 3891 3272 3964 adimpleam,
3306 3895 3492 3963 inquit,
3524 3911 3637 3964 qua:
3663 3897 3759 3949 den

2176 3989 2292 4034 sunt
2322 3997 2668 4050 pressurarum
2698 3981 2887 4037 Christi
2916 3984 2968 4036 in
2999 4000 3150 4038 carne
3177 4002 3288 4039 mea
3326 3986 3538 4056 (Coloss.
3573 4003 3611 4051 ι,
3632 3986 3756 4056 24).

2181 4069 2248 4124 Ut
2273 4071 2579 4141 adimpleam
2603 4088 2621 4126 :
2645 4072 2826 4140 Quid?
2858 4072 2984 4138 Quae
3004 4075 3200 4128 desunt.
3227 4076 3323 4130 Cui
3353 4076 3577 4132 desunt?
3603 4076 3759 4133 Pres-

2178 4176 2414 4215 surarum
2434 4130 2640 4216 animi.
2681 4163 2751 4217 Et
2777 4163 2864 4217 ubi
2891 4163 3124 4219 desunt?
3152 4164 3217 4218 In
3253 4182 3401 4220 carne
3429 4184 3560 4221 mea.
3591 4169 3760 4223 Nurn-

2177 4255 2303 4324 quid
2332 4254 2529 4324 aliquid
2559 4269 2929 4324 pressurarum
2959 4256 3143 4313 deerat
3168 4259 3219 4313 in
3246 4259 3335 4313 illo
3356 4258 3589 4327 homine,
3612 4264 3761 4331 quod

2179 4346 2371 4400 factum
2400 4354 2484 4400 est
2510 4346 2741 4402 Verbum
2769 4347 2885 4413 Dei,
2911 4358 3035 4403 nato
3059 4350 3125 4404 de
3149 4349 3310 4404 Maria
3354 4344 3761 4422 virgine?'Pas.-

2178 4453 2269 4493 sus
2294 4438 2435 4494 enim
2466 4446 2549 4494 est
2573 4439 2823 4510 quidquid
2851 4441 2957 4511 pati
2980 4422 3315 4507 deberet,‘ex
3342 4457 3437 4498 sua
3462 4444 3754 4515 voluntate,

2181 4546 2285 4587 non
2325 4548 2392 4588 ex
2439 4534 2640 4603 peccati
2686 4535 3037 4601 necessitate;
3076 4544 3131 4591 et
3156 4536 3361 4592 videtur
3386 4538 3509 4608 quia
3547 4540 3759 4594 omnia:

2183 4623 2235 4677 in
2275 4638 2433 4679 cruce
2479 4623 2623 4679 enim
2671 4625 2874 4693 positus
2914 4626 3119 4695 accepit
3158 4635 3370 4683 acetum
3411 4629 3673 4695 ultimum,
3702 4641 3764 4686 et

2179 4715 2273 4782 ait,
2303 4714 2593 4784 Perfectum
2633 4726 2742 4779 est;
2787 4726 2833 4770 et
2860 4716 3100 4771 inclinato
3137 4719 3298 4787 capite
3325 4719 3488 4772 emisit
3525 4721 3763 4789 spiritum

2181 4804 2362 4875 (Joan.
2408 4821 2519 4871 xxx,
2566 4804 2679 4873 30).
2711 4805 2846 4871 Quid
2893 4814 2995 4873 est,
3038 4805 3328 4877 Perfectum
3372 4809 3488 4863 est?
3528 4809 3645 4865 lam
3691 4810 3765 4867 de

2181 4910 2427 4949 mensura
2458 4895 2761 4964 passiohum
2806 4896 2938 4950 nihil
2967 4896 3095 4950 mihi
3124 4898 3306 4964 deest;
3334 4900 3512 4954 omnia
3542 4915 3662 4971 qua:
3689 4901 3765 4956 de

2182 5001 2266 5040 me
2315 4980 2563 5054 praedicta
2612 4994 2761 5051 sunt,
2812 4987 3075 5057 completa
3124 4999 3249 5044 sunt
3289 5007 3303 5043 :
3346 4999 3593 5061 tanquam
3637 4992 3766 5047 ideo

2180 5085 2515 5147 exspectaret
2543 5085 2600 5131 ut
2630 5078 3043 5147 complerentur.
3073 5079 3201 5147 Quis
3223 5090 3305 5137 est
3329 5083 3417 5151 qui
3445 5083 3524 5138 sic
3551 5082 3765 5152 proﬁci-

2181 5176 2375 5233 scatur,
2408 5156 2675 5237 quomodo
2699 5167 2789 5222 ille
2816 5168 2885 5223 de
2926 5182 3153 5239 corpore
3197 5186 3443 5240 egressus
3489 5173 3607 5227 est?
3651 5173 3764 5229 Sed

2180 5259 2298 5328 quis
2325 5267 2408 5313 est
2431 5258 2519 5328 qui
2550 5258 2652 5313 hoc
2678 5259 2885 5327 potuit?
2921 5259 3021 5327 Qui
3049 5261 3221 5329 primo
3257 5261 3501 5318 dixerat:
3541 5281 3561 5316 ι
3597 5263 3767 5321 Pote-

2181 5355 2374 5403 statem
2410 5347 2579 5402 habeo
2607 5348 2835 5417 ponendi
2868 5350 3097 5403 animam
3139 5366 3334 5417 meam,
3363 5361 3416 5407 et
3443 5352 3775 5422 potestatem

2183 5438 2354 5493 habeo
2396 5437 2585 5493 iterum
2615 5438 2859 5494 sumendi
2887 5454 3006 5495 eam
3030 5457 3044 5494 :
3073 5454 3233 5496 nemo
3262 5441 3397 5497 tollit
3434 5457 3552 5498 eam
3580 5457 3608 5497 a
3636 5459 3764 5506 me;

2186 5528 2280 5584 sed
2305 5542 2406 5597 ego
2436 5541 2574 5595 pono
2601 5542 2765 5581 eama
2796 5543 2903 5595 me,
2937 5538 2994 5584 et
3036 5529 3229 5585 iterum
3258 5547 3411 5587 sumo
3440 5548 3558 5587 eam
3592 5552 3611 5585 ι
3647 5534 3765 5602 (Id.

2185 5636 2240 5685 ι,
2272 5620 2358 5682 17,
2406 5617 2518 5689 18).
2564 5620 2746 5675 Posuit
2786 5621 2997 5693 quando
3040 5622 3239 5689 voluit;
3285 5625 3513 5694 sumpsit
3548 5629 3771 5696 quando

2185 5710 2349 5767 voluit
2377 5728 2389 5763 :
2421 5724 2579 5766 nemo
2606 5709 2841 5779 abstulit,
2874 5727 3033 5769 nemo
3073 5715 3317 5770 extorsit.
3361 5713 3503 5789 Ergo
3532 5717 3770 5789 impletae

2259 5824 2271 5854 ε
2300 5827 2373 5869 Er.
2403 5829 2452 5871 et
2476 5819 2590 5871 edit.
2617 5828 2800 5874 veneta
2819 5836 2913 5873 non
2927 5821 3131 5887 habent,
3147 5837 3215 5876 se.
3313 5834 3370 5876 It.
