4084 6476
318 380 452 434 1105

311 501 465 551 erant
507 502 695 546 omnes
741 485 1041 557 passiones,
1094 485 1188 542 sed
1231 485 1283 539 in
1333 484 1506 553 capite
1552 500 1566 538 :
1613 479 1884 536 restabant

309 588 487 644 adhuc
511 583 709 640 Christi
751 579 1028 652 passiones
1054 578 1109 634 in
1147 591 1388 648 corpore.
1417 576 1525 630 Vos
1553 583 1728 628 autem
1757 571 1886 626 estis

308 695 504 751 corpus
525 675 722 734 Christi
742 682 798 729 et
817 671 1056 728 membra
1082 670 1134 740 (I
1165 669 1283 725 Cor.
1306 685 1400 738 xu,
1426 669 1542 736 27).
1569 667 1625 721 ln
1652 667 1735 722 his
1759 679 1889 734 ergo

309 769 566 828 membris
594 783 716 825 eum
744 773 888 822 esset
927 762 1233 834 Apostolus,
1265 761 1437 816 dixit:
1484 758 1552 818 Ut
1585 759 1890 828 adimpteam

306 883 419 936 qua
445 865 630 918 desunt
677 873 1028 932 pressurarnm
1056 855 1240 911 Christi
1282 855 1337 908 in
1378 869 1532 908 carne
1576 868 1706 906 mea.
1753 851 1890 920 Ergo

309 959 436 1013 illuc
461 956 604 1010 imus
628 968 736 1024 quo
757 949 1000 1006 Christus
1041 946 1333 1018 praecessit,
1356 954 1410 1001 ct
1433 943 1611 999 adhuc
1645 941 1892 998 Christus

308 1047 435 1101 illuc
464 1045 637 1115 pergit
674 1057 779 1114 quo
817 1039 1128 1110 praecessit:
1170 1037 1446 1108 praecessit
1473 1035 1614 1090 enim
1647 1033 1893 1089 Christus

310 1141 361 1193 in
404 1138 603 1208 capite,
627 1135 868 1206 sequitur
892 1133 946 1188 in
973 1146 1219 1202 corpore.
1248 1129 1318 1184 Et
1344 1128 1517 1184 adhuc
1535 1125 1777 1181 Christus
1807 1126 1894 1179 hic

309 1229 553 1290 laborat;
600 1235 655 1283 et
680 1225 923 1281 Christus
965 1223 1053 1279 hic
1093 1221 1390 1293 patiebatur
1414 1236 1443 1274 a
1472 1219 1653 1284 Saulo,
1679 1216 1894 1288 quando

309 1320 514 1375 audivit
552 1317 747 1375 Saulus
781 1335 795 1372 :
839 1315 1018 1384 Saule,
1052 1314 1233 1382 Saule,
1273 1313 1395 1382 quid
1425 1328 1505 1366 me
1550 1309 1896 1382 persequeris?

309 1409 595 1479 Quomodo
637 1408 776 1464 solet
822 1407 999 1478 lingua
1026 1405 1225 1468 dicere,
1253 1403 1456 1459 calcato
1499 1401 1635 1471 pede
1665 1419 1676 1454 :
1706 1399 1893 1455 Calcas

311 1516 418 1556 ine.
442 1500 701 1571 Linguam
729 1499 905 1554 nullus
932 1498 1137 1568 tetigit;
1164 1495 1532 1566 compassione
1557 1493 1766 1558 clamat,
1788 1506 1892 1545 non

311 1592 609 1648 attritione.
643 1590 829 1646 Adhuc
851 1587 1092 1644 Christus
1119 1587 1205 1642 hic
1226 1596 1365 1657 eget,
1397 1584 1638 1642 Christus
1659 1585 1744 1638 hic
1770 1598 1892 1653 per-

310 1683 610 1753 egrinatur,
636 1669 879 1736 Christus
914 1679 1002 1733 hic
1025 1686 1267 1748 argrotat,
1297 1676 1537 1733 Christus
1566 1674 1652 1729 hic
1681 1675 1733 1729 in
1777 1689 1896 1729 car-

312 1789 439 1830 cere
466 1772 772 1828 includitur.
795 1770 1046 1841 lnjuriam
1063 1769 1114 1825 ei
1141 1769 1380 1834 facimus,
1397 1768 1442 1822 si
1465 1761 1568 1821 non
1597 1765 1710 1835 ipse
1729 1765 1891 1820 dixit:

318 1883 339 1916 ‹
385 1863 624 1928 Esurivi,
657 1871 713 1918 et
734 1860 957 1918 dedistis
983 1859 1113 1915 mihi
1151 1858 1503 1923 manducare;
1534 1857 1695 1925 sitivi,
1726 1865 1779 1911 et
1805 1871 1897 1926 po-

312 1957 467 2011 tastis
498 1971 619 2021 me;
665 1954 880 2026 li05pes,
918 1961 974 2008 et
1014 1951 1304 2022 collegistis
1333 1965 1453 2016 me;
1501 1948 1692 2012 nudus,
1722 1956 1777 2003 et
1803 1962 1895 2003 ve-

311 2049 486 2103 stistis
524 2062 642 2113 me;
687 2061 850 2117 aeger,
878 2053 933 2100 et
977 2041 1231 2098 visitastis
1271 2057 1378 2097 me.
1412 2042 1477 2096 Et
1522 2041 1600 2095 illi
1629 2057 1642 2093 :
1673 2039 1896 2109 Quando

313 2148 370 2196 te
398 2139 632 2193 vidimus
656 2139 769 2190 lure
796 2137 1103 2207 patientem,
1136 2143 1190 2190 et
1215 2134 1629 2188 ministravimus
1660 2131 1788 2186 tibi?
1830 2131 1897 2185 Et

313 2232 432 2287 ille:
451 2231 583 2286 Cum
613 2230 704 2285 uni
729 2245 795 2284 ex
826 2228 1058 2283 minimis
1076 2228 1212 2282 meis
1241 2226 1459 2292 fecistis,
1490 2224 1618 2279 mihi
1644 2223 1844 2279 fecistis
1871 2243 1890 2276 ι

313 2320 529 2394 (Matth.
561 2337 688 2386 xxv,
727 2318 941 2392 55-40).
986 2319 1126 2389 Ergo
1165 2312 1489 2373 acdilieemur
1514 2317 1566 2370 in
1596 2314 1893 2371 Cliristum‘

312 2427 478 2482 super
526 2411 924 2467 fundamentum
970 2409 1346 2480 Apostolorum
1386 2417 1440 2462 et
1489 2406 1892 2477 Prophetarum,
1931 2469 1934 2472 ,

312 2506 433 2576 ipso
477 2519 688 2561 summo
735 2503 975 2575 angulari
1024 2501 1198 2573 lapide
1239 2501 1534 2566 existente;
1580 2499 1702 2570 quia
1733 2498 1896 2568 diligit

314 2599 566 2654 Dominus
609 2605 780 2668 portas
810 2596 939 2651 Sion
973 2610 1126 2664 super
1153 2593 1322 2647 omnia
1351 2591 1671 2646 tabernacula
1712 2587 1892 2643 Iacob.

313 2689 476 2758 Quasi
494 2703 623 2744 vero
636 2695 691 2742 ct
712 2688 822 2757 ipsa
842 2685 970 2742 Sion
988 2700 1092 2740 non
1109 2684 1248 2739 inter
1268 2682 1608 2739 tabernacula
1629 2680 1812 2736 Jacob.
1829 2679 1897 2734 Et

313 2782 404 2838 ubi
427 2790 546 2836 erat
567 2781 694 2836 Sion
715 2780 817 2836 nisi
845 2779 897 2834 in
923 2779 1117 2850 populo
1138 2776 1335 2832 Jacob?
1372 2776 1540 2832 Jacob
1562 2774 1703 2830 enim
1728 2788 1896 2844 nepos

313 2872 568 2938 Abrahae,
602 2872 742 2928 unde
784 2881 940 2926 natus
968 2867 1193 2940 populus
1218 2867 1546 2934 Judmorum,
1574 2866 1767 2922 dicitur
1804 2879 1896 2936 po-

313 2966 472 3035 pulus
499 2964 691 3030 lsracl,
721 2963 842 3034 quia
873 2963 987 3034 ipse
1024 2962 1188 3018 Jacob
1213 2961 1510 3032 appellatus
1537 2969 1620 3015 est
1654 2968 1707 3016 et
1734 2958 1894 3015 Israel

313 3055 471 3125 (Gen.
511 3071 690 3116 xxxii,
719 3055 836 3125 28).
886 3053 1011 3109 llzce
1037 3053 1174 3108 bene
1215 3054 1363 3107 novit
1405 3051 1668 3108 Sanctitas
1696 3059 1892 3105 vestra.

311 3146 418 3201 Sed
449 3146 572 3213 quia
618 3154 771 3200 erant
814 3144 1054 3214 quaedam
1103 3143 1444 3199 tabernacula
1489 3142 1800 3213 temporalia
1842 3152 1898 3196 et

313 3235 630 3306 imaginaria
654 3253 669 3301 ;
720 3236 954 3306 loquitur
981 3244 1160 3291 autem
1188 3235 1288 3290 iste
1317 3233 1384 3290 de
1411 3234 1624 3289 civitate
1644 3233 1893 3304 quadam,

313 3346 474 3401 quam
520 3330 867 3399 spiritualiter
904 3328 1169 3399 intelligit,
1199 3327 1351 3397 cujus
1396 3326 1589 3382 umbra
1628 3335 1682 3382 et
1733 3327 1896 3395 figura

311 3432 430 3478 erat
470 3423 558 3477 illa
604 3432 850 3478 terrena:
883 3422 976 3487 ait,
1027 3420 1201 3492 Diligit
1254 3419 1501 3474 Dominus
1549 3427 1720 3488 portas
1765 3418 1893 3472 Sion

310 3531 465 3584 super
493 3515 663 3567 omnia
710 3513 1034 3584 tabernacula
1081 3510 1262 3567 Jacob.
1316 3510 1493 3581 Diligit
1543 3509 1685 3566 illam
1731 3508 1888 3578 spiri-

313 3607 512 3660 tualcm
542 3605 810 3666 civitatem
854 3619 1015 3679 super
1053 3603 1230 3658 omnia
1276 3601 1519 3674 ﬁgurata,
1548 3601 1738 3672 quibus
1769 3601 1902 3655 inti-

313 3697 562 3752 mabatur
589 3697 677 3752 illa
702 3697 888 3752 civitas
917 3709 1132 3765 semper
1155 3709 1396 3762 manens,
1423 3702 1479 3750 et
1499 3707 1712 3763 semper
1737 3692 1899 3748 coele-

312 3791 412 3844 stis
438 3790 492 3844 in
523 3805 672 3859 pace.

355 3919 358 3922 η
385 3882 440 3938 6.
481 3882 633 3954 [vers.
661 3883 717 3950 5,
746 3881 826 3955 4.]
855 3879 1086 3936 Gloriosa
1108 3881 1244 3935 dicta
1266 3888 1381 3935 sunt
1406 3879 1468 3933 de
1489 3889 1554 3943 te,
1577 3878 1749 3932 civitas
1777 3877 1894 3931 Dei.

314 3973 477 4039 Quasi
506 3973 811 4029 intuebatur
847 3973 1115 4028 civitatem
1143 3972 1284 4026 illam
1323 3971 1616 4027 Jerusalem
1654 3969 1705 4022 in
1736 3978 1894 4023 terra.

313 4064 448 4119 Nam
475 4065 650 4120 videte
678 4079 836 4136 quam
873 4064 1142 4120 civitatem
1171 4063 1333 4128 dicit,
1381 4063 1447 4118 de
1483 4079 1584 4134 qua
1612 4063 1749 4118 dicta
1776 4072 1900 4119 sunt

314 4155 558 4226 quaedam
586 4155 1147 4227 gloriosissimaaNam
1173 4155 1261 4211 illa
1300 4155 1564 4210 destructa
1597 4162 1678 4210 est
1707 4153 1758 4208 in
1787 4162 1892 4208 ter-

316 4263 412 4313 ra;
440 4249 620 4302 hostes
645 4263 798 4317 passa
826 4247 1017 4303 cecidit
1037 4247 1089 4302 in
1109 4257 1306 4303 terram
1326 4289 1341 4314 ,
1369 4247 1481 4317 jam
1508 4261 1613 4301 non
1645 4255 1729 4302 est
1755 4245 1896 4316 quod

316 4348 430 4391 erat
458 4356 472 4393 :
504 4339 765 4406 expressit
790 4339 1069 4410 imaginem
1086 4379 1101 4405 ,
1123 4338 1362 4393 transivit
1381 4320 1770 4393 umbra.'Unde
1801 4336 1895 4406 igi-

318 4439 422 4492 tur,
458 4427 691 4484 Gloriosa
715 4429 850 4482 dicta
874 4439 989 4483 sunt
1014 4430 1077 4483 de
1097 4438 1161 4496 te,
1189 4429 1360 4483 civitas
1377 4427 1522 4482 Dei?
1558 4426 1694 4483 Audi
1724 4426 1893 4483 unde:

318 4519 518 4573 Mentor
536 4536 619 4573 ero
639 4519 783 4574 Raab
809 4530 855 4574 et
877 4519 1171 4590 Babylonis,
1193 4520 1458 4574 scientibus
1486 4535 1582 4573 me.
1616 4518 1672 4573 In
1701 4519 1787 4574 illa
1815 4520 1896 4574 ci-

317 4612 502 4676 vitate,
537 4612 704 4681 inquit
724 4612 832 4682 jam
862 4628 925 4667 ex
955 4627 1180 4682 persona
1209 4612 1340 4679 Dei,
1371 4626 1576 4667 memor
1601 4627 1695 4668 ero
1726 4612 1894 4678 Raab,

319 4713 370 4760 st
399 4719 606 4758 memor
634 4718 727 4759 ero
761 4704 1066 4775 Babylonis.
1113 4703 1260 4757 Raab
1289 4719 1394 4758 non
1436 4703 1665 4773 pertinet
1706 4701 1772 4757 ad
1799 4717 1895 4772 po-

317 4796 498 4865 pulum
522 4794 863 4861 Judteorutn;
891 4795 1124 4866 Babylon
1149 4812 1253 4849 non
1282 4797 1512 4865 pertinet
1548 4795 1615 4850 ad
1646 4795 1893 4865 populum

313 4887 642 4941 Judzcorum.
671 4886 804 4940 Nam
831 4886 1069 4956 sequitur
1099 4903 1112 4940 :
1145 4885 1343 4939 Etenim
1374 4885 1686 4954 alienigenis,
1714 4895 1760 4940 et
1791 4884 1895 4956 Ty-

315 4996 422 5045 rus,
446 4988 493 5032 et
515 4979 733 5048 papulas
751 4977 1076 5049 xEthiopum,
1092 4979 1144 5031 lii
1163 4981 1366 5048 fuerunt
1391 4978 1478 5030 ibi.
1498 4976 1684 5032 Merito
1705 4977 1895 5046 glorio-

313 5087 368 5123 sa
392 5071 530 5124 dicta
563 5079 681 5124 sunt
706 5069 769 5123 de
789 5070 1054 5136 te,civitas
1092 5069 1227 5125 Dei:
1259 5069 1347 5124 ubi
1378 5083 1483 5123 non
1514 5067 1658 5124 solus
1687 5077 1769 5122 est
1809 5068 1898 5123 ille

318 5162 543 5231 populus
571 5161 876 5217 Judazorum
903 5169 1056 5214 natus
1095 5175 1158 5214 ex
1199 5175 1362 5216 carne
1389 5159 1614 5214 Abrahae
1643 5176 1658 5225 ;
1687 5157 1780 5213 scd
1827 5158 1898 5212 ibi

315 5266 503 5306 omnes
531 5259 718 5321 gentes
740 5293 754 5316 ,
781 5266 1005 5321 quarum
1035 5250 1274 5319 qumdam
1321 5251 1603 5304 nominatae
1648 5258 1807 5315 sunt,
1843 5259 1899 5304 ut

313 5357 502 5397 omnes
531 5343 910 5412 intelligantur.
945 5342 1140 5396 Memor
1186 5359 1270 5396 ero
1294 5384 1308 5406 ,
1335 5341 1536 5410 inquit,
1563 5339 1704 5394 Raab
1731 5356 1750 5393 :
1779 5355 1896 5409 qua:

313 5435 411 5489 ista
440 5442 524 5489 est
544 5433 818 5499 meretrix,
845 5433 934 5487 illa
963 5433 1013 5487 in
1038 5433 1250 5488 Jericho
1272 5433 1524 5488 meretrix
1556 5449 1675 5502 quae
1717 5448 1898 5486 suSte-

311 5529 388 5596 pit
415 5526 632 5582 nuntios
653 5533 708 5581 et
725 5525 828 5580 alia
855 5525 936 5579 via
961 5525 1151 5594 ejecit;
1183 5542 1300 5596 qua:
1331 5525 1666 5595 prmsumpsit
1696 5525 1749 5578 in
1777 5540 1897 5595 pro-

310 5619 587 5684 missione,
617 5633 737 5688 qua:
775 5617 950 5671 timuit
997 5617 1182 5682 Deum,
1207 5617 1293 5672 cui
1334 5617 1533 5672 dictum
1576 5625 1660 5672 est
1698 5625 1756 5670 ut
1804 5632 1898 5685 per

309 5711 596 5765 fenestram
645 5709 880 5764 mitteret
925 5723 1176 5774 coccum,
1203 5708 1253 5763 id
1277 5718 1390 5778 est,
1420 5707 1550 5764 utin
1581 5708 1753 5767 fronte
1799 5707 1894 5764 ba-

374 5827 390 5860 ¹
417 5828 492 5880 sic
516 5832 632 5879 uss.
651 5832 705 5877 At
728 5825 864 5886 md,
887 5822 1088 5874 (arista.

1334 363 1728 423 ENARRATIO
1764 360 1830 418 IN
1868 356 2187 418 PSALMUM
2224 365 2506 422 LXXXVI.

3435 371 3569 430 “06

1994 477 2143 535 beret
2171 481 2376 552 signum
2398 485 2670 556 sanguinis
2693 483 2906 541 Christi.
2935 487 3144 543 Salvam
3166 497 3249 543 est
3276 488 3346 542 ibi
3375 487 3575 562 (Josus

1995 587 2035 626 η
2056 582 2101 627 et
2123 589 2198 639 vr,
2221 575 2312 644 25)
2335 617 2352 642 ,
2378 585 2433 631 et
2459 577 2752 632 Ecclesiam
2782 579 3026 634 Gentium
3061 579 3395 649 signiﬁcavit.
3424 577 3576 636 Unde

1996 663 2251 719 Dominus
2270 668 2692 737 superbientibus
2718 670 2997 727 Pliarismis
3027 687 3041 724 :
3068 671 3228 748 Amen
3261 672 3376 726 dico
3400 671 3572 737 vobis,

1997 753 2249 824 publicani
2273 766 2320 810 et
2346 760 2626 814 meretrices
2649 761 2936 830 prtecedunt
2971 779 3057 818 vos
3093 764 3146 817 in
3177 778 3387 832 regnum
3424 763 3578 818 calas

1995 863 2106 899 rum
2127 845 2338 919 (Matth.
2372 864 2482 915 xxi,
2511 848 2624 919 3i).
2644 844 2990 919 Praecedunt,
3021 853 3144 924 quia
3189 855 3296 908 vim
3338 853 3535 910 faciunt
3564 872 3577 908 :

1995 939 2273 1008 impellunt
2296 939 2580 1007 credendo,
2605 951 2660 998 et
2687 944 2890 1000 ceditur
2919 945 3175 1013 fidei,nec
3198 938 3459 1002 absistere
3479 961 3578 1016 po-

1999 1039 2101 1084 test
2125 1027 2439 1100 quisquam;
2469 1033 2592 1103 quia
2621 1035 2708 1104 qui
2732 1036 2835 1090 vim
2862 1035 3098 1104 faciunt,
3125 1037 3383 1108 diripiunt
3425 1040 3574 1094 illud.

1997 1120 2070 1176 lbi
2098 1122 2238 1176 enim
2268 1123 2497 1192 positum
2527 1131 2611 1179 est
2640 1142 2652 1179 :
2685 1124 2914 1196 Regnum
2947 1130 3183 1183 caelorum
3218 1130 3316 1184 vim
3367 1131 3576 1199 patitur,

1997 1224 2044 1268 et
2067 1215 2153 1285 qui
2171 1215 2269 1268 vim
2293 1214 2506 1284 faciunt,
2529 1215 2772 1288 diripiunt
2791 1219 2922 1273 illud
2943 1219 3050 1289 (Id.
3076 1238 3147 1284 si,
3177 1220 3288 1292 12).
3318 1221 3432 1278 Hoc
3457 1223 3580 1278 fecit

1999 1307 2086 1363 ille
2114 1308 2267 1370 latro,
2299 1306 2485 1363 fortior
2507 1308 2558 1363 in
2583 1325 2740 1366 cruce
2772 1310 2918 1381 (Luc.
2950 1328 3097 1380 χχιιι,
3123 1313 3192 1368 40
3223 1313 3314 1386 43)
3339 1329 3495 1384 quam
3525 1316 3576 1369 in

1999 1397 2150 1454 fauce
2179 1399 2217 1454 ³.
2252 1400 2448 1456 Memor
2466 1419 2550 1480 ero
2571 1402 2714 1458 Raab
2739 1412 2783 1458 et
2808 1403 3101 1472 Babylonis.
3132 1406 3364 1478 Babylon
3394 1407 3579 1462 civitas

1998 1491 2190 1546 dicitur
2214 1487 2506 1548 secundum
2527 1481 2802 1550 salsulnm.
2825 1495 3101 1562 Quomodo
3125 1512 3222 1551 una
3253 1499 3438 1553 civitas
3457 1515 3578 1553 san-

2001 1591 2106 1649 cla,
2137 1584 2429 1640 Jerusalem
2456 1603 2471 1653 ;
2499 1602 2602 1643 una
2625 1588 2811 1643 civitas
2836 1589 3012 1660 iniqua
3035 1632 3049 1654 ,
3083 1591 3317 1661 Babylon
3343 1589 3362 1644 ’τ
3394 1607 3581 1646 omnes

1999 1666 2162 1746 iniqui
2215 1677 2280 1731 ad
2330 1677 2673 1750 Babyloniam
2732 1680 3030 1749 pertinent;
3081 1681 3349 1750 quomodo
3396 1696 3581 1736 omnes

1998 1767 2164 1821 sancti
2188 1768 2253 1822 ad
2274 1768 2587 1827 Jerusalem.
2609 1771 2718 1826 Sed
2755 1772 3018 1828 delabitur
3045 1775 3066 1805 ³
3095 1773 3162 1828 de
3208 1774 3477 1845 Babylone
3528 1775 3582 1831 in

1997 1860 2314 1916 Jerusalem.
2340 1862 2513 1927 Unde,
2544 1864 2644 1918 nisi
2676 1879 2772 1935 per
2795 1881 2915 1920 eum
2945 1867 3034 1936 qui
3070 1865 3326 1936 justificat
3366 1866 3584 1935 impium

2000 1953 2174 2022 (Rom.
2207 1970 2280 2008 iv.
2313 1955 2412 2024 5)?
2452 1957 2666 2011 Piorum
2705 1959 2893 2014 civitas
2929 1959 3255 2023 Jerusalem;
3298 1959 3582 2029 impiorum

1999 2045 2183 2099 civitas
2214 2045 2471 2117 Babylon.
2499 2045 2606 2102 Sed
2627 2049 2774 2103 venit
2799 2049 2888 2104 ille
2914 2050 3002 2119 qui
3033 2050 3308 2124 justiﬁcat.
3328 2050 3580 2118 impium;

1999 2137 2368 2211 quia,Jllemor
2391 2155 2475 2193 ero
2497 2182 2510 2205 ,
2542 2130 2710 2210 inquit
2733 2182 2746 2203 ,
2776 2157 2882 2194 non
2903 2141 3073 2195 solum
3101 2141 3247 2195 Raab
3266 2183 3281 2208 ,
3309 2141 3401 2196 sed
3425 2142 3583 2197 etiam

2000 2229 2294 2300 Babylonis.
2327 2231 2431 2286 Sed
2460 2246 2684 2301 quorum
2712 2248 2916 2287 memor
2959 2233 3061 2287 erit
3093 2233 3240 2287 Raab
3266 2241 3321 2287 et
3359 2233 3584 2304 Babylo-

2001 2320 2120 2374 nis?
2151 2321 2434 2376 Scientibus
2461 2338 2556 2375 me.
2582 2320 2708 2377 Ideo
2735 2322 2962 2391 quodam
2992 2322 3108 2376 loco
3129 2323 3256 2377 dicit
3280 2322 3581 2391 Scriptura:

2001 2409 2226 2477 E/funde
2250 2411 2378 2465 iram
2407 2421 2544 2464 tuam
2571 2412 2623 2465 in
2667 2422 2836 2481 gentes
2859 2428 2970 2482 qua:
2993 2422 3041 2466 te
3081 2430 3183 2466 non
3225 2423 3582 2484 cognoverunt;

2005 2501 2178 2571 (Psal.
2203 2516 2421 2565 Lxxvnt,
2453 2500 2529 2571 6).
2562 2502 2657 2557 llic
2683 2501 2774 2569 ait,
2807 2501 3028 2570 E/fttnde
3053 2504 3182 2556 imm
3213 2513 3350 2557 luant
3384 2504 3436 2556 in
3467 2520 3583 2574 gen-

1999 2603 2072 2646 tes
2095 2607 2208 2657 qua:
2232 2602 2279 2645 te
2303 2609 2403 2646 non
2428 2602 2799 2663 cognoverunt;
2825 2602 2878 2647 et
2897 2592 3019 2646 alibi
3044 2634 3059 2658 ,
3085 2591 3350 2647 Prtetende
3387 2594 3584 2647 miscri-

1999 2682 2222 2735 cordiam
2250 2691 2389 2736 luant
2410 2682 2675 2736 scientibus
2697 2683 2930 2753 le(Psal.
2966 2700 3130 2751 xxxv,
3153 2683 3260 2756 11).
3293 2682 3362 2738 Et
3407 2685 3464 2737 ut
3492 2701 3586 2738 no-

2001 2777 2179 2831 veritis
2209 2777 2329 2847 quia
2356 2776 2408 2830 iu
2441 2775 2586 2831 Raab
2615 2776 2977 2853 etlBabylone
3003 2777 3201 2831 Gentes
3228 2775 3584 2846 signiti'cavit-q

1998 2869 2145 2938 quasi
2166 2867 2453 2932 diceretur,
2469 2866 2606 2936 Quid
2622 2876 2705 2923 cst
2727 2868 2867 2938 quod
2896 2867 3095 2934 dixisti,
3113 2866 3411 2934 Memorem
3444 2865 3585 2920 Raab

1998 2974 2044 3014 et
2068 2958 2362 3031 Babylonis,
2385 2959 2650 3015 scientibus
2666 2977 2745 3014 me
2756 2960 2973 3030 ?'quare
2998 2959 3099 3016 hoc
3130 2959 3356 3014 dixisti?
3385 2958 3586 3012 Etenim

1997 3052 2312 3123 alienigena,
2339 3052 2527 3122 inquit,
2556 3051 2606 3106 id
2637 3061 2718 3106 est
2738 3093 2753 3119 ,
2779 3052 3104 3121 pertinentes
3140 3050 3204 3104 ad
3250 3049 3395 3104 Raab
3417 3091 3432 3115 ,
3460 3065 3584 3116 νεικ-

2001 3145 2226 3200 tinentes
2245 3144 2312 3199 ad
2338 3145 2683 3214 Babylonem,
2704 3153 2749 3198 et
2781 3143 2964 3215 Tyrus.
3009 3143 3114 3200 Sed
3141 3157 3415 3214 quousque
3447 3141 3586 3197 Gen-

2000 3235 2120 3290 tes?
2148 3235 2326 3305 Usque
2363 3235 2428 3289 ad
2458 3237 2588 3289 lines
2633 3243 2810 3288 terrae.
2840 3234 3014 3304 Elegit
3045 3235 3183 3290 enim
3218 3233 3468 3302 populum
3497 3233 3585 3302 qui

2000 3325 2054 3379 in
2086 3325 2190 3380 line
2216 3335 2370 3379 terra:
2409 3335 2491 3384 est
2517 3342 2529 3378 :
2565 3323 2633 3378 Et
2662 3325 2899 3395 populus,
2930 3323 3131 3394 inquit,
3165 3323 3505 3395 [EthiOpum,
3534 3324 3587 3376 lii

2001 3422 2205 3489 fuerunt
2227 3418 2314 3472 ibi.
2337 3417 2392 3473 Si
2417 3434 2543 3487 ergo
2572 3419 2644 3475 ibi
2672 3418 2841 3486 Raab,
2867 3417 2937 3472 ibi
2956 3433 3020 3473 ex
3052 3419 3344 3489 Babylone,
3366 3419 3488 3488 quia
3517 3417 3587 3472 ibi

1999 3509 2334 3582 alienigenae,
2368 3508 2440 3563 ibi
2479 3509 2686 3581 Tyrus,
2717 3509 2786 3565 ibi
2827 3509 3053 3579 populus
3083 3509 3397 3579 Ethiopum
3423 3524 3438 3570 ;
3469 3523 3584 3564 me-

1999 3607 2124 3668 rito,
2153 3603 2518 3674 gloriosissima
2538 3603 2601 3658 de
2625 3615 2672 3659 te
2696 3605 2831 3658 dicta
2849 3615 2986 3671 sunt,
3015 3605 3188 3659 civitas
3212 3603 3329 3660 Dei.

2071 3698 2123 3750 7.
2166 3695 2316 3770 [vers.
2345 3695 2424 3766 5.]
2452 3695 2568 3752 Jam
2593 3695 2849 3752 attendite
2885 3707 3274 3752 sacramentum
3311 3710 3586 3767 magnum.

2003 3791 2102 3846 Per
2113 3789 2353 3845 eumillic
2374 3789 2541 3856 Raab,
2559 3805 2654 3858 per
2667 3804 2823 3859 quem
2847 3789 2953 3845 illic
2975 3790 3228 3862 Babylon,
3241 3790 3350 3860 jam
3366 3806 3468 3846 non
3484 3791 3586 3846 Ba:

2003 3883 2181 3953 bylon;
2209 3889 2353 3936 caret
2368 3881 2508 3935 enim
2533 3881 2887 3952 Babylone,et
2915 3881 3105 3950 incipit
3130 3897 3250 3938 esse
3268 3882 3583 3937 Jerusalem.

2002 3971 2270 4026 Dividitur
2285 3970 2387 4024 lilia
2404 3971 2660 4027 adversus
2676 3980 2896 4026 matrem
2911 3987 3080 4036 suam,
3095 3974 3252 4026 cterit
3267 3973 3318 4026 in
3335 3975 3588 4028 membris

1998 4063 2200 4133 reginae
2227 4063 2366 4116 illius
2392 4063 2476 4117 cui
2516 4062 2709 4117 dicitur
2738 4080 2751 4115 :
2786 4061 3084 4116 Obliviscere
3112 4063 3353 4133 pupulum
3381 4072 3520 4116 tuum
3543 4073 3589 4117 et

2001 4154 2203 4208 domum
2227 4153 2383 4224 patris
2411 4154 2520 4219 tui;
2557 4153 2841 4222 concupivit
2882 4169 2972 4206 rea;
3006 4154 3220 4223 speciem
3248 4163 3384 4206 tuam
3407 4152 3582 4221 (Psal‘.

2000 4260 2143 4310 xuv,
2175 4245 2262 4308 11,
2282 4231 2396 4314 12).
2440 4243 2572 4298 Nam
2606 4243 2745 4299 unde
2771 4244 3005 4316 Babylon
3036 4244 3297 4312 aspirat‘et
3324 4244 3391 4298 ad
3430 4244 3586 4300 Jeru-

1999 4339 2206 4395 salem?
2234 4338 2376 4394 unde
2412 4337 2558 4393 Raab
2604 4337 2670 4392 ad
2709 4338 2795 4391 illa
2841 4337 3178 4392 fundamenta
3234 4337 3589 4406 perveniret?

2004 4432 2141 4487 unde
2170 4431 2479 4501 alienigena:
2501 4471 2514 4496 ,
2547 4429 2688 4484 unde
2711 4429 2882 4498 Tyrus
2905 4470 2919 4493 ,
2950 4428 3090 4484 unde
3117 4429 3342 4498 populus
3369 4427 3584 4483 )Ethio-

2001 4524 2160 4593 pum?
2191 4522 2323 4577 Audi
2345 4521 2516 4578 unde:
2542 4520 2710 4575 Mater
2728 4519 2802 4592 (α)
2825 4519 2974 4586 Sion,
2999 4519 3127 4573 dicet
3156 4521 3326 4573 homo.
3355 4519 3447 4574 Est
3467 4518 3588 4588 qui-

2000 4615 2122 4668 dam
2153 4615 2313 4669 homo
2336 4613 2425 4683 qui
2447 4612 2597 4676 dicit,
2618 4612 2785 4666 Mater
2815 4610 3050 4676 Sion;et
3079 4625 3173 4680 per
3197 4610 3338 4664 hunc
3368 4611 3589 4665 veniunt

2001 4708 2084 4763 isti
2110 4724 2317 4764 omnes.
2343 4706 2448 4762 Sed
2499 4707 2600 4763 iste
2639 4706 2798 4762 homo
2827 4706 2946 4777 quis
2971 4706 3090 4761 est?
3118 4705 3286 4770 Dicit,
3314 4705 3357 4759 si
3401 4705 3587 4760 audia-

2002 4813 2120 4852 mus
2139 4840 2154 4863 ,
2174 4798 2220 4854 si
2240 4797 2512 4867 capiamus
2541 4814 2555 4851 :
2588 4796 2752 4851 Mater
2778 4796 2926 4862 Sion,
2952 4796 3079 4850 dicet
3123 4796 3290 4849 homo.
3335 4796 3588 4866 Sequitur

2002 4890 2093 4955 ibi,
2120 4890 2272 4960 quasi
2300 4903 2587 4960 qurereres,
2612 4903 2704 4957 per
2729 4903 2886 4957 quem
2907 4887 3112 4941 venerit
3137 4887 3304 4954 Raab,
3327 4887 3584 4957 Babylon,

2000 4983 2309 5052 alienigenae
2328 5022 2344 5045 ,
2376 4981 2546 5051 Tyrus
2565 5022 2578 5044 ,
2607 4979 2904 5049 IEtliiopcs.
2936 4979 3074 5033 Ecce
3120 4993 3214 5047 per
3241 4993 3398 5044 quem
3430 4993 3586 5032 vene~

2001 5072 2334 5137 runt,Mater
2355 5072 2502 5137 Sion,
2531 5071 2662 5124 dicet
2685 5072 2869 5135 homo;
2891 5079 2936 5124 et
2958 5071 3105 5123 homo
3134 5072 3298 5139 {actus
3327 5079 3397 5121 est
3424 5069 3475 5120 in
3506 5085 3584 5131 ea,

2001 5174 2046 5216 et
2071 5164 2179 5234 ipse
2207 5163 2437 5235 {undavit
2456 5179 2566 5219 eam
2593 5162 2901 5222 Altissimus.
2924 5161 3060 5233 Quid
3087 5160 3340 5229 apertius,
3361 5161 3588 5215 lratres?

2005 5257 2140 5312 Vere
2161 5256 2676 5327 quiagloriosissima
2703 5255 2765 5308 de
2801 5264 2847 5308 te
2885 5254 3019 5309 dicta
3047 5263 3194 5314 stmt,
3242 5254 3420 5306 civitas
3470 5252 3581 5306 Dei.

2004 5351 2164 5415 Ecce,
2194 5349 2358 5402 Mater
2381 5349 2526 5412 S'on,
2553 5349 2680 5401 dicet
2702 5349 2870 5401 homo.
2904 5347 3032 5414 Quis
3061 5347 3255 5400 homo?
3290 5347 3391 5415 Qui
3439 5346 3587 5401 homo

2003 5446 2165 5513 [uetus
2190 5451 2260 5494 est
2287 5442 2338 5493 in
2374 5457 2451 5493 ea.
2483 5439 2544 5494 In
2568 5456 2628 5494 ea
2656 5438 2832 5494 factus.
2852 5447 2935 5492 est
2976 5437 3170 5504 homo,
3203 5447 3256 5491 et
3306 5439 3418 5506 ipse
3467 5454 3583 5492 eam

2066 5575 2082 5606 ι
2111 5573 2298 5634 Aliquot
2334 5570 2459 5630 libri,
2486 5568 2729 5634 infulae;
2754 5569 3012 5634 mendose,
3045 5568 3118 5618 uti
3160 5569 3475 5620 observatum
3513 5580 3587 5618 est

2000 5649 2160 5697 supra,
2185 5630 2276 5683 del.
2301 5634 2411 5697 655,
2436 5647 2485 5697 ιι.
2514 5630 2588 5689 l2,
2607 5634 2740 5697 circa
2755 5630 2921 5679 linem.
3000 5637 3010 5647 '

2065 5691 2083 5730 ἱ
2110 5691 2209 5750 Duo
2231 5704 2354 5755 Mss,
2376 5693 2640 5744 derivatur.
2663 5694 2744 5742 Alii
2766 5705 2917 5755 prope
2942 5706 3131 5752 omnes,
3158 5691 3416 5755 delibatur.

2065 5760 2136 5817 (τι)
2163 5758 2292 5819 Apud
2315 5753 2425 5805 LXX
2456 5769 2543 5818 pro
2565 5755 2693 5813 meti,
2718 5753 2974 5819 numquid,
3009 5753 3395 5819 legebantolim,
3414 5753 3584 5812 métér,

2003 5816 2155 5875 muter
2185 5816 2211 5869 ε’
2224 5821 2294 5869 sic
2310 5827 2425 5868 ante
2458 5816 2774 5879 Augustinum
2795 5816 3137 5878 Tertullianus,
3165 5816 3457 5876 Ambrosius,
3486 5826 3581 5865 etc.
