4048 6496
511 344 647 403 “07

508 456 774 513 nudavit.
803 456 1083 525 Quomodo
1103 455 1155 510 in
1185 469 1247 511 ea
1266 454 1438 510 factus
1462 462 1561 520 est,
1592 461 1649 509 et
1675 453 1789 522 ipse
1815 467 1934 509 eam
1965 453 2087 509 fun-

505 549 691 605 davit?
716 547 786 604 Ut
807 548 860 603 in
886 563 949 602 ea
977 547 1129 602 ﬁeret
1149 546 1326 610 homo,
1345 545 1453 614 jam
1476 543 1689 598 fundata
1719 552 1852 598 erat.
1885 544 1973 599 Sic
2000 544 2084 599 in-

510 641 709 711 tellige,
737 640 781 695 si
803 650 973 710 potes.
993 639 1221 703 Etenim,
1242 636 1409 689 Mater
1429 635 1577 699 Sion,
1594 635 1724 690 dicet
1741 634 1893 700 ;sed,
1914 635 2083 700 homo,

508 732 677 786 Mater
696 733 847 798 Sion,
876 732 1041 795 dicet;
1062 730 1209 783 Itonia
1238 736 1413 781 autem
1440 731 1604 799 factus
1652 736 1723 782 est
1760 728 1813 781 in
1848 744 1907 781 ea
1938 743 1957 781 :
1982 728 2088 792 ipse

508 836 685 880 autem
726 825 955 897 fundavit
1001 838 1140 888 eam,
1172 835 1275 875 non
1307 820 1489 885 homo,
1526 820 1617 875 sed
1647 821 1950 875 Altissimus.
2000 819 2090 875 Sic

508 917 748 971 fundavit
768 915 1031 970 civitatem
1058 914 1109 967 in
1140 928 1243 983 qua
1280 921 1622 979 nasceretur,
1651 912 1915 981 quomodo
1940 927 2089 966 crea-

506 1011 581 1064 vit
614 1021 853 1073 matrem,
877 1007 944 1062 de
970 1021 1072 1076 qua
1105 1016 1428 1061 nasceretur.
1454 1005 1586 1075 Quid
1613 1015 1694 1061 est
1721 1004 1843 1070 hoc,
1863 1003 2089 1059 fratres?

507 1101 700 1166 Quales
745 1098 1155 1168 promissiones,
1184 1100 1433 1167 quantam
1464 1111 1611 1165 spem
1654 1097 1925 1150 tenemus!
1953 1095 2088 1149 Ecce

509 1199 723 1259 propter
746 1205 846 1243 nos
874 1188 1177 1243 Altissimus
1206 1188 1293 1257 qui
1321 1187 1559 1241 fundavit
1582 1186 1869 1251 civitatem,
1900 1183 2086 1250 Mater,

506 1282 632 1336 dicit
654 1280 752 1349 ipsi
782 1280 1016 1345 civitati;
1048 1287 1103 1333 et
1142 1278 1291 1332 homo
1320 1278 1373 1331 in
1400 1293 1457 1331 ea
1486 1281 1650 1346 factus
1687 1284 1780 1343 est,
1821 1282 1866 1330 et
1892 1273 2091 1329 Altissi-

506 1388 617 1425 mus
645 1387 755 1425 eam
783 1370 1032 1439 fundavit.
1302 1430 1305 1433 ν

575 1462 634 1517 8.
674 1460 820 1534 [υενδ.
846 1460 926 1533 6.]
946 1460 1104 1528 Quasi
1132 1460 1416 1525 diceretur,
1442 1457 1595 1514 Unde
1620 1458 1717 1511 ista
1748 1457 1926 1512 scitis?
1956 1456 2091 1512 Can-

510 1554 737 1607 tavimus
772 1553 787 1582 ¹
817 1552 932 1606 hare
983 1566 1190 1617 omnes,
1220 1560 1274 1606 et
1316 1558 1496 1606 cantat
1543 1549 1704 1604 homo
1748 1549 1800 1602 iu
1844 1549 2090 1602 omnibus

504 1642 749 1697 Christus
777 1660 790 1695 :
819 1642 980 1697 homo
1008 1651 1222 1712 propter
1243 1656 1360 1710 nos,
1380 1642 1521 1696 Deus
1541 1650 1664 1695 ante
1694 1655 1808 1695 nos.
1834 1639 1937 1695 Sed
1963 1639 2089 1710 quid

505 1751 754 1807 maguum
785 1745 909 1791 ante
946 1736 1082 1790 nos?
1107 1736 1245 1790 Ante
1276 1743 1470 1790 terram
1498 1743 1552 1790 et
1593 1733 1805 1799 etelum,
1835 1742 1957 1788 ante
1984 1746 2088 1787 sa:-

505 1826 646 1881 cula.
670 1827 767 1882 Hic
802 1842 928 1897 ergo
957 1828 1115 1880 homo
1144 1835 1361 1897 propter
1400 1841 1497 1879 nos
1541 1826 1707 1879 factus
1737 1825 1789 1878 in
1821 1839 1880 1877 ea
1903 1865 1917 1889 ,
1949 1822 2086 1877 idem

506 1920 619 1989 ipse
643 1920 946 1973 Altissimus
973 1917 1211 1973 fundavit
1239 1933 1377 1973 eam.
1403 1915 1558 1972 Unde
1584 1917 1684 1970 ista
1714 1914 1953 1968 scimus?
1978 1913 2087 1967 Do-

505 2012 672 2065 minus
692 2009 914 2064 narrabit
938 2011 957 2041 ¹
983 2009 1034 2062 in
1053 2007 1320 2078 Scriptura
1350 2006 1671 2078 papulorum.
1706 2005 1817 2061 lloc
1842 2006 1983 2059 enim
2006 2019 2091 2059 sc-

506 2103 686 2171 quitur
715 2103 765 2155 iu
788 2101 999 2155 Psalmo
1029 2118 1041 2155 :
1071 2099 1238 2154 Mater
1280 2098 1443 2167 Sion,
1471 2099 1600 2152 dicet
1629 2098 1816 2164 homo;
1848 2106 1893 2152 et
1940 2097 2088 2150 homo

506 2196 670 2261 factus
694 2201 764 2246 est
789 2192 839 2244 in
856 2207 934 2257 ea,
961 2199 1006 2244 et
1022 2192 1126 2262 ipse
1160 2190 1388 2261 fundavit
1420 2206 1530 2244 eam
1573 2188 1880 2243 Altissimus.
1913 2186 2091 2241 Domi-

506 2298 600 2336 nus
655 2282 879 2335 narrabit
925 2282 977 2335 in
1015 2281 1287 2353 Scriptura
1332 2282 1639 2351 populorum
1685 2287 1732 2332 et
1778 2278 2084 2349 principum.

504 2374 740 2445 Quorum
790 2372 1125 2443 principum?
1170 2372 1369 2426 llorum
1424 2370 1511 2441 qui
1551 2371 1673 2424 facti
1728 2370 1944 2424 suntin
1998 2384 2085 2424 ea.

500 2464 776 2535 Principes
797 2465 886 2535 qui
913 2464 1032 2518 facti
1055 2471 1178 2518 sunt
1218 2463 1271 2518 in
1298 2478 1380 2527 ea,
1413 2464 1467 2517 in
1496 2477 1558 2516 ea
1601 2461 1725 2516 facti
1750 2469 1875 2515 sunt
1896 2461 2088 2532 princi-

502 2572 597 2627 pes
628 2576 642 2611 :
672 2571 795 2609 nam
826 2564 1107 2625 antequam
1137 2555 1189 2607 in
1230 2568 1290 2607 ea
1326 2554 1517 2609 tierent
1546 2552 1848 2621 principes,
1875 2551 2083 2621 abjecta

503 2646 685 2703 mundi
712 2646 873 2717 elegit
901 2647 1073 2711 Deus,
1115 2653 1173 2700 ut
1200 2643 1552 2700 confunderet
1597 2644 1771 2697 fortia.
1820 2642 2087 2712 Numquid

502 2738 750 2807 princeps
803 2736 1078 2807 piscator?
1135 2734 1387 2806 numquid
1432 2734 1680 2804 princeps
1730 2734 2088 2805 publicanus?

501 2831 775 2900 Principes
800 2830 988 2898 plane;
1016 2828 1110 2884 sed
1129 2828 1249 2899 quia
1281 2827 1402 2883 facti
1420 2835 1545 2883 sunt
1572 2828 1627 2882 in
1647 2841 1729 2880 ea.
1761 2826 1955 2894 Quales
1999 2824 2087 2880 isti

504 2919 809 2989 principes?
834 2918 1105 2974 Venerunt
1133 2918 1200 2973 de
1230 2917 1502 2989 Babylone
1531 2917 1797 2987 principes
1816 2958 1832 2984 ,
1864 2915 2087 2971 credcnc

502 3020 587 3065 tes
624 3009 691 3064 de
715 3009 912 3063 εωοιιιο
946 3009 1211 3078 principes
1234 3016 1489 3063 venerunt
1515 3006 1581 3061 ad
1623 3006 1807 3061 urbem
1839 3006 2083 3070 Romam,

500 3102 648 3172 quasi
680 3110 837 3172 caput
858 3100 1169 3172 Babylonis;
1198 3116 1300 3155 non
1338 3100 1513 3155 ierunt.
1537 3098 1603 3154 ad
1634 3098 1886 3168 templum
1913 3097 2087 3166 Impe-

500 3193 714 3259 ratoris,
742 3191 833 3247 sed
860 3191 926 3247 ad
956 3190 1266 3247 memoriam
1294 3190 1597 3246 Piscatoris.
1633 3188 1780 3246 Unde
1819 3188 1959 3244 enim
2000 3189 2084 3242 isti

502 3282 809 3352 principes?
846 3281 1058 3335 lniirma
1087 3281 1269 3335 mundi
1296 3281 1453 3351 elegit
1503 3279 1663 3348 Dens,
1694 3290 1751 3335 ut
1797 3279 2088 3335 confundat

500 3376 684 3429 l'urtia:
705 3384 756 3428 et
779 3374 1023 3444 ignobilia
1048 3373 1205 3444 elegit
1230 3374 1389 3440 Deus,
1406 3382 1531 3428 etea
1545 3389 1662 3442 qua:
1688 3388 1792 3427 non
1821 3381 1943 3426 sunt
1966 3381 2084 3424 tan-

501 3482 657 3534 quam
684 3480 802 3536 qua:
827 3474 970 3530 sunt,
992 3475 1048 3518 ut
1069 3481 1186 3535 qua:
1212 3474 1334 3521 sunt
1359 3473 1681 3519 evacuentur
1708 3462 1748 3531 (l
1780 3461 1896 3516 Cor.
1925 3478 1962 3525 ι,
1989 3462 2081 3527 9.7,

497 3559 613 3628 9.8).
634 3558 743 3612 Iloc
762 3558 884 3612 facit
904 3558 990 3627 qui
1009 3558 1166 3627 erigit
1185 3556 1251 3612 de
1279 3565 1416 3611 terra
1440 3557 1670 3625 itionem,
1689 3564 1741 3610 et
1762 3555 1829 3610 de
1850 3564 2085 3609 stercore

499 3648 694 3703 exultat
721 3663 1027 3719 pauperem.
1059 3647 1254 3718 thuid
1271 3648 1461 3718 erigit?
1483 3647 1548 3703 Ut
1565 3646 1789 3701 collocet
1811 3661 1931 3700 eum
1960 3661 2081 3699 cum

502 3738 856 3807 principibus,
886 3754 1006 3793 cum
1037 3737 1363 3811 principibus
1390 3737 1569 3806 populi
1590 3737 1668 3790 sui
1688 3734 1855 3805 (Psal.
1881 3750 2006 3800 exn,
2025 3736 2077 3801 7,

499 3830 576 3896 8).
610 3828 791 3899 Magna
812 3844 915 3896 res,
937 3838 1184 3901 magnum
1216 3828 1484 3898 gaudium,
1505 3841 1692 3896 magna
1709 3826 1908 3880 laetitia.
1930 3825 2081 3884 Post-

497 3940 558 3978 ea
579 3933 837 3979 venerunt
869 3924 921 3976 in
948 3922 1083 3977 hanc
1096 3920 1359 3975 civitatem
1376 3928 1427 3973 et
1449 3926 1717 3983 oratores;
1740 3917 1833 3972 sed
1862 3932 1965 3970 non
1985 3931 2080 3970 ve-

497 4016 669 4070 nirent
687 4014 786 4069 nisi
806 4013 1169 4085 praecederent
1190 4013 1499 4081 piscatores.
1518 4010 1699 4081 Magna
1715 4009 1856 4074 haec;
1881 4008 1973 4063 sed
1990 4008 2080 4062 ubi

494 4108 612 4161 haec
635 4147 651 4172 ,
684 4108 785 4161 nisi
812 4108 862 4161 in
894 4107 980 4160 illa
1020 4105 1232 4159 civitate
1278 4103 1401 4171 Dei,
1427 4101 1493 4157 de
1545 4116 1646 4172 qua
1699 4100 2079 4173 gloriosissima

498 4197 635 4251 dicta
664 4206 806 4249 sunt.

570 4288 621 4341 9.
649 4285 900 4360 [rei-3.7.]
950 4285 1073 4338 ldeo
1122 4282 1324 4337 collatis
1371 4280 1619 4335 omnibus
1670 4278 1874 4348 gaudiis
1920 4287 2079 4348 atque

498 4378 759 4440 conflatis,
803 4373 1071 4445 quomodo
1117 4372 1336 4427 clausit?
1376 4369 1638 4439 Tanquam
1680 4368 2078 4439 jucundatorum

478 4469 723 4533 omnium
784 4464 1024 4518 habitatio
1096 4464 1147 4515 in
1197 4472 1261 4515 te.
1335 4461 1605 4529 Tanquam
1667 4458 2075 4528 jucundatorum

499 4558 754 4614 habitatio
822 4556 1058 4610 omnium
1122 4553 1525 4623 jucundatorum
1576 4551 1628 4603 iu
1689 4549 1789 4604 hac
1843 4549 2073 4604 civitate.

496 4652 552 4709 lu
611 4648 1034 4720 peregrinatione
1089 4646 1185 4700 ista
1237 4643 1563 4699 conterimur
1613 4660 1626 4697 :
1675 4641 1929 4697 habitatio
1980 4658 2077 4696 n0-

495 4740 947 4810 stra,jucunditas
999 4738 1109 4793 sola
1165 4738 1282 4791 crit.
1309 4736 1505 4790 Pcribit
1543 4735 1692 4789 labor
1716 4743 1767 4789 ct
1800 4735 2028 4804 gemitus
2057 4752 2069 4801 ;

496 4839 773 4887 transeunt
801 4830 1102 4894 orationes,
1134 4824 1425 4882 succedunt
1463 4824 1812 4879 laudationes.
1843 4823 1917 4879 lbi
1945 4841 2073 4896 ergo

494 4920 748 4976 habitatio
770 4916 1202 4989 jucundatorum,
1234 4932 1340 4971 non
1370 4916 1481 4991 ’crit
1507 4915 1733 4985 gemitus
1761 4915 2071 4971 desideran-

492 5013 645 5075 tium,
677 5010 773 5065 sed
804 5009 981 5063 lictitia
1014 5007 1408 5077 perfruentium.
1434 5005 1617 5059 Aderit
1637 5006 1776 5060 enim
1797 5006 1881 5060 eui
1912 5007 2070 5060 modo

493 5104 855 5172 su5piramus;
894 5098 1097 5152 similes
1140 5098 1184 5151 ei
1223 5098 1454 5162 erimus,
1502 5098 1747 5167 quoniam
1776 5098 2069 5152 videbimus

492 5211 609 5248 cum
644 5192 796 5248 sicuti
828 5198 910 5245 est
934 5190 977 5260 (l
1007 5188 1163 5243 Joan.
1216 5205 1288 5253 ιιι,
1320 5189 1355 5242 2
1379 5188 1395 5258 )
1423 5204 1435 5240 :
1467 5189 1535 5242 ibi
1585 5198 1751 5243 totum
1800 5190 2065 5259 negotium

491 5293 729 5338 nostrum
757 5298 862 5337 non
890 5283 1024 5344 erit,
1056 5280 1158 5335 nisi
1188 5279 1401 5333 laudare
1426 5280 1612 5345 Deum,
1640 5291 1691 5335 et
1720 5281 1818 5333 frui
1844 5281 1970 5334 Deo.
2003 5282 2066 5335 Et

490 5374 612 5445 quid
643 5374 784 5428 aliud
822 5388 1121 5443 quaeremus
1146 5415 1161 5440 ,
1188 5372 1275 5426 ubi
1317 5372 1460 5426 solus
1490 5371 1685 5426 suflicit
1706 5414 1720 5438 ,
1777 5388 1871 5441 per
1908 5387 2065 5442 quem

488 5469 623 5523 facta
646 5476 767 5522 sunt
787 5467 1001 5521 omnia?
1029 5465 1393 5521 llabitabimur
1427 5473 1481 5519 et
1509 5463 1862 5518 habitabimus
1894 5481 1907 5516 :
1939 5465 2067 5519 sub-

483 5562 736 5632 jicicntur
774 5560 845 5614 illi
888 5561 1085 5623 omnia,
1116 5567 1174 5612 ut
1216 5559 1282 5612 sit
1316 5558 1453 5612 Deus
1498 5557 1673 5612 omnia
1718 5557 1770 5609 in
1818 5556 2066 5612 omnibus

553 5656 564 5684 ¹
588 5657 659 5701 sic
682 5649 861 5761 aliquot
885 5658 988 5701 Mss.
1017 5648 1225 5723 Αῌῐὸιιη
1252 5633 1567 5703 cantabmius.
1802 5706 1813 5717 .
1875 5705 1887 5717 .
2037 5705 2047 5716 θ

553 5718 571 5747 ι
596 5718 666 5761 sic
688 5728 768 5761 me
792 5728 919 5761 iores
944 5721 1044 5761 MSS.
1071 5718 1205 5761 iuxta
1229 5716 1354 5761 LXX.
1388 5717 1444 5760 At
1467 5708 1559 5758 Edd
1585 5743 1600 5761 .
1617 5711 1830 5760 narrant
1868 5719 1919 5758 tu
1941 5716 2047 5759 SCt‘t

521 5718 571 5829 ι’
596 5718 666 5785 sic
688 5708 919 5764 meliores
944 5721 1044 5763 MSS.
1067 5712 1205 5774 juxta
1229 5716 1354 5761 LXX.
1388 5717 1444 5760 At
1467 5708 1559 5758 Edd
1585 5743 1600 5770 ,
1617 5708 1830 5760 narravit
1868 5708 1919 5758 in
1941 5708 2066 5759 Scri-

486 5790 518 5841 p
541 5790 656 5827 ιιιιδ.

1731 341 1791 396 8.
1831 338 2200 399 Αυαυδτωι
2234 339 2540 397 EPISCOPI

3637 346 3768 405 “08

2200 449 2260 519 (Ι
2302 449 2423 506 Cor.
2448 466 2536 515 xv,
2565 450 2697 522 28.).
2724 451 2870 507 Beati
2889 467 3016 523 ergo
3038 454 3126 523 qui
3151 453 3379 513 habitant
3405 455 3458 510 in
3482 457 3632 512 domo
3660 467 3769 521 tua.

2195 539 2348 598 Unde
2364 541 2528 597 beati?
2540 542 2793 599 Habendo
2808 544 3264 611 aurum,babendo
3277 556 3774 617 argentum,uume-

2194 644 2370 684 rosam
2389 630 2659 696 familiam,
2680 633 3021 704 multiplicem
3044 635 3271 703 prolem?
3283 633 3436 692 Unde
3450 637 3614 694 beati?
3630 637 3773 695 Beati

2194 723 2280 790 qui
2296 722 2519 777 habitant
2533 727 2585 777 in
2600 723 2749 777 domo
2778 735 2863 779 tua
2875 740 2897 789 ;
2916 726 2968 779 in
2983 728 3168 781 macula
3176 728 3475 782 mutorum
3497 729 3775 785 laudabunt

2196 822 2245 866 te
2283 812 2451 883 (Psal.
2489 831 2714 880 Lxxxni,
2738 817 2815 885 5).
2852 817 2965 872 Hoc
3010 834 3116 873 uno
3142 818 3283 874 beati
3311 820 3483 876 otioso
3528 824 3766 892 negotio.

2194 904 2307 960 Hoc
2333 921 2457 976 ergo
2482 921 2645 960 unum
2671 906 3056 976 desideremus,
3086 911 3291 974 fratres,
3323 925 3443 966 cum
3469 914 3775 970 venerimus

2193 996 2260 1050 ad
2307 997 2438 1063 hoc;
2486 1014 2585 1053 nos
2628 1014 2875 1069 paremus
2921 1001 3152 1071 gaudere
3200 1001 3267 1057 ad
3317 1003 3509 1070 Deum,
3558 1004 3777 1061 laudare

2195 1089 2382 1144 Deum.
2415 1090 2584 1160 Opera
2615 1091 2751 1146 bona
2778 1108 2895 1163 qua:
2916 1092 3076 1149 modo
3103 1109 3199 1149 nos
3224 1094 3539 1163 perducunt,
3568 1112 3675 1151 non
3703 1096 3775 1152 ibi

2194 1191 2371 1236 erunt.
2404 1183 2643 1238 Diximus
2681 1194 2736 1239 et
2778 1184 3027 1240 hesterno
3064 1186 3152 1240 die
3187 1184 3285 1257 (a),
3317 1195 3569 1258 quantum
3597 1187 3777 1257 potui-

2194 1290 2344 1338 mus;
2374 1290 2479 1330 non
2508 1277 2577 1330 ibi
2606 1285 2760 1331 erunt
2782 1291 2943 1347 opera
2968 1278 3366 1343 misericordiae,
3392 1276 3481 1334 ubi
3508 1280 3651 1334 nulla
3676 1280 3779 1335 erit

2193 1365 2408 1419 miseria
2434 1382 2445 1418 :
2476 1377 2719 1436 egentem
2740 1383 2843 1423 non
2872 1368 3127 1435 invenies,
3154 1369 3352 1424 nudum
3380 1384 3487 1424 non
3515 1370 3774 1439 invenies,

2196 1472 2355 1510 nemo
2403 1457 2494 1512 tibi
2538 1466 2785 1513 occurret
2833 1460 3039 1523 sitiens,
3087 1460 3261 1515 nullus
3300 1461 3609 1531 peregrinus
3653 1462 3774 1526 erit,

2196 1548 2371 1601 nullus
2416 1557 2645 1619 aegrotus
2688 1564 2845 1619 quem
2886 1550 3085 1617 visites,
3134 1551 3308 1605 nullus
3345 1560 3585 1606 mortuus
3618 1567 3776 1622 quem

2195 1638 2440 1705 sepelias,
2469 1637 2640 1692 nullus
2665 1638 2989 1708 litigatorum
3013 1638 3151 1694 inter
3181 1654 3314 1710 quos
3342 1655 3525 1709 pacem
3557 1656 3779 1711 compo-

2195 1742 2307 1781 nas.
2343 1726 2476 1793 Quid
2514 1727 2749 1783 facturus
2775 1730 2870 1783 es?
2894 1730 2977 1783 An
3014 1730 3149 1785 forte
3178 1742 3394 1801 propter
3432 1732 3780 1788 necessitates

2194 1821 2432 1889 corporis
2459 1821 2623 1875 nostri
2650 1822 3052 1889 novellabimus,
3076 1832 3131 1878 et
3148 1824 3437 1891 arabimus,
3460 1834 3514 1880 et
3541 1827 3779 1897 negotia-

2193 1911 2388 1975 bimur,
2417 1920 2471 1966 et
2503 1912 3000 1982 peregrinabimur?
3024 1914 3208 1983 Magna
3240 1915 3311 1970 ibi
3340 1915 3491 1985 quies
3521 1934 3533 1970 :
3560 1931 3682 1970 nam
3707 1916 3779 1972 ibi

2193 2003 2370 2056 omnia
2397 2017 2579 2072 opera.
2610 2020 2729 2073 qua:
2773 2005 3063 2060 necessitas
3104 2005 3324 2076 ﬂagitat,
3369 2007 3777 2074 subtrahentur;

2194 2094 2400 2149 mertua
2430 2096 2769 2163 necessitate,
2797 2097 3044 2167 peribunt
3066 2112 3227 2167 opera
3256 2100 3609 2154 necessitatis.
3642 2099 3779 2167 Quid

2193 2202 2319 2258 ergo
2355 2188 2497 2243 erit?
2538 2189 2813 2254 Quomodo
2857 2190 3046 2258 potuit,
3093 2189 3235 2244 dixit
3281 2190 3455 2261 lingua
3501 2190 3778 2246 humana:

2196 2281 2459 2351 Tanquam
2485 2282 2888 2351 jucundatorum
2935 2282 3161 2335 omnium
3185 2282 3426 2336 habitatio
3464 2283 3515 2335 in
3546 2290 3610 2337 te.
3641 2282 3781 2348 Quid

2192 2383 2294 2439 est,
2324 2374 2598 2443 umquam?
2622 2387 2806 2443 quare,
2833 2373 3111 2443 tanquam?
3138 2370 3271 2442 Quia
3302 2372 3423 2427 talis
3452 2373 3523 2428 ibi
3560 2372 3665 2427 erit
3689 2372 3782 2443 ju-

2192 2464 2454 2530 cunditas,
2482 2464 2692 2536 qualem
2728 2462 2813 2518 hic
2840 2478 2944 2518 non
2988 2463 3251 2517 novimus.
3286 2461 3447 2517 Video
3478 2462 3563 2516 hic
3587 2461 3782 2518 multas

2186 2556 2569 2627 jucunditatcs,
2612 2565 2666 2612 et
2713 2555 2861 2610 multi
2905 2554 3136 2626 gaudent
3164 2554 3217 2613 in
3264 2554 3479 2619 saeculo,
3506 2555 3595 2609 alii
3631 2554 3777 2620 hinc,

2191 2651 2280 2704 alii
2306 2649 2467 2714 inde;
2494 2658 2549 2705 et
2585 2663 2690 2703 non
2720 2656 2804 2704 est
2824 2647 2963 2719 quod
3006 2647 3081 2702 illi
3109 2647 3303 2718 gaudio
3326 2660 3653 2716 comparem,
3682 2647 3778 2702 sed

2193 2752 2444 2812 tanquam
2482 2739 2786 2810 iucunditas
2813 2740 2934 2795 erit.
2964 2739 3096 2795 Nam
3130 2739 3177 2795 si
3204 2739 3399 2805 dicam,
3427 2738 3778 2804 Jucunditas;

2192 2832 2375 2901 incipit
2395 2830 2597 2885 homini
2617 2844 2900 2885 occurrere
2925 2828 3383 2900 talisjucuuditas,
3408 2829 3615 2900 qualem
3641 2830 3780 2887 solet

2192 2923 2392 2979 habere
2420 2923 2474 2977 in
2505 2923 2728 2993 poculis,
2758 2922 2813 2975 in
2842 2922 3099 2993 prandiis,
3132 2922 3184 2976 in
3205 2921 3447 2987 avaritia,
3482 2922 3533 2975 in
3558 2920 3781 2977 honori.

2190 3012 2290 3069 bus
2309 3013 2507 3069 sazculi.
2542 3013 2882 3069 Extolluntur
2909 3014 3050 3070 enim
3078 3013 3341 3079 homines,
3364 3020 3419 3067 et
3438 3012 3615 3067 laetitia
3642 3027 3779 3083 qua-

2189 3103 2311 3158 dam
2344 3104 2611 3159 insaniunt
2641 3121 2654 3157 :
2688 3103 2782 3159 sed
2809 3119 2911 3157 non
2946 3113 3015 3157 est
3043 3103 3264 3175 gaudere
3295 3103 3485 3173 impiis,
3515 3103 3641 3158 dicit
3668 3104 3778 3159 Do-

2189 3196 2364 3249 minus
2394 3195 2544 3267 (Isai.
2576 3211 2757 3263 nvnt,
2807 3194 2896 3259 22,
2938 3212 3038 3249 sec.
3082 3194 3268 3266 LXX).
3300 3196 3392 3250 Est
3417 3196 3659 3267 quiedam
3691 3197 3779 3267 juq

2190 3286 2430 3341 cunditas
2452 3302 2607 3356 quam
2637 3302 2735 3341 nec
2760 3287 2945 3341 oculus
2965 3286 3115 3352 vidit,
3143 3301 3240 3341 nec
3264 3288 3407 3340 auris
3424 3286 3642 3354 audivit,
3676 3303 3778 3343 nec

2190 3377 2241 3431 in
2286 3393 2380 3431 cor
2412 3377 2642 3430 hominis
2684 3376 2924 3430 ascendit
2968 3374 3010 3446 (Ι
3042 3375 3156 3429 Cor.
3190 3392 3247 3442 ιι,
3288 3375 3364 3445 9).
3398 3374 3658 3445 Tanquam
3690 3378 3777 3441 ία-

2189 3469 2519 3523 cundatorum
2549 3468 2773 3521 omnium
2798 3467 3039 3521 habitatio
3061 3468 3112 3520 in
3140 3478 3205 3519 te.
3233 3467 3313 3521 Ad
3353 3466 3493 3520 aliud
3522 3467 3775 3537 gaudium

2188 3576 2288 3616 nos
2312 3546 2591 3627 paremus;
2618 3560 2739 3629 quia
2766 3560 2849 3613 hic
2882 3568 3126 3628 tanquam
3163 3558 3333 3611 simile
3362 3558 3680 3623 invenimus,
3714 3567 3777 3614 et

2189 3670 2296 3708 non
2324 3653 2575 3709 esthoc:
2611 3668 2676 3707 ne
2714 3652 2863 3722 quasi
2900 3666 3144 3720 paremus
3172 3666 3269 3705 nos
3315 3650 3505 3705 talibus
3549 3649 3619 3704 ibi
3644 3665 3777 3720 per-

2188 3746 2312 3811 frui,
2336 3746 2582 3815 qualibus
2606 3744 2691 3798 hic
2719 3744 3039 3814 gaudemus;
3068 3744 3299 3813 alioquin
3326 3744 3648 3798 continentia
3674 3759 3775 3798 no-

2187 3849 2295 3894 stra
2331 3838 2549 3893 avaritia
2579 3838 2699 3891 erit.
2740 3838 2874 3893 Sunt
2905 3836 3047 3890 enim
3082 3835 3322 3890 homines
3352 3835 3439 3906 qui
3484 3835 3775 3891 invitantur

2187 3931 2252 3985 ad
2295 3945 2503 3987 cumam
2549 3930 2803 3999 opimam,
2838 3929 2924 3983 ubi
2970 3928 3135 3982 multa
3171 3936 3221 3981 et
3258 3928 3491 3998 pretiosa
3526 3929 3771 3997 ponenda

2185 4033 2340 4089 sunt;
2371 4039 2474 4078 non
2499 4022 2762 4096 prandent
2794 4040 2805 4073 :
2833 4020 2942 4091 jam
2964 4021 3007 4074 si
3037 4034 3244 4089 quzeras
3271 4020 3338 4075 ab
3367 4019 3445 4075 eis
3470 4035 3633 4090 quare
3661 4036 3770 4076 non

2187 4114 2500 4184 prandeant,
2522 4112 2942 4183 (b)Jejunamus.
2970 4110 3213 4187 Magnum
3239 4124 3389 4180 opus,
3420 4109 3769 4165 christianum

2185 4220 2318 4274 opus
2343 4204 2624 4273 jejunium.
2649 4202 2765 4256 Noli
2792 4201 2897 4257 cito
2924 4200 3136 4256 laudare
3164 4218 3176 4253 :
3202 4216 3379 4270 qurere
3403 4214 3646 4265 causam;
3673 4215 3770 4256 ne-

2184 4295 2383 4361 gotium
2411 4295 2609 4349 ventris
2629 4294 2822 4363 agitur,
2852 4308 2957 4347 non
2980 4291 3268 4363 religionis.
3291 4291 3464 4359 Quare
3485 4291 3727 4362 jejunant
3743 4293 3770 4347 ?

2184 4386 2261 4441 Ne
2285 4396 2520 4440 ventrem
2552 4390 2922 4456 prreoccupcnt
2951 4382 3092 4449 vilia,
3138 4390 3193 4436 et
3221 4398 3323 4435 non
3366 4382 3532 4451 possit
3564 4381 3767 4436 admit-

2186 4488 2296 4532 tere
2314 4477 2566 4547 pretiosa.
2596 4476 2735 4544 Ergo
2761 4473 3027 4544 negotium
3054 4472 3280 4543 gutturis
3304 4473 3439 4542 gerit
3465 4473 3515 4527 in
3536 4472 3765 4542 jejunio.

2182 4568 2365 4638 Magna
2392 4582 2479 4622 res
2503 4565 2679 4635 utique
2704 4563 2960 4637 jejunium
2992 4580 3004 4615 :
3028 4570 3213 4617 contra
3242 4570 3475 4616 ventrem
3505 4570 3559 4617 et
3582 4572 3767 4632 guttur

2184 4667 2411 4729 pugnat;
2443 4655 2728 4728 aliquando
2757 4655 2857 4709 illis
2883 4655 3095 4711 militat.
3124 4653 3323 4723 Itaque,
3354 4652 3544 4707 fratres
3564 4654 3690 4717 mei,
3715 4655 3763 4710 si

2182 4748 2378 4820 putatis
2420 4745 2615 4817 aliquid
2649 4745 2751 4799 tale
2793 4744 3063 4798 habituros
3107 4758 3203 4797 nos
3243 4742 3294 4796 iu
3328 4742 3414 4796 illa
3456 4744 3646 4813 patria,
3693 4744 3764 4800 ad

2180 4855 2337 4910 quam
2365 4852 2462 4892 nos
2494 4836 2805 4893 exhortatur
2830 4834 2952 4890 tuba
2979 4835 3232 4900 cmlestis,
3276 4843 3328 4888 et
3355 4844 3635 4904 propterea
3665 4850 3764 4889 vos

2178 4949 2206 4986 a
2239 4932 2593 5003 prazsentibus
2632 4928 2929 4994 abstinetis,
2965 4935 3021 4983 ut
3048 4927 3156 4982 illic
3183 4926 3301 4981 talia
3330 4926 3598 4996 copiosius
3625 4928 3769 4981 reci-

2178 5026 2361 5094 piatis;
2404 5025 2481 5077 sic
2524 5021 2651 5077 estis
2698 5019 2965 5091 quomodo
3016 5018 3093 5072 illi
3129 5018 3216 5088 qui
3253 5018 3493 5089 jejunant
3540 5029 3765 5089 propter

2177 5117 2360 5186 epulas
2382 5115 2630 5183 majores,
2660 5124 2714 5168 et
2736 5113 3009 5167 continent
3036 5124 3094 5166 se
3119 5111 3321 5180 majore
3348 5109 3759 5165 iucontiuentia.

2175 5208 2345 5262 Nolite
2370 5220 2497 5275 ergo
2535 5206 2611 5259 sic
2642 5222 2654 5255 :
2684 5202 2749 5257 ad
2776 5202 2969 5271 aliquid
3000 5215 3096 5255 vos
3131 5199 3394 5256 inell'abile
3429 5211 3757 5271 praeparate;

2178 5299 2427 5355 inundate
2452 5312 2545 5351 cor
2566 5296 2633 5349 ab
2654 5292 2901 5349 omnibus
2922 5292 3289 5347 affectionibus
3317 5293 3506 5346 vestris
3530 5293 3761 5347 terrenis

2175 5394 2229 5440 et
2256 5380 2617 5437 smcularibus.
2648 5378 2821 5433 Visuri
2847 5391 3029 5432 sumus
3052 5376 3321 5446 quiddam,
3349 5389 3453 5445 quo
3473 5374 3588 5429 viso
3615 5375 3761 5431 beati

2175 5469 2394 5532 erimus,
2438 5472 2491 5520 et
2528 5464 2629 5517 hoc
2667 5462 2839 5517 solum
2869 5460 3021 5516 nobis
3047 5459 3292 5515 sufﬁciet.
3330 5458 3401 5513 Et
3443 5457 3607 5529 quid?
3643 5474 3758 5516 non

2176 5552 2652 5614 manducabimus?
2682 5552 2792 5608 lmo
2829 5551 3297 5621 manducabimus;
3328 5558 3382 5607 et
3408 5550 3521 5621 ipse
3548 5550 3652 5607 erit
3681 5552 3760 5606 ci-

2262 5703 2311 5758 a)
2338 5708 2388 5748 In
2409 5700 2714 5758 superiorem
2749 5696 2892 5758 Psal.,
2916 5710 2965 5748 ιι.
2991 5698 3071 5748 24.

2262 5717 2287 5749 a
2338 5708 2388 5748 In
2409 5713 2465 5748 su
2486 5703 2714 5746 )eriorem
2749 5703 2866 5746 Psal.

2240 5703 2312 5824 Et);
2345 5712 2540 5823 Suppbe,
2565 5760 2866 5824 respondent.
