4084 6468
301 331 436 402 nos

257 467 260 469 ’
295 460 394 513 bus
421 465 631 526 noster,
674 457 764 528 qui
789 465 844 512 et
881 455 1102 524 reﬁciat,
1132 463 1188 510 et
1223 469 1326 511 non
1354 453 1582 510 deﬁciat.
1615 451 1878 524 Tanquam

287 551 692 626 jucundatontm
724 549 946 604 omnium
975 547 1216 602 habitatio
1245 546 1297 599 in
1327 556 1394 600 te.
1425 542 1542 602 Jam
1574 544 1770 600 dictum
1797 541 1879 598 est

293 640 435 696 unde
455 637 870 712 jucundabimur
897 655 910 693 :
938 636 1084 692 Beati
1122 638 1207 706 qui
1233 635 1457 692 habitant
1493 636 1547 690 in
1575 633 1724 688 domo
1752 645 1836 686 tua
1859 651 1876 697 ,-

291 731 342 784 in
367 728 560 784 amula
585 729 890 784 steculorum
917 727 1195 784 laudabunt
1215 735 1278 780 te.
1311 724 1612 780 Laudemus
1640 733 1693 780 et
1719 725 1878 778 modo

289 821 601 886 Dominum,
651 827 909 890 quantum
954 830 1258 890 possumus,
1321 815 1502 870 mixtis
1549 813 1872 892 gemitibus;

287 913 410 984 quia
437 911 705 968 laudando
741 909 1256 976 eumdesideramus
1284 923 1428 971 cum,
1459 916 1512 964 et
1535 905 1767 960 nondum
1795 913 1875 959 te-

287 1018 482 1058 nemus
511 1021 526 1058 :
555 1019 676 1058 cum
699 1001 1043 1068 tenuerimus,
1070 999 1410 1055 subtrahetur
1433 999 1606 1052 omnis
1625 996 1872 1068 gemitus,

287 1103 340 1150 et
361 1094 664 1150 remanebit
684 1093 798 1149 sola
821 1102 874 1150 et
897 1107 1029 1163 pura
1046 1099 1101 1148 et
1124 1101 1322 1146 mterna
1343 1089 1592 1144 laudatio.
1621 1087 1874 1144 Conversi

287 1183 352 1238 ad
381 1185 688 1240 Dominum.

1581 1314 1868 1326 -—————

661 1392 746 1452 IN
787 1390 1168 1454 PSALMUM
1211 1365 1570 1450 LXXXVII

829 1510 1224 1568 euanumo
1263 1509 1362 1582 (α).

359 1626 412 1680 1.
443 1625 595 1699 [νει-ε.
626 1623 700 1697 1.]
731 1625 924 1678 Psalmi
967 1624 1121 1694 hujus
1149 1623 1454 1694 octogesimi
1483 1631 1537 1676 et
1565 1619 1771 1690 septimi
1805 1619 1872 1672 ti-

287 1717 436 1778 tulus
465 1716 625 1771 habet
644 1715 841 1785 aliquid
861 1715 1002 1785 quod
1033 1729 1232 1769 novum
1257 1715 1526 1783 negotium
1558 1711 1872 1780 disputaturi

284 1809 496 1863 alierat.
539 1807 810 1877 Nusquam
840 1807 983 1862 enim
1015 1807 1240 1880 aliorum
1284 1805 1608 1874 psalmorum
1641 1802 1868 1872 positum

283 1907 366 1954 est
390 1897 534 1969 quod
567 1898 652 1952 hic
693 1897 886 1967 legitur
920 1915 933 1950 :
971 1895 1074 1950 Pro
1109 1895 1297 1950 utelech
1326 1895 1393 1946 ad
1439 1893 1868 1963 respondendum.

281 1987 416 2042 Nam
446 1986 517 2042 de
565 1987 776 2041 Psalmo
804 1985 994 2040 cantici
1035 1993 1093 2040 et
1130 1985 1336 2038 cantico
1363 1983 1549 2054 psalmi
1595 1983 1724 2035 alias
1761 1980 1870 2050 iam

283 2079 410 2148 quid
441 2079 598 2133 nobis
634 2079 902 2134 videretur
927 2077 1154 2132 diximus
1175 2075 1247 2147 (b)
1283 2083 1397 2140 :et,
1430 2075 1550 2142 [iliis
1581 2075 1724 2139 Core,
1765 2075 1872 2126 usi-

279 2179 454 2225 tatum
491 2170 547 2224 in
581 2171 750 2224 titulis
775 2170 1099 2236 psalmorum
1148 2168 1546 2237 saepissimeque
1587 2173 1868 2219 tractatum

281 2271 386 2326 est,
415 2270 469 2314 et
493 2259 620 2330 quid
651 2261 738 2325 sit,
766 2261 818 2314 in
845 2261 996 2329 finem
1013 2277 1034 2326 ;
1063 2259 1155 2314 sed
1183 2257 1322 2329 quod
1349 2258 1606 2330 sequitur,
1639 2256 1744 2310 Pro
1770 2273 1871 2310 me-

283 2353 392 2405 Iech
419 2352 488 2405 ad
523 2352 950 2422 respondendum,
981 2353 1084 2406 hoc
1115 2349 1420 2404 inusitatum
1463 2349 1626 2404 habet
1672 2349 1770 2402 iste
1801 2348 1868 2401 ti-

283 2453 342 2497 tu
353 2457 450 2496 .us.
477 2437 582 2496 Pio
603 2443 794 2496 metech
821 2451 1019 2509 autem,
1044 2441 1206 2496 latine
1227 2455 1323 2510 pro
1347 2439 1512 2495 choro
1537 2439 1639 2494 dici
1663 2447 1868 2508 potest:

283 2533 480 2587 meteeh
507 2534 650 2588 enim
687 2533 854 2587 verbo
885 2533 1108 2588 Hebrum
1139 2530 1332 2586 chorus
1355 2529 1702 2600 signiﬁcatur.
1733 2527 1868 2594 Quid

283 2633 367 2679 est
393 2639 546 2694 ergo,
580 2623 682 2678 Pro
711 2624 876 2678 choro
901 2622 968 2676 ad
1009 2621 1434 2692 respondendum
1462 2637 1476 2686 ;
1521 2620 1621 2674 nisi
1652 2619 1789 2675 forte
1817 2628 1873 2672 ut

284 2716 500 2772 canenti
547 2713 746 2769 chorus
790 2713 1136 2768 consonando
1177 2711 1526 2782 respondeat?
1573 2709 1721 2764 Sicut
1765 2725 1872 2764 non

283 2807 448 2861 istum
487 2805 681 2870 solum,
715 2803 808 2858 sed
855 2803 986 2858 alios
1029 2815 1240 2872 quoque
1271 2801 1508 2872 psalmos
1549 2799 1868 2854 credendum

281 2905 368 2952 est
409 2909 532 2950 esse
572 2901 831 2960 cantatas,
865 2892 1105 2963 quamvis
1149 2890 1282 2945 alios
1325 2889 1509 2944 titulos
1534 2889 1867 2957 acceperint;

277 2986 428 3056 quod
455 2987 648 3041 factum
673 2985 923 3042 existimo
949 2998 1109 3038 causa
1139 2981 1432 3047 varietatis,
1465 2997 1567 3051 qua
1599 2981 1869 3036 fastidium

283 3077 572 3131 levaretur.
621 3075 736 3130 Non
783 3075 926 3130 enim
971 3073 1115 3128 solus
1149 3073 1249 3128 iste
1285 3073 1524 3144 psalmus
1566 3071 1756 3141 dignus
1789 3079 1874 3126 est

285 3167 522 3232 habitus,
553 3167 643 3220 ubi
673 3164 1022 3235 responderet
1047 3163 1263 3230 chorus,
1295 3177 1415 3217 cum
1441 3162 1626 3231 utique
1665 3177 1772 3214 non
1801 3161 1873 3215 sit

283 3257 434 3312 solus
455 3256 525 3312 de
553 3256 762 3312 Domini
801 3255 1048 3325 passione
1071 3256 1428 3323 conscriptus.
1460 3253 1566 3306 Aut
1593 3251 1640 3305 si
1665 3258 1748 3306 est
1770 3251 1871 3305 alia

285 3363 444 3402 causa
501 3363 599 3403 cur
644 3357 788 3402 tanta
831 3347 902 3402 sit
945 3345 1176 3400 varietas
1227 3345 1517 3408 titulorum,
1557 3357 1660 3412 qua
1707 3341 1874 3412 possit

285 3439 502 3494 ostendi
529 3440 602 3493 ita
627 3438 866 3494 Psalmos
891 3449 1082 3491 omnes
1107 3450 1227 3491 esse
1253 3443 1596 3504 praenotatos,
1624 3433 1712 3503 qui
1749 3441 1874 3486 sunt

285 3532 446 3585 aliter
471 3539 633 3599 atque
661 3529 814 3583 aliter
845 3527 1141 3598 prmuotati,
1176 3533 1234 3580 ut
1269 3525 1466 3580 nullius
1495 3524 1678 3578 titulus
1701 3523 1874 3576 valeat

283 3625 442 3678 alicui
469 3622 624 3676 alteri
651 3622 968 3686 convenire;
991 3633 1090 3690 ego
1118 3631 1253 3682 eam,
1285 3616 1477 3680 fateor,
1501 3630 1622 3670 cum
1651 3613 1872 3668 multum

287 3723 516 3770 conatus
555 3727 754 3778 essem,
787 3719 1067 3782 penetrare
1108 3725 1216 3764 non
1256 3709 1400 3779 potui
1428 3725 1440 3761 :
1467 3716 1526 3762 et
1569 3708 1615 3761 si
1650 3705 1776 3776 quid
1805 3704 1874 3761 de

287 3808 386 3861 hac
415 3823 472 3861 re
503 3807 609 3878 legi
647 3805 716 3859 ab
757 3805 836 3860 eis
859 3803 1081 3868 dictum,
1125 3801 1217 3873 qui
1260 3811 1382 3856 ante
1411 3786 1510 3854 nos
1547 3799 1646 3854 ista
1677 3807 1873 3852 tracta-

285 3907 430 3964 runt,
461 3913 568 3952 non
595 3895 851 3952 sntisl'ecit
871 3893 1273 3964 exspectationi,
1310 3892 1423 3946 sive
1453 3890 1686 3944 tarditati
1713 3903 1869 3942 metu.

285 3993 342 4046 lu
393 4005 502 4060 quo
543 3989 703 4058 igitur
747 3986 1000 4058 mysterio
1044 3983 1243 4038 dictum
1285 3983 1414 4036 mihi
1466 3981 1725 4046 videatur,
1769 3979 1872 4033 Pro

285 4081 455 4136 choro
495 4078 564 4133 ad
591 4075 1041 4147 respondendum,
1073 4073 1126 4128 id
1169 4079 1271 4132 est.
1299 4081 1358 4126 ut
1385 4071 1592 4124 canenti
1621 4085 1714 4138 per
1742 4068 1875 4122 cho-

288 4187 408 4223 rum
437 4168 844 4239 respondeatur,
875 4179 1158 4235 exponam.
1189 4162 1400 4217 Domini
1432 4161 1516 4215 hic
1543 4161 1718 4229 passio
1743 4174 1871 4229 pro-

293 4261 564 4330 phetatur.
599 4259 734 4314 Dicit
758 4265 936 4312 autem
978 4255 1252 4325 apostolus
1279 4255 1485 4317 Petrus,
1519 4253 1750 4306 Christus
1779 4269 1871 4322 pro

289 4353 432 4405 nobis
459 4366 638 4420 passus
681 4359 770 4411 est,
801 4347 1086 4417 relinquens
1111 4345 1252 4399 nobis
1277 4344 1580 4413 exemplum,
1609 4353 1666 4396 ut
1692 4359 1872 4413 sequa—

289 4461 408 4498 ntur
432 4441 641 4514 uestigia
669 4443 778 4511 ejus
805 4441 848 4510 (l
875 4438 1015 4492 Petr.
1049 4455 1105 4503 ιι,
1127 4437 1218 4508 Si)
1249 4455 1261 4490 :
1293 4437 1394 4491 hoc
1418 4445 1496 4490 est
1525 4436 1869 4505 respondere.

289 4535 430 4592 Dicit
465 4533 624 4587 etiam
647 4531 923 4601 apostolus
947 4528 1200 4594 Joannes,
1239 4528 1385 4582 Sicut
1411 4525 1638 4580 Christus
1665 4543 1758 4597 pro
1781 4543 1874 4580 no-

280 4632 357 4686 bis
405 4625 628 4678 animam
662 4639 806 4678 suam
835 4621 1020 4692 posuit,
1061 4621 1134 4674 ita
1175 4629 1224 4672 et
1263 4635 1354 4672 nos
1381 4617 1616 4671 debemus
1652 4618 1874 4671 animam

287 4731 384 4782 pro
415 4715 660 4786 fratribus
699 4728 883 4783 ponere
907 4713 950 4782 (ι
973 4709 1132 4765 Joan.
1157 4726 1234 4776 ιιι,
1263 4709 1352 4780 16)
1379 4725 1392 4763 :
1422 4707 1522 4762 hoc
1545 4718 1626 4762 est
1651 4723 1876 4778 respon-

287 4807 438 4862 dere.
483 4805 692 4861 Chorus
733 4811 910 4858 autem
953 4801 1290 4858 concordiam
1329 4799 1608 4870 signiﬁcat,
1653 4815 1772 4869 qua:
1821 4800 1873 4854 in

287 4897 553 4951 citaritate
579 4896 839 4952 consistit.
873 4894 1126 4963 Quisquis
1150 4907 1278 4962 ergo
1297 4892 1448 4962 quasi
1476 4891 1752 4946 minulator
1771 4891 1873 4947 do-

291 4991 504 5044 minica
526 4989 784 5058 passionis
807 4985 1082 5042 tradiderit
1103 4999 1298 5053 corpus
1326 4999 1480 5037 suum
1513 4993 1572 5037 ut
1597 4983 1799 5049 ardeat,
1827 4985 1874 5039 si

289 5079 608 5134 charitatem
645 5092 750 5132 non
781 5077 996 5143 habeat,
1045 5091 1152 5130 non
1187 5073 1474 5144 respondet
1517 5073 1570 5128 in
1597 5078 1792 5139 choro;
1821 5085 1875 5130 et

291 5169 411 5222 ideo
439 5167 574 5222 nihil
607 5167 656 5222 ei
683 5166 902 5236 prodest
929 5165 970 5238 (l
989 5165 1109 5222 Cor.
1127 5181 1242 5230 xm,
1261 5165 1340 5234 5).
1368 5163 1596 5220 Proinde
1619 5166 1874 5234 quemad-

291 5260 510 5314 modum
531 5259 784 5314 dicuntur
813 5260 864 5312 in
891 5265 1005 5312 arte
1035 5257 1257 5321 musica,
1287 5256 1422 5311 sicut
1447 5269 1510 5310 ea
1537 5255 1675 5310 docti
1703 5247 1877 5310 hami-

291 5367 390 5408 nes
419 5353 582 5408 latine
605 5352 784 5408 dicere
813 5359 1119 5420 potuerunt,
1146 5356 1446 5418 praecentor
1479 5357 1535 5403 et
1559 5357 1871 5416 succentor;

293 5453 594 5515 pascentur
613 5443 816 5499 scilicet
837 5444 930 5514 qui
960 5457 1142 5516 vocem
1171 5440 1446 5511 praemittit
1469 5440 1522 5494 in
1547 5449 1729 5508 cantu,
1753 5454 1876 5496 suc-

353 5554 426 5618 Ia)
449 5555 634 5604 uictam
657 5559 767 5662 post
783 5551 1060 5615 expositum
1081 5549 1202 5601 Psal.
1227 5564 1324 5611 xu,
1341 5549 1408 5599 de
1427 5563 1527 5613 quo
1549 5547 1670 5598 infra
1683 5562 1732 5598 ιι.
1758 5551 1807 5610 7,
1825 5555 1877 5600 et

353 5625 416 5662 rte
439 5623 552 5662 eost
569 5623 658 5662 Psa
680 5651 692 5662 .
711 5628 860 5662 uvu.

293 5615 417 5678 forte
437 5623 554 5678 post
569 5615 692 5666 Psal.
711 5628 860 5678 ιιξνιι.

357 5671 521 5739 (ω’οθ
543 5675 634 5739 hac
654 5689 714 5725 re
726 5673 850 5724 dixit
871 5674 920 5723 iu
937 5671 1064 5739 Psal.
1087 5687 1230 5739 van,
1255 5673 1524 5739 expositum
1549 5671 1756 5739 amitti,
1777 5683 1877 5734 quo

295 5733 430 5802 tertii
447 5737 670 5802 remittit,
707 5743 905 5802 propter
937 5733 1083 5797 hujus
1123 5735 1290 5796 psalmi
1321 5733 1521 5786 titulum
1560 5736 1642 5797 qui
1682 5733 1868 5786 habet:

299 5799 542 5852 Canticum
563 5795 756 5860 I‘satmi,
776 5795 891 5862 ﬁliis
907 5795 1046 5859 Core,
1066 5795 1159 5846 etc.

1323 338 1715 400 ENARRATIO
1751 337 1818 394 ΙΝ
1856 339 2172 404 ΡεΑωιυΜ
2211 339 2516 400 LXXXVII.

3428 348 3564 406 1110

1987 462 2172 510 center
2209 467 2382 513 autem
2411 458 2496 526 qui
2539 455 2922 527 subsequenter
2949 459 3190 514 cauendo
3231 443 3558 530 respondet:

1985 545 2054 598 ita
2085 547 2136 600 in
2163 547 2266 602 hoc
2311 550 2516 604 cantico
2547 549 2830 618 passionis,
2861 551 3250 620 praecedentem
3288 537 3558 606 Christum

1983 636 2324 712 subsequitur
2365 639 2562 694 chorus
2607 650 2898 712 martyrum
2944 641 2994 694 in
3047 635 3204 695 ﬁnem
3261 642 3558 698 cmlestium

1982 742 2316 782 coronarum.
2349 729 2460 784 Hoc
2479 729 2619 784 enim
2643 733 2849 786 canitur
2871 721 2994 799 ﬁliis
3021 729 3168 796 Core,
3198 731 3248 784 id
3282 740 3365 788 est
3392 731 3565 786 imita-

1981 819 2186 876 toribus
2215 819 2476 888 passionis
2517 817 2710 874 Christi
2741 838 2754 874 :
2783 820 3032 892 quoniam
3072 813 3407 875 in'Calvaria:
3440 821 3559 876 loco

1981 909 2264 974 cruciﬁxus
2289 919 2373 966 est
2405 909 2646 965 Christus
2677 911 2886 982 (Matth.
2912 928 3083 976 xxvu,
3115 912 3202 984 55)
3232 929 3246 978 ;
3281 928 3396 984 quae
3423 913 3559 966 illius

1964 997 2184 1064 'hebrmi
2207 999 2822 1070 nominisinterpretatio
2841 1001 3164 1070 perhibetur,
3195 1003 3243 1055 id
3273 1012 3374 1070 est,
3398 1002 3558 1056 Core.

1977 1089 2048 1144 Et
2093 1088 2178 1144 hic
2213 1097 2296 1146 est
2339 1091 2612 1144 intellectus
2651 1090 2846 1144 {Eman
2887 1091 3133 1148 Israelita:
3159 1091 3232 1166 (α)
3265 1112 3279 1148 :
3308 1093 3450 1164 quod
3505 1093 3568 1148 in.

1981 1181 2118 1236 tituli
2155 1181 2312 1250 hujus
2335 1182 2520 1234 ultimo
2555 1183 2781 1252 positum
2819 1193 2918 1236 est.
2953 1183 3141 1238 .IEman
3165 1186 3363 1256 quippe
3392 1185 3559 1240 inter-

1975 1271 2177 1342 prelari
2215 1271 2426 1337 dicitur,
2474 1271 2664 1328 Frater
2707 1272 2840 1342 ejus.
2885 1273 2988 1328 Eos
3017 1277 3158 1328 enim
3195 1275 3386 1329 fratres
3433 1290 3560 1330 suos

1977 1363 2218 1418 Christus
2247 1363 2420 1419 facere
2449 1364 2692 1433 dignatus
2719 1374 2820 1431 est,
2853 1366 2940 1434 qui
2964 1377 3352 1420 sacramentum
3381 1365 3570 1422 crucis-

1979 1455 2092 1520 ejus
2124 1455 2443 1530 intelligunt,
2469 1466 2650 1516 etnon
2681 1459 2852 1512 solum
2872 1459 2936 1512 de
2963 1459 3048 1511 illa
3077 1474 3182 1514 non
3209 1439 3562 1526 erubescunt,

1979 1561 2162 1600 verum
2204 1549 2362 1602 etiam
2393 1549 2444 1602 in
2497 1548 2584 1602 illa
2629 1548 2856 1626 ﬁdeliter
2897 1547 3208 1620 gloriantur,
3255 1567 3361 1604 non
3406 1567 3463 1606 se
3492 1547 3560 1608 de

1977 1636 2086 1690 suis
2115 1637 2317 1692 meritis
2341 1639 2680 1706 extollentes,
2707 1640 2804 1696 sed
2842 1641 2957 1709 ejus
2985 1641 3168 1711 gratiae
3195 1657 3298 1696 non
3325 1642 3518 1712 ingrati
3542 1660 3556 1708 ;

1973 1737 2034 1795 ιιι
2060 1729 2342 1800 unicuique
2367 1745 2550 1786 eorum
2578 1732 2682 1786 dici
2709 1733 2895 1802 possit,
2927 1731 3060 1788 Ecce
3080 1749 3188 1788 vere
3211 1732 3470 1802 Israelita,
3501 1735 3554 1788 in

1974 1835 2072 1888 quo
2115 1819 2261 1874 dolus
2307 1837 2408 1876 non
2449 1832 2520 1876 est
2563 1823 2744 1894 (Joau.
2775 1841 2812 1890 ι,
2846 1824 2935 1898 47)
2964 1845 2978 1879 :
3004 1825 3138 1893 sicut
3181 1827 3354 1896 ipsum
3395 1825 3558 1884 Israel

1971 1909 2246 1982 Scriptura
2269 1911 2385 1966 sine
2413 1911 2536 1968 dolo
2563 1912 2728 1970 fuisse
2748 1916 3086 1976 commendat
3105 1916 3258 1990 (Gen.
3281 1934 3411 1984 xxv,
3438 1919 3555 1988 27).

1974 1999 2089 2056 Jam
2134 2003 2310 2073 itaque
2355 2003 2550 2060 Christi
2590 2020 2776 2062 vocem
2817 2008 2866 2061 in
2901 2009 3176 2078 prophetia
3223 2011 3572 2080 pratcinentis.

1973 2092 2271 2164 audiamus,
2303 2095 2390 2148 cui
2419 2111 2548 2150 suus
2577 2095 2771 2152 chorus
2797 2099 2878 2154 vel
2907 2099 3222 2166 imitatione,
3260 2101 3342 2155 vel
3363 2089 3560 2172 gratia-

1976 2197 2094 2238 rum
2123 2183 2331 2238 actione
2359 2185 2702 2254 respondeat.

2043 2271 2095 2328 2.
2125 2271 2273 2346 [ιέιέ.
2302 2275 2357 2341 2,
2388 2274 2466 2348 5.]
2507 2275 2722 2330 Domine
2745 2277 2881 2332 Deus
2903 2279 3080 2333 salutis
3102 2295 3243 2348 metu,
3267 2281 3321 2334 in
3349 2282 3430 2335 die
3456 2279 3559 2336 cla-

1973 2366 2105 2418 mavi
2131 2375 2174 2418 et
2199 2375 2341 2420 nocte
2366 2383 2536 2420 coram
2571 2377 2636 2422 te.
2669 2366 2829 2422 Intret
2868 2370 2918 2424 in
2963 2381 3229 2442 conspectu
3271 2383 3354 2426 tuo
3395 2375 3582 2428 oratio»

1975 2473 2120 2520 mea;
2161 2457 2350 2510 inclina
2397 2475 2570 2512 aurem
2613 2468 2750 2514 tuam
2797 2459 2863 2512 ad
2911 2479 3104 2529 precem
3149 2479 3329 2518 meam.
3377 2463 3558 2520 Oravit

1969 2547 2112 2614 enim
2146 2555 2199 2602 et
2227 2547 2501 2616 Dominus,
2552 2565 2654 2604 non
2702 2549 2996 2604 secundum
3027 2551 3252 2608 formam
3297 2553 3412 2622 Dei,
3459 2555 3556 2609 sed

1965 2638 2265 2704 secundum
2314 2641 2534 2694 formam
2575 2641 2753 2696 servi:
2785 2643 3076 2698 Secundum
3130 2643 3266 2702 hanc
3311 2647 3454 2701 enim
3503 2658 3557 2701 et

1973 2744 2161 2799 passus
2181 2739 2284 2786 est.
2313 2729 2494 2786 Oravit
2519 2742 2700 2788 autem
2723 2741 2916 2788 etcum
2941 2735 2990 2790 in
3021 2736 3154 2790 lanis
3175 2735 3332 2792 rebus
3351 2747 3554 2808 ageret,

1973 2821 2114 2892 quod
2139 2821 2244 2877 diei
2287 2825 2544 2890 nomine;
2577 2837 2630 2880 et
2674 2841 2794 2880 cum
2828 2827 2880 2880 in
2925 2827 3184 2896 adversis,
3216 2829 3357 2898 quod
3386 2830 3556 2886 noctis

1975 2914 2193 2986 nomine
2245 2915 2531 2986 signiﬁcari
2583 2917 2834 2973 arbitror.
2886 2917 3164 2990 Ingressus
3204 2921 3458 2975 orationis
3501 2923 3556 2976 in

1974 3014 2265 3076 conspectu
2311 3006 2426 3072 Dei,
2471 3009 2766 3078 acceptatio
2803 3009 2918 3080 ejus
2961 3018 3073 3072 est;
3113 3010 3386 3066 inclinatio
3413 3013 3557 3066 auris

1977 3095 2090 3162 Dei,
2151 3095 2455 3152 misericors
2505 3097 2774 3154 exauditio
2825 3109 2906 3154 est
2935 3119 2949 3155 :
2979 3116 3098 3154 nam
3147 3102 3386 3155 membra
3433 3101 3572 3154 talia-

1975 3189 2149 3260 qualia
2172 3204 2269 3244 nos
2297 3189 2554 3244 habemus
2593 3191 2645 3245 in
2676 3207 2921 3262 corpore,
2949 3207 3055 3246 non
3087 3192 3246 3247 habet
3269 3193 3427 3248 Deus.
3461 3193 3558 3250 Est

1975 3278 2342 3358 autcmsolita
2385 3279 2630 3349 repetitio
2657 3299 2670 3336 :
2695 3297 2816 3334 nam
2863 3281 3002 3351 quod
3032 3292 3133 3350 est,
3165 3280 3322 3336 Intret
3352 3285 3406 3336 in
3433 3299 3556 3336 con-

1975 3377 2144 3438 spectu
2192 3379 2275 3423 tuo
2319 3371 2479 3423 oratio
2529 3386 2675 3436 mea;
2717 3371 2944 3441 idipsum
2986 3381 3087 3437 est,
3143 3371 3342 3426 Inclina
3385 3387 3560 3428 aurem

1965 3473 2114 3538 tuam
2143 3464 2211 3516 ad
2237 3480 2434 3530 precem
2463 3481 2643 3518 meam.

2049 3555 2101 3608 5.
2145 3553 2293 3626 [vers.
2322 3552 2400 3626 4.]
2443 3555 2694 3620 Quoniam
2721 3557 2912 3628 repleta
2947 3565 3019 3611 est
3054 3556 3202 3611 malis
3227 3557 3398 3612 anima
3423 3571 3551 3618 mea,

1965 3656 2024 3712 ,ει
2053 3648 2153 3700 vita
2191 3664 2301 3702 mea
2325 3648 2377 3702 in
2403 3647 2604 3717 inferno
2632 3649 3070 3720 appmpinqnavit.
3104 3649 3444 3704 Audemusne
3473 3651 3560 3704 di-

1977 3752 2098 3794 cere
2118 3737 2572 3818 animaijhristi
2598 3741 2852 3810 repletam
2883 3729 3056 3806 malis,
3086 3757 3206 3794 cum
3237 3741 3322 3794 illa
3355 3745 3560 3812 passio-

1979 3831 2062 3886 nis
2094 3829 2313 3886 alllictio
2343 3831 2395 3884 in
2426 3845 2588 3886 carne
2630 3831 2871 3896 valuerit,
2899 3831 3152 3900 quidquid
3192 3831 3386 3886 valuit?
3408 3833 3559 3890 Unde

1980 3932 2035 3976 et
2086 3921 2201 3990 ipse
2239 3936 2366 3976 suos
2399 3921 2465 3976 ad
2495 3922 2824 3976 tolerantiam
2853 3922 3116 3991 passionis
3144 3923 3464 3991 accendens,
3506 3937 3561 3982 et

1985 4023 2231 4083 tanquam
2255 4013 2320 4068 ad
2349 4012 2779 4082 respondendum
2802 4014 3089 4069 exhortans
3111 4014 3330 4069 chorum
3360 4032 3512 4072 suum
3541 4037 3556 4075 :

1981 4104 2182 4172 Nolite,
2209 4105 2402 4174 inquit,
2423 4105 2593 4158 timere
2621 4121 2706 4158 eos
2729 4105 2817 4174 qui
2837 4121 3022 4174 corpus
3047 4105 3302 4172 occidunt,
3335 4108 3568 4161 animam-

1978 4207 2144 4252 autem
2173 4213 2272 4252 non
2299 4204 2506 4266 possunt
2551 4194 2774 4250 occidere
2801 4193 3013 4266 (Matth.
3045 4212 3100 4261 x,
3141 4195 3254 4265 28).
3282 4198 3361 4250 An
3391 4196 3568 4253 occidi.

1977 4303 2008 4344 a
2041 4286 2471 4356 persecutoribus
2500 4287 2676 4340 anima
2721 4301 2826 4340 non
2865 4295 3058 4356 potest,
3091 4287 3244 4342 malis
3269 4297 3445 4342 autem
3477 4304 3562 4343 re-

1981 4380 2115 4450 pleri
2157 4378 2370 4450 potest?
2410 4377 2562 4444 Quod
2606 4378 2650 4430 si
2699 4377 2768 4430 ita
2810 4385 2912 4439 est.
2959 4377 3300 4446 quaerendum
3344 4377 3558 4448 quibus.

1979 4472 2092 4528 Non
2121 4471 2262 4536 enim
2287 4470 2448 4534 vitiis,
2481 4485 2575 4538 per
2605 4485 2721 4538 qua:
2743 4467 2944 4522 homini
2965 4468 3266 4524 dominatur
3287 4468 3559 4538 iniquitas,

1977 4565 2208 4620 animam
2239 4562 2378 4616 illam
2420 4561 2678 4630 repletam
2721 4574 3004 4630 possumus
3029 4559 3242 4624 dicere;
3286 4560 3380 4615 sed
3422 4559 3558 4616 forte

1980 4655 2272 4718 doloribus,
2303 4652 2496 4724 quibus
2533 4651 2708 4706 anima
2747 4666 2859 4706 sua:
2884 4651 3032 4708 carni
3077 4651 3126 4704 in
3159 4651 3273 4721 ejus
3311 4653 3568 4721 passione

1979 4746 2318 4814 compatitur.
2367 4741 2482 4798 Non
2522 4742 2664 4796 enim
2701 4741 2783 4796 vel
2825 4743 2936 4810 ipse
2965 4743 3052 4812 qui
3081 4741 3276 4796 dicitur
3316 4744 3566 4812 corporis

1980 4835 2154 4902 dolor,
2199 4843 2376 4906 potest
2419 4847 2538 4888 esse
2587 4832 2704 4886 sine
2745 4833 2940 4900 anima,
2987 4847 3144 4901 quem
3189 4833 3563 4890 inevitabiliter

1981 4929 2344 4984 inuuinentem
2377 4926 2628 4998 prmccdit
2657 4925 2888 4990 tristitia,
2918 4941 3035 4996 qua:
3057 4925 3220 4980 solius
3247 4927 3442 4981 animus
3465 4927 3561 4981 (ἰο-

1981 5023 2061 5078 Ιοι·
2093 5029 2195 5078 est.
2229 5021 2419 5096 [fg-olere
2459 5035 2586 5088 ergo
2614 5019 2810 5085 anima,
2839 5019 2997 5072 etiam
3043 5033 3148 5072 non
3190 5019 3402 5073 dolente
3443 5033 3562 5073 cor-

1981 5127 2132 5182 pore,
2175 5117 2380 5182 potest;
2413 5109 2595 5164 dolere
2637 5117 2813 5162 autem
2863 5123 3056 5178 corpus
3098 5109 3212 5162 sine
3244 5108 3416 5160 anima
3455 5123 3578 5163 non.

1983 5209 2173 5272 potest.
2203 5200 2311 5256 Cur
2345 5201 2524 5270 itaque
2545 5214 2656 5274 pou
2684 5199 2923 5253 dicamus
2963 5213 3067 5252 non
3095 5197 3342 5250 humanis
3369 5212 3562 5266 pecca-

1983 5295 2070 5361 tis,
2100 5293 2192 5348 sed
2217 5304 2390 5347 tamen
2418 5290 2664 5346 humanis
2683 5289 2835 5344 malis
2859 5289 3114 5359 repletam
3143 5285 3306 5340 fuisse
3331 5287 3560 5342 animam

1982 5385 2176 5440 Christi
2201 5384 2224 5438 ?
2255 5384 2326 5437 De
2362 5399 2466 5452 quo
2502 5383 2638 5436 alius
2677 5381 2931 5452 propheta
2960 5379 3086 5434 dicit
3115 5376 3255 5448 quod
3285 5393 3380 5446 pro
3407 5379 3560 5433 nobis

1982 5474 2211 5530 doluerit
2239 5473 2393 5546 (Isai.
2427 5489 2542 5541 un,
2565 5470 2620 5546 4)
2650 5481 2740 5528 :et
2763 5469 3104 5540 evangelista,
3149 5469 3442 5539 Assumpto,
3475 5470 3559 5523 in—

2045 5670 2116 5731 (a)
2139 5676 2206 5736 EX
2226 5669 2574 5736 interpretandi
2598 5669 2785 5736 ratione
2811 5663 3113 5736 liquetaug.
3139 5665 3351 5736 legisse.
3375 5665 3540 5736 Isi-arti

1982 5725 2161 5780 uetat
2185 5732 2230 5778 in
2257 5725 2456 5791 Vulgata
2480 5737 2552 5777 est
2579 5725 2878 5791 nuntianti
2895 5727 3020 5778 forte
3057 5725 3160 5791 pro,
3189 5725 3398 5778 Zaraitw
3415 5765 3432 5790 ,
3461 5731 3541 5777 vid

1983 5795 2121 5854 intra,
2147 5791 2262 5841 Psal.
2283 5789 2369 5854 es,
2387 5790 2477 5842 col.
2511 5789 2642 5852 nso,
2670 5797 2768 5840 not.
2791 5789 2882 5855 (tt).
