4048 6470
507 379 638 438 illi

503 495 637 563 quit,
661 490 814 555 Petro
844 496 890 541 et
916 483 1110 541 duobus
1136 480 1254 551 ﬁliis
1275 476 1522 541 Zebedtei,
1553 474 1701 543 capit
1722 469 2083 563 contristaris!

503 560 709 638 omnis
737 596 876 642 esse;
902 586 957 633 et
990 577 1104 646 ipse
1133 571 1384 628 Dominus
1409 567 1475 622 de
1503 566 1681 635 seipso
1713 574 1836 618 tunc
1864 562 1937 615 ait
1958 560 2082 625 illis,
2138 592 2146 601 .

508 676 688 730 Tristis
721 682 792 727 est
822 670 994 724 anima
1035 681 1145 720 mea
1172 676 1329 731 usque
1366 658 1434 712 ad
1458 666 1665 711 mortem
1700 652 1909 725 (Matth.
1936 666 2080 716 xxvi,

506 768 597 833 37,
632 763 745 834 '58).
768 762 892 817 Hmc
916 758 1089 813 futura
1123 751 1417 823 prmvidens
1443 746 1726 816 Propheta,
1772 742 1955 834 psalmi
1991 740 2089 834 hu-

504 832 656 925 jusce
674 832 1023 919 conscriptor,
1044 843 1299 899 inducens
1320 854 1441 895 eum
1465 837 1767 907 loquentem
1796 854 1809 887 :
1839 832 2091 898 Quoniam

510 924 706 1019 repleta
748 953 837 1010 est,
858 940 1048 1015 mquit,
1076 936 1225 992 malis
1253 934 1423 987 anima
1445 947 1575 993 mea,
1598 939 1645 981 et
1669 929 1770 981 vita
1795 941 1905 1009 mea
1933 924 1987 977 in
2013 924 2093 976 in-

510 1015 656 1117 ferno
678 1029 1119 1110 appropinquavit.
1150 1025 1283 1081 Nam
1318 1024 1485 1093 ipsam
1526 1018 1845 1117 sententiam
1875 1015 2093 1117 omnino

512 1107 859 1185 verbislaliis
902 1120 1207 1191 explicavit,
1250 1131 1353 1187 qua
1402 1114 1600 1168 dictum
1645 1119 1746 1171 est.
1798 1107 1976 1162 Tristis
2020 1116 2094 1160 est

513 1221 686 1275 anima
712 1232 825 1270 mea
861 1229 1017 1283 usque
1057 1210 1123 1264 ad
1155 1217 1386 1262 mortem.
1430 1201 1583 1271 Quod
1625 1201 1765 1256 enim
1792 1200 1885 1259 ait.
1914 1196 2097 1252 Tristis

511 1324 583 1369 est
600 1312 769 1366 anima
790 1324 936 1371 mea;
959 1305 1062 1359 hoc
1082 1303 1281 1358 dictum
1302 1308 1404 1363 est,
1429 1296 1639 1367 Repleta
1662 1303 1735 1347 est
1756 1292 1902 1345 malis
1925 1290 2098 1355 anima

512 1422 623 1459 mea
645 1420 664 1458 :
685 1412 739 1458 et
764 1399 905 1472 quod
936 1396 1195 1468 sequitur,
1220 1407 1375 1471 usque
1401 1390 1469 1443 ad
1497 1396 1743 1451 mortem;
1771 1385 1871 1439 hoc
1896 1383 2096 1437 dictum

512 1509 616 1564 est,
640 1507 685 1552 et
714 1497 815 1563 vita
843 1510 953 1549 mea
979 1492 1031 1545 in
1067 1489 1266 1559 inferno
1294 1480 1733 1555 appropinquavit.
1772 1476 1881 1531 Hos
1918 1482 2098 1530 autem

514 1592 763 1645 humanae
788 1580 1109 1640 infirmitatis
1151 1577 1390 1640 affectus,
1419 1573 1556 1627 sicut
1580 1571 1747 1639 ipsam
1773 1580 1986 1622 carnem
2016 1564 2098 1617 in-

517 1678 780 1736 firmitatis
805 1676 1070 1735 humanm,
1098 1684 1161 1727 ac
1185 1675 1413 1722 mortem
1437 1661 1611 1717 carnis
1637 1659 1883 1713 humanae
1914 1654 2097 1709 Domi-

519 1786 619 1826 nus
654 1769 830 1829 Jesus,
869 1779 975 1818 non
1017 1756 1335 1814 conditionis
1370 1750 1702 1817 necessitate,
1746 1746 1839 1801 sed
1878 1745 2102 1798 misera-

518 1862 676 1916 tionis
701 1857 969 1913 voluntate
999 1848 1252 1918 suscepit,
1283 1854 1343 1901 ut
1372 1843 1769 1911 transfiguraret
1801 1838 1852 1892 in
1883 1851 1941 1890 se
1978 1848 2102 1903 cor:-

519 1966 617 2021 pus
648 1964 825 2013 suum,
849 1942 989 2015 quod
1024 1950 1107 1997 est
1140 1937 1393 2001 Ecclesia,
1418 1934 1500 1989 cui
1527 1940 1685 2001 caput
1710 1944 1829 2021 esse
1857 1928 2103 2021 dignatus

518 2020 620 2109 est,
664 2043 765 2094 hoc
790 2046 872 2093 est
902 2033 1135 2090 membra
1167 2044 1259 2083 sua
1290 2028 1342 2081 in
1369 2024 1566 2081 sanctis
1592 2030 1645 2077 et
1672 2020 1911 2074 fidelibus
1950 2020 2059 2109 suis
2084 2032 2097 2109 ς

520 2106 640 2187 utsi
666 2130 750 2185 cui
792 2141 975 2183 eorum
1013 2123 1151 2177 inter
1177 2119 1433 2174 humanas
1458 2112 1776 2169 tentationes
1800 2106 2102 2164 contristari

520 2233 574 2277 et
612 2221 795 2276 dolere
826 2216 1175 2285 contingeret,
1206 2224 1311 2264 non
1354 2206 1471 2261 ideo
1498 2219 1555 2259 se
1581 2203 1649 2257 ab
1670 2202 1784 2272 ejus
1808 2200 1975 2271 gratia
2000 2212 2101 2268 pu-

522 2325 657 2371 taret
682 2312 911 2369 alienum
936 2324 952 2374 ;
976 2315 1030 2362 et
1059 2320 1164 2360 non
1190 2317 1309 2358 esse
1341 2300 1440 2355 ista
1470 2303 1708 2369 peccata,
1736 2292 1829 2347 sed
1860 2291 2105 2345 humanae

524 2404 849 2463 infirmitatis
893 2399 1107 2463 indicia,
1146 2405 1398 2465 tanquam
1444 2389 1561 2444 voci
1599 2386 1887 2457 praemissa:
1921 2381 2104 2439 conci-

522 2514 657 2553 nens
679 2496 899 2559 chorus,
943 2491 1013 2545 ita
1040 2501 1234 2556 corpus
1256 2484 1371 2554 ejus
1396 2496 1459 2536 ex
1484 2481 1597 2549 ipso
1631 2493 1728 2532 suo
1755 2475 1928 2547 capite
1956 2472 2110 2528 addi-

521 2598 718 2647 sceret.
760 2586 815 2639 ln
844 2587 947 2638 hoc
988 2579 1181 2650 quippe
1220 2587 1445 2643 corpore
1472 2569 1793 2641 przecipuum
1833 2564 2108 2621 membro-

523 2697 641 2736 rum
670 2675 968 2751 apostolum
1005 2669 1223 2725 Paulum
1249 2665 1473 2736 legimus
1498 2668 1551 2716 et
1577 2658 1820 2723 audimus
1844 2656 2107 2751 confit-en-

528 2786 634 2828 tem
676 2747 866 2824 talibus
891 2764 1045 2820 malis
1069 2760 1327 2830 repletam
1357 2754 1587 2809 animam
1618 2764 1790 2813 suam,
1831 2762 1951 2803 eum
1981 2747 2112 2802 dicit

527 2862 798 2919 tristitiam
843 2856 942 2912 sibi
988 2868 1106 2909 esse
1136 2862 1400 2921 magnam,
1434 2853 1487 2900 et
1516 2841 1825 2899 continuum
1866 2838 2108 2893 dolorem

527 2956 674 3013 cordi
721 2967 817 3008 suo
845 2964 941 3021 pro
986 2945 1235 3002 fratribus
1274 2942 1384 2995 suis
1419 2936 1711 2993 secundum
1750 2931 2109 3021 carnem,-qui

529 3056 653 3105 sunt
688 3020 938 3100 Israelita:
985 3036 1161 3109 (Rom.
1195 3051 1266 3097 Ix,
1291 3031 1431 3105 2-4).
1460 3029 1565 3084 Pro
1606 3024 1798 3096 quibus
1840 3022 1884 3077 si
1913 3020 2111 3076 contri-

531 3148 729 3195 statum
774 3135 1014 3195 dicamus
1052 3139 1107 3185 et
1132 3126 1435 3190 Dominum,
1476 3135 1597 3176 cum
1628 3118 1742 3188 ejus
1779 3114 1958 3187 passio
1984 3126 2112 3183 pro-

532 3231 831 3301 pinquaret,
866 3226 916 3280 in
944 3238 1045 3293 qua
1072 3220 1146 3276 illi
1175 3233 1233 3273 se
1260 3210 1645 3271 immanissimo
1672 3207 1875 3301 scelere
1903 3203 2114 3259 fuerant

531 3297 833 3391 obligaturi,
866 3330 970 3370 non
995 3314 1283 3381 incongrue
1309 3320 1408 3361 nos
1437 3302 1615 3358 dicere
1641 3297 1909 3355 existimo.

602 3387 666 3468 4.—
686 3412 834 3485 [vers.
868 3410 922 3473 5,
949 3404 1028 3477 6.]
1060 3404 1295 3471 Denique
1320 3396 1445 3453 illud
1485 3393 1626 3466 quod
1749 3405 1907 3485 cruce
1946 3387 2111 3485 dixit,

537 3476 731 3569 Paten,
771 3503 971 3572 ignosce
995 3476 1095 3550 illis
1114 3535 1129 3561 ,
1154 3494 1273 3567 quia
1323 3490 1549 3543 nesciunt
1596 3483 1718 3564 quid
1744 3481 1933 3553 faciunt
1962 3476 2111 3572 (Luc.

535 3611 668 3651 χχιιι
693 3567 850 3663 ,⁷5ί);
878 3589 1037 3645 etiam
1065 3587 1117 3640 in
1148 3585 1251 3638 isto
1277 3580 1481 3651 psalmo
1500 3576 1752 3644 deinceps
1776 3572 1989 3636 dicitur,
2013 3567 2115 3622 De-

538 3694 744 3757 putatus
764 3696 876 3735 sum
896 3694 1008 3733 cum
1033 3672 1440 3729 descendentibus
1460 3685 1511 3721 tn
1534 3668 1698 3721 (acuat
1760 3663 1937 3732 utique
1964 3675 1992 3714 a
2018 3674 2114 3715 ne-

537 3755 829 3832 scientibus
849 3768 973 3841 quid
995 3768 1247 3841 facerent,
1272 3761 1359 3831 qui
1376 3775 1497 3815 eum
1515 3758 1592 3812 sic
1608 3755 1741 3810 mori
1762 3759 2111 3823 putaverunt,

538 3879 593 3923 ut
640 3866 936 3922 moriuntur
986 3858 1231 3913 homines
1271 3851 1485 3917 caeteri,
1514 3860 1764 3918 tanquam
1810 3842 2117 3899 necessitati

536 3958 802 4024 subditum
829 3962 985 4024 atque
1011 3951 1097 4005 illa
1114 3944 1429 4003 necessitate
1448 3940 1733 3997 devictum.
1763 3935 1952 3990 Lucum
1972 3933 2115 3989 cnim

536 4023 687 4123 tlixii,
717 4046 804 4101 vel
831 4023 1059 4100 miseriae
1088 4038 1171 4094 vel
1197 4034 1387 4092 inferni
1420 4028 1853 4101 profunditatem.

606 4144 659 4199 5.
691 4140 878 4195 Factus
892 4154 1019 4202 sum,
1039 4132 1226 4203 inquit,
1248 4131 1374 4184 sicut
1408 4127 1557 4179 homo
1570 4122 1677 4176 sine
1699 4116 1974 4189 adjutorio,
1991 4116 2117 4168 inter

537 4206 759 4291 morluos
787 4233 929 4286 liber.
965 4229 1019 4282 In
1057 4227 1138 4279 his
1166 4221 1344 4276 verbis
1387 4216 1617 4273 maxime
1654 4224 1879 4282 persona
1910 4206 2115 4262 Domini

537 4296 776 4396 apparet.
805 4320 933 4407 Quis
975 4316 1115 4372 enim
1143 4312 1279 4365 alius
1300 4311 1437 4362 inter
1466 4313 1703 4359 mortuos
1733 4300 1887 4364 liber,
1916 4297 2015 4352 nisi
2064 4297 2115 4350 in

539 4390 887 4474 similitudine
927 4407 1101 4463 carnis
1131 4400 1330 4475 peccati
1362 4398 1536 4467 (Rom.
1566 4408 1655 4446 vm
1681 4434 1695 4455 ,
1740 4392 1793 4459 5)
1828 4390 1963 4443 inter
1992 4403 2115 4456 pec-

539 4519 749 4565 eatores
778 4501 922 4557 solus
970 4498 1087 4551 sine
1138 4488 1389 4562 peccato?
1419 4484 1571 4539 Unde
1621 4482 1725 4535 illis
1765 4480 1852 4549 qui
1904 4493 1961 4532 se
1991 4477 2119 4532 insi-

539 4602 745 4681 pienter
772 4592 970 4647 liberos
999 4584 1270 4656 putabant,
1299 4577 1496 4641 Omnis,
1526 4575 1633 4639 ait,
1666 4572 1751 4643 qui
1796 4570 1917 4639 facit
1942 4584 2115 4671 pecca-

539 4662 738 4752 catum,
770 4698 938 4738 servus
989 4685 1059 4733 est
1099 4671 1307 4746 peccati.
1342 4668 1411 4723 Et
1458 4667 1578 4737 quia
1611 4681 1705 4735 per
1739 4678 1861 4719 eum
1892 4662 1980 4730 qui
2012 4674 2116 4714 non

538 4776 767 4835 habebat
807 4756 1112 4843 peccatum,
1140 4761 1417 4835 Oportebat
1457 4759 1669 4813 liberari
1690 4772 1719 4811 a
1748 4754 1980 4827 peccatis
2010 4770 2023 4805 :
2058 4752 2122 4806 Si

536 4845 641 4937 vos,
701 4867 899 4938 inquit,
929 4861 976 4923 Ρ
980 4861 1095 4915 ilius
1141 4854 1451 4921 liberaverit,
1487 4861 1603 4903 tunc
1648 4865 1759 4903 uere
1799 4847 1940 4901 liberi
1982 4845 2120 4899 eritis

540 4966 719 5041 (Jban.
750 4976 841 5015 vut
865 5000 879 5024 ,
909 4959 998 5021 δι,
1030 4952 1143 5022 56).
1169 4950 1263 5005 llic
1290 4962 1416 5016 ergo
1441 4944 1572 4997 inter
1602 4951 1825 4996 mortuos
1855 4938 1998 5041 liber,
2028 4938 2117 5007 qui

539 5032 590 5113 in
619 5062 881 5127 potestate
909 5046 1135 5101 habebat
1156 5053 1353 5112 ponere
1377 5038 1605 5105 animam
1634 5047 1781 5088 suam
1805 5073 1820 5097 ,
1849 5039 1905 5086 et
1928 5032 2117 5085 iterum

537 5122 748 5204 sumere
774 5158 925 5205 eam;
958 5157 987 5192 a
1018 5152 1122 5207 quo
1142 5150 1258 5189 eam
1287 5144 1445 5197 nemo
1467 5126 1701 5190 tollebat,
1732 5123 1824 5177 sed
1855 5138 1973 5176 eam
2006 5122 2118 5189 ipse

539 5243 814 5295 voluntate
866 5231 1094 5305 ponebat
1142 5226 1252 5297 (Id.
1297 5218 1646 5289 x,18)rqui
1690 5218 1848 5270 etiam
1901 5229 2117 5269 carnem

536 5349 685 5391 suam
719 5342 966 5401 tanquam
992 5324 1221 5382 solutum
1248 5318 1316 5371 ab
1362 5315 1439 5370 eis
1469 5312 1723 5381 templum
1750 5349 1765 5375 ,
1801 5306 2120 5363 resuscitare

539 5433 785 5499 poterat,
832 5434 952 5477 eum
999 5413 1209 5470 volebat
1236 5408 1348 5482 (Id.
1377 5405 1596 5476 n.19);
1637 5418 1794 5474 quem
1838 5414 2117 5499 passurum

536 5493 656 5575 cum
701 5526 887 5570 omnes
924 5506 1305 5569 deseruissent,
1346 5500 1492 5556 solus
1530 5514 1635 5553 non
1682 5494 1963 5559 remansit,
1996 5493 2119 5563 quia

539 5616 693 5669 Pater
718 5621 839 5661 eum
869 5615 971 5656 non
999 5598 1254 5663 deseruit,
1283 5596 1420 5650 sicut
1444 5593 1557 5662 ipse
1601 5598 1827 5645 testatur
1848 5585 1958 5660 (Id.
1987 5602 2079 5641 vut
2101 5624 2118 5650 ,

535 5705 630 5770 ea)
663 5720 675 5754 :
710 5699 774 5758 ab
807 5692 1037 5749 inimicis
1059 5701 1235 5744 tamen
1276 5702 1372 5756 pro
1400 5684 1593 5755 quibus
1635 5680 1807 5736 oravit
1832 5679 2121 5741 nescienti-

541 5798 637 5853 bus
664 5790 790 5863 quid
818 5785 1095 5850 faciebant,
1130 5790 1185 5837 et
1228 5779 1562 5847 dicentibus,
1599 5774 1738 5830 Alios
1776 5773 1939 5829 salvos
1969 5772 2118 5844 fecit,

1744 357 1803 410 S.
1835 345 2198 407 AUGUSTI!“
2237 345 2540 404 EPISCOPI

3632 351 3769 408 ιιιι

2192 485 2413 557 seipsum
2436 502 2535 540 non
2558 479 2737 555 potest.
2765 484 2827 541 Si
2854 485 2989 554 ﬁlius
3013 482 3107 538 Dei
3127 493 3199 538 est
3222 526 3237 551 ,
3261 481 3531 539 descendat
3551 501 3684 541 nunc
3712 489 3770 539 ds

2194 593 2371 641 cruce,
2427 587 2475 630 et
2518 576 2768 630 credimus
2815 576 2881 630 ei.
2926 575 3136 630 Salvam
3186 576 3339 646 faciat
3389 593 3532 645 eum,
3582 577 3627 630 si
3671 578 3773 628 uult

2195 684 2310 722 eum
2340 668 2359 739 (
2382 666 2569 722 Matth.
2593 684 2763 734 xxvu,
2794 668 3012 739 40-43);
3041 667 3210 723 factus
3251 677 3333 723 est
3353 710 3367 732 ,
3397 667 3449 723 id
3482 676 3566 723 est
3589 666 3771 724 existi-

2196 768 2371 813 matus
2414 767 2493 813 est
2522 800 2537 824 ,
2571 768 2807 827 tanquam
2853 760 3001 813 homo
3050 759 3158 813 sine
3196 758 3467 829 adjutorio.
3512 756 3774 829 Tanquam

2196 849 2441 904 vulnerati
2489 850 2791 905 dormientes
2826 850 2879 904 in
2923 851 3171 920 sepulcro.
3212 849 3316 905 Sed
3358 849 3533 916 addit,
3563 867 3775 921 quorum

2198 957 2299 995 non
2330 942 2599 996 meministi
2625 942 2791 995 adhuc
2814 957 2833 995 :
2854 941 2943 996 ubi
2989 950 3071 996 est
3098 940 3306 995 Domini
3345 938 3542 995 Christi
3566 955 3597 993 a
3620 950 3781 996 caete-

2199 1032 2273 1087 ris
2320 1033 2545 1087 mortuis
2589 1032 3055 1093 animadvertenda
3098 1031 3369 1087 discretio.
3411 1030 3542 1085 Nam
3582 1041 3637 1087 et
3664 1031 3778 1101 ipse

2200 1122 2510 1177 vulneratus
2531 1134 2645 1190 est,
2673 1133 2728 1180 et
2755 1132 2993 1178 mortuus
3022 1123 3226 1193 positus
3251 1126 3302 1177 in
3324 1123 3566 1193 sepulcro
3592 1122 3775 1195 (Ibid...

2202 1212 2290 1275 50,
2322 1211 2413 1283 60)
2444 1230 2458 1266 :
2491 1213 2584 1268 sed
2610 1214 2683 1267 illi
2723 1215 2810 1284 qui
2854 1213 3160 1269 nesciebant
3186 1213 3312 1284 quid
3348 1213 3639 1278 faciebant,
3662 1214 3783 1283 quis

2201 1312 2345 1359 esset
2393 1304 2575 1374 utique
2624 1306 2955 1370 nescientes,
2995 1304 3224 1360 similem
3267 1305 3412 1359 illum
3466 1314 3784 1375 putaverunt

2202 1393 2319 1447 aliis
2347 1394 2565 1449 vulnere
2593 1396 2784 1450 occisis
2809 1405 2861 1450 et
2880 1395 3267 1451 dormientibus
3297 1396 3349 1450 in
3370 1396 3636 1465 sepulcro,
3658 1412 3786 1466 quo-

2203 1499 2321 1537 rum
2349 1483 2490 1540 Deus
2517 1485 2691 1541 adhuc
2734 1501 2838 1541 non
2866 1487 3138 1551 meminit,
3166 1486 3218 1540 id
3248 1494 3327 1541 est
3347 1528 3364 1554 ,
3396 1502 3620 1557 quorum
3652 1502 3788 1541 non-

2205 1574 2331 1630 dum
2373 1584 2580 1645 tempus
2608 1577 2918 1647 rcsurgendi
2962 1576 3193 1632 advenit.
3222 1575 3347 1631 Ideo
3387 1592 3615 1647 namque
3643 1592 3786 1631 mor-

2208 1677 2324 1725 tuos
2349 1670 2626 1724 consuevit
2650 1668 2919 1739 Scriptura
2950 1670 3126 1725 dicere
3153 1669 3498 1735 dormientes,
3528 1669 3649 1739 quia
3676 1670 3793 1725 evi-

2204 1760 2483 1830 gilaturos,
2510 1760 2560 1814 id
2588 1770 2690 1828 est,
2715 1770 3112 1816 resurrecturus
3139 1761 3250 1815 vult
3291 1760 3531 1831 intelligi.
3570 1754 3682 1815 Sed
3701 1759 3793 1818 hic

2207 1854 2512 1909 vulneratus
2550 1860 2605 1907 et
2630 1851 2904 1909 dormiens
2936 1853 2987 1907 in
3017 1851 3295 1921 sepulcro,
3326 1850 3413 1906 die
3443 1852 3597 1906 tertio
3625 1851 3795 1921 evigi-

2208 1944 2333 1997 lavit
2359 1985 2374 2010 ,
2418 1953 2472 1999 et
2502 1943 2669 1999 factus
2719 1954 2803 2000 est
2844 1945 2980 2000 sicut
3022 1958 3205 2014 passer
3249 1943 3530 2013 singularis
3570 1944 3623 1998 in
3649 1953 3797 2001 tecto

2210 2035 2379 2105 (Psal.
2404 2050 2452 2090 CI
2473 2077 2487 2103 ,
2516 2036 2592 2105 8),
2624 2034 2675 2089 id
2702 2044 2803 2100 est,
2832 2035 2897 2089 ad
2928 2034 3199 2093 dexteram
3231 2034 3400 2093 Patris
3419 2034 3470 2088 in
3500 2035 3665 2100 coelo;
3691 2048 3798 2090 nec

2204 2129 2313 2199 jam
2342 2129 2587 2194 moritur,
2620 2137 2673 2182 et
2697 2142 2843 2182 mors
2866 2128 2915 2182 ei
2933 2127 3069 2181 ultra
3097 2142 3201 2181 non
3224 2126 3581 2181 dominabitur
3608 2125 3796 2196 (Rom.

2210 2235 2281 2286 vt,
2310 2218 2385 2291 9).
2417 2218 2570 2275 Unde
2599 2219 2755 2290 longe
2782 2220 2942 2274 distat
2968 2219 3035 2274 ab
3058 2220 3135 2273 eis
3177 2233 3402 2289 quorum
3429 2218 3493 2273 ad
3524 2219 3683 2273 talem
3708 2233 3801 2273 re-

2211 2312 2594 2367 surrectionem
2630 2311 2772 2367 Deus
2805 2326 2911 2366 non
2952 2310 3197 2384 meminit
3232 2311 3407 2365 adhuc
3438 2327 3453 2365 :
3484 2310 3625 2381 quod
3649 2310 3800 2366 enim

2212 2402 2517 2472 prazcedere
2564 2402 2843 2473 oportebat
2894 2404 2945 2457 in
2972 2401 3178 2473 capite,
3200 2402 3412 2471 corpori
3448 2409 3693 2457 servatur
3736 2401 3801 2457 in

2213 2492 2339 2549 fine.
2369 2492 2518 2549 Tunc
2542 2502 2719 2549 autem
2742 2493 2933 2549 dicitur
2964 2492 3103 2549 Deus
3128 2493 3460 2557 meminisse,
3493 2490 3706 2563 quando
3727 2492 3804 2548 fa-

2212 2583 2318 2650 cit;
2370 2593 2493 2640 tunc
2536 2584 2810 2652 oblivisci,
2836 2584 3050 2656 quando
3094 2599 3199 2639 non
3239 2583 3410 2639 facit:
3457 2598 3577 2638 nam
3621 2598 3805 2653 neque

2214 2676 2412 2734 oblivio
2439 2676 2580 2733 cadit
2610 2678 2661 2732 in
2692 2677 2857 2733 Deum
2878 2719 2893 2745 ,
2915 2678 3039 2748 quia
3067 2676 3211 2732 nullo
3232 2675 3391 2731 modo
3418 2685 3672 2741 mutatur;
3702 2690 3806 2731 ne-

2213 2782 2318 2839 que
2360 2767 2687 2833 recordatio,
2718 2767 2842 2837 quia
2886 2781 2992 2822 non
3034 2766 3383 2822 obliviscitur.
3444 2765 3636 2820 Factus
3679 2782 3803 2820 sum

2214 2875 2381 2931 ergo,
2424 2860 2493 2916 ab
2520 2861 2599 2915 eis
2637 2859 3003 2918 nescientibus
3049 2859 3176 2929 quid
3218 2858 3517 2924 faciebant,
3557 2867 3804 2926 tanquam

2217 2954 2366 3007 homo
2402 2954 2509 3007 sine
2544 2954 2835 3025 adjutorio;
2859 2967 2977 3006 cum
3003 2965 3180 3006 essem
3212 2952 3339 3003 inter
3375 2958 3599 3003 mortuos
3628 2948 3757 3003 liber
3785 2965 3804 3003 :

2217 3044 2388 3099 factus
2428 3060 2543 3099 sum
2571 3045 2640 3099 ab
2681 3044 2758 3099 eis
2787 3043 3143 3099 nescientibus
3170 3042 3309 3112 quod
3356 3041 3638 3105 faciebant,
3668 3040 3806 3095 velut

2216 3135 2462 3193 uulnerati
2491 3136 2793 3189 dormientes
2820 3135 2874 3188 in
2917 3134 3170 3201 sepulcro.
3219 3133 3284 3186 Et
3308 3133 3404 3201 ipsi
3444 3132 3643 3202 expulsi
3680 3141 3807 3186 sunt

2217 3227 2281 3280 de
2300 3242 2453 3279 manu
2474 3236 2562 3280 tua
2582 3244 2600 3280 :
2626 3226 2677 3281 id
2702 3235 2786 3280 est
2808 3266 2823 3291 ,
2853 3240 2973 3281 cum
3010 3224 3124 3280 hanc
3150 3224 3219 3279 ab
3240 3224 3319 3279 eis
3342 3223 3508 3278 factus
3527 3239 3666 3291 sum,
3699 3224 3806 3293 ipsi

2218 3317 2417 3388 expulsi
2460 3327 2575 3371 sunt
2605 3318 2667 3370 de
2706 3333 2858 3370 manu
2898 3328 3019 3379 tua;
3050 3316 3149 3385 ipsi
3179 3315 3441 3385 adjutorio
3480 3330 3667 3373 manus
3692 3325 3807 3372 tua:

2218 3410 2405 3478 privati
2435 3418 2589 3473 sunt,
2618 3410 2708 3479 qui
2753 3424 2838 3463 me
2873 3410 2989 3463 sine
3012 3409 3276 3479 adjutorio
3302 3423 3422 3463 esse
3456 3416 3805 3478 putaverunt.

2221 3499 2483 3555 Fuderunt
2507 3500 2666 3564 enim,
2700 3500 2833 3554 sicut
2858 3500 2987 3554 dicit
3013 3500 3067 3553 in
3093 3500 3199 3555 alio
3228 3500 3451 3569 psalmo,
3479 3510 3597 3553 ante
3616 3501 3807 3571 faciem

2219 3606 2382 3644 meam
2409 3591 2602 3659 foveam
2620 3631 2634 3655 ,
2661 3601 2706 3645 et
2733 3593 3012 3645 inciderunt
3041 3592 3093 3646 in
3117 3590 3401 3661 eam(Psal.
3434 3607 3551 3656 LVI,
3581 3592 3661 3660 7).
3693 3592 3809 3649 Μο-

2220 3685 2322 3739 lius
2352 3684 2491 3739 enim
2537 3684 2614 3739 sic
2660 3683 3058 3754 intelligendum
3105 3684 3389 3749 existimo,
3434 3698 3593 3754 quam
3640 3692 3698 3738 ut
3752 3684 3808 3742 id

2219 3777 2361 3847 quod
2390 3776 2586 3831 dictum
2617 3786 2730 3842 est,
2763 3776 2830 3829 Et
2854 3778 2955 3847 ipsi
2970 3777 3166 3847 expulsi
3192 3785 3309 3831 sunt
3334 3777 3395 3829 de
3416 3794 3569 3831 manu
3596 3786 3702 3841 tua,
3735 3779 3809 3835 ad

2222 3868 2340 3923 illos
2370 3867 2630 3922 referatur
2672 3867 2997 3923 dormientes
3032 3868 3084 3922 in
3118 3869 3389 3938 sepulcro,
3421 3884 3647 3939 quorum
3692 3884 3809 3925 non

2221 3960 2464 4015 meminit
2482 3959 2681 4015 adhuc:
2704 3975 2824 4014 cum
2845 3960 2951 4014 sint
2967 3960 3021 4014 in
3043 3960 3119 4014 eis
3137 3960 3287 4029 justi,
3308 3975 3531 4029 quorum
3556 3960 3677 4015 licet
3694 3975 3808 4016 non

2223 4054 2523 4109 meminerit
2555 4053 2727 4109 adhuc
2760 4062 2820 4108 ut
2859 4062 3164 4123 resurgant;
3202 4052 3269 4107 de
3296 4053 3377 4107 his
3407 4063 3582 4107 tamen
3604 4052 3810 4108 dictum

2221 4154 2321 4210 est,
2351 4145 2615 4199 Justorum
2650 4146 2832 4200 animm
2873 4146 2927 4199 in
2952 4161 3105 4198 manu
3135 4144 3230 4199 Dei
3268 4154 3384 4199 sunt
3413 4144 3565 4215 (Sap.
3590 4161 3646 4199 ιιι
3665 4186 3679 4208 ,
3710 4145 3772 4216 1)
3793 4186 3809 4211 ,

2224 4236 2325 4289 hoc
2349 4245 2470 4301 est,
2500 4235 2739 4290 habitant
2768 4236 2819 4289 in
2864 4235 3129 4306 adjutorio
3160 4236 3437 4302 Altissimi,
3465 4247 3519 4291 et
3542 4237 3596 4290 in
3626 4246 3813 4306 prote-

2222 4329 2396 4384 ctione
2443 4330 2535 4383 Dei
2563 4328 2683 4384 cmli
2714 4337 3112 4384 commorantur
3157 4328 3333 4398 (Psat.
3358 4344 3460 4391 xc,
3488 4328 3562 4399 1).
3594 4328 3700 4385 Sed
3727 4330 3811 4386 illi

2223 4420 2425 4489 expulsi
2447 4429 2570 4474 sunt
2589 4420 2656 4475 de
2682 4435 2839 4474 manu
2870 4420 2986 4487 Dei,
3017 4421 3104 4490 qui
3138 4420 3420 4474 Dominum
3447 4418 3716 4475 Christum
3741 4422 3815 4478 de

2226 4527 2383 4566 tnanu
2411 4512 2527 4581 ejus
2552 4512 2831 4581 expulsum
2858 4527 2977 4567 esse
2996 4511 3356 4578 crediderunt,
3382 4511 3503 4583 quia
3527 4527 3645 4567 eum
3668 4513 3816 4570 inter

2224 4603 2430 4673 iniquos
2457 4604 2763 4673 deputatum
2793 4604 3036 4660 occidere
3059 4613 3361 4674 potuerunt.

2294 4696 2347 4749 6.
2380 4693 2527 4766 [vers.
2557 4693 2636 4767 7.]
2665 4694 2949 4749 Posuerunt
2969 4712 3065 4761 me,
3094 4696 3296 4765 inquit,
3318 4695 3370 4749 in
3408 4694 3521 4748 lacu
3545 4694 3815 4765 inferiore;

2224 4788 2307 4839 vel
2330 4787 2520 4856 potius,
2554 4787 2733 4841 inlacu
2760 4788 2934 4856 inﬁmo
2957 4804 2976 4841 :
3005 4788 3081 4842 sic
3110 4788 3250 4843 enim
3280 4795 3363 4842 est
3410 4787 3464 4842 in
3503 4800 3677 4857 graeco
3703 4786 3813 4856 (α).

2224 4878 2358 4945 Quid
2389 4888 2469 4932 est
2492 4888 2669 4933 autem
2694 4879 2839 4934 lacus
2867 4880 3079 4934 infimus
3098 4921 3111 4941 ,
3135 4879 3235 4933 nisi
3266 4877 3676 4949 profundissima
3702 4878 3815 4930 mi-

2223 4969 2382 5035 seria,
2404 4984 2504 5039 qua
2534 4986 2637 5025 non
2661 4970 2732 5025 sit
2762 4967 3094 5040 profundior?
3119 4969 3269 5025 Unde
3286 4969 3410 5023 alibi
3428 4969 3641 5035 dicitur,
3667 4966 3817 5021 Edu-

2223 5065 2343 5119 aisti
2361 5080 2438 5117 me
2456 5066 2518 5117 de
2542 5065 2655 5118 lacu
2676 5065 2890 5118 miseria:
2918 5064 3087 5137 (Psal.
3114 5079 3278 5118 mm
3299 5103 3315 5129 ,
3344 5062 3421 5133 3).
3451 5059 3516 5114 In
3542 5060 3819 5115 tenebrosis

2225 5168 2270 5209 et
2297 5159 2347 5210 in
2370 5158 2544 5210 umbra
2565 5157 2737 5209 mortis
2760 5171 2778 5209 :
2805 5164 3094 5226 posuerunt
3131 5156 3312 5225 utique
3341 5153 3390 5207 id
3417 5150 3813 5219 existimantes,

2224 5248 2436 5318 quando
2460 5246 2586 5318 quid
2613 5247 2873 5303 faciebant
2898 5245 3228 5308 nesciebant,
3260 5254 3313 5299 et
3342 5243 3655 5313 ignorabant
3683 5257 3812 5296 eum

2225 5357 2383 5412 quem
2405 5356 2563 5397 nemo
2583 5341 2880 5412 principum
2917 5340 3073 5410 hujus
3100 5337 3278 5393 smculi
3306 5336 3551 5407 cognovit
3584 5334 3638 5405 (1
3685 5335 3811 5389 Cor.

2227 5448 2285 5499 ιι,
2312 5433 2388 5500 8).
2412 5430 2609 5487 Umbra
2625 5430 2767 5487 enim
2792 5431 2999 5497 mortis,
3024 5428 3203 5484 nescio
3229 5435 3401 5481 utrum
3444 5438 3589 5481 mors
3612 5438 3814 5492 corpo-

2228 5526 2302 5581 ris
2344 5524 2431 5579 hic
2475 5521 2816 5591 intelligenda
2854 5522 2924 5577 sit
2954 5536 3059 5576 :an
3091 5520 3177 5575 illa
3214 5519 3389 5589 potius
3431 5517 3499 5572 de
3540 5530 3641 5588 qua
3671 5514 3814 5569 scri-

2228 5622 2375 5689 ptum
2422 5620 2537 5679 est,
2568 5612 2671 5677 Qui
2694 5613 2931 5669 sedebant
2971 5611 3259 5671 intenebris
3287 5618 3333 5665 et
3374 5609 3551 5665 umbra
3593 5606 3811 5673 mortis,

2296 5798 2368 5861 (ιτ)
2394 5804 2539 5853 ωερε.
2568 5793 2788 5849 Ιιιιιόιαιύ.
