4084 6476
298 387 434 444 lll3

295 506 388 558 lu:
409 507 524 555 orta
551 507 625 552 est
663 495 735 550 eis
758 492 778 567 (
793 492 921 548 Isai.
954 507 1007 547 Ix
1027 532 1042 558 ,
1063 491 1122 562 2)
1147 507 1161 558 ;
1189 489 1312 561 quia
1337 485 1603 567 credendo
1631 486 1686 541 in
1706 485 1880 540 lucem

289 602 348 649 et
398 593 454 646 in
501 588 686 652 vitam,
717 565 784 641 ex
825 582 1060 640 tenebris
1093 592 1150 637 et
1187 588 1360 636 morte
1385 565 1673 648 impietatis
1702 573 1880 630 educti

292 691 440 738 sunt.
469 680 656 736 Talem
683 690 811 748 ergo
856 674 934 729 illi
959 672 1049 744 qui
1076 669 1384 728 nesciebant
1410 667 1535 739 quid
1578 663 1842 722 faciebant
1863 703 1880 730 ,

295 771 580 826 Dominum
612 771 963 837 putaverunt,
991 770 1046 818 et
1081 761 1220 816 inter
1245 759 1374 814 tales
1409 755 1694 814 nesciendo
1725 767 1884 826 posu-

292 870 476 925 erunt,
505 856 752 928 qualibus
778 870 846 910 ne
870 854 973 909 hoc
996 859 1177 908 essent
1203 850 1316 920 ipse
1339 847 1608 904 subvenit.

280 993 286 997 .
362 952 419 1003 7.
463 947 614 1021 [oers.
651 943 731 1017 8.]
761 942 828 999 In
855 959 934 998 me
970 941 1268 1010 conﬁrmata
1313 947 1388 994 est
1426 936 1709 1006 indignatio
1755 942 1885 998 tua;

293 1042 399 1103 vel,
451 1040 589 1095 sicut
631 1037 719 1091 alii
777 1034 989 1091 codices
1044 1031 1261 1097 habent,
1314 1030 1395 1084 ira
1444 1037 1568 1092 tua;
1617 1026 1702 1081 vel
1749 1026 1886 1080 sicut

293 1134 408 1197 alii,
445 1136 591 1203 furor
617 1139 751 1183 tuus.
791 1125 944 1196 Quod
969 1125 1110 1181 enim
1139 1137 1314 1195 graece
1353 1121 1580 1192 positum
1611 1128 1692 1174 est
1723 1126 1883 1187 θυμὸς,

294 1225 510 1281 diverse
572 1219 903 1292 interpretati
956 1227 1078 1272 sunt
1147 1215 1336 1271 nostri.
1398 1212 1531 1268 Nam
1588 1211 1676 1266 ubi
1726 1210 1885 1281 graeci

293 1318 512 1375 codices
565 1315 765 1370 habent
809 1318 958 1382 ὀργὴ,
1009 1309 1079 1364 ibi
1117 1309 1250 1364 iram
1297 1307 1458 1360 latine
1491 1304 1671 1358 dicere
1712 1301 1886 1356 nullus

291 1409 410 1464 fere
455 1405 716 1462 dubitavit
753 1385 1061 1471 interpres;
1115 1399 1204 1453 ubi
1247 1407 1422 1452 autem
1463 1400 1603 1464 θυμὸς
1656 1392 1887 1463 positum

295 1510 400 1565 est,
432 1499 673 1568 plerique
717 1511 822 1550 non
861 1497 1182 1563 putaverunt
1230 1488 1361 1542 iram
1403 1500 1523 1542 esse
1563 1482 1839 1539 dicendam
1867 1522 1884 1548 ,

295 1607 420 1648 cum
471 1588 652 1658 magni
682 1595 929 1640 auctores
971 1583 1147 1638 latinae
1195 1577 1512 1648 eloquentiae
1555 1575 1622 1630 de
1647 1573 1888 1644 philoso-

295 1682 528 1752 phorum
554 1691 848 1748 graccorum
883 1672 1031 1729 libris
1061 1671 1220 1727 etiam
1266 1668 1367 1723 hoc
1395 1667 1489 1722 ine
1517 1665 1733 1721 nomine
1761 1678 1885 1718 ver-

297 1773 461 1828 terint
490 1771 548 1825 in
583 1768 806 1824 latinum
836 1783 848 1820 :
874 1779 1045 1835 neque
1081 1762 1148 1816 de
1173 1761 1272 1814 hac
1301 1774 1359 1814 re
1399 1755 1596 1813 diutius
1614 1755 1891 1825 disputan-

295 1864 425 1919 dum
449 1872 555 1926 est;
583 1860 664 1916 cui
714 1859 891 1913 tamen
930 1857 974 1911 si
1000 1863 1056 1911 et
1086 1869 1183 1908 nos
1213 1851 1352 1907 aliud
1396 1865 1590 1905 nomen
1635 1847 1891 1903 adhibere

295 1957 596 2020 debemus,
629 1951 956 2008 tolerabilius
999 1947 1411 2018 indignationem
1457 1942 1682 1998 dixerim
1726 1954 1886 2010 quam

297 2050 561 2105 furorem.
593 2046 764 2101 Furor
791 2045 986 2115 quippe
1011 2084 1026 2107 ,
1057 2041 1194 2096 sicut
1230 2054 1289 2093 se
1315 2037 1536 2091 latinum
1587 2033 1748 2088 habet
1775 2031 1890 2087 elo-

296 2142 504 2211 quium,
531 2154 635 2194 non
675 2137 812 2192 solet
835 2149 954 2190 esse
981 2146 1252 2188 sanorum.
1289 2127 1423 2196 Quid
1443 2141 1571 2197 ergo
1595 2131 1697 2190 est,
1727 2122 1795 2176 In
1815 2138 1893 2176 me

297 2231 600 2299 conﬁrmata
621 2237 693 2282 est
712 2227 793 2280 ira
833 2233 958 2289 tua;
984 2223 1084 2278 nisi
1122 2217 1570 2292 quemadmodum
1619 2215 1698 2270 illi
1743 2221 1894 2284 puta-

297 2330 514 2388 verunt,
543 2321 632 2392 qui
653 2318 934 2374 Dominum
962 2315 1146 2388 gloria:
1174 2327 1281 2368 non
1310 2307 1697 2381 cognoverunt?
1727 2305 1881 2376 Apud

297 2430 393 2472 eos
426 2415 572 2471 enim
603 2413 684 2468 sic
704 2419 840 2477 erat,
869 2407 1010 2481 quod
1042 2408 1115 2462 ira
1138 2407 1232 2461 Dei
1268 2421 1374 2459 non
1397 2403 1568 2458 solum
1597 2400 1888 2464 commota,

297 2524 486 2564 verum
507 2509 668 2562 etiam
690 2505 998 2561 conﬁrmata
1026 2499 1182 2556 fuerit
1201 2512 1358 2568 super
1370 2511 1515 2562 eum,
1543 2507 1698 2564 quem
1717 2504 1886 2560 usque

297 2601 366 2656 ad
422 2608 648 2654 mortem
673 2639 689 2663 ,
717 2611 815 2652 nec
854 2593 1144 2666 quamlibet
1170 2599 1395 2646 mortem
1419 2629 1436 2654 ,
1467 2586 1561 2642 sed
1589 2597 1747 2655 quam
1777 2596 1890 2652 prae.

299 2693 513 2748 caeteris
531 2688 913 2747 exsecrabilius
934 2685 1230 2746 habebant,
1255 2681 1307 2736 id
1329 2687 1431 2746 est,
1463 2691 1630 2748 usque
1657 2674 1724 2730 ad
1751 2687 1894 2728 mor—

300 2795 408 2840 tem
430 2784 606 2840 crucis
631 2780 921 2853 perducere
962 2782 1268 2848 potuerunt.
1311 2771 1465 2828 Unde
1491 2769 1621 2826 dicit
1660 2769 1892 2838 Aposto-

301 2875 386 2928 lus
414 2893 427 2926 :
459 2872 692 2928 Christus
717 2887 808 2924 nos
849 2867 1060 2922 redemit
1111 2865 1174 2919 de
1209 2861 1477 2917 maledicto
1501 2858 1683 2930 chis,
1728 2861 1893 2927 factus

300 2981 394 3036 pro
449 2964 594 3018 nobis
619 2961 977 3020 maledictum;
998 2956 1242 3025 scriptum
1277 2962 1351 3007 est
1390 2952 1552 3014 enim,
1587 2947 1893 3002 Maledictus

300 3055 468 3109 omnis
488 3055 573 3123 qui
602 3051 782 3122 pendet
802 3051 854 3104 in
885 3049 1022 3119 ligno
1053 3045 1247 3118 (Galat.
1277 3059 1353 3108 Ill,
1384 3041 1496 3106 l5).
1528 3039 1595 3093 Et
1620 3037 1740 3092 ideo
1767 3049 1888 3090 cum

299 3147 418 3215 ejus
472 3141 832 3199 obedientiam
877 3153 1048 3208 usque
1093 3135 1160 3190 ad
1208 3143 1502 3190 extremam
1541 3127 1891 3183 humilitatem

303 3236 687 3295 commendare
715 3234 910 3297 vellet,
943 3227 1276 3290 Humiliavit,
1309 3223 1511 3294 inquit,
1533 3219 1890 3286 semetipsum,

301 3334 469 3402 factus
514 3327 746 3382 obediens
788 3338 943 3394 usque
972 3322 1040 3373 ad
1079 3326 1326 3371 mortem:
1352 3311 1491 3382 quod
1537 3324 1657 3364 cum
1706 3321 1892 3377 parum

300 3396 591 3484 videretur,
615 3415 828 3486 adjecit,
847 3422 1056 3467 mortem
1074 3419 1240 3462 autent
1257 3405 1418 3459 crucis
1437 3400 1695 3474 (Philipp.
1726 3413 1782 3460 ιι,
1811 3396 1890 3464 8).

301 3513 533 3582 Propter
584 3509 724 3573 hoc,
755 3513 1008 3577 quantum
1054 3500 1180 3556 mihi
1225 3497 1454 3558 videtur,
1499 3493 1659 3547 etiam
1696 3489 1749 3542 in
1792 3488 1893 3543 isto

302 3581 510 3674 psalmo
538 3602 658 3656 talis
688 3611 870 3655 versus
916 3595 1154 3666 sequitur
1190 3609 1203 3646 :
1235 3589 1302 3644 Et
1330 3601 1500 3643 omnes
1537 3581 1892 3651 suspensiones

303 3707 415 3750 tuas
432 3713 450 3761 ;
480 3695 601 3759 vel,
629 3694 764 3747 sicut
791 3689 1004 3760 quidam
1041 3691 1164 3740 sunt
1189 3678 1555 3750 interpretati,
1585 3690 1755 3730 omnes
1782 3674 1890 3743 ﬂu-

303 3797 414 3840 etus
433 3795 584 3847 tuos;
613 3793 720 3848 aut,
743 3781 880 3835 sicut
904 3779 1013 3844 alii,
1045 3790 1215 3831 omnes
1240 3771 1480 3826 elationes
1499 3777 1609 3821 tuas
1634 3781 1787 3836 super
1815 3779 1895 3818 me

303 3877 568 3931 induxisti.
607 3875 870 3944 Scriptum
902 3879 984 3924 est
1011 3877 1064 3924 et
1089 3868 1143 3922 in
1169 3865 1275 3920 alio
1301 3862 1526 3934 psalmo,
1559 3857 1747 3914 Omnes
1775 3871 1890 3911 sus-

305 3970 568 4039 pensiones
617 3975 752 4031 tute,
801 3972 847 4019 et
892 3965 1074 4032 ﬂuctus
1111 3959 1183 4013 tui
1218 3973 1369 4026 super
1413 3971 1494 4008 me
1533 3951 1747 4023 ingressi
1779 3958 1894 4004 sunt

305 4059 478 4131 (Psat.
513 4074 603 4113 xu
624 4097 640 4124 ,
670 4056 764 4128 8):
798 4055 878 4110 vel
906 4095 920 4118 ,
957 4056 1094 4108 sicut
1122 4049 1341 4121 quidam
1388 4045 1580 4101 melius
1611 4042 1894 4098 transtule-

304 4159 450 4217 runt,
477 4165 631 4221 super
659 4165 736 4201 me
764 4145 1065 4200 transierunt
1079 4157 1098 4207 ,'
1125 4147 1310 4204 διῆλθον
1329 4137 1472 4193 enim
1493 4145 1575 4191 est
1600 4135 1651 4188 in
1677 4147 1853 4205 gra-co
1871 4173 1887 4198 ,

306 4257 412 4297 non
441 4248 672 4303 stantem.
699 4237 800 4295 Ubi
832 4251 959 4307 ergo
989 4243 1270 4302 utrumque
1306 4227 1536 4299 positum
1565 4233 1666 4290 est,
1699 4232 1755 4279 et
1776 4239 1892 4278 sus-

306 4333 568 4402 pensiones
590 4339 646 4386 et
669 4331 882 4400 ﬂuetus,
913 4341 1017 4382 non
1048 4323 1118 4378 ibi
1150 4326 1432 4392 potuerunt
1462 4316 1584 4387 poni
1628 4329 1724 4384 pro
1769 4327 1891 4369 sus-

308 4423 657 4494 pensionibus
696 4420 906 4474 ﬂuctus.
965 4417 1095 4483 Quae
1147 4413 1254 4468 duo
1306 4411 1385 4464 sic
1432 4405 1806 4478 exposuimus,
1836 4410 1894 4458 ut

305 4515 686 4585 suspensiones
713 4513 1008 4567 diceremus
1047 4501 1490 4560 cemminationes
1510 4539 1524 4563 ,
1552 4497 1746 4552 [luctus
1789 4510 1890 4549 au-

307 4615 414 4661 tem
453 4607 563 4675 jam
605 4606 746 4673 ipsas
793 4601 1067 4671 passiones
1106 4597 1186 4665 (a)
1215 4612 1229 4648 :
1260 4608 1379 4663 quae
1419 4599 1643 4658 utraque
1677 4586 1895 4641 veniunt

305 4700 372 4754 de
389 4698 591 4768 judicio
628 4696 739 4750 Dei.
768 4692 873 4749 Sed
899 4683 1007 4745 illic
1050 4688 1250 4742 dictum
1276 4692 1358 4740 est
1378 4725 1393 4750 ,
1427 4681 1612 4736 Omnes
1632 4695 1786 4750 super
1813 4694 1893 4733 me

305 4794 645 4851 transierunt;
670 4790 755 4843 hic
781 4800 942 4852 vero,
975 4784 1160 4838 Omnes
1208 4794 1359 4849 super
1379 4791 1458 4830 nte
1482 4771 1750 4828 induxisti.
1779 4770 1894 4825 Illic

303 4899 434 4954 ergo
483 4883 585 4937 etsi
636 4877 877 4950 quaedam
922 4872 1272 4933 acciderunt;
1309 4866 1487 4923 omnia
1532 4874 1706 4918 tamen
1754 4861 1892 4915 mala

295 4991 422 5046 .qnze
449 4974 558 5028 illis
585 4971 760 5026 verbis
787 4966 1007 5036 intelligi
1037 4963 1206 5020 voluit
1229 5002 1245 5027 ,
1276 4975 1427 5030 super
1447 4973 1528 5012 me
1555 4955 1888 5018 transierunt,

302 5045 438 5122 dixit
466 5082 482 5120 :
516 5063 602 5118 hic
631 5076 760 5116 vero
779 5100 793 5124 ,
823 5073 975 5130 super
1001 5071 1080 5110 me
1102 5051 1371 5108 induxisti.
1397 5049 1697 5103 Transeunt
1725 5045 1889 5111 enim,

303 5157 418 5211 sive
444 5171 564 5225 quae
591 5168 696 5207 non
724 5151 1018 5220 attingunt,
1046 5147 1183 5201 sicut
1202 5139 1610 5211 suspensiones;
1637 5136 1749 5192 sive
1773 5151 1890 5205 quae

302 5250 601 5318 attingunt,
632 5245 770 5299 sicut
810 5243 1017 5296 ﬂuctus.
1058 5238 1191 5293 Cum
1233 5243 1407 5289 autem
1429 5273 1443 5296 ,
1470 5230 1654 5285 Omnes
1675 5244 1891 5298 suspen-

301 5345 490 5406 siones,
514 5355 621 5395 non
651 5339 746 5402 ait,
768 5349 931 5405 super
953 5348 1038 5387 me
1060 5329 1406 5392 transierunt,
1427 5323 1522 5380 sed
1539 5338 1690 5392 super
1709 5337 1788 5374 me
1813 5320 1892 5373 in-

303 5434 496 5489 dusiin
519 5449 534 5498 ;
563 5431 737 5486 omnia
761 5441 881 5497 qua:
910 5420 1285 5493 impendebant
1310 5415 1557 5472 evenisse
1582 5409 1840 5481 significat
1868 5427 1880 5462 :

303 5522 687 5596 impendebant
709 5529 908 5582 autem,
937 5512 1190 5586 quamdiu
1215 5511 1268 5565 in
1289 5506 1566 5580 prophetia
1593 5504 1764 5557 futura
1791 5500 1889 5553 im-

303 5619 599 5681 minebant,
632 5614 809 5670 omnia
827 5625 945 5682 quae
960 5609 1028 5664 de
1051 5607 1190 5662 illius
1206 5603 1452 5675 passione
1472 5597 1724 5662 pnedicta
1741 5602 1884 5650 sunt.

377 5715 431 5772 8.
483 5710 635 5784 [νει-ε.
663 5709 719 5772 9,
753 5703 864 5778 10.]
893 5703 1089 5774 Longe,
1113 5698 1303 5771 inquit,
1335 5693 1496 5768 fecisti
1521 5699 1663 5746 notos
1700 5702 1834 5743 meos
1860 5701 1893 5740 α

364 5825 440 5889 (ιι)
465 5831 630 5886 Supra,
654 5821 744 5872 col.
775 5817 876 5881 474,
903 5833 950 5866 ιι.
977 5816 1044 5865 l5.

1322 370 1716 432 ENARRATIO
1753 369 1819 426 IN
1856 366 2182 426 PSALMUM
2219 369 2525 427 LXXXVII.

3402 373 3562 430 ,ιιιι

1987 498 2086 538 me.
2110 481 2169 536 Si
2185 497 2279 538 eos
2296 498 2432 554 quos
2450 491 2672 540 noverat
2691 481 3052 554 acceperimus
3071 481 3274 538 dictum
3285 496 3404 540 esse
3419 494 3567 540 notos

1988 591 2144 640 meos,
2163 590 2352 631 omnes
2374 582 2533 631 erunt
2561 593 2576 630 :
2605 590 2728 630 nam
2751 589 2911 645 quem
2940 573 3030 630 ille
3049 587 3156 629 non
3183 573 3428 629 noverat?
3451 573 3561 631 Sed

1989 681 2084 722 eos
2108 665 2407 732 dicitnotos,
2429 667 2621 736 quibus
2636 675 2690 722 et
2708 667 2822 736 ipse
2841 674 2998 721 notus
3017 673 3153 733 erat,
3172 674 3427 736 quantum
3443 679 3566 722 eum

1979 750 2119 814 tunc
2129 771 2288 814 nosse
2305 767 2605 826 potuerunt;
2627 767 2772 814 certe
2792 758 2874 813 vel
2894 756 3152 813 hactenus
3166 755 3308 827 quod
3329 755 3572 812 sciebant

1987 864 2109 905 enm
2134 851 2492 912 innocentem,
2509 848 2714 902 etiamsi
2735 847 3006 903 hominem
3040 845 3406 902 tantummodo
3423 887 3438 912 ,
3462 860 3568 900 non

1988 950 2044 998 et
2068 942 2234 998 Deum
2266 941 2542 1012 putabant.
2571 941 2822 1008 Quamvis
2847 951 2902 998 et
2939 940 3110 996 bonos
3132 953 3267 1010 quos
3293 938 3566 1008 probaret,

1990 1046 2134 1090 notos
2153 1035 2330 1090 dicere
2368 1034 2624 1104 potuerit;
2663 1034 2798 1088 sicut
2829 1035 2997 1090 malos
3040 1047 3173 1104 quos
3217 1030 3564 1102 improbaret,

1990 1127 2232 1197 ignotos,
2281 1127 2470 1196 quibus
2511 1125 2562 1180 in
2591 1125 2694 1182 ﬁne
2736 1124 2972 1179 dicturus
3009 1133 3124 1187 εει,
3160 1121 3282 1178 Non
3325 1121 3442 1177 novi
3483 1135 3571 1175 ros

1995 1216 2206 1289 (Matth.
2234 1233 2325 1282 vn,
2358 1213 2470 1288 23).
2511 1215 2662 1282 Quod
2706 1228 2833 1269 vero
2878 1212 3132 1283 adjungit,
3162 1211 3454 1267 Posuerunt
3495 1226 3576 1264 me

1993 1308 2412 1362 abominationem
2451 1307 2546 1361 sibi
2587 1321 2607 1359 :
2647 1313 2870 1375 possunt
2902 1311 2957 1358 et
2998 1304 3072 1358 illi
3107 1303 3319 1373 quidem
3356 1299 3577 1371 intelligi

1993 1414 2127 1470 quos
2150 1409 2302 1455 notos
2322 1412 2448 1454 suos
2475 1397 2642 1464 dixit,
2665 1397 2786 1467 quia
2826 1404 2880 1451 et
2906 1395 3002 1464 ipsi
3026 1409 3192 1464 genus
3221 1393 3360 1449 illius
3388 1393 3576 1449 mortis

1994 1490 2313 1556 horrebant;
2345 1490 2437 1545 sed
2471 1489 2662 1544 melius
2706 1487 3018 1557 intelligitur
3060 1484 3126 1540 de
3155 1483 3238 1538 his
3284 1483 3350 1538 de
3386 1482 3578 1552 quibus

1995 1583 2107 1640 suis
2157 1580 2590 1652 persecutoribus
2649 1579 2894 1648 superius
2947 1575 3278 1646 loquebatur.
3337 1571 3581 1626 Traditus

1993 1692 2128 1740 sum,
2153 1673 2340 1742 inquit,
2369 1681 2413 1726 et
2444 1688 2546 1725 non
2575 1668 2880 1740 egredirbar.
2906 1666 3099 1724 Utrum
3128 1664 3249 1734 quia
3279 1662 3407 1717 foris
3427 1671 3580 1718 erant

1996 1765 2242 1836 discipuli
2263 1763 2399 1833 ejus,
2428 1760 2639 1831 quando
2668 1760 2782 1830 ipse
2811 1759 2952 1813 intus
2981 1753 3359 1827 judicabatur?
3386 1769 3452 1808 an
3480 1767 3578 1824 po-

1997 1856 2121 1920 tius,
2148 1871 2248 1908 non
2277 1851 2586 1924 egrediebar,
2614 1850 2772 1904 altius
2799 1848 2998 1903 dictum
3023 1845 3278 1900 debemus
3296 1899 3299 1902 ,
3316 1842 3578 1914 πείρετε,

1997 1945 2049 2000 id
2080 1953 2182 2009 est,
2207 1944 2258 1998 in
2289 1940 2630 1997 interioribus
2655 1939 2788 1994 meis
2816 1937 3065 2003 latebam,
3098 1951 3203 1989 non
3231 1932 3578 1990 ostendebant

1997 2037 2117 2106 quis
2145 2049 2342 2101 essem,
2394 2049 2498 2087 non
2545 2031 2883 2102 prepalabar,
2910 2042 3015 2083 non
3065 2024 3478 2082 manifestabar?
3521 2033 3577 2082 et

1997 2127 2118 2181 ideo
2169 2125 2449 2194 sequitur:
2483 2123 2631 2177 Oculi
2680 2122 2776 2175 mei
2818 2119 3062 2188 inﬁrmati
3104 2127 3225 2172 sunt
3271 2119 3334 2171 ab
3381 2116 3573 2186 inopia.

1996 2220 2127 2276 Nam
2155 2232 2291 2288 quos
2319 2217 2432 2286 ejus
2456 2216 2641 2270 oculos
2669 2212 2986 2269 intellecturi
3015 2211 3237 2266 sumus?
3266 2209 3322 2266 Si
3351 2208 3580 2266 exterio-

1998 2311 2167 2366 resin
2205 2323 2367 2364 carne
2410 2308 2601 2382 inqua
2647 2303 2941 2374 patiebatur
2985 2302 3218 2373 positos,
3262 2314 3369 2355 non
3403 2312 3498 2354 eos
3527 2297 3580 2355 in

1997 2405 2114 2476 ejus
2153 2403 2401 2474 passione
2439 2401 2659 2471 legimus
2688 2398 2982 2453 inﬁrmatos
3023 2393 3090 2448 ab
3123 2391 3298 2462 inOpia
3323 2431 3338 2456 ,
3367 2390 3420 2445 id
3463 2396 3580 2456 est,

1999 2504 2250 2564 tanquam
2291 2491 2466 2558 fame,
2496 2498 2554 2544 ut
2594 2487 2824 2554 assolet,
2870 2482 3138 2555 languisse
3170 2499 3184 2536 :
3215 2488 3334 2551 post
3374 2493 3581 2534 cmnam

1997 2586 2196 2658 quippe
2215 2599 2365 2638 suam
2396 2580 2639 2644 traditus,
2669 2587 2724 2632 et
2741 2577 2930 2632 eodem
2972 2574 3060 2630 die
3091 2571 3374 2629 cruciﬁxus
3397 2577 3497 2626 est.
3523 2569 3581 2626 Si

1997 2678 2280 2734 interiores
2301 2717 2316 2741 ,
2348 2671 2616 2744 quomodo
2642 2667 2894 2724 inﬁrmati
2920 2674 3042 2722 sunt
3065 2664 3133 2719 ab
3153 2663 3352 2736 inopia,
3378 2676 3499 2717 cum
3528 2663 3583 2716 in

1997 2771 2076 2826 eis
2114 2776 2259 2824 esset
2297 2767 2385 2821 lux
2417 2761 2769 2819 indeliciens?
2808 2757 2916 2814 Sed
2960 2756 3210 2812 nimirum
3242 2753 3425 2809 oculos
3458 2765 3584 2808 suos

1996 2861 2127 2916 dixit
2155 2856 2396 2914 membra
2424 2869 2544 2926 quae
2571 2854 2625 2907 in
2649 2864 2747 2908 suo
2776 2863 3002 2920 corpore
3028 2847 3114 2903 cui
3133 2854 3292 2916 caput
3327 2852 3408 2900 est
3446 2844 3581 2914 ipse,

1995 2955 2224 3010 clariora
2249 2958 2303 3008 et
2329 2947 2677 3005 eminentiora
2711 2953 2766 3000 et
2792 2941 3054 3014 praecipua
3078 2938 3348 3008 diligebat.
3379 2937 3452 2992 De
3479 2949 3582 3007 quo

1996 3058 2220 3112 corpore
2250 3039 2536 3110 Apostolus
2558 3038 2808 3106 loquens,
2845 3040 2899 3088 et
2927 3031 2993 3086 de
3037 3038 3221 3085 nostro
3261 3041 3486 3099 corpore
3512 3027 3584 3081 εἰς

1996 3134 2346 3192 militudinem
2377 3129 2636 3184 adhibens
2661 3169 2674 3191 ,
2706 3126 2820 3182 ait:
2851 3143 2870 3176 ι
2907 3123 2963 3179 Si
3008 3130 3175 3177 totum
3218 3135 3412 3191 corpus
3454 3133 3583 3175 ocu-

1996 3230 2099 3296 lus,
2125 3227 2212 3282 ubi
2238 3221 2492 3281 auditus?
2530 3222 2576 3276 si
2619 3226 2785 3274 totum
2814 3215 3022 3270 auditus
3042 3255 3058 3280 ,
3086 3213 3175 3268 ubi
3216 3208 3508 3266 odoratus?
3536 3209 3581 3264 si

1996 3319 2219 3375 fuissent
2258 3305 2436 3372 omnia
2475 3325 2637 3366 unum
2685 3306 3016 3370 membrum,
3047 3303 3133 3358 ubi
3177 3300 3408 3369 corpus?
3433 3299 3582 3354 Nunc

1997 3419 2176 3466 autem
2206 3405 2369 3460 multa
2401 3401 2639 3457 membra
2659 3439 2675 3466 ,
2699 3411 2858 3452 unum
2893 3401 3074 3449 autem
3111 3406 3323 3461 corpus.
3351 3389 3465 3446 Non
3492 3404 3582 3460 po-

1997 3508 2101 3556 test
2128 3499 2306 3554 dicere
2325 3494 2512 3550 oculus
2543 3488 2807 3554 manibus,
2831 3486 2976 3556 Opus
2996 3483 3146 3540 vobis
3167 3497 3272 3537 non
3294 3482 3484 3538 habeo.
3513 3480 3582 3536 Et

1995 3593 2040 3648 si
2081 3589 2275 3646 dixerit
2294 3599 2512 3648 manus,
2538 3581 2672 3650 Quia
2705 3593 2812 3634 non
2852 3591 2968 3631 sum
2995 3574 3198 3638 oculus,
3228 3587 3334 3627 non
3373 3586 3490 3626 sum
3516 3570 3582 3624 de

1995 3699 2255 3756 corpore;
2286 3696 2410 3736 num
2436 3678 2556 3734 ideo
2582 3690 2688 3730 non
2713 3671 2885 3728 estde
2908 3668 3170 3738 corpore?
3201 3686 3220 3720 ι
3243 3665 3376 3736 Quid
3404 3673 3580 3722 autem

1997 3777 2082 3833 his
2105 3775 2282 3831 Verbis
2311 3771 2476 3826 vellet
2503 3765 2746 3836 intelligi,
2769 3761 3066 3821 evidentius
3086 3758 3348 3828 expressit
3375 3756 3580 3822 dicens,

2004 3868 2105 3923 Vos
2124 3875 2294 3921 autem
2317 3863 2434 3918 estis
2461 3874 2645 3929 corpus
2693 3853 2878 3910 Christi
2915 3862 2963 3906 et
2993 3849 3214 3904 membra
3255 3847 3298 3918 (l
3323 3847 3441 3901 Cor.
3476 3863 3580 3912 xu,
3661 3843 3672 3852 ’

1999 3959 2206 4028 12-27).
2237 3957 2567 4024 Quapropter
2607 3956 2662 4005 et
2702 3947 2777 4001 illi
2817 3943 2986 4008 oculi,
3017 3941 3069 3995 id
3108 3949 3191 3994 est
3229 3939 3397 3994 sancti
3432 3937 3581 4008 Apo-

1996 4056 2140 4122 stoli,
2165 4051 2356 4123 quibus
2409 4061 2516 4102 non
2562 4041 2887 4098 revelaverat
2937 4049 3062 4089 caro
3113 4042 3168 4091 et
3217 4031 3454 4100 sanguis,
3486 4029 3581 4084 sed

1971 4115 2154 4202 ‘Pate'r
2179 4115 2292 4213 ejus
2312 4140 2400 4210 qui
2449 4138 2500 4191 in
2531 4133 2681 4190 caelis
2706 4137 2808 4194 est,
2840 4137 2898 4182 ut
2938 4127 3128 4186 Petrus
3164 4121 3394 4185 diceret,
3425 4119 3505 4174 Tu
3532 4135 3583 4174 es

1997 4237 2227 4294 Christus
2268 4227 2556 4287 FiliusDei
2578 4225 2674 4280 viui
2703 4221 2920 4292 (Matth.
2948 4233 3060 4284 xvr,
3092 4215 3182 4283 16,
3209 4215 3320 4286 l7),
3341 4213 3583 4269 videntes

1997 4345 2119 4386 eum
2148 4325 2302 4389 tradi,
2325 4337 2388 4379 ac
2415 4327 2554 4375 tanta
2579 4313 2783 4387 perpeti
2809 4311 2982 4375 mala;
3024 4306 3272 4379 quoniam
3314 4320 3418 4360 non
3461 4317 3582 4357 eum

1998 4421 2252 4478 videbant
2277 4414 2487 4488 qualem
2516 4407 2792 4472 volebant,
2819 4402 2941 4473 quia
2978 4415 3084 4454 non
3113 4395 3504 4468 egrediebatur,
3532 4393 3584 4448 id

1997 4523 2108 4578 est,
2149 4525 2254 4565 non
2300 4487 2740 4562 manifestabatur
2780 4497 2834 4551 in
2862 4493 3056 4548 virtute
3093 4498 3147 4545 et
3194 4487 3426 4559 potentia
3466 4499 3583 4552 sua,

1998 4605 2092 4661 εει]
2119 4605 2172 4659 in
2200 4600 2312 4658 suis
2337 4595 2678 4654 interioribus
2705 4587 2943 4644 occultus
2963 4585 3004 4651 ¹,
3033 4581 3210 4637 omnia
3235 4577 3385 4649 quasi
3428 4590 3586 4647 supe-

1998 4710 2144 4756 ratus
2173 4706 2332 4767 atque
2361 4693 2627 4760 impotens
2651 4680 2971 4756 perferebat,
2999 4674 3242 4746 inﬁrmati
3267 4680 3385 4728 sunt
3421 4669 3482 4725 ab
3517 4669 3590 4723 in.

1998 4793 2136 4862 apio,
2165 4788 2310 4843 velut
2327 4784 2598 4840 subtracto
2617 4777 2714 4833 sibi
2736 4774 2855 4830 cibo
2879 4785 2996 4835 suo,
3023 4767 3224 4824 lumine
3252 4778 3371 4820 suo.

2070 4851 2132 4937 9.7
2167 4880 2234 4934 Et
2260 4875 2496 4938 clamavi,
2529 4868 2720 4942 inquit,
2745 4867 2814 4919 ad
2839 4873 2920 4929 te,
2947 4860 3184 4914 Domine.
3228 4855 3339 4911 Hoc
3373 4851 3584 4942 quidem

1997 4983 2050 5030 et
2072 4970 2405 5043 apertissime
2446 4939 2738 5029 fecit,vcum
2765 4953 3022 5024 penderet
3047 4950 3098 5004 in
3125 4948 3286 5018 ligno.
3309 4943 3413 5000 Sed
3443 4939 3586 5012 quod

1998 5036 2261 5138 sequitur,
2291 5059 2418 5114 Tota
2457 5055 2538 5109 die
2571 5049 2791 5122 expendi
2816 5049 2836 5079 ²
2863 5059 3044 5100 manus
3075 5055 3213 5095 nicas
3244 5036 3313 5090 ad
3336 5044 3410 5100 te,
3449 5047 3579 5102 quo-

1997 5122 2424 5224 modo'oporleat
2445 5143 2644 5214 accipi,
2672 5139 2864 5197 merito
2884 5134 3156 5207 qumritur.
3189 5129 3243 5184 Si
3271 5126 3414 5183 enim
3444 5122 3495 5178 in
3518 5139 3585 5178 eo

1967 5247 1970 5252 ’
1998 5248 2140 5322 quod
2167 5214 2259 5310 ait,
2289 5237 2532 5311 Expandi
2579 5249 2760 5289 manus
2801 5244 2958 5292 meas,
2989 5223 3164 5281 crucis
3189 5216 3478 5290 patibulum
3506 5214 3584 5269 in-

2001 5307 2395 5398 tellexerimust
2423 5324 2692 5402 quomodo
2709 5315 3035 5378 intellecturi
3058 5326 3261 5377 sumus,
3297 5307 3422 5394 Tota
3461 5307 3584 5360 die?

2440 5387 2532 5476 die
2581 5413 2833 5487 pependit
2871 5409 2924 5464 in
2947 5407 3115 5500 ligno,
3136 5415 3271 5500 cum
3306 5387 3360 5454 et
3385 5413 3488 5452 nox
3518 5395 3584 5450 ad

2000 5487 2171 5579 totum
2192 5520 2331 5575 diem
2357 5508 2656 5585 pertineat?
2683 5504 2741 5561 Si
2764 5511 2940 5556 autem
2971 5496 3071 5549 hoc
3103 5491 3220 5547 loco
3241 5489 3380 5544 diem
3424 5487 3588 5541 voluit

1999 5576 2242 5685 intelligi,
2289 5576 2380 5679 qui
2430 5609 2628 5675 praeter
2681 5601 2890 5650 noctem
2938 5587 3055 5642 dies
3102 5579 3357 5654 appellari
3411 5576 3581 5645 solet;

2064 5729 2080 5759 ι
2115 5725 2188 5775 sic
2210 5717 2443 5770 meliores
2463 5720 2570 5762 διες-
2596 5705 2708 5756 Edd-
2727 5695 3260 5775 νεῖονοςουέίίδξμ,μι,
3361 5740 3373 5751 -

2065 5790 2088 5822 ³
2115 5760 2478 5846 Fiéiiifdé'nssj
2487 5760 2580 5824 hoc
2603 5779 2655 5821 ει
2678 5760 2896 5832 proximo
2917 5760 3042 5824 loco,
3063 5760 3280 5811 emeruit.
