4048 6478
589 350 720 406 H15

549 471 736 528 etiam
773 469 896 526 talis
917 467 1022 527 diei
1037 511 1052 537 ,
1079 469 1292 541 quando
1309 467 1593 528 cruciﬁxus
1615 479 1698 529 est
1715 512 1732 541 ,
1755 472 1865 544 iam
1890 469 2014 543 pars
2042 468 2152 538 pri-

575 577 662 617 ma
689 570 746 617 et
765 576 869 616 non
896 577 1059 633 parva
1087 564 1393 619 transierat.
1423 563 1480 619 Si
1506 571 1681 620 autem
1711 565 1851 621 diem
1879 581 1979 637 pro
2015 575 2151 622 tem-

573 661 704 723 pore
723 654 960 722 positum
981 655 1204 710 velimus
1225 658 1468 728 accipere
1497 656 1748 730 (maxime
1773 661 1893 730 quia
1920 659 2024 715 hoc
2048 674 2150 737 no-

573 760 696 800 men
747 762 942 818 genere
965 748 1213 803 feminino
1239 751 1445 818 posuit,
1471 751 1613 821 quod
1645 752 1696 806 in
1739 751 1903 806 latino
1939 752 2149 821 eloquio

572 837 787 892 nonnisi
818 845 1026 908 tempus
1055 838 1352 908 signiﬁcare
1380 841 1514 895 solet
1545 858 1559 898 :
1597 843 1841 912 quamvis
1876 843 1929 897 in
1973 857 2148 912 graeco

569 940 676 982 non
707 929 779 982 ita
803 929 904 993 sit;
933 943 1145 998 semper
1166 931 1359 1000 quippe
1390 931 1444 985 in
1466 946 1527 986 ea
1552 932 1726 1001 lingua
1747 932 1861 988 dies
1894 932 2147 988 feminino

570 1035 768 1090 genere
791 1019 1004 1083 dicitur,
1028 1030 1082 1076 et
1103 1020 1222 1076 ideo
1248 1031 1458 1078 nostros
1497 1023 1574 1078 sic
1601 1025 1943 1093 interpretari
1975 1025 2142 1094 puto),

567 1110 764 1164 arctius
816 1111 1039 1180 qumstio
1090 1112 1441 1181 colligabitur.
1487 1113 1764 1181 Quomodo
1821 1116 1961 1169 enim
2035 1124 2146 1170 toto

566 1207 834 1269 tempore,
864 1201 906 1255 si
929 1216 1027 1256 nec
1052 1202 1238 1258 saltem
1273 1219 1378 1258 uno
1409 1213 1519 1259 toto
1556 1205 1640 1260 die
1683 1221 1871 1260 manus
1905 1209 2145 1265 extendit

564 1291 619 1346 in
639 1293 835 1347 cruce?
864 1293 1030 1350 Porro
1054 1295 1097 1348 si
1123 1304 1290 1350 totum
1331 1311 1427 1366 pro
1456 1307 1604 1366 parte
1637 1299 1998 1368 accipiendum
2025 1317 2144 1357 esse

562 1384 800 1440 dicamus
819 1426 833 1451 ,
865 1387 983 1457 quia
1006 1389 1108 1442 isto
1145 1403 1339 1458 genere
1369 1389 1647 1446 locutionis
1675 1392 1751 1445 uti
1777 1394 1932 1446 etiam
1961 1404 2138 1448 sancta

563 1470 836 1546 Scriptura
877 1482 1185 1546 consuevit;
1225 1497 1329 1536 non
1367 1483 1495 1537 mihi
1539 1486 1769 1538 occurrit
1798 1486 2136 1555 exemplum,

561 1575 731 1623 totum
770 1586 866 1640 pro
910 1582 1058 1641 parte
1099 1573 1256 1627 etiam
1303 1583 1426 1629 tunc
1474 1590 1629 1644 posse
1671 1577 1875 1647 accipi,
1927 1581 2139 1647 quando

559 1662 733 1731 ipsum
757 1663 972 1717 verbum
1000 1664 1210 1720 additur
1238 1673 1291 1720 et
1314 1667 1506 1721 dicitur
1529 1676 1718 1723 totum.
1750 1670 1880 1724 Nam
1905 1681 1960 1726 et
1994 1673 2044 1726 in
2072 1688 2138 1728 eo

559 1751 698 1820 quod
741 1753 872 1807 dixit
917 1753 1172 1810 Dominus
1208 1756 1259 1810 in
1291 1757 1610 1827 Evangelia,
1650 1759 1741 1813 Sic
1765 1762 1857 1814 erit
1897 1771 1942 1816 ct
1971 1761 2138 1819 Filius

559 1845 777 1900 hominis
810 1847 862 1900 in
901 1849 1051 1902 corde
1081 1857 1224 1903 terra?
1253 1849 1408 1905 tribus
1444 1851 1614 1907 diebus
1641 1861 1685 1906 et
1717 1853 1872 1907 tribus
1909 1856 2136 1911 noctibus

557 1935 772 2007 (Matth.
797 1955 891 2006 xu,
923 1939 1012 2010 40)
1035 1957 1049 2006 ;
1070 1940 1189 1995 ideo
1213 1949 1381 1996 totum
1407 1957 1505 2011 pro
1539 1952 1689 2014 parte
1710 1959 1816 1999 non
1847 1945 2136 2002 insolenter

553 2029 831 2098 accipitur,
873 2030 995 2100 quia
1037 2047 1144 2086 non
1187 2034 1280 2100 ait,
1313 2033 1463 2089 Totis
1487 2035 1654 2090 tribus
1699 2035 1887 2091 diebus
1917 2045 1970 2092 et
2003 2029 2133 2093 totis

551 2121 722 2176 tribus
748 2124 988 2179 noctibus
1019 2142 1032 2178 :
1062 2141 1198 2180 unus
1235 2129 1431 2196 quippe
1466 2129 1670 2184 medius
1698 2127 1794 2185 fuit
1820 2139 1962 2186 totus
1993 2131 2126 2198 dies,

551 2211 776 2268 duorum
822 2224 996 2270 autem
1042 2226 1250 2286 partes;
1290 2219 1446 2287 primi
1485 2220 1706 2287 ultima,
1730 2221 1896 2275 ultimi
1936 2222 2126 2292 prima.

549 2300 608 2357 Si
639 2313 814 2358 autem
845 2321 948 2359 non
983 2321 1196 2363 crucem
1224 2323 1376 2363 suam
1405 2310 1456 2364 in
1501 2310 1600 2364 hac
1627 2311 1902 2380 prophetia
1931 2312 2128 2367 Psalmi

549 2393 868 2464 significavit
895 2396 975 2451 his
1003 2398 1183 2452 verbis
1203 2441 1217 2464 ,
1248 2399 1342 2454 sed
1367 2401 1661 2454 orationem
1682 2442 1696 2464 ,
1724 2416 1881 2470 quam
1910 2417 2028 2457 eum
2060 2419 2127 2457 ex

551 2486 723 2542 forma
753 2487 890 2543 servi
921 2488 1122 2544 fudisse
1150 2491 1260 2546 Deo
1287 2491 1750 2562 Patri,Evangeiio
1770 2501 1922 2559 teste,
1939 2495 2127 2550 didici-

552 2593 694 2645 mus,
711 2580 795 2635 ubi
812 2595 935 2635 eum
966 2592 1019 2634 et
1042 2582 1197 2649 longe
1213 2591 1334 2635 ante
1352 2583 1674 2650 passionem,
1700 2591 1754 2638 et
1770 2583 1869 2638 sub
1889 2585 1974 2639 die
2000 2601 2124 2655 pas-

545 2672 712 2727 sionis
731 2713 745 2736 ,
771 2681 826 2727 et
856 2673 904 2726 in
927 2673 1038 2742 ipsa
1064 2687 1220 2728 cruce
1248 2688 1430 2729 orasse
1459 2675 1833 2743 meminimus;
1866 2693 2123 2749 nusquam

544 2759 648 2816 hoc
667 2778 788 2817 eum
814 2772 927 2817 teto
952 2763 1037 2819 die
1057 2763 1247 2821 fecisse
1266 2765 1510 2836 legimus.
1542 2768 1771 2824 Proinde
1798 2773 2124 2827 convenien-

543 2859 627 2905 ter
647 2866 744 2922 per
779 2861 1021 2909 extentas
1060 2869 1248 2909 manus
1291 2863 1396 2909 tota
1433 2856 1518 2912 die
1543 2860 1992 2916 continuationem
2018 2862 2124 2916 bo-

542 2956 732 2997 norum
761 2959 979 3012 operum
1011 2945 1306 3015 intelligere
1331 2961 1647 3016 possumus,
1677 2964 1708 3004 a
1729 2965 1951 3021 quorum
1987 2969 2122 3008 nun-

543 3048 700 3103 quam
733 3035 1023 3091 intentione
1050 3038 1293 3092 cessavit.

613 3126 698 3181 lO.
731 3123 880 3198 [vers.
907 3125 1018 3200 11.]
1046 3128 1150 3182 Sed
1173 3130 1292 3199 quia
1313 3130 1440 3185 solis
1462 3131 1850 3201 prmtlestinatis
1870 3133 1937 3189 ad
1961 3144 2119 3190 acter-

540 3231 661 3270 nam
706 3218 951 3286 salutem,
1003 3236 1107 3275 non
1157 3231 1332 3275 autem
1377 3223 1622 3278 omnibus
1660 3224 1993 3293 hominibus,
2020 3242 2120 3283 nec

539 3309 668 3379 ipsis
694 3311 832 3365 inter
859 3327 993 3381 quos
1037 3312 1172 3367 facta
1215 3321 1372 3379 sunt,
1402 3313 1517 3383 ejus
1547 3317 1681 3369 bona
1729 3331 1888 3386 opera
1929 3316 2114 3387 profu-

539 3410 724 3465 erunt;
760 3401 878 3455 ideo
921 3413 1309 3470 consequenter
1354 3404 1544 3472 adjecit
1574 3423 1586 3459 :
1618 3404 1882 3476 Numquid
1907 3411 2117 3462 mortuis

540 3492 693 3562 facies
720 3493 1013 3546 mirabilia?
1036 3493 1148 3548 lloe
1177 3495 1315 3547 enim
1347 3495 1390 3547 si
1420 3495 1485 3549 de
1518 3495 1599 3549 bis
1627 3496 1823 3550 dictum
1853 3499 2117 3567 putaveri-

538 3597 676 3648 mus,
710 3597 932 3652 quorum
955 3598 1079 3637 caro
1099 3584 1357 3638 exanimis
1383 3584 1519 3639 facta
1545 3594 1655 3650 est;
1688 3602 1876 3657 magna
1902 3589 2116 3643 mirabi-

538 3672 604 3727 lia
633 3677 763 3726 lacta
794 3683 917 3727 sunt
939 3675 1190 3740 mortuis,
1221 3689 1339 3728 cum
1373 3675 1586 3744 quidam
1615 3691 1796 3730 eorum
1828 3679 1986 3732 etiam
2023 3694 2112 3732 re-

535 3765 778 3818 vixerunt
806 3763 913 3835 (Id.
939 3779 1102 3830 xxvu,
1133 3764 1222 3836 52)
1253 3774 1342 3820 :et
1365 3766 1504 3836 quod
1534 3767 1784 3822 Dominus
1821 3769 2114 3837 penetravit

535 3855 757 3914 inferna.
789 3865 946 3925 atque
985 3856 1107 3911 inde
1128 3856 1314 3910 mortis
1357 3858 1526 3911 victor
1554 3858 1830 3924 ascendit,
1865 3873 2110 3928 magnum

535 3948 753 4000 mortuis
770 3947 1079 4001 miraculum
1103 3947 1292 4002 factum
1320 3957 1418 4003 est.
1439 3945 1702 4018 Signiﬁcat
1724 3965 1850 4020 ergo
1869 3951 1968 4005 isto
1986 3966 2112 4006 ver-

533 4036 599 4089 bo
626 4052 731 4106 quo
757 4039 848 4103 ait,
874 4037 1138 4108 Numquid
1165 4040 1375 4092 mortuis
1400 4040 1552 4108 facies
1574 4041 1843 4103 mirabilia,
1867 4040 2130 4109 homines,

533 4127 693 4181 corde
721 4129 790 4181 ita
817 4138 1075 4192 mortuos,
1109 4139 1166 4183 ut
1195 4144 1288 4183 eos
1316 4129 1380 4182 ad
1410 4131 1568 4184 vitam
1595 4130 1714 4186 lidei
1747 4139 1887 4186 tanta
1911 4131 2110 4186 Christi

534 4217 796 4271 mirabilia
828 4233 934 4271 non
963 4229 1258 4274 moverent.
1290 4220 1471 4289 Neque
1491 4221 1633 4274 enim
1675 4231 1952 4291 propterea
1977 4223 2110 4276 dixit

531 4324 638 4361 non
661 4308 738 4363 eis
768 4308 881 4362 ﬁeri
905 4309 1188 4374 mirabilia,
1217 4312 1337 4380 quia
1377 4326 1481 4365 non
1524 4326 1586 4365 ea
1616 4312 1826 4376 vident;
1855 4311 1946 4367 sed
1985 4313 2108 4382 quia

529 4414 638 4453 non
669 4399 746 4454 eis
771 4408 1012 4469 prosunt.
1051 4400 1181 4455 Nam
1214 4402 1352 4456 sicut
1389 4401 1476 4456 hic
1500 4401 1596 4469 ait,
1629 4401 1754 4456 Tota
1779 4403 1862 4457 die
1889 4406 2109 4475 expendi

531 4508 710 4546 manus
744 4507 880 4545 meas
917 4492 985 4545 ad
1021 4502 1098 4558 te;
1125 4493 1247 4562 quia
1288 4493 1469 4546 omnia
1491 4507 1652 4563 opera
1677 4508 1772 4549 sua
1803 4496 2010 4550 nonnisi
2039 4495 2107 4552 ad

530 4584 857 4638 voluntatem
882 4582 1078 4638 referat
1100 4584 1276 4639 Patris
1299 4627 1314 4650 ,
1336 4584 1629 4654 saepissime
1657 4595 1960 4640 contestans
1987 4586 2105 4641 ideo

530 4689 590 4730 se
609 4675 841 4742 venisse,
855 4683 913 4729 ut
928 4675 1249 4730 voluntatem
1266 4675 1436 4729 Patris
1453 4676 1696 4745 impleret
1715 4674 1973 4747 (Joau.vr,
1990 4675 2101 4749 38):

533 4767 601 4821 ita
624 4808 639 4833 ,
671 4764 792 4836 quia
841 4765 1027 4820 eadem
1060 4781 1220 4836 opera
1249 4765 1409 4820 etiam
1442 4765 1667 4821 inﬁdelis
1691 4767 1916 4836 populus
1952 4767 2101 4834 vidit,

527 4858 662 4913 alius
701 4857 960 4928 propheta
991 4857 1146 4922 dicit,
1181 4857 1307 4912 Tota
1334 4859 1416 4911 die
1437 4858 1657 4927 expendi
1677 4876 1855 4912 atauus
1875 4877 2011 4914 meas
2038 4862 2105 4913 ad

529 4951 772 5020 populum
803 4965 902 5003 nou
929 4949 1213 5003 credentem
1259 4959 1304 5003 et
1327 4950 1744 5004 contradicentem
1783 4951 1932 5020 (Isai.
1975 4969 2100 5016 va,

525 5039 604 5112 2).
634 5039 735 5110 ipsi
757 5050 881 5094 sunt
902 5040 1114 5106 mortui,
1147 5040 1337 5110 quibus
1365 5056 1466 5094 non
1497 5049 1618 5096 sunt
1648 5040 1782 5094 facta
1813 5043 2100 5107 mirabilia;

526 5149 632 5188 non
672 5133 811 5204 quod
845 5149 906 5189 ea
947 5148 1055 5187 non
1094 5133 1356 5199 viderunt,
1412 5131 1503 5187 sed
1552 5133 1691 5204 quod
1741 5149 1836 5202 per
1880 5140 1943 5189 ea
1997 5152 2100 5190 non

525 5227 847 5282 revixerunt.
878 5223 1029 5294 Quod
1051 5232 1228 5278 autem
1269 5225 1526 5293 sequitur,
1556 5224 1654 5277 Aut
1675 5224 1854 5278 medici
1880 5228 2102 5280 exsusci-

527 5319 720 5382 tabunt,
753 5328 798 5373 et
822 5316 1192 5388 conﬁtebuntur
1218 5315 1339 5370 tibi?
1365 5316 1414 5369 id
1445 5327 1525 5370 est
1544 5357 1558 5381 ,
1586 5317 1708 5386 quia
1737 5333 1841 5372 non
1867 5333 1899 5370 .a
1931 5319 2100 5373 medi—

525 5411 602 5464 cis
631 5411 1097 5464 exsuscitabuntur
1133 5408 1403 5472 homines,
1431 5417 1488 5462 ut
1522 5408 1873 5464 conﬁteantur
1897 5410 2013 5464 tibi.
2042 5409 2100 5464 in

525 5502 741 5558 hebran
765 5501 974 5572 quidem
1005 5503 1156 5557 aliter
1193 5516 1250 5556 se
1276 5499 1473 5554 habere
1519 5499 1787 5567 ﬁrmatur;
1815 5517 1918 5555 non
1960 5500 2101 5555 enim

524 5593 756 5649 medici.
808 5591 901 5647 sed
943 5593 1177 5663 gigantes
1214 5607 1331 5648 esse
1358 5590 1743 5661 perhibentur:
1782 5607 1962 5646 verum
2007 5591 2105 5646 Sc-

525 5681 794 5756 ptuagiuta
823 5693 1158 5754 Interpretes,
1183 5697 1406 5752 quorum
1437 5683 1722 5738 auctoritas
1753 5690 1894 5736 tanta
1918 5690 2021 5748 est,
2045 5689 2102 5734 ut

521 5795 630 5838 non
657 5775 920 5836 immerito
949 5776 1477 5853 propter_mirabilcm
1500 5773 1894 5835 consonantiam
1920 5771 2098 5830 divino

1774 351 1837 412 S.
1877 341 2241 407 AUGUSTINI
2278 346 2579 412 EPISCOPI

3066 426 3072 430 .
3695 371 3815 435 illi?

2257 463 2456 534 Spiritu
2481 470 2947 554 interpretatiesse
2973 479 3291 549 credantur;
3323 483 3390 539 de
3419 487 3562 542 vocis
3587 489 3814 550 similituo

2257 556 2416 654 dine,
2442 577 2549 631 qua
2592 565 2650 620 in‘
2675 565 2884 622 hebraea
2924 570 3099 640 lingua
3141 573 3456 653 giganteslet
3474 579 3662 638 medici
3688 599 3815 654 pene

2255 651 2440 706 eodem
2463 655 2623 712 modo
2645 668 2856 726 sonant,
2876 669 2932 716 et
2957 663 3146 733 exigua
3172 651 3469 722 differentia
3494 651 3812 742 distinguun-

2255 747 2359 807 tur,
2383 759 2487 798 non
2513 761 2696 804 errore
2720 790 2733 815 ,
2761 751 2854 806 sed
2883 753 3059 821 potius
3086 757 3366 813 occasione
3387 799 3402 823 ,
3432 763 3692 828 quomodo
3720 765 3813 823 isto

2254 832 2370 888 loco
2399 838 2690 910 accipiendi
2713 855 2896 898 essent
2916 846 3174 916 gigantes,
3205 849 3501 919 significare
3525 854 3809 914 voluerunt.

2251 922 2308 977 Si
2334 927 2474 980 enim
2496 931 2755 999 superbos
2781 934 3049 1005 gigantum
3071 939 3286 994 nomine
3314 940 3603 997 insinuatos
3627 946 3811 1002 intelli-

2249 1029 2436 1083 gamus
2459 1060 2472 1082 ,
2514 1020 2582 1075 de
2610 1022 2802 1090 quibus
2845 1025 2972 1080 dicit
3000 1028 3285 1096 Apostolus
3309 1071 3323 1095 ,
3352 1030 3450 1086 Ubi
3476 1035 3711 1104 sapiens?
3734 1038 3812 1091 ubi

2248 1107 2454 1197 scriba?
2503 1111 2588 1163 ubi
2634 1115 2937 1180 conquisitor
2987 1116 3138 1188 hujus
3186 1121 3358 1175 saeculi
3383 1121 3429 1192 (ι
3451 1122 3569 1177 Cor.
3613 1141 3650 1189 ι,
3689 1125 3811 1197 20)?

2247 1209 2353 1248 non
2374 1196 2471 1251 fuit
2495 1200 2840 1271 incongruum
2866 1206 3081 1261 eosdem
3111 1209 3344 1264 medicos
3365 1215 3679 1284 nuncupari,
3701 1216 3810 1271 vel-

2248 1294 2303 1338 ut
2340 1301 2438 1356 per
2464 1298 2630 1344 artem
2660 1294 2932 1362 sapientia:
2969 1311 3078 1352 sum
3119 1301 3487 1368 promittentes
3525 1305 3807 1362 animarum

2244 1377 2468 1433 salutem
2503 1399 2516 1434 :
2543 1394 2724 1437 contra
2749 1401 2882 1455 quos
2907 1387 3119 1457 dicitur,
3158 1371 3364 1447 Domini
3382 1404 3454 1448 est
3477 1397 3622 1450 salus
3643 1397 3806 1468 (Psal.

2243 1481 2320 1532 lli,
2353 1469 2428 1537 9).
2462 1470 2517 1525 Si
2535 1482 2716 1528 autem
2751 1477 2802 1530 in
2834 1477 2972 1533 bono
3014 1483 3374 1550 acceperimus
3401 1485 3666 1554 gigantes,
3693 1489 3807 1558 quia

2243 1559 2384 1614 etde
2425 1563 2541 1631 ipso
2571 1565 2792 1622 Domino
2827 1568 3022 1623 dictum
3057 1581 3157 1634 est,
3181 1570 3467 1628 Exsultavit
3494 1585 3549 1629 ut
3591 1578 3727 1648 gigas
3747 1579 3808 1632 ad

2239 1653 2539 1706 currendum
2583 1655 2714 1709 uiam
2753 1656 2921 1728 (Psal.
2949 1675 3108 1724 xvm,
3141 1661 3236 1732 6);
3274 1663 3414 1732 quod
3451 1664 3521 1718 ita
3570 1667 3636 1719 sit
3672 1669 3807 1738 gigas

2239 1740 2507 1810 gigantum
2529 1785 2544 1810 ,
2578 1761 2886 1815 magnorum
2931 1751 3138 1807 scilicet
3170 1762 3225 1807 et
3267 1754 3695 1822 fortissimorum,
3724 1762 3806 1827 qui

2239 1829 2292 1882 in
2323 1831 2436 1900 ejus
2462 1833 2700 1890 Ecclesia
2729 1839 2988 1907 spirituali
3016 1842 3208 1898 robore
3235 1846 3528 1910 excellunt;
3561 1849 3709 1902 sicuti
3733 1859 3809 1906 est

2239 1933 2392 1975 mons
2421 1923 2700 1990 montium,
2731 1928 2851 1997 quia
2877 1929 2945 1985 de
2969 1930 3062 1985 illo
3085 1933 3338 2003 scriptum
3361 1947 3444 1990 εει
3461 1977 3476 2000 ,
3504 1936 3620 1992 Erit
3643 1939 3696 1992 iu
3720 1955 3806 1993 uo-

2235 2009 2448 2066 uissimis
2473 2018 2778 2085 temporibus
2797 2021 3091 2090 manifestus
3117 2040 3260 2079 mons
3283 2025 3508 2091 Domini,
3533 2041 3737 2098 paratus
3759 2031 3808 2085 iu

2233 2105 2490 2159 cacumine
2530 2109 2773 2163 montium
2807 2111 2958 2180 (Isai.
2990 2129 3024 2167 η
3047 2155 3062 2180 ,
3088 2113 3178 2183 2);
3225 2117 3363 2172 sicut
3399 2119 3564 2174 etiam
3609 2129 3808 2175 sanctus

2231 2203 2536 2249 sanctorum
2568 2214 2580 2250 :
2611 2213 2716 2252 non
2746 2208 2829 2254 est
2851 2201 3136 2259 absurdum
3169 2207 3401 2262 utiidem
3431 2209 3529 2278 ipsi
3566 2212 3731 2280 magni
3759 2219 3809 2266 et

2229 2282 2394 2339 fortes
2431 2287 2588 2342 etiam
2628 2290 2817 2345 medici
2867 2303 3140 2350 vocentur.
3182 2295 3334 2352 Unde
3375 2298 3504 2355 dicit
3543 2302 3808 2371 apostolus

2230 2374 2469 2432 Paulus:
2500 2377 2565 2433 Si
2603 2397 2700 2449 quo
2728 2383 2874 2436 modo
2907 2385 3141 2440 aemulari
3177 2397 3349 2457 potero
3385 2407 3596 2448 carnem
3634 2410 3806 2461 meum,

2229 2476 2284 2519 ut
2329 2467 2494 2537 salvos
2529 2469 2714 2538 faciam
2746 2473 2941 2543 aliquos
2982 2491 3048 2530 ea;
3068 2477 3170 2532 illis
3212 2477 3386 2550 (Rom.
3431 2498 3519 2544 ιι.
3563 2483 3670 2555 14).
3711 2483 3810 2540 Sed

2229 2557 2386 2611 etiam
2413 2559 2548 2614 tales
2573 2560 2798 2627 medici,
2829 2566 3069 2634 quamvis
3091 2581 3196 2623 non
3223 2569 3293 2624 de
3317 2585 3416 2626 suo
3440 2582 3668 2638 curent,
3695 2574 3808 2645 quia

2223 2662 2327 2702 nec
2345 2648 2532 2704 medici
2550 2654 2789 2721 corporis
2817 2665 3005 2710 curant
3033 2657 3099 2712 de
3141 2673 3273 2726 suo;
3300 2669 3476 2716 tamen
3493 2665 3810 2734 quantumli—

2225 2737 2316 2793 bet
2340 2754 2436 2808 per
2461 2739 2619 2796 ﬁdele
2643 2742 2993 2804 ministerium
3016 2748 3340 2818 opitulentur
3366 2753 3556 2821 saluti,
3585 2756 3809 2811 viventes

2224 2841 2414 2882 curare
2437 2840 2677 2899 possunt,
2706 2846 2811 2888 non
2839 2845 3078 2892 mortuos
3096 2840 3332 2896 excitare
3360 2859 3373 2896 :
3406 2841 3473 2896 de
3509 2844 3704 2914 quibus
3724 2844 3802 2900 di-

2222 2929 2367 2974 ctum
2401 2929 2517 2989 est,
2550 2921 2815 2994 Numquid
2856 2928 3067 2983 mortuis
3097 2929 3255 2999 facies
3302 2933 3597 2990 mirabilia?
3644 2934 3798 2991 Nimis

2221 3012 2364 3066 enim
2407 3014 2616 3068 occulta
2657 3015 2750 3070 Dei
2797 3017 2965 3087 gratia
2993 3028 3108 3087 est,
3138 3036 3240 3092 qua
3283 3022 3561 3080 hominum
3603 3035 3800 3080 mentes

2221 3101 2450 3171 quodam
2495 3105 2654 3160 modo
2694 3108 3046 3176 reviviscunt,
3071 3120 3128 3165 ut
3176 3114 3381 3182 possint
3421 3129 3450 3168 a
3481 3116 3798 3185 quibuslibet

2221 3194 2338 3262 ejus
2366 3197 2623 3252 ministris
2666 3211 2928 3269 praecepta
2953 3204 3196 3259 sanitatis
3233 3206 3437 3261 audire.
3467 3208 3640 3276 Quam
3683 3223 3798 3278 grav

2219 3288 2346 3341 tiam
2377 3290 2713 3345 commendat
2752 3293 2804 3346 in
2833 3292 3123 3364 Evangelio
3157 3296 3360 3364 dicens,
3389 3316 3410 3348 ι
3433 3298 3604 3354 Nemo
3632 3307 3797 3368 potest

2219 3379 2401 3433 venire
2422 3379 2486 3434 ad
2509 3395 2614 3446 me,
2639 3382 2738 3436 nisi
2761 3383 2917 3438 Pater
2935 3385 3025 3454 qui
3050 3387 3194 3442 misit
3221 3402 3328 3453 me,
3350 3391 3580 3444 traxerit
3603 3405 3720 3444 eum
3747 3405 3790 3442 τι

2215 3478 2272 3524 et
2295 3470 2451 3539 paulo
2480 3480 2600 3540 post
2623 3474 2857 3542 apertius
2879 3473 2981 3530 hoc
3009 3476 3179 3545 ipsum
3207 3488 3476 3546 repetens,
3497 3481 3592 3543 ait,
3624 3497 3642 3530 ι
3671 3477 3796 3533 Ver-

2215 3558 2282 3613 ba
2310 3575 2425 3628 qua:
2455 3575 2554 3630 ego
2583 3560 2790 3616 locutus
2816 3577 2932 3618 sum
2960 3565 3106 3619 vobis
3127 3606 3142 3629 ,
3172 3567 3388 3635 Spiritus
3422 3577 3475 3621 et
3507 3569 3612 3622 vita
3637 3575 3790 3631 sunt;

2217 3650 2309 3704 sed
2335 3662 2460 3706 sunt
2486 3653 2697 3721 quidam
2724 3669 2788 3708 ex
2828 3655 2978 3710 vobis
3002 3656 3090 3725 qui
3128 3672 3233 3711 non
3264 3657 3507 3712 credunt.
3546 3679 3566 3713 ι
3599 3657 3793 3718 Deinde

2215 3741 2506 3812 interponit
2537 3743 2892 3813 Evangelista,
2922 3765 2941 3798 ι
2967 3747 3180 3802 Sciebat
3205 3750 3345 3804 enim
3367 3749 3434 3802 ab
3464 3750 3619 3806 initio
3645 3750 3794 3806 Jcsus

2215 3834 2305 3903 qui
2354 3844 2535 3889 essent
2581 3836 2861 3892 credentes
2906 3838 2946 3905 ί,
2977 3849 3033 3893 et
3072 3840 3190 3909 quis
3235 3843 3527 3898 traditurus
3569 3860 3686 3900 eum
3709 3857 3790 3898 es.

2213 3934 2297 3980 set
2327 3943 2339 3978 :
2380 3945 2400 3978 ι
2432 3935 2486 3982 et
2504 3939 2716 3983 secutus
2744 3939 2903 4000 atque
2945 3933 3108 4000 ipsius
3135 3933 3342 3988 Domini
3386 3937 3547 3992 verba
3573 3939 3790 4006 conjun-

2210 4031 2364 4084 gens,
2395 4018 2498 4082 ait,
2546 4036 2566 4070 ‹
2603 4017 2670 4074 Ει
2696 4018 2938 4086 dicebat,
2969 4023 3258 4093 Pr0pterea
3301 4026 3410 4080 dixi
3440 4028 3594 4084 vobis
3617 4050 3649 4094 ,η
3673 4027 3791 4098 quia

2213 4124 2371 4163 nemo
2401 4118 2575 4179 potest
2596 4111 2781 4168 venire
2805 4112 2870 4166 ad
2901 4129 3006 4177 me,
3035 4115 3133 4170 nisi
3167 4115 3326 4171 fuerit
3353 4119 3401 4172 ei
3429 4119 3615 4188 datum
3641 4135 3670 4174 a
3698 4119 3793 4173 Pa-

2212 4209 2293 4255 tre
2311 4217 2433 4257 meo
2465 4221 2486 4254 ι
2522 4201 2697 4274 (Joau.
2740 4221 2814 4272 vn,
2843 4207 2934 4272 44,
2965 4208 3055 4271 64,
3089 4209 3175 4274 65,
3206 4210 3318 4281 66).
3350 4213 3523 4282 Supra
3566 4214 3791 4279 dixerat,

2212 4291 2319 4346 Sed
2346 4301 2462 4347 sunt
2489 4293 2691 4364 quidam
2717 4312 2780 4351 ea:
2801 4297 2936 4351 vobis
2959 4300 3044 4368 qui
3068 4316 3166 4354 non
3189 4301 3433 4367 credunt;
3461 4313 3519 4358 et
3544 4314 3790 4372 tanquam

2209 4383 2367 4453 hujus
2393 4384 2469 4439 rei
2517 4401 2732 4441 causam
2775 4403 3053 4458 exponens
3073 4431 3088 4458 ,
3124 4391 3397 4461 Propterea
3423 4393 3564 4461 dixi,
3590 4392 3788 4463 inquit,

2210 4473 2366 4539 vobis,
2391 4476 2511 4544 quia
2539 4492 2684 4530 nemo
2712 4486 2870 4545 potest
2897 4479 3062 4533 venire
3086 4480 3156 4533 ad
3181 4498 3293 4547 nte,
3330 4483 3426 4536 uisi
3450 4484 3604 4554 fuerit
3634 4483 3679 4537 ei
3701 4482 3789 4536 da-

2208 4577 2315 4620 tum
2357 4583 2388 4620 a
2420 4566 2572 4621 Patre
2598 4585 2706 4622 meo
2729 4585 2748 4622 :
2773 4579 2832 4624 ut
2871 4569 3177 4626 ostenderet
3216 4573 3374 4627 etiam
3421 4573 3591 4643 ipsam
3634 4572 3788 4628 ﬁdem

2208 4673 2308 4730 qua
2349 4659 2538 4725 credit,
2563 4668 2619 4715 et
2646 4676 2712 4715 ex
2746 4670 2915 4717 morte
2946 4663 3027 4717 sui
3076 4664 3252 4720 cordis
3287 4665 3464 4719 anima
3501 4664 3790 4730 reviviscit,

2208 4751 2322 4805 dari
2369 4751 2524 4806 nobis
2566 4767 2595 4804 a
2641 4753 2772 4806 Deo.
2815 4753 3215 4820 Quantumlibet
3256 4759 3426 4825 ergo’
3463 4757 3790 4812 excellentes

2211 4842 2353 4896 verbi
2402 4841 2808 4912 pricdica'tores,
2834 4852 2889 4898 et
2932 4845 3169 4901 veritatis
3213 4847 3370 4901 etiam
3399 4862 3494 4916 per
3537 4847 3789 4902 miracula

2208 4947 2475 4998 suasores,
2509 4943 2754 5003 tanquam
2786 4935 2960 5005 magni
2987 4935 3199 5000 medici,
3223 4947 3382 5006 agant
3405 4951 3527 4991 cum
3557 4936 3788 4992 homini-

2207 5022 2333 5087 bus;
2378 5023 2421 5076 si
2463 5024 2654 5078 mortui
2699 5034 2822 5079 sunt
2862 5033 2916 5080 et
2963 5033 3049 5078 tua
3101 5026 3266 5095 gratia
3314 5043 3417 5082 non
3460 5029 3788 5090 revixerunt,

2210 5113 2476 5184 Numquid
2504 5117 2716 5169 mortuis
2755 5116 2912 5184 {acies
2937 5116 3220 5182 mirabilia;
3247 5126 3333 5170 aut
3361 5119 3542 5171 medici
3569 5116 3790 5173 exsusci-

2207 5206 2414 5269 tabunt,
2443 5214 2486 5259 et
2514 5206 2564 5257 hi
2599 5221 2733 5274 quos
2779 5207 3207 5272 exsuscitabunl,
3253 5209 3622 5276 conﬁtebuntur
3659 5206 3791 5259 tibi?

2208 5297 2333 5352 lla-0
2369 5299 2510 5352 enim
2554 5297 2818 5352 confessio
2861 5297 3058 5352 iudicat
3109 5299 3298 5353 vivos:
3327 5315 3432 5353 non
3477 5299 3616 5352 sicut
3665 5296 3789 5350 alibi

2207 5391 2460 5458 scriptum
2489 5397 2587 5452 est,
2622 5388 2666 5441 Α
2687 5398 2902 5456 mortuo,
2933 5387 3068 5443 velut
3093 5390 3180 5461 qui
3206 5406 3305 5443 nou
3327 5391 3406 5456 sit,
3433 5390 3562 5460 perit
3589 5388 3790 5456 confes-

2207 5481 2280 5534 sio
2306 5479 2488 5550 (Eccli.
2523 5495 2649 5543 xvu,
2681 5478 2795 5550 26).

2271 5592 2288 5623 ι
2314 5591 2456 5656 _Edd.,
2475 5589 2726 5641 creditum.
2757 5597 2889 5652 Mss,
2927 5590 3192 5644 credentes.
3217 5600 3273 5644 At
3302 5593 3350 5642 in
3383 5591 3658 5656 Evangelia,
3697 5602 3789 5640 non

2205 5666 2246 5704 θ’
2261 5651 2516 5763 idgiuccii'ss.
2533 5720 2598 5780 Διη
2619 5712 2730 5780 sua.
2753 5713 2933 5780 addunt
2949 5714 3046 5774 hic,
3069 5715 3311 5774 existant;
3336 5723 3387 5764 et
3416 5713 3558 5780 paulo
3576 5721 3680 5777 vos!
3703 5712 3787 5763 ω·

2209 5779 2344 5838 bent,
2369 5787 2454 5840 per
2477 5775 2712 5826 miracula
2732 5790 2818 5828 sua
2839 5777 3000 5839 fortes,
3023 5785 3265 5839 umquam,
3289 5783 3384 5828 etc.
