4084 6472
298 339 433 394 Ml?

361 453 452 508 ii.
679 449 794 525 42.]
823 449 1086 524 Numquid
1111 453 1364 509 enarrabit
1416 455 1525 525 quis
1560 455 1614 509 in
1645 458 1875 524 sepulcro

292 544 689 599 misericordiam
729 553 868 597 tuam
889 584 904 610 ,
928 553 973 598 et
1005 546 1258 599 veritatem
1298 553 1434 616 tuam
1469 546 1523 599 in
1559 546 1877 616 perditione?

287 634 620 689 Subauditur
638 634 779 704 quod
805 649 962 703 supra
993 634 1189 689 dictum
1218 643 1328 701 est,
1360 615 1593 690 utetiam
1634 637 1733 691 iste
1753 652 1873 692 ver-

288 739 379 779 sus
404 726 480 780 ita
505 740 566 780 se
591 724 806 788 habeat,
836 739 900 779 ac
928 724 972 778 si
1004 723 1202 778 dictum
1231 725 1334 792 sit,
1361 725 1626 795 Numquid
1651 742 1870 784 enarra-

290 815 369 869 bit
389 816 514 884 quis
542 815 820 870 veritatem
852 825 991 868 tuam
1025 815 1074 869 in
1099 815 1429 885 perditione?
1458 816 1871 872 Miscricordiam

286 910 487 978 quippe
530 918 584 964 et
613 897 891 964 veritatem
919 917 1063 962 amat
1084 908 1358 978 Scriptura
1385 909 1724 980 conjungere,
1752 925 1869 964 ma-

285 1001 430 1056 xime
460 1002 512 1054 in
540 1001 784 1056 Psalmis.
831 1001 982 1072 Quod
1021 1017 1147 1056 vero
1190 1003 1292 1067 ait,
1337 1003 1390 1056 in
1431 1003 1740 1073 perditione,
1766 1003 1870 1057 alio

283 1091 453 1145 verbo
497 1092 743 1160 repetivit
777 1092 917 1160 quod
962 1108 1119 1164 supra
1145 1092 1388 1158 dixerat,
1421 1094 1473 1146 in
1500 1095 1749 1163 sepulcro.
1781 1095 1870 1150 Sic

281 1191 462 1235 autem
489 1182 688 1236 dictum
719 1191 835 1250 est,
864 1183 918 1235 in
945 1184 1194 1253 sepulcro,
1229 1192 1284 1237 ut
1321 1184 1677 1254 intelligantur
1716 1186 1750 1239 ii
1779 1185 1867 1256 qui

281 1282 408 1327 sunt
439 1274 491 1330 in
519 1275 799 1345 sepulcro,
832 1275 921 1344 qui
949 1283 1002 1330 et
1030 1276 1273 1344 superius
1317 1277 1593 1346 signiﬁcati
1623 1287 1746 1336 sunt
1768 1294 1867 1334 no-

277 1365 426 1418 mine
469 1375 820 1430 mortuorum,
872 1366 960 1420 ubi
1001 1368 1090 1430 ait,
1147 1365 1411 1438 Numquid
1459 1369 1666 1421 mortuis
1714 1371 1868 1439 facies

279 1454 536 1508 mirabilia
554 1456 580 1509 ?
604 1455 809 1509 Anima:
839 1472 1066 1526 namque
1095 1468 1318 1512 mortua:
1347 1473 1538 1527 corpus
1563 1461 1863 1528 sepulcrum

277 1555 380 1599 est.
413 1544 570 1600 Unde
598 1546 852 1601 Dominus
881 1549 932 1600 iu
980 1548 1266 1617 Evangelio
1305 1549 1494 1604 talibus
1531 1550 1657 1606 dicit
1689 1567 1702 1608 :
1738 1570 1756 1603 ι
1785 1552 1866 1608 Si-

278 1636 436 1690 miles
475 1637 606 1691 estis
655 1638 916 1707 sepulcris
961 1638 1219 1695 dealbatis
1243 1681 1258 1708 ,
1301 1656 1418 1711 quae
1455 1640 1583 1697 foris
1611 1654 1864 1713 apparent

277 1726 591 1783 hominibus
638 1730 898 1799 speciosa,
954 1731 1094 1786 intus
1139 1748 1267 1787 vero
1314 1732 1466 1802 plena
1493 1744 1616 1788 sunt
1657 1736 1864 1790 ossibus

272 1830 612 1876 mortuorum
657 1833 711 1877 et
735 1824 878 1878 omni
911 1825 1165 1893 Spurcitia
1196 1843 1210 1880 :
1238 1825 1316 1880 sic
1340 1833 1396 1880 et
1421 1840 1515 1881 vos
1553 1825 1716 1881 aforis
1741 1827 1860 1898 qui-

276 1913 398 1968 dem
431 1916 633 1984 paretis
667 1916 970 1981 hominibus
991 1917 1149 1986 justi;
1183 1918 1322 1972 intus
1358 1927 1533 1974 autem
1565 1919 1704 1988 pleni
1735 1920 1862 1975 estis

277 2004 549 2076 hypocrisi
574 2015 628 2062 et
677 2007 952 2077 iniquitate
981 2007 1189 2079 (Matth.
1221 2025 1376 2076 xxnt,
1403 2009 1474 2064 27
1493 2021 1538 2064 et
1551 2011 1663 2082 28).

346 2093 439 2149 12.
480 2093 652 2168 [rem
681 2094 810 2169 13.]
860 2096 1121 2167 Numquid
1153 2109 1510 2170 cognoscentur
1550 2100 1603 2153 in
1641 2101 1860 2155 tenebris

272 2185 531 2239 mirabilia
564 2197 668 2253 tua,
701 2198 746 2241 et
765 2189 967 2258 justitia
996 2200 1080 2243 tua
1108 2190 1160 2243 in
1190 2198 1324 2243 terra
1345 2188 1500 2243 oblita
1525 2191 1550 2243 ?
1576 2190 1726 2256 Quod
1753 2202 1854 2258 est,

274 2276 328 2330 in
367 2277 628 2342 tenebris;
667 2277 769 2332 hoc
807 2287 921 2345 est,
948 2279 1001 2332 in
1040 2289 1172 2332 terra
1215 2279 1389 2333 oblita.
1437 2279 1683 2335 lniideles
1716 2281 1858 2336 enim

277 2369 648 2440 signiﬁcantur
675 2371 889 2425 nomine
916 2371 1254 2426 tenebrarum
1287 2389 1301 2424 :
1332 2373 1454 2426 hinc
1483 2372 1610 2428 dicit
1632 2374 1858 2443 Apostoo

271 2461 377 2529 ius,
409 2461 604 2518 Fuistis
638 2465 769 2518 enim
795 2465 1071 2535 aliquando
1105 2465 1320 2521 tenebrat
1344 2465 1560 2538 (Ep/tes.
1584 2485 1638 2535 v,
1663 2467 1740 2542 8).
1771 2469 1858 2525 Sic

272 2561 327 2608 et
354 2561 499 2609 terra
527 2554 718 2620 oblita,
750 2555 910 2611 homo
946 2566 1030 2612 est
1061 2558 1150 2626 qui
1178 2557 1373 2613 oblitus
1400 2569 1483 2614 est
1513 2559 1676 2615 Deum
1711 2579 1724 2614 :
1760 2576 1855 2631 po-

273 2653 376 2701 test
406 2659 640 2714 namque
667 2647 842 2701 anima
869 2647 1096 2703 inﬁdelis
1123 2663 1291 2718 usque
1314 2649 1381 2703 ad
1408 2659 1578 2705 tantas
1605 2651 1855 2706 tenebras

272 2737 578 2805 pervenire,
602 2745 659 2792 ut
683 2737 825 2792 dicat
851 2739 1044 2794 stultus
1068 2739 1122 2794 in
1150 2739 1311 2795 corde
1337 2755 1455 2805 suo,
1482 2740 1603 2795 Non
1623 2751 1694 2795 est
1714 2740 1856 2796 Deus

269 2825 447 2894 (Psal.
475 2843 590 2893 xm,
615 2828 692 2900 1).
723 2828 888 2884 Τοιιιε
914 2843 1041 2898 ergo
1078 2829 1178 2886 iste
1204 2845 1392 2886 sensus
1421 2831 1491 2885 ita
1517 2833 1856 2888 continuatur

268 2930 433 2992 atque
456 2922 758 2977 contexitur
785 2939 800 2974 :
831 2921 1068 2977 ϐιωτιαυῖ
1087 2922 1157 2977 ad
1184 2933 1250 2989 te,
1285 2920 1533 2990 Domine,
1563 2923 1701 2978 inter
1730 2939 1854 2994 pas-

269 3013 454 3066 siones
481 3027 670 3076 meas;
703 3021 810 3067 tota
837 3013 920 3067 die
951 3013 1174 3082 expendi
1200 3029 1377 3067 manus
1415 3029 1552 3067 meas
1580 3013 1648 3067 ad
1683 3023 1770 3068 te:
1801 3013 1853 3069 id

267 3112 384 3168 est,
418 3117 528 3156 non
557 3102 734 3158 destiti
759 3102 826 3156 ad
857 3112 907 3158 te
936 3103 1334 3174 gloriﬁcandum
1375 3102 1662 3159 extendere
1691 3118 1852 3173 opera

267 3209 413 3248 mea.
445 3193 557 3248 Cur
582 3209 708 3263 ergo
734 3195 785 3249 in
813 3210 900 3249 me
923 3195 1065 3264 impii
1090 3195 1332 3260 smviunt,
1359 3195 1456 3248 nisi
1483 3195 1602 3264 quia
1630 3195 1852 3250 mortuis

264 3298 376 3338 non
405 3282 570 3338 facies
599 3284 902 3339 mirabilia?
944 3283 996 3338 id
1037 3293 1152 3351 est,
1200 3299 1306 3338 non
1337 3285 1412 3338 eis
1450 3293 1853 3339 commoventur

265 3375 332 3428 ad
365 3374 550 3438 ﬁdem,
575 3390 673 3430 nec
698 3374 889 3429 medici
917 3389 1012 3429 eos
1039 3374 1456 3440 exsuscitabunt,
1479 3383 1536 3428 ut
1560 3375 1851 3429 conﬁtean-

266 3476 355 3522 tur
385 3467 518 3534 tibi,
561 3467 614 3521 in
661 3469 850 3538 quibus
892 3467 1097 3522 occulta
1125 3467 1291 3538 gratia
1323 3474 1411 3521 tua
1440 3482 1547 3521 non
1575 3474 1846 3536 Operatur,

264 3575 368 3628 qua
412 3558 689 3613 trahantur
729 3567 786 3612 ut
821 3557 1075 3623 credant;
1121 3558 1241 3628 quia
1285 3573 1442 3612 nemo
1467 3557 1610 3611 venit
1646 3557 1712 3610 ad
1741 3571 1847 3626 me,

265 3649 366 3703 nisi
393 3665 553 3717 quem
581 3658 637 3703 tu
659 3649 964 3703 attraxeris.
989 3647 1120 3702 Nam
1143 3648 1254 3717 quis
1275 3648 1524 3702 enarrabit
1547 3648 1597 3700 in
1617 3649 1850 3720 sepulcro

263 3739 664 3793 misericordiam
703 3750 881 3804 tuam;
920 3739 972 3793 id
1016 3745 1130 3805 est,
1167 3739 1358 3792 anima:
1401 3747 1652 3802 mortuze,
1699 3739 1850 3808 cujus

261 3842 413 3884 mors
437 3830 582 3897 jacet
604 3830 619 3859 ¹
650 3828 748 3883 sub
764 3828 1001 3898 corporis
1025 3827 1302 3897 pondere?
1340 3837 1386 3880 et
1416 3828 1672 3880 veritatem
1711 3836 1849 3880 tuam

263 3922 317 3976 in
364 3920 826 3991 perditionepboe
869 3928 982 3988 est,
1026 3919 1076 3973 in
1108 3919 1193 3972 tali
1236 3927 1408 3972 morte
1451 3919 1578 3972 nihil
1619 3918 1847 3971 liorum'

258 4013 462 4067 valenti
493 4012 712 4067 credere
736 4021 895 4081 atque
921 4009 1160 4065 sentire?
1193 4007 1453 4077 Numquid
1479 4008 1618 4062 enim
1640 4011 1692 4060 in
1715 4018 1850 4062 tene-

265 4105 368 4158 bris
395 4102 558 4172 hujus
588 4103 807 4167 mortis,
840 4101 940 4156 boc
977 4109 1091 4167 est,
1121 4099 1173 4154 in
1205 4097 1535 4167 bonuine'qui
1578 4106 1629 4153 te
1656 4097 1846 4152 oblivi-

259 4194 469 4250 scendo
514 4195 632 4248 vita:
673 4193 854 4248 lumen
896 4191 1106 4256 amisit,
1152 4199 1238 4244 tua
1276 4189 1524 4242 mirabilia
1569 4197 1615 4242 et
1645 4187 1848 4259 justitia

263 4295 626 4357 cognoscentur
646 4285 672 4339 ?

335 4377 425 4432 15.
459 4376 610 4449 [vers.
642 4374 755 4448 ιι]
780 4372 1104 4430 Occurrebat
1135 4382 1310 4428 autem
1336 4372 1578 4442 quzestio,
1604 4371 1844 4442 quisnam

262 4468 332 4523 sit
361 4483 495 4523 usus
524 4469 745 4522 istorum
786 4477 1151 4529 mortuorum;
1192 4463 1316 4534 quid
1344 4479 1405 4518 ex
1450 4463 1530 4516 bis
1559 4470 1680 4532 agat
1706 4462 1845 4515 Deus

259 4558 326 4613 ad
360 4559 642 4611 utilitatem
672 4557 912 4627 corporis
941 4555 1160 4618 Christi,
1188 4553 1328 4624 quod
1369 4562 1450 4608 est
1477 4553 1709 4606 Ecclesia
1741 4570 1754 4606 :
1787 4561 1846 4607 ut

259 4647 314 4704 in
343 4649 424 4704 eis
463 4649 859 4704 demonstretur
884 4661 1003 4718 qum
1032 4647 1101 4700 sit
1129 4645 1222 4700 Dei
1266 4646 1431 4716 gratia
1472 4645 1524 4699 in
1566 4645 1842 4714 prtulcsti-

259 4740 418 4800 uatis,
461 4739 551 4808 qui
594 4737 884 4792 secundum
927 4736 1255 4806 propositum
1296 4735 1465 4789 vocati
1505 4743 1647 4789 sunt.
1697 4733 1843 4789 Unde

261 4828 436 4899 ipsum
466 4843 661 4898 corpus
689 4829 741 4884 in
769 4829 873 4882 alio
903 4827 1109 4897 psalmo
1133 4825 1261 4880 dicit
1290 4843 1302 4878 :
1333 4823 1470 4880 Deus
1498 4841 1656 4887 meus,
1689 4824 1841 4878 mise-

259 4921 484 4974 ricordia
523 4921 634 4986 eius
673 4918 938 4989 prteveniet
976 4933 1073 4970 me.
1116 4917 1255 4970 Deus
1283 4931 1432 4970 meus
1458 4915 1844 4970 demonstrabit

257 5011 389 5065 mihi
431 5011 484 5064 in
515 5010 744 5064 inimicis
766 5009 896 5064 meis
928 5007 1108 5080 (Psal.
1134 5022 1257 5061 Lvnt
1279 5049 1293 5072 ,
1323 5007 1381 5060 ιι
1402 5017 1449 5058 et
1474 5004 1592 5076 η).
1626 5005 1766 5075 Ergo
1790 5013 1844 5060 et

257 5104 342 5158 hic
373 5105 613 5174 sequitur
649 5118 711 5156 ac
739 5103 897 5169 dicit,
923 5101 987 5155 Et
1023 5117 1112 5169 ego
1151 5101 1218 5153 ad
1246 5110 1311 5164 te,
1344 5098 1576 5166 Domine,
1609 5099 1839 5152 clamavi.

259 5199 312 5254 In
345 5197 542 5267 qulbus
570 5195 749 5249 verbis
773 5195 881 5264 jam
910 5191 1278 5262 intelligendus
1307 5201 1388 5245 est
1410 5191 1666 5244 Dominus
1688 5189 1843 5245 Chri-

256 5298 371 5342 stus
418 5303 485 5341 ex
512 5302 644 5340 voce
689 5286 928 5355 corporis
968 5285 1049 5339 sui
1092 5283 1264 5353 loqui,
1308 5282 1359 5337 id
1397 5289 1513 5347 est,
1546 5281 1841 5336 Ecclesiae:

255 5379 383 5450 quid
409 5388 494 5433 est
523 5379 664 5432 enim
685 5418 699 5442 ,
734 5377 799 5429 Et
827 5391 955 5448 ego;
993 5375 1093 5429 nisi
1127 5377 1248 5445 quia
1289 5372 1480 5427 fuimus
1508 5380 1562 5426 et
1601 5386 1697 5426 nos
1741 5371 1841 5425 ali-

255 5471 470 5544 quando
497 5481 685 5524 natura
713 5470 805 5524 lilii
835 5470 946 5532 inte,
979 5469 1115 5524 sicut
1143 5476 1196 5523 et
1221 5465 1396 5521 cmteri
1425 5464 1636 5538 (Ep/tes.
1659 5480 1720 5530 ιι,
1745 5464 1840 5535 3)?

255 5563 360 5619 Sed
389 5563 456 5616 ad
499 5571 548 5618 te
588 5561 835 5625 clamavi,
869 5569 925 5614 ut
962 5559 1142 5615 salvus
1183 5569 1378 5615 essem.
1429 5556 1557 5625 Quis
1587 5557 1727 5614 enim
1755 5571 1840 5611 me

319 5721 336 5749 ⁸
374 5724 532 5774 t-‘orte,
551 5714 680 5766 latet.

319 5781 342 5812 '
372 5782 444 5829 sic
465 5785 572 5829 Mss.
596 5786 653 5828 Αι
684 5777 819 5840 Edd.,
841 5775 1014 5828 bonum

1327 339 1726 398 ENARRATIO
1763 342 1831 398 lN
1867 341 2192 430 PSALHUM,
2221 347 2527 407 LXXXVII.

3426 370 3560 426 “IS

1983 457 2238 518 discernit
2261 465 2331 521 ab
2372 466 2489 522 aliis
2530 466 2653 524 ﬁliis
2679 469 2811 539 ira,
2859 484 2982 528 cum
3009 475 3321 544 Apostolum
3349 480 3557 538 audiam

1979 549 2214 619 ingratos
2245 556 2548 614 terribiliter
2575 559 2968 629 increpantem,
2999 579 3064 620 ac
3087 565 3348 623 dicentem
3381 587 3396 626 :
3425 570 3553 636 Quis

1977 643 2112 695 enim
2140 653 2188 697 te
2223 645 2458 701 discernit
2481 649 2509 703 2
2555 649 2688 715 Quid
2711 661 2880 707 autem
2905 655 3089 720 habes,
3115 658 3255 728 quod
3281 675 3381 714 non
3403 677 3556 716 acce-

1978 733 2096 798 pisti
2116 734 2142 788 ?
2182 734 2245 790 Si
2269 747 2436 791 autent
2462 750 2508 793 et
2533 744 2799 812 accepisti,
2831 747 2953 814 quid
2992 746 3229 816 gloriaris
3267 751 3416 820 quasi
3452 767 3552 806 non

1973 831 2224 898 acceperis
2251 831 2305 900 (ι
2330 831 2445 884 Cor.
2474 848 2546 887 IV.
2574 835 2688 904 7)?
2730 837 2938 892 Domini
2967 848 3047 894 est
3069 839 3216 894 salus
3242 858 3257 894 :
3288 843 3434 912 gigas
3459 857 3555 899 au-

1979 928 2083 974 tem
2113 922 2166 974 in
2191 923 2528 980 multitudine
2552 927 2756 982 virtutis
2781 943 2890 983 sum
2918 945 3026 984 non
3051 931 3153 984 erit
3177 931 3354 987 salvus
3379 931 3550 1001 (Psat.

1948 1026 2141 1079 _xxxu,
2167 1011 2290 1086 l6);
2319 1014 2435 1080 sed,
2467 1016 2604 1071 sicut
2631 1019 2882 1086 scriptum
2913 1030 3013 1086 est,
3050 1038 3070 1073 ι
3102 1020 3200 1088 Qui
3229 1024 3554 1079 invocaverit

1975 1119 2166 1160 nomen
2197 1107 2442 1174 Domini,
2473 1109 2652 1163 salvus
2681 1111 2801 1164 erit.
2832 1111 3109 1178 Quomodo
3134 1123 3313 1170 autem
3339 1115 3553 1170 invoca-

1974 1196 2103 1251 bunt
2124 1237 2138 1262 ,
2173 1196 2223 1250 in
2250 1211 2408 1266 quem
2451 1213 2554 1252 non
2595 1199 2975 1255 crediderunt?
3017 1211 3109 1256 aut
3133 1203 3400 1272 quomodo
3430 1218 3550 1260 cre-

1969 1286 2096 1340 dent
2115 1289 2164 1342 ei
2187 1303 2345 1356 quem
2367 1304 2473 1343 non
2499 1290 2816 1344 audierunt?
2840 1293 3115 1356 Quomodo
3134 1303 3311 1349 autem
3333 1295 3552 1350 audient

1971 1381 2085 1435 sine
2113 1381 2472 1449 praedicante?
2517 1391 2607 1436 aut
2647 1383 2915 1451 quomodo
2947 1383 3303 1452 pradicabunt
3322 1426 3337 1451 ,
3367 1386 3413 1440 si
3442 1400 3548 1441 non

1969 1472 2288 1528 mittuntur?
2334 1472 2473 1526 sicut
2502 1474 2755 1542 scriptum
2784 1482 2865 1529 est
2885 1516 2900 1540 ,
2935 1474 3105 1542 Quam
3136 1477 3360 1544 speciosi
3386 1477 3549 1546 pedes

1970 1577 2152 1617 eorum
2179 1563 2267 1633 qui
2292 1565 2609 1618 annnntiant
2647 1580 2828 1634 pacem
2851 1605 2865 1628 ,
2896 1567 2983 1635 qui
3014 1567 3324 1622 annuntiant
3364 1568 3500 1623 bona
3524 1587 3543 1620 ι

1971 1652 2142 1722 (Rom.
2170 1670 2227 1719 x,
2255 1655 2446 1724 15-15)
2471 1655 2484 1708 l
2533 1655 2631 1724 Ipsi
2675 1664 2799 1709 sunt
2825 1655 3015 1711 medici
3054 1665 3302 1711 curantes
3325 1673 3355 1710 a
3387 1658 3550 1711 latro-

1970 1745 2126 1800 nibus
2153 1746 2476 1810 saueiatum;
2513 1747 2607 1802 sed
2636 1747 2892 1802 Dominus
2917 1763 3038 1802 eum
3071 1748 3315 1818 perduxit
3339 1748 3407 1802 ad
3433 1757 3548 1803 sta-

1965 1833 2147 1889 bulum
2181 1833 2342 1905 (Lue.
2369 1852 2401 1890 x
2421 1876 2437 1902 ,
2465 1834 2571 1908 54)
2599 1854 2610 1890 :
2639 1837 2758 1906 quia
2790 1837 2892 1906 ipsi
2927 1847 3054 1892 sunt
3081 1838 3238 1892 etiam
3266 1845 3550 1907 Operantes

1965 1923 2020 1979 in
2047 1939 2176 1994 agro
2205 1925 2505 1992 Dominico;
2547 1943 2647 1982 nec
2671 1935 2849 1982 tamen
2873 1928 2965 1997 qui
2991 1928 3197 1998 plantat
3223 1927 3547 1999 estaliquid,

1965 2025 2056 2072 aut
2077 2016 2168 2086 qui
2193 2020 2360 2087 rigat,
2387 2017 2484 2073 sed
2525 2019 2614 2088 qui
2645 2022 3028 2074 incrementum
3057 2019 3150 2075 dat
3175 2019 3314 2074 Deus
3342 2019 3397 2091 (ι
3423 2019 3544 2076 Cor.

1964 2121 2044 2172 nt,
2078 2107 2156 2174 7).
2187 2105 2312 2186 Ιάθρ
2349 2117 2404 2162 et
2448 2123 2545 2177 ego
2569 2108 2636 2162 ad
2675 2109 2958 2163 Dominum
2996 2111 3251 2173 clamavi;
3301 2110 3403 2166 hoc
3441 2118 3544 2176 est,

1965 2197 2245 2253 Dominum
2274 2207 2332 2252 ut
2355 2199 2535 2254 salvus
2567 2215 2740 2255 essem
2773 2201 3031 2256 invocavi.
3064 2201 3342 2270 Quomodo
3366 2213 3544 2258 autem

1961 2288 2262 2344 invocarem
2282 2329 2298 2354 ,
2324 2289 2426 2344 nisi
2451 2290 2770 2345 crederem?
2810 2291 3076 2359 quomodo
3100 2291 3372 2348 crederem
3393 2333 3410 2359 ,
3436 2290 3542 2348 nisi

1962 2378 2244 2435 audirem?
2285 2379 2390 2435 Sed
2418 2389 2474 2434 ut
2496 2380 2672 2434 audita
2698 2380 2970 2436 crederem
2987 2422 3002 2446 ,
3029 2381 3143 2451 ipse
3169 2395 3260 2437 me
3283 2379 3500 2436 attraxit
3522 2398 3538 2444 ;

1955 2469 2085 2538 quia
2116 2469 2169 2524 in
2207 2469 2414 2523 occulto
2445 2485 2477 2523 a
2515 2479 2686 2526 morte
2725 2470 2900 2526 cordis
2929 2485 3035 2526 non
3069 2470 3290 2540 quilibet
3326 2469 3540 2536 medici,

1961 2557 2057 2614 sed
2103 2559 2217 2627 ipse
2259 2558 2527 2613 excitavit.
2577 2558 2710 2614 Nam
2756 2561 2910 2615 multi
2958 2560 3278 2625 audierunt;
3324 2559 3449 2631 quia
3484 2559 3542 2616 in

1961 2664 2173 2705 omnem
2199 2659 2398 2705 terram
2439 2650 2574 2704 exiit
2607 2665 2770 2706 sonus
2803 2666 2989 2706 eorum
3013 2691 3028 2716 ,
3058 2662 3112 2707 et
3140 2651 3194 2706 in
3233 2652 3364 2708 lines
3393 2649 3542 2708 orbis

1961 2751 2118 2795 terra:
2143 2739 2304 2795 verba
2333 2756 2520 2795 eorum
2547 2740 2720 2811 (Psal.
2741 2757 2890 2806 xvnt,
2913 2740 3009 2810 5):
3044 2743 3137 2797 sed
3165 2756 3274 2798 non
3305 2743 3540 2798 omnium

1959 2839 2043 2886 est
2075 2830 2208 2886 ﬁdes
2237 2831 2314 2901 (ll
2334 2830 2509 2887 Thess.
2540 2847 2618 2898 Ill,
2643 2831 2700 2902 2)
2727 2849 2750 2896 ;~
2767 2841 2824 2887 et
2853 2834 2999 2888 novit
3023 2833 3280 2888 Dominus
3305 2834 3394 2903 qui
3419 2842 3542 2890 sunt

1959 2919 2076 2992 ejus
2101 2921 2120 2994 (
2137 2921 2179 2977 ll
2209 2921 2338 2975 Tim.
2367 2939 2424 2986 ιι,
2455 2923 2567 2992 19).
2594 2925 2672 2978 Ac
2699 2937 2792 2990 per
2823 2924 2943 2990 hoc,
2971 2938 3072 2978 nec
3095 2924 3314 2980 credere
3338 2925 3542 2994 potuisn

1958 3027 2095 3078 sem,
2141 3013 2239 3068 nisi
2269 3029 2355 3068 me
2385 3013 2476 3068 Dei
2517 3014 2879 3068 misericordia
2911 3016 3291 3083 praevenisset;
3333 3025 3389 3071 et
3416 3016 3538 3085 quin

1957 3112 2198 3157 mortuos
2219 3103 2462 3168 suscitat,
2492 3112 2546 3156 et
2572 3111 2724 3156 vocat
2750 3118 2813 3157 ea
2839 3119 2957 3173 qua:
2982 3118 3090 3158 nou
3115 3113 3258 3167 sunt,
3288 3113 3534 3174 tanquam

1957 3209 2075 3263 qua:
2099 3200 2257 3260 sunt,
2286 3209 2372 3248 me
2401 3193 2452 3246 in
2492 3193 2710 3246 occultis
2735 3193 3006 3260 vocando,
3032 3202 3085 3248 et
3121 3194 3455 3258 suscitando,
3486 3202 3542 3249 et

1959 3285 2239 3351 trahendo,
2266 3301 2294 3336 a
2321 3283 2554 3338 tenebris
2583 3283 2872 3348 eduxisset,
2898 3293 2953 3338 et
2975 3284 3039 3337 ad
3070 3284 3247 3339 lumen
3267 3283 3393 3339 ﬁdei
3419 3299 3540 3352 per-

1956 3377 2214 3432 duxisset.
2259 3365 2384 3431 Ideo
2425 3377 2665 3445 sequitur
2692 3393 2703 3427 :
2727 3373 2796 3428 Et
2835 3391 2980 3429 mane
3008 3377 3168 3428 oratio
3209 3391 3320 3430 mea
3349 3390 3540 3444 prtere-

1952 3472 2056 3523 su'et
2095 3479 2158 3521 te.
2205 3468 2321 3524 Jam
2351 3483 2543 3534 mane,
2588 3476 2930 3536 posteaquam
2973 3482 3078 3522 nox
3123 3467 3444 3522 inﬁdelitatis
3483 3477 3539 3523 et

1957 3561 2189 3616 tenebrae
2222 3559 2562 3612 transierunt.
2595 3557 2747 3624 Quod
2772 3572 2925 3612 mane
2948 3567 3005 3610 ut
3029 3557 3157 3612 milii
3181 3566 3345 3623 esset,
3373 3556 3537 3612 mise-

1951 3651 2182 3707 ricordia
2221 3650 2438 3720 quidem
2479 3658 2566 3703 tua
2611 3649 2866 3718 prmvcnit
2909 3663 2998 3704 me
3026 3665 3040 3700 :
3073 3648 3165 3702 sed
3209 3648 3330 3717 quia
3372 3655 3539 3702 restat

1953 3743 2040 3796 illa
2079 3741 2417 3803 elariticatio,
2449 3740 2537 3794 ubi
2583 3740 3016 3795 illuminsbuntur
3037 3739 3247 3795 occulta
3287 3739 3538 3795 tenebra-

1953 3851 2095 3901 rum,
2121 3842 2176 3890 et
2201 3831 2683 3888 manifestabuntur
2727 3831 3074 3900 cogitationes
3109 3832 3309 3896 cordis,
3345 3842 3398 3885 et
3420 3832 3536 3888 laus

1949 3925 2054 3979 erit
2093 3923 2378 3992 unicuique
2407 3938 2437 3976 a
2469 3930 2520 3975 te
2558 3921 2611 3990 (Ι
2635 3921 2752 3974 Cor.
2779 3937 2850 3982 tv,
2874 3921 2944 3990 5)
2969 3938 2984 3984 ;
3026 3935 3167 3976 nunc
3194 3921 3246 3974 in
3275 3922 3374 3975 ista
3405 3922 3533 3985 vita,

1951 4016 2006 4070 in
2033 4016 2134 4068 ista
2159 4014 2606 4082 peregrinatione,
2637 4013 2690 4065 in
2718 4013 2817 4065 hac
2841 4012 2958 4066 luce
2987 4012 3128 4075 tidei,
3155 4027 3272 4080 qua:
3301 4012 3355 4065 in
3386 4024 3534 4066 com-

1951 4104 2226 4174 paratione
2249 4103 2586 4159 tenebrarum
2616 4100 2906 4157 inﬁdelium
2931 4101 3040 4170 jam
3077 4101 3191 4156 dies
3223 4109 3328 4167 est,
3356 4099 3450 4155 sed
3477 4099 3535 4160 in

1951 4193 2351 4263 comparatione
2391 4193 2496 4248 dici
2547 4191 2637 4247 ubi
2684 4190 2980 4247 videbimus
3023 4191 3158 4246 facie
3199 4190 3268 4246 ad
3319 4189 3531 4258 faciem,

1951 4283 2127 4339 adhuc
2150 4298 2255 4338 nox
2280 4293 2383 4348 est,
2411 4282 2585 4337 adhuc
2608 4283 2769 4337 oratio
2794 4297 2904 4335 meo
2929 4282 3192 4352 prameniet
3221 4290 3286 4336 te.

1953 4406 1958 4416 -
2023 4377 2112 4431 14.
2137 4373 2286 4447 [verm
2313 4373 2424 4445 15.]
2450 4373 2522 4430 Ut
2540 4381 2716 4429 autem
2744 4373 2844 4429 ista
2868 4372 3129 4428 fervescat
3147 4379 3203 4426 et
3221 4379 3536 4427 exerceatur

1949 4467 2144 4534 oratio,
2171 4465 2312 4536 quod
2341 4465 2497 4520 nobis
2522 4473 2778 4534 quantum
2805 4463 3088 4532 expediat,
3119 4462 3302 4528 nullis,
3331 4471 3392 4516 ut
3412 4461 3533 4531 opi-

1951 4575 2070 4622 nor,
2096 4557 2270 4612 verbis
2296 4556 2546 4625 explicari
2574 4563 2755 4624 potest
2779 4571 2794 4620 ;
2824 4555 3063 4609 diﬁ‘ertur
3088 4555 3285 4609 bonum
3312 4551 3452 4622 quod
3478 4552 3533 4607 in

1950 4660 2204 4705 aeternum
2259 4647 2504 4710 dabitur,
2550 4656 2605 4702 et
2648 4646 2784 4700 mala
2833 4647 3120 4700 transitura
3165 4644 3530 4700 crebrescunt.

1951 4741 2076 4796 Ideo
2115 4740 2352 4809 sequitur
2395 4756 2408 4791 :
2455 4737 2665 4808 thuid,
2708 4735 2944 4801 Domine,
2989 4734 3218 4806 repulisti
3259 4735 3535 4788 orationem

1950 4833 2156 4887 meam?
2185 4831 2296 4887 lloc
2325 4841 2380 4887 et
2406 4830 2456 4884 in
2487 4829 2587 4884 illis
2615 4829 2790 4884 verbis
2817 4828 3016 4884 dictum
3047 4838 3162 4894 est,
3190 4826 3331 4882 Deus
3349 4867 3364 4892 ,
3400 4826 3534 4881 Deus

1950 4941 2111 4989 meus,
2142 4923 2330 4992 respice
2355 4923 2409 4975 in
2439 4937 2554 4986 me;
2584 4921 2762 4990 utquid
2786 4936 2863 4974 me
2889 4919 3193 4989 dereliquisti
3221 4917 3390 4990 (Psal.
3418 4931 3529 4980 xxI,

1949 5014 1983 5068 2
2003 5013 2068 5084 )?
2108 5014 2277 5066 Causa
2305 5010 2672 5081 cognoscenda
2703 5010 2969 5080 proposita
2995 5018 3078 5064 est
3096 5050 3110 5070 .
3139 5024 3245 5063 non
3284 5017 3532 5074 tanquam

1949 5107 2064 5161 sine
2093 5119 2250 5160 causa
2279 5103 2380 5158 hoc
2409 5104 2607 5158 iaceret
2647 5102 2743 5156 Dei
2771 5101 2979 5170 culpata
3007 5102 3022 5131 ¹
3048 5099 3304 5168 sapientia
3335 5115 3348 5151 :
3381 5099 3452 5150 ita
3479 5106 3534 5152 et

1950 5197 2056 5264 hic,
2084 5195 2292 5264 thuid,
2315 5192 2551 5260 Domine,
2576 5192 2807 5263 repulisti
2831 5191 3107 5244 orationem
3131 5186 3336 5240 nteant?
3363 5185 3532 5255 llujus

1950 5298 2128 5342 tamen
2158 5287 2234 5340 rei
2261 5299 2419 5340 causa
2459 5283 2505 5338 si
2545 5283 2826 5353 diligenter
2860 5281 3199 5343 advertatur,
3225 5277 3336 5348 jam
3375 5291 3534 5346 supe-

1949 5381 2060 5434 rius
2104 5377 2330 5431 indicata
2373 5383 2455 5429 est
2504 5391 2517 5426 :
2564 5373 2630 5427 ad
2698 5373 2799 5428 boc
2842 5371 2983 5426 enim
3015 5370 3183 5424 oratio
3224 5376 3532 5424 sanctorum

1948 5467 2203 5523 dilatione
2232 5466 2361 5520 tanti
2391 5463 2660 5530 beneﬁcii,
2695 5472 2750 5518 et
2791 5461 3183 5516 tribulationum
3209 5457 3532 5515 adversitatc

1949 5562 2099 5632 quasi
2145 5557 2454 5630 repellitur,
2487 5567 2545 5613 ut
2575 5567 2820 5626 tanquam
2861 5553 2997 5624 ignis
3023 5551 3152 5609 ﬂatu
3184 5566 3531 5624 repercussus

1951 5652 2306 5710 inﬁammetur
2329 5648 2621 5705 ardentius.

2027 5768 2043 5798 ί
2077 5765 2150 5815 sic
2173 5769 2281 5814 uss.
2305 5762 2418 5814 Edd.
2443 5773 2580 5822 vero.
2599 5756 2803 5812 occulta.
