4084 6478
589 334 724 391 lll9

661 450 749 503 15.
780 450 942 520 lucra.
969 451 1183 525 16-19.)
1212 455 1528 527 Exsequitur
1550 458 1725 529 itaque
1750 459 1980 518 breviter
1999 465 2159 519 etiam

584 541 952 598 tribulationes
994 547 1235 616 corporis
1277 548 1495 603 Christi.
1540 550 1724 621 Neque
1770 556 1908 607 enim
1950 555 2002 608 in
2044 557 2160 611 solo

581 630 756 699 capite
782 630 936 688 facta:
960 644 1112 702 sunt,
1150 652 1270 693 cum
1297 647 1350 693 et
1377 638 1539 695 Saulo
1565 639 1763 697 dictum
1794 643 1883 709 sit,
1915 644 2049 709 Quid
2081 662 2161 700 me

579 726 888 793 persequeris
915 726 1050 794 (Act.
1078 744 1129 782 ix
1150 770 1165 795 ,
1194 727 1303 801 4)?
1340 738 1395 786 et
1419 731 1531 801 ipse
1551 732 1659 802 jam
1685 734 1881 793 Paulus
1908 744 2155 805 tanquam

579 812 806 869 electum
836 816 1131 871 membrum
1172 818 1226 873 in
1267 819 1456 876 eodem
1485 835 1710 891 corpore
1754 825 1953 892 positus
1991 825 2153 891 dicat,

587 920 606 953 ι
642 903 712 959 Ut
748 906 1019 975 suppleam
1060 923 1179 976 quae
1221 910 1415 966 desunt
1452 927 1820 981 pressurarum
1861 916 2057 972 Christi
2100 917 2154 972 in

579 1007 740 1053 carne
764 1011 880 1051 mea
906 1014 924 1047 ι
952 996 1167 1069 (Colon.
1190 1016 1229 1067 ι,
1250 1001 1366 1070 24).
1391 1019 1409 1053 ι
1438 1002 1629 1074 thuid
1662 1023 1680 1056 ι
1707 1020 1833 1076 ergo
1858 1024 1877 1057 ι
1907 1006 2151 1077 Domine,

578 1086 816 1155 repulisti
858 1089 1151 1145 oralionem
1196 1108 1369 1147 meam
1396 1136 1411 1161 ,
1452 1097 1693 1151 avertis‘
1725 1098 1909 1153 faciem
1950 1108 2092 1155 tuam
2121 1117 2152 1158 a

575 1179 701 1232 me?
728 1178 886 1249 Inops
909 1196 1026 1236 sum
1052 1198 1171 1254 ego,
1194 1194 1248 1239 et
1274 1186 1325 1241 in
1352 1187 1621 1244 laboribus
1646 1205 1676 1244 a
1701 1190 1975 1259 iuventute
1998 1209 2151 1261 mea;

573 1269 835 1325 exaltatus
878 1282 1053 1326 autem
1103 1274 1408 1331 humiliatus
1458 1294 1575 1332 sum
1626 1289 1680 1334 et
1729 1282 2077 1337 conturbatus
2105 1287 2149 1340 ².

576 1358 632 1413 In
662 1376 747 1415 me
780 1364 1105 1420 transierunt
1132 1368 1225 1421 ira:
1255 1378 1387 1435 tutae,
1421 1378 1477 1423 et
1502 1379 1731 1426 terrores
1762 1375 1832 1428 tui
1862 1377 2153 1432 conturba-

572 1460 761 1504 verunt
787 1467 891 1507 me.
933 1454 1409 1512 Circumdederuut
1448 1474 1533 1513 me
1561 1461 1698 1514 sicut
1739 1478 1874 1532 aqua
1906 1474 2011 1520 tota
2042 1467 2149 1533 die,

573 1540 1044 1598 circumdederunt
1085 1559 1170 1599 me
1199 1545 1376 1600 simul.
1425 1547 1605 1619 Longe
1632 1549 1802 1606 fecisti
1832 1568 1861 1607 a
1891 1570 1985 1611 me.
2013 1557 2151 1610 ami-

571 1646 693 1686 cum
718 1633 759 1700 3,
783 1643 837 1688 et
858 1644 1010 1689 notos
1034 1651 1183 1691 meos
1210 1652 1241 1691 a
1268 1639 1500 1693 miseria.
1529 1659 1547 1692 ι
1572 1641 1918 1714 Contigerunt
1941 1654 1994 1701 et
2015 1663 2150 1703 con-

574 1724 781 1793 tingunt
822 1725 995 1778 omnia
1029 1727 1142 1781 haec
1167 1727 1219 1781 in
1263 1730 1519 1787 membris
1552 1735 1795 1804 corporis
1839 1736 2054 1792 Christi.
2086 1740 2152 1794 Et

570 1815 760 1866 avertit
788 1813 927 1867 Deus
955 1814 1021 1868 ab
1056 1818 1329 1872 orantibus
1353 1818 1564 1888 faciem,
1597 1839 1701 1879 non
1729 1827 2061 1884 exaudiendo
2084 1830 2150 1886 ad

569 1900 620 1954 id
651 1903 790 1971 quod
817 1904 1039 1969 volunt,
1079 1907 1293 1976 quando
1322 1909 1421 1965 sibi
1464 1914 1707 1969 nesciunt
1751 1932 1854 1971 non
1901 1920 2150 1988 expedire

565 1994 706 2062 quod
729 2004 931 2063 petunt.
972 1997 1037 2051 Et
1061 1999 1214 2068 inops
1239 2012 1321 2056 est
1346 2003 1600 2071 Ecclesia,
1624 2022 1745 2061 cum
1774 2011 1940 2065 eSurit
1963 2023 2017 2066 et
2039 2013 2151 2068 sitit

565 2083 863 2152 peregrina,
888 2086 1025 2141 unde
1049 2089 1271 2143 satietur
1293 2092 1345 2146 in
1374 2098 1561 2161 patria.
1600 2095 1668 2151 Et
1697 2098 1749 2151 in
1776 2098 2043 2169 laboribus
2067 2110 2151 2159 est

562 2189 593 2226 a
630 2174 907 2243 jnventute
956 2193 1049 2233 sua
1085 2198 1098 2234 :
1138 2181 1307 2250 ipsum
1350 2186 1492 2240 enim
1537 2202 1730 2258 corpus
1757 2190 1952 2247 Christi
1997 2203 2050 2249 et
2094 2196 2146 2251 in

563 2270 668 2325 alio
694 2273 897 2341 psalmo
922 2274 1080 2340 dicit,
1119 2277 1269 2349 Saepe
1292 2280 1703 2351 expugnaverunt
1730 2302 1809 2339 me
1834 2302 1866 2339 a
1885 2288 2149 2357 juventute

560 2378 673 2415 mea
703 2362 869 2439 (Psal.
901 2381 1117 2432 cxxvut,
1144 2367 1220 2439 l).
1264 2369 1327 2425 Et
1352 2372 1417 2425 ad
1446 2373 1548 2428 hoc
1573 2376 1874 2432 exaltantur
1898 2379 2058 2434 etiam
2089 2382 2143 2436 in

561 2438 757 2507 stet-uio
784 2456 886 2510 isto
914 2457 1156 2526 quaedam
1179 2438 1419 2516 membra
1446 2462 1582 2531 ejus,
1613 2474 1668 2520 ut
1704 2466 1755 2519 in
1782 2468 1860 2522 eis
1885 2470 1953 2523 sit
1978 2470 2148 2539 major

563 2541 852 2599 humilitas.
903 2547 971 2600 Et
1008 2562 1169 2615 super
1207 2550 1377 2619 ipsum
1416 2567 1626 2622 corpus,
1676 2556 1726 2610 id
1767 2565 1850 2611 est
1887 2560 2143 2616 unitatem

561 2641 869 2690 sanctorum
912 2646 1072 2712 atque
1107 2638 1379 2714 ﬁdelium,
1428 2644 1511 2697 cui
1558 2655 1716 2720 caput
1755 2657 1836 2708 ρει
1874 2647 2141 2725 Christus,

562 2737 839 2785 transerunt
866 2731 959 2786 ira:
986 2734 1113 2800 Dei;
1154 2750 1257 2791 non
1288 2749 1464 2793 autem
1492 2754 1707 2797 manent
1733 2760 1747 2798 :
1782 2746 1903 2814 quia
1942 2764 2046 2802 non
2076 2750 2144 2805 de

561 2817 720 2884 fideli,
755 2821 848 2876 sed
878 2822 943 2877 de
976 2824 1171 2880 inﬁdeli
1199 2826 1394 2882 dictum
1418 2840 1498 2884 est
1517 2874 1532 2897 ,
1562 2831 1653 2886 Ira
1677 2833 1777 2888 Dei
1800 2847 1967 2891 manet
1993 2855 2144 2909 super

560 2922 670 2959 eum
698 2907 877 2976 (Joan.
908 2927 985 2979 ιιι,
1010 2913 1079 2968 56
1097 2913 1138 2987 ).
1172 2916 1499 2975 Et'terrores
1527 2922 1618 2977 Dei
1644 2926 1965 2981 conturbant
1989 2907 2139 2984 infir-

550 3001 796 3054 anitatem
827 3002 1058 3058 ﬁdelium
1086 3023 1100 3071 ;
1140 3008 1262 3076 quia
1294 3024 1452 3065 omne
1492 3014 1630 3083 qum]
1670 3016 1913 3072 accidere
1943 3030 2136 3089 potest,

556 3090 766 3145 etiamsi
793 3108 897 3147 non
925 3096 1150 3159 accidat,
1180 3099 1472 3167 prudenter
1496 3104 1733 3159 timetur.
1766 3107 1829 3161 Et
1852 3108 2139 3178 aliquando

558 3187 790 3236 terrores
830 3184 928 3253 ipsi
976 3186 1047 3240 ita
1095 3190 1413 3245 conturbant
1450 3194 1683 3249 animum
1723 3199 2002 3267 cogitantis
2030 3204 2135 3257 cir-

556 3274 1034 3342 cumpendentibus
1059 3280 1232 3347 malis,
1256 3291 1313 3335 ut
1338 3284 1474 3339 sicut
1495 3300 1628 3355 aqua
1653 3287 1885 3360 undique
1908 3292 2138 3348 circum-

556 3360 721 3417 ﬂuere
762 3364 1066 3432 videantur,
1119 3376 1172 3423 et
1215 3371 1373 3427 simul
1412 3375 1742 3432 circumdare
1789 3390 2132 3437 metuentem.

555 3451 621 3505 Et
649 3454 769 3521 quia
799 3454 1049 3510 Ecclesia:
1074 3458 1126 3511 in
1153 3458 1253 3513 hoc
1280 3461 1477 3517 mundo
1508 3467 1861 3535 peregrinanti
1902 3471 2001 3525 ista
2027 3487 2134 3527 non

553 3542 765 3609 desunt,
794 3543 919 3598 dum
945 3547 1105 3603 modo
1132 3548 1183 3602 in
1214 3550 1317 3615 his,
1342 3553 1500 3609 modo
1526 3555 1576 3607 in
1605 3556 1708 3611 illis
1733 3560 1989 3616 membris
2017 3562 2132 3631 ejus

554 3640 934 3704 usquequaque
974 3639 1325 3709 contingunt;
1373 3643 1492 3699 ideo
1518 3645 1683 3713 dixit,
1715 3656 1818 3701 tota
1846 3650 1929 3707 die
1949 3693 1963 3716 ,
2000 3667 2131 3707 con-

554 3722 901 3780 tinuationem
930 3728 1230 3797 signiﬁcans
1263 3735 1519 3803 temporis
1540 3776 1554 3801 ,
1583 3735 1753 3792 donec
1777 3740 1992 3795 ﬁniatur
2030 3743 2131 3800 hoc

552 3815 825 3868 steculum.
868 3817 933 3870 Et
967 3832 1109 3887 saepe
1140 3822 1295 3876 amici
1337 3831 1392 3877 et
1417 3826 1525 3878 noti
1556 3827 1915 3895 periclitantes
1939 3848 2132 3888 secun-

550 3903 675 3957 dum
698 3907 971 3972 steculum,
995 3920 1206 3965 sanctos
1229 3912 1512 3971 formidine
1536 3917 1823 3974 deserunt:
1848 3922 1916 3977 de
1936 3925 2129 3994 quibus

547 3992 672 4048 dicit
700 3997 985 4064 Apostolus
1004 4041 1018 4063 ,
1055 4000 1240 4056 Omnes
1269 4020 1347 4057 me
1373 4006 1716 4077 reliquerunt;
1755 4027 1855 4066 non
1884 3992 1990 4068 illis
2027 4018 2127 4071 im—

548 4093 750 4154 putetur
776 4085 855 4158 (ll
882 4087 1010 4141 Tim.
1039 4106 1107 4155 iv,
1138 4090 1263 4161 l6).
1294 4094 1399 4149 Sed
1431 4097 1615 4167 utquid
1642 4098 1757 4155 hare
1781 4105 1959 4159 omnia
1978 4146 1991 4171 ,
2026 4108 2127 4162 nisi

547 4182 607 4227 nt
646 4176 818 4228 oratio
858 4177 1013 4246 hujus
1050 4182 1219 4235 sancti
1259 4186 1498 4252 corporis
1539 4202 1728 4254 mane,
1773 4191 1825 4246 id
1865 4203 1968 4259 est,
2008 4207 2128 4264 post

546 4272 756 4319 noctem
802 4266 1127 4324 inﬁdelitatis
1170 4272 1222 4325 in
1276 4273 1394 4329 luce
1439 4275 1562 4330 ﬁdei
1608 4282 1895 4347 praeveniat
1933 4285 2122 4354 Deum,

543 4353 717 4410 donec
736 4358 912 4413 veniat
936 4361 1079 4416 salus
1115 4362 1223 4427 illa,
1250 4364 1301 4419 in
1332 4367 1484 4435 cujus
1519 4370 1752 4427 nondum
1787 4390 1866 4442 re,
1898 4378 1990 4432 sed
2012 4378 2123 4447 jam

542 4461 640 4515 spe
675 4448 803 4501 salvi
838 4449 960 4504 facti
988 4465 1192 4520 sumus,
1214 4470 1440 4526 eamque
1460 4474 1580 4513 cum
1611 4463 1862 4532 patientia
1898 4467 2125 4524 ﬁdeliter

542 4536 917 4610 exspectamus
960 4544 1133 4615 (Rom.
1162 4564 1283 4613 vui,
1308 4549 1539 4624 24,25)
1564 4554 1589 4606 ?
1626 4555 1723 4610 Ubi
1766 4574 1866 4613 nec
1904 4563 2123 4629 repellet

541 4631 799 4687 Dominus
828 4636 1120 4695 orationem
1149 4649 1405 4707 nostram,
1433 4646 1681 4714 quoniam
1714 4657 1839 4705 tunc
1863 4653 1993 4707 nihil
2019 4656 2122 4711 erit

542 4724 862 4791 petendum,
892 4728 984 4782 sed
1014 4731 1267 4801 quidquid
1306 4736 1451 4791 recte
1492 4740 1713 4808 petitum
1740 4751 1841 4810 est,
1870 4746 2120 4804 obtinen~

538 4810 711 4867 dum:
746 4830 844 4870 nec
888 4816 1077 4874 faciem
1126 4837 1274 4877 suam
1322 4836 1526 4881 avertet
1568 4844 1598 4882 a
1641 4832 1816 4899 nobis,
1868 4840 2117 4904 quoniam

535 4902 833 4960 videbimus
858 4922 980 4961 eum
1019 4911 1175 4965 sicuti
1201 4923 1283 4968 est
1313 4914 1367 4985 (l
1392 4915 1547 4970 .loan.
1574 4935 1651 4985 ιιι,
1680 4920 1736 4993 2)
1766 4940 1777 4975 :
1809 4902 1907 4979 nec
1933 4927 2117 4999 inopes

535 4995 767 5062 erimus,
812 5000 935 5068 quia
964 5004 1114 5073 capia
1159 5016 1338 5060 nostra
1380 5008 1492 5077 ipse
1523 5011 1665 5067 Deus
1708 5015 1811 5070 erit
1840 5022 2017 5074 omnia
2062 5023 2114 5078 in

534 5085 783 5141 omnibus
810 5089 867 5159 (l
892 5090 1009 5145 Cor.
1034 5110 1122 5161 xv,
1145 5095 1236 5168 28)
1264 5116 1277 5151 :
1308 5113 1405 5153 nec
1425 5100 1804 5174 laborabimus,
1829 5111 1948 5178 quia
1974 5114 2113 5169 nulla

533 5180 830 5235 remanebit
872 5183 1149 5240 inﬁrmitas
1184 5204 1197 5241 :
1231 5203 1328 5243 nec
1367 5192 1587 5247 exaltati
1628 5193 2025 5257 humiliabimur
2061 5214 2110 5261 et

532 5270 995 5341 conturbabimur,
1036 5277 1161 5345 quia
1202 5279 1344 5333 nulla
1393 5280 1465 5335 ibi
1507 5283 1610 5337 erit
1648 5286 1982 5346 adversitas:
2014 5311 2111 5351 nec

533 5358 663 5414 iram
691 5362 784 5418 Dei
812 5366 891 5420 vel
930 5375 1296 5426 transeuntem
1325 5375 1726 5447 sustinebimus,
1751 5384 1871 5450 quia
1909 5384 1959 5439 in
1994 5386 2110 5457 ejus

594 5493 609 5558 ξ
645 5495 837 5558 διοῂιιιεε.
865 5504 920 5547 At
941 5498 1073 5558 Edd.,
1097 5502 1325 5552 avertisti.

591 5555 611 5624 ξ
647 5554 998 5629 Melioris_not_a_2
1019 5554 1142 5629 Mss,
1166 5564 1411 5629 confusus,
1426 5566 1564 5629 juxta
1593 5574 1720 5629 LXX.
1748 5578 1963 5625 Attamen
1991 5578 2109 5629 infra

528 5613 925 5725 gtgfurespondet
942 5620 1075 5685 illud,
1102 5613 1190 5675 nec
1212 5613 1411 5679 ciuitati
1426 5613 2110 5690 ’ἔῶὶὲιὶὶῖὸὶιῗ

560 5712 750 5790 ”ί’”έά(ι.
766 5742 962 5808 addunt,
979 5749 1027 5797 et
1046 5748 1319 5809 proximum
1338 5763 1356 5802 :
1376 5753 1505 5817 quod
1527 5754 1668 5807 abest
1688 5768 1716 5807 a
1738 5763 1845 5811 Mss.
1864 5768 1917 5813 et
1931 5774 1960 5813 a
1978 5768 2105 5814 Lxx.

1813 348 1870 405 S.
1906 350 2273 415 AUGUSTINI
2314 356 2619 418 EPISCOPI

2271 468 2595 542 benignitate
2623 489 2870 536 manente
2894 483 2909 514 ¹
2934 490 3266 549 manebimus
3298 513 3311 551 :
3343 512 3442 554 nec
3473 508 3706 559 terrores
3734 509 3853 575 ejus

2269 575 2367 615 nos
2407 567 2818 639 conturbabunt,
2858 575 2980 643 quia
3021 583 3280 648 promissa
3331 588 3535 645 reddita
3577 608 3678 649 nos
3720 567 3865 650 hctu-

2267 648 2438 705 bunt’
2466 672 2479 709 :
2510 670 2607 711 nec
2634 661 2848 718 territus
2874 664 3029 738 longe
3067 669 3159 726 ﬁet
3182 688 3213 728 a
3247 677 3399 733 nobis
3438 691 3597 738 notus
3632 693 3689 741 et
3718 688 3853 742 ami-

2267 755 2382 811 cus,
2415 747 2502 800 ubi
2532 751 2708 807 nullus
2735 754 2837 809 erit
2864 759 2950 827 qui
2983 761 3230 819 timeatur
3263 769 3527 828 inimicus.

2585 919 2669 979 IN
2710 922 3090 990 PSALMUM
3130 932 3525 1004 LXXXVIII

2845 1025 2974 1080 ENA
2986 1028 3260 1089 RRATIO.

2858 1132 3028 1175 sanato
3066 1136 3082 1174 ι
3140 1123 3238 1195 (α).

2699 1203 2780 1260 De
2817 1210 2981 1277 prima
3018 1224 3160 1284 parte
3188 1215 3406 1277 Psalmi.

2336 1311 2384 1364 ί.
2418 1310 2567 1384 [vers.
2599 1316 2675 1389 1.]
2702 1319 2971 1379 Psalmum
3000 1326 3182 1397 istum,
3224 1332 3292 1387 de
3325 1350 3431 1403 quo
3466 1337 3613 1409 loqui
3648 1359 3848 1414 propo-

2259 1399 2461 1456 suimus
2498 1403 2753 1462 Charitati
2782 1409 3021 1482 Vestrae,
3057 1418 3291 1477 donante
3332 1399 3577 1496 Domino,
3619 1399 3851 1505 accipite

2259 1487 2325 1544 de
2354 1505 2448 1561 spe
2484 1510 2641 1563 quam
2687 1498 2944 1558 habemus
2986 1506 3038 1560 in
3073 1508 3284 1568 Christo
3309 1514 3435 1570 Jesu
3478 1487 3850 1580 ιιοὶηιηίόίὶι-όῖ

2258 1589 2371 1635 stro
2400 1601 2414 1637 :
2444 1594 2499 1639 et
2537 1586 2725 1657 erigite
2764 1592 2992 1662 animos,
3036 1600 3158 1666 quia
3204 1602 3293 1657 ille
3334 1607 3423 1675 qui
3462 1612 3727 1680 promisit,
3772 1614 3849 1670 ita

2257 1685 2449 1731 Caetera
2492 1681 2856 1750 completurus
2897 1696 3017 1753 est,
3064 1701 3120 1745 nt
3163 1696 3326 1749 multa
3381 1701 3689 1770 complevit.
3747 1705 3850 1760 Dat

2258 1765 2400 1820 enim
2424 1768 2578 1825 nobis
2602 1771 2669 1827 ad
2708 1788 2827 1829 eum
2862 1776 3127 1846 ﬁduciam,
3154 1799 3260 1839 non
3286 1789 3532 1845 meritum
3575 1802 3845 1862 nostrum,

2256 1855 2349 1910 sed
2378 1856 2520 1912 illius
2545 1861 2931 1922 misericordia.
2962 1869 3028 1926 Et
3052 1871 3165 1951 ipse
3186 1882 3288 1942 est,
3311 1888 3566 1946 quantum
3587 1883 3843 1951 arbitror,

2253 1942 2550 2002 Intellectus
2577 1949 2777 2007 zEt/zan
2808 1954 3056 2014 Israelin
3122 1963 3185 2034 b)
3214 1982 3228 2030 ;
3277 1942 3416 2024 unde
3462 1971 3562 2028 iste
3600 1942 3845 2043 psalmus

2256 2036 2463 2092 titulum
2492 2044 2714 2109 accepit.
2744 2045 2953 2103 Videris
2976 2050 2996 2081 ³
3023 2054 3164 2108 enim
3195 2058 3317 2126 quis
3348 2059 3508 2117 homo
3538 2036 3719 2133 fuerit,
3744 2068 3841 2137 qui

2255 2130 2543 2186 vocabatur
2558 2132 2790 2203 jEtban;
2826 2139 3196 2213 interpretatio
3223 2158 3395 2206 tamen
3425 2156 3657 2211 nominis
3683 2130 3847 2228 hujus

2252 2216 2548 2275 Robustum
2577 2223 2791 2281 indicat.
2826 2228 2893 2283 Et
2923 2246 3081 2288 nemo
3121 2235 3172 2290 in
3217 2238 3318 2294 hoc
3353 2245 3551 2300 szeculo
3589 2248 3847 2306 robustus

2250 2316 2354 2371 est,
2401 2309 2503 2365 nisi
2548 2312 2598 2366 in
2645 2328 2741 2385 spe
2786 2320 3156 2387 promissionis
3196 2326 3290 2383 Dei
3336 2347 3351 2383 :
3394 2344 3649 2402 quantum
3696 2340 3841 2395 enim

2250 2400 2442 2458 attinet
2479 2405 2545 2460 ad
2588 2409 2775 2464 merita
2818 2424 2996 2469 nostra
3022 2459 3037 2483 ,
3082 2420 3279 2476 inﬁrmi
3316 2400 3538 2492 sumus;
3582 2441 3840 2499 quantum

2250 2491 2316 2546 ad
2358 2494 2473 2563 ejus
2512 2498 2930 2559 misericordiam
2957 2549 2971 2573 ,
2999 2510 3206 2566 robusti
3251 2528 3458 2574 sumus.
3512 2520 3693 2593 Itaque
3737 2525 3843 2581 iste

2250 2582 2491 2640 inﬁrmus
2532 2590 2581 2642 in
2619 2606 2697 2658 se,
2744 2595 2995 2653 robustus
3046 2600 3101 2662 in
3139 2604 3499 2670 misericordia
3542 2613 3672 2686 Dei,
3713 2617 3842 2679 inde

2248 2678 2427 2753 cmpit.

2316 2777 2370 2831 2.
2411 2778 2577 2851 [verm
2603 2783 2654 2838 2.
2681 2783 2700 2856 ]
2732 2785 3107 2848 Misericordia:
3147 2804 3260 2851 tuas
3280 2838 3292 2862 ,
3320 2796 3537 2856 Domine
3558 2845 3573 2869 ,
3604 2805 3657 2858 in
3684 2816 3839 2863 teter-

2245 2883 2365 2921 num
2391 2872 2598 2925 cantabo
2622 2889 2640 2927 :
2665 2876 2717 2928 in
2754 2883 3125 2947 generationem
3149 2896 3195 2939 et
3231 2893 3600 2957 generationem
3634 2912 3841 2953 annun-

2245 2958 2377 3013 tiabo
2402 2964 2655 3018 veritatem
2680 2976 2815 3023 tuam
2839 2972 2892 3025 in
2911 2989 2995 3028 ore
3019 2992 3148 3030 meo.
3176 2979 3547 3051 Obsequantur
3570 2989 3834 3057 membra,

2243 3048 2431 3122 inquit,
2479 3070 2592 3109 mea
2633 3057 2859 3114 Domino
2894 3079 3053 3121 meo:
3086 3067 3295 3136 hiquor,
3336 3048 3431 3127 sed
3479 3084 3566 3131 tua
3605 3048 3832 3148 loquor;

2241 3142 2550 3196 annuntiabo
2591 3147 2846 3225 veritatem
2876 3161 3011 3206 tuam
3045 3154 3096 3207 in
3143 3173 3229 3211 ore
3254 3176 3381 3214 meo.
3423 3162 3477 3217 Si
3524 3179 3629 3220 non
3671 3168 3834 3224 obse-

2240 3244 2395 3299 quor,
2425 3246 2613 3290 servus
2643 3252 2748 3292 non
2774 3253 2925 3306 sum;
2960 3242 3004 3297 si
3029 3259 3057 3296 a
3083 3260 3169 3300 me
3193 3248 3398 3317 loquor,
3430 3254 3655 3308 mendax
3683 3273 3830 3311 sum.

2240 3317 2380 3388 Ergo
2406 3330 2460 3375 ut
2489 3332 2542 3376 et
2567 3324 2663 3379 abs
2700 3334 2751 3381 te
2779 3327 2950 3384 dicam
2976 3372 2990 3395 ,
3018 3341 3071 3388 et
3099 3350 3197 3405 ego
3224 3337 3417 3405 dicam,
3448 3342 3555 3397 duo
3585 3347 3831 3413 quaedam

2238 3418 2403 3464 sunt:
2452 3428 2614 3468 unum
2660 3422 2829 3483 tuum,
2886 3436 3045 3477 unum
3087 3440 3301 3494 meum;
3356 3432 3553 3488 veritas
3604 3444 3712 3500 tua,
3769 3453 3835 3493 os

2237 3512 2438 3556 meum.
2466 3502 2633 3569 Quam
2663 3521 2789 3575 ergo
2814 3509 3088 3569 veritatem
3117 3518 3427 3587 annuntiat,
3457 3537 3588 3591 quas
3615 3525 3833 3584 miscri-

2236 3589 2444 3644 cordias
2470 3601 2677 3659 cantet,
2705 3597 3000 3655 audiamus.

2307 3679 2358 3733 5.
2402 3678 2423 3750 [
2443 3697 2566 3735 vers.
2597 3683 2690 3755 5.]
2732 3686 2981 3753 Quoniam
3012 3692 3182 3749 dixiin
3206 3736 3219 3758 ,
3248 3696 3315 3751 In
3350 3710 3591 3756 teternum
3627 3707 3828 3761 miseri-

2233 3770 2408 3823 cordia
2442 3774 2792 3841 aediﬁcabitur.
2838 3780 2951 3836 lloc
2984 3793 3172 3851 canto;
3205 3788 3319 3844 haec
3362 3801 3443 3846 est
3486 3796 3681 3851 veritas
3712 3808 3824 3865 tua,

2233 3858 2356 3915 huic
2383 3866 2756 3920 aununtiandte
2794 3872 2957 3926 servit
2988 3888 3049 3927 os
3082 3891 3259 3933 meum
3288 3897 3303 3937 :
3345 3882 3599 3955 Quoniam
3626 3888 3822 3953 dixisti,

2234 3948 2299 4004 In
2346 3962 2586 4009 teternum
2624 3959 2965 4016 misericordia
3013 3954 3369 4035 a’diﬁcabitur.
3420 3974 3545 4040 Sic,
3602 3977 3819 4048 inquis,

2231 4041 2474 4110 aedifico,
2531 4055 2585 4100 ut
2627 4063 2733 4103 non
2780 4050 3087 4110 deStruam:
3133 4062 3383 4128 quoniam
3427 4068 3684 4135 quosdam
3741 4072 3822 4128 sic

2230 4131 2480 4199 destruis,
2509 4145 2565 4190 ut
2594 4154 2697 4191 non
2724 4141 2988 4202 mdiﬁces:
3020 4148 3275 4215 quosdam
3301 4169 3427 4207 vero
3453 4156 3531 4210 sic
3560 4158 3816 4229 destruis,

2230 4230 2288 4275 ut
2314 4223 2560 4279 aediﬁces.
2591 4226 2700 4282 Nisi
2729 4231 2868 4285 enim
2899 4236 3109 4303 quidam
3136 4238 3564 4312 destrucrentur,
3597 4258 3652 4303 ut
3691 4223 3821 4307 mdi;

2230 4311 2514 4368 ﬁcarentur
2535 4358 2550 4380 ,
2583 4332 2686 4372 non
2714 4320 2983 4377 diceretur
3009 4326 3254 4385 Jeremite
3277 4373 3293 4399 ,
3329 4333 3457 4389 Ecce
3481 4339 3626 4405 posui
3662 4350 3707 4391 te
3751 4342 3821 4394 ad

2228 4402 2610 4461 destructionem
2632 4450 2646 4474 ,
2678 4418 2724 4462 et
2748 4412 3131 4481 wdiﬁcationem
3158 4419 3372 4489 (Jerem.
3398 4441 3435 4489 ι,
3462 4402 3577 4497 I0).
3606 4429 3670 4482 Et
3710 4431 3817 4490 uli-

2226 4509 2330 4567 que
2355 4511 2539 4552 omnes
2562 4500 2652 4569 qui
2680 4502 2815 4557 idola
2846 4506 3095 4565 colebant
3120 4521 3172 4566 et
3200 4513 3461 4583 lapidibus
3490 4521 3814 4590 serviebant,

2226 4584 2279 4638 in
2300 4586 2511 4642 Christo
2538 4606 2644 4645 non
2683 4594 3101 4667 aiditicarentur,
3133 4604 3232 4661 nisi
3264 4606 3313 4659 in
3359 4609 3583 4677 pristino
3628 4628 3816 4674 errore

2225 4675 2643 4735 destruerentur.
2673 4682 2896 4752 Rursus,
2922 4690 3022 4743 nisi
3047 4693 3258 4761 quidam
3286 4697 3353 4750 ita
3385 4698 3811 4772 destrucrentur,

2225 4777 2281 4821 ut
2309 4785 2411 4822 non
2436 4771 2853 4841 mdiﬁearenlur,
2888 4794 2993 4855 non
3018 4781 3283 4840 diceretur
3310 4805 3323 4840 :
3350 4787 3587 4846 Destrues
3612 4810 3695 4850 eos
3721 4838 3735 4861 ,
3766 4806 3814 4850 et

2223 4873 2324 4910 non
2367 4860 2640 4929 wdiﬁcabis
2688 4863 2801 4918 illos
2849 4867 3032 4936 (Psal.
3083 4888 3263 4940 xxv",
3315 4877 3409 4949 5).
3452 4880 3674 4951 I’ropter
3716 4860 3813 4943 eos

2283 5216 2301 5293 ξ
2334 5218 2404 5293 eis
2426 5220 2763 5293 PP“°‘.“?§!‘§S-
2789 5228 2850 5293 At.
2865 5224 2996 5293 add.»
3016 5230 3279 5293 ηιαηεηιᾶ.

2280 5280 2301 5349 ξ
2333 5280 2530 5349 ξὶᾳμδε.
2553 5287 2610 5349 At
2624 5282 2754 5340 Edd.,
2773 5283 2904 5349 nobis
2921 5280 3222 5341 obviabwtt.”
3238 5280 3276 5285 ⁷⁷
3328 5306 3335 5311 ‘

2282 5340 2303 5409 ξ
2335 5341 2464 5409 tum,
2489 5340 2733 5409 audieras.
2759 5345 2928 5409 Melius
2951 5356 3078 5409 Mss,
3098 5340 3295 5405 videris.

2335 5378 2443 5388 ,υιη
2492 5378 2649 5391 ...ιι-..ν-
2665 5378 2733 5392 υιυ.
2759 5378 2928 5395 aly-nuo
2951 5378 3055 5398 tum.
3119 5378 3126 5385 '
3209 5378 3223 5402 Ι
3272 5378 3295 5403 ⁷ο

2217 5459 2233 5507 1
2271 5400 2351 5507 Ι(τι)
2388 5378 2582 5510 illaiiitus
2602 5408 2849 5455 matutinis
2872 5408 3002 5459 horis
3025 5386 3078 5461 ιιῖ
3100 5378 3349 5480 ξιιεῖῖῖῖὁιιιιι
3381 5422 3697 5483 quorumdam
3720 5439 3804 5475 cc-

2239 5475 2267 5509 c
2290 5470 2394 5510 trita
2417 5476 2464 5510 e.

2239 5470 2281 5509 cl
2290 5470 2464 5511 tritate.

2280 5523 2351 5599 (ὁ)
2375 5521 2572 5599 Vulgata
2587 5525 2682 5599 hic,
2704 5534 2758 5599 ut
2780 5528 2826 5599 in
2850 5534 3116 5599 superioris
3140 5538 3305 5599 psalmi
3330 5541 3487 5599 titulo,
3510 5546 3752 5596 Eam/cita:
3783 5561 3803 5599 :

2215 5582 2340 5632 forte
2364 5597 2451 5645 pro
2464 5582 2709 5661 Zaraitw.
2734 5591 2815 5646 Qui
2824 5606 2834 5652 ι
2844 5582 2947 5661 quit
2971 5582 3113 5644 I’arali
3121 5582 3316 5661 iiiis,
3331 5582 3798 5657 'ééiié'étﬁui'iﬁiiZ-ni

2216 5652 2268 5692 et
2287 5652 2451 5718 :izman
2490 5646 2571 5716 ﬁlii
2601 5655 2754 5718 Zama;
2790 5646 2913 5718 et'tlt
2940 5662 3053 5718 Reg.
3088 5646 3151 5718 .6,
3176 5646 3254 5718 δι’,

2919 5705 3150 5772 εειῗῖιιιὶἥ
3165 5705 3798 5797 έίὶιεῖἶιὶῦἶξνιῖῠῖ

2216 5766 2460 5831 Ezraltita,
2484 5766 2668 5823 habent
2691 5773 2917 5827 Zaritcm.
