4084 6468
217 361 346 417 ΙΙΞΙ

212 478 354 530 sicut
393 467 702 543 temporalis
746 468 843 523 l'uit
878 468 1031 524 ruina
1080 464 1136 521 in
1164 479 1267 536 qua
1304 464 1683 527 destruantur;
1721 470 1803 515 te-

212 566 330 620 nuit
370 579 433 620 se
470 566 607 629 iste,
636 560 786 632 cujus
827 573 889 615 os
930 558 1093 614 servit
1126 555 1331 611 veritati
1371 554 1503 619 Dei,
1545 551 1614 609 ad
1638 551 1805 621 ipsam

213 658 495 713 veritatem
552 654 666 709 Dei.
718 652 839 708 Ideo
887 647 1231 713 annnntiabo,
1281 646 1401 702 ideo
1454 644 1608 710 dico,
1665 644 1805 710 Qua-

214 749 354 800 niam
399 745 610 808 dixisti;
657 757 877 799 securus
920 740 1081 795 homo
1106 738 1247 805 dico,
1289 737 1537 809 quoniam
1570 744 1625 790 ιιι
1668 735 1807 790 Deus

214 838 399 893 dixisti
436 855 450 891 :
495 836 649 908 quia,
698 834 798 890 etsi
836 846 936 903 ego
979 832 1033 887 in
1085 831 1253 887 verbo
1294 844 1415 885 meo
1457 828 1762 883 ﬂuctuarem
1786 867 1803 892 ,

216 927 384 983 verbo
409 936 505 982 tuo
533 925 899 981 conﬁrmarer.
928 922 1177 990 Quoniam
1207 921 1399 975 dixisti.
1429 918 1563 986 Quid
1586 916 1806 973 dixisti?

219 1018 282 1072 In
310 1027 559 1072 aeternum
586 1014 931 1070 misericordia
955 1011 1303 1081 wdiﬁcabitur.
1347 1008 1416 1063 In
1443 1008 1578 1063 caelis
1605 1022 1807 1077 prtepa-

216 1110 415 1162 rabitur
435 1108 618 1161 veritas
642 1116 758 1182 ‘ua.
790 1102 1068 1173 Quomodo
1094 1101 1336 1172 superius
1355 1142 1370 1167 ,
1397 1100 1468 1155 ita
1497 1099 1550 1153 in
1576 1112 1807 1167 sequen-

221 1198 381 1253 tibus.
414 1196 797 1251 Misericordias
823 1204 935 1248 tuas
954 1234 969 1259 ,
995 1191 1228 1257 Domina,
1260 1190 1462 1259 inquit,
1492 1189 1546 1242 in
1571 1195 1811 1242 teternum

218 1288 437 1341 cantabo
458 1303 477 1341 :
514 1288 569 1340 in
608 1285 976 1357 generationem
1008 1292 1056 1337 et
1096 1281 1462 1351 generationem
1502 1276 1811 1331 annuntiabo

219 1380 479 1433 veritatem
508 1387 648 1431 tuam
685 1377 739 1430 in
764 1392 851 1430 ore
889 1390 1016 1428 meo.
1043 1372 1186 1427 Dixit
1226 1368 1638 1434 misericordias,
1682 1367 1815 1421 dixit

218 1469 540 1532 veritatem;
583 1467 654 1521 ita
680 1478 867 1520 rursus
896 1472 1177 1533 utrumque
1203 1459 1514 1529 conjunxit:
1564 1457 1815 1524 Quoniam

218 1559 398 1612 dixisti
418 1598 434 1623 ,
464 1556 533 1610 In
560 1566 801 1612 telernum
830 1551 1172 1621 misericordia
1202 1549 1549 1620 mdiﬁcabitur.
1583 1546 1648 1602 In
1677 1547 1815 1601 caelis

220 1649 601 1721 preparabitur
639 1646 820 1701 veritas
857 1653 963 1698 tua.
1005 1643 1072 1698 Et
1110 1641 1198 1696 hic
1224 1640 1474 1710 repetivit
1518 1638 1818 1693 misericor-

220 1740 365 1793 diam
397 1747 455 1794 et
477 1739 779 1793 veritatem.
808 1735 1083 1794 Universae
1106 1732 1248 1788 enim
1276 1731 1375 1785 via:
1404 1728 1609 1784 Domini
1652 1727 1815 1781 mise-

220 1829 459 1885 ricordia
504 1837 560 1883 et
602 1828 799 1883 veritas
844 1824 1019 1892 (Psal.
1064 1838 1231 1889 xxxv,
1286 1822 1398 1891 10).
1444 1818 1624 1889 Neque
1672 1817 1814 1872 enim

222 1917 575 1974 exhiberetur
616 1916 811 1972 veritas
849 1915 903 1969 in
931 1912 1237 1984 impletione
1265 1909 1688 1980 promissorum,
1717 1905 1819 1960 nisi

138 2070 145 2077 ,
223 2008 567 2079 praecederet
606 2004 967 2062 misericordia
1018 2004 1073 2057 in
1118 1999 1431 2056 remissione
1459 2005 1815 2068 peccatorum.

228 2099 434 2156 Deinde
452 2142 467 2166 ,
501 2098 755 2169 quoniam
784 2096 977 2168 populo
1000 2094 1163 2149 Israel
1191 2092 1351 2147 etiam
1381 2088 1670 2153 secundum
1700 2103 1819 2165 car-

227 2208 350 2248 nem
378 2191 620 2248 venienti
643 2190 711 2244 de
728 2188 933 2244 semine
957 2184 1184 2240 Abrahae
1206 2182 1462 2253 promissa
1488 2188 1639 2234 erant
1658 2177 1819 2232 multa

227 2285 566 2356 prophetiae,
593 2292 646 2339 et
674 2282 745 2337 ita
776 2281 864 2335 ille
894 2279 1118 2350 populus
1148 2284 1466 2347 propagatus
1495 2279 1577 2327 est
1595 2312 1611 2337 ,
1641 2272 1693 2323 in
1718 2284 1823 2339 quo

230 2374 588 2443 implerentur
616 2371 876 2442 promissa
907 2367 1034 2433 Dei;
1082 2381 1187 2421 non
1238 2373 1415 2419 autem
1450 2359 1642 2416 clausit
1682 2359 1824 2412 Deus

232 2462 439 2520 fontem
459 2462 713 2518 bonitatis
733 2476 844 2516 suae
862 2460 1022 2515 etiam
1044 2457 1096 2512 in
1122 2454 1446 2525 alienigenas
1466 2459 1669 2522 gentes,
1694 2462 1825 2519 quas

232 2554 333 2609 sub
360 2553 587 2624 Angelis
627 2551 1010 2615 constituerat,
1042 2546 1342 2617 portionem
1381 2542 1480 2598 sibi
1506 2541 1706 2619 faciens
1734 2553 1829 2609 po-

231 2646 420 2715 pulum
468 2643 671 2699 lsrael:
729 2643 783 2696 in
840 2641 956 2695 hrec
1003 2638 1109 2694 duo
1154 2645 1210 2693 et
1252 2633 1538 2705 Apostolus
1583 2629 1830 2685 distincte

234 2736 512 2791 distribuit
562 2732 979 2789 misericordiam
1028 2727 1236 2785 Domini
1284 2734 1340 2782 et
1388 2724 1688 2781 veritatem.
1744 2719 1833 2775 Ait

234 2830 379 2884 enim
409 2827 668 2882 Christum
694 2826 981 2879 ministrum
1006 2822 1162 2893 fuisse
1189 2815 1584 2874 circumcisionis
1627 2820 1832 2885 propter

235 2922 497 2976 unitatem
540 2919 656 2985 Dei,
682 2918 750 2971 ad
787 2914 1162 2985 conﬁrmandus
1209 2909 1566 2984 promissiones
1609 2915 1829 2977 patrum.

238 3015 379 3071 Ecce
421 3014 545 3085 quia
583 3027 691 3068 non
719 3009 906 3067 l'el'ellit
948 3009 1134 3073 Deus;
1163 3019 1291 3061 ecce
1332 3002 1455 3073 quia
1493 3015 1601 3057 non
1640 2998 1836 3070 repulit

237 3108 452 3177 plebem
478 3119 631 3162 suam
652 3146 666 3169 ,
697 3118 857 3177 quam
885 3100 1171 3171 praascivit.
1211 3094 1421 3152 Etenim
1456 3107 1578 3149 cum
1607 3091 1676 3148 de
1708 3104 1837 3147 casu

237 3198 551 3254 Judaaorum
582 3200 859 3264 ageretur,
888 3205 956 3246 ne
979 3190 1097 3260 quis
1125 3193 1333 3258 putaret
1356 3183 1434 3239 sic
1472 3182 1592 3237 illos
1632 3180 1835 3250 impro-

238 3293 421 3357 batos,
459 3297 523 3343 ut
566 3286 695 3341 nihil
731 3281 982 3339 frumenti
1024 3295 1096 3336 ex
1126 3279 1215 3333 illa
1259 3273 1604 3332 ventilatione
1628 3272 1683 3327 in
1713 3270 1839 3348 hor-

238 3396 395 3438 reum
444 3378 765 3440 mitteretur,
794 3374 871 3429 ait
914 3371 1238 3442 Apostolus:
1290 3365 1416 3421 Non
1461 3363 1647 3435 repulit
1696 3361 1837 3416 Deus

240 3472 439 3542 plebem
463 3484 629 3531 suam,
656 3481 811 3536 quam
840 3462 1125 3534 prwscivit;
1154 3474 1270 3513 nam
1288 3466 1333 3512 et
1357 3472 1448 3526 ego
1474 3453 1712 3509 Israelita
1729 3462 1840 3506 sum

242 3560 425 3635 (Rom.
457 3575 541 3625 xl,
573 3559 626 3623 l,
656 3556 738 3627 2).
766 3555 822 3611 Si
853 3561 1020 3611 totum
1048 3550 1175 3607 illud
1204 3550 1369 3620 spinae
1394 3549 1627 3611 luerunt,
1652 3542 1792 3599 unde
1821 3544 1835 3575 ‘

242 3667 471 3725 granum
500 3649 651 3705 vobis
677 3646 910 3717 loquor?
936 3645 1075 3715 Ergo
1098 3642 1311 3712 impleta
1336 3647 1419 3694 est
1444 3637 1641 3692 veritas
1665 3636 1756 3691 Dei
1786 3636 1839 3690 in

244 3743 310 3799 iis
339 3742 432 3812 qui
476 3755 543 3796 ex
581 3736 831 3799 lsraelitis
868 3732 1226 3797 crediderunt,
1254 3738 1308 3785 et
1334 3727 1477 3783 venit
1505 3740 1642 3781 unus
1669 3725 1843 3797 paries

246 3835 312 3890 de
348 3831 761 3889 circumcisione
801 3827 1074 3899 applicans
1101 3840 1160 3879 se
1188 3822 1255 3878 ad
1277 3820 1506 3891 lapidem
1531 3818 1838 3890 angularem

249 3926 470 3995 (Ephes.
500 3938 539 3978 ιι
570 3963 587 3989 ,
614 3921 730 3991 20).
758 3918 863 3975 Sed
890 3918 979 3973 ille
1006 3916 1139 3986 lapis
1166 3914 1416 3985 angulum
1455 3926 1559 3966 non
1601 3908 1801 3965 faceret
1824 3949 1840 3974 ,

251 4018 352 4074 nisi
381 4017 549 4072 alium
576 4013 829 4085 parietem
851 4025 915 4065 ex
937 4007 1196 4066 Gentibus
1218 4004 1531 4074 susciperet.
1554 4001 1649 4057 Ille
1668 4001 1846 4070 itaque

252 4109 429 4181 paries
467 4117 718 4177 tanquam
763 4101 975 4173 proprie
1019 4099 1251 4170 pertinet
1292 4095 1360 4151 ad
1403 4094 1699 4157 veritatem,
1748 4093 1849 4147 iste

254 4212 431 4256 autem
461 4198 602 4254 alius
624 4196 692 4252 ad
723 4192 1160 4252 misericordiam.
1187 4189 1314 4244 Dico
1339 4188 1489 4252 enim,
1520 4184 1726 4256 inquit,
1754 4183 1849 4238 Je-

256 4309 367 4345 sum
393 4289 652 4346 Christum
689 4287 974 4340 ministrum
1013 4282 1168 4353 fuisse
1208 4276 1598 4335 circumcisionis
1641 4282 1847 4347 propter

257 4384 513 4438 veritatem
539 4378 667 4446 Dei,
693 4378 762 4431 ad
799 4372 1175 4445 conﬁrmandos
1213 4368 1565 4441 promissiones
1608 4373 1849 4433 patrum;

260 4473 444 4530 Gentes
463 4480 631 4526 autem
649 4485 800 4539 super
823 4464 1166 4522 misericordia
1185 4461 1470 4533 gloriﬁcare
1492 4457 1656 4511 Deum
1674 4455 1849 4527 (Rom.

260 4581 336 4621 xv
354 4607 371 4632 ,
402 4564 472 4631 8,
501 4561 581 4633 9).
609 4560 798 4617 Merito
817 4600 833 4625 ,
866 4557 935 4612 1n
964 4555 1102 4632 caelis
1127 4551 1493 4625 praeparabitur
1516 4548 1699 4603 veritas
1739 4554 1846 4601 tua.

262 4656 477 4716 Etenim
503 4666 691 4709 omnes
716 4652 789 4707 illi
818 4648 1067 4706 Israelita:
1092 4645 1265 4701 vocati
1291 4641 1552 4714 Apostoli,
1581 4640 1703 4695 coeli
1733 4639 1855 4694 lacti

262 4760 390 4806 sunt
424 4746 515 4819 qui
540 4752 792 4802 enarrant
822 4742 1047 4813 gloriam
1087 4738 1201 4794 Dei.
1234 4738 1312 4792 De
1338 4735 1419 4791 his
1445 4733 1595 4790 caelis
1625 4732 1852 4796 dicitur,

265 4839 389 4897 Caeli
412 4842 655 4893 enarrant
684 4834 897 4907 gloriam
933 4828 1030 4884 Dei
1047 4870 1063 4896 ,
1102 4837 1149 4882 et
1175 4844 1328 4898 apera
1354 4839 1598 4878 manuum
1627 4823 1738 4893 ejus
1766 4837 1859 4873 an-

267 4929 464 4982 nuntiat
492 4927 880 4995 ﬁrmamentum.
908 4920 977 4974 Et
1001 4927 1059 4973 ut
1078 4916 1335 4972 noveritis
1355 4914 1420 4967 de
1444 4913 1527 4966 his
1554 4911 1704 4966 caelis
1728 4909 1856 4975 dici,

267 5028 414 5076 certe
459 5018 529 5072 de
570 5015 653 5070 his
692 5016 746 5068 in
789 5008 1135 5081 consequenti
1167 5006 1472 5076 expressius
1513 5002 1708 5056 dictum
1755 5009 1856 5064 est,

272 5106 392 5163 Non
412 5116 532 5162 sunt
550 5103 763 5175 loquelae
782 5116 937 5171 neque
955 5113 1225 5157 sermones,
1242 5108 1455 5165 quorum
1466 5106 1566 5145 non
1584 5088 1861 5142 audiantur

272 5214 413 5251 voces
441 5212 637 5251 eorum.
669 5192 860 5259 Quaere
887 5203 1135 5260 quorum,
1167 5200 1271 5241 non
1304 5181 1543 5263 invenies
1570 5194 1729 5249 supra
1758 5178 1861 5233 nisi

272 5288 554 5344 caelorum.
581 5285 638 5341 Si
665 5297 793 5355 ergo
820 5279 1055 5350 Apostoli
1082 5284 1238 5341 sunt,
1270 5287 1493 5344 quorum
1529 5271 1585 5325 in
1618 5268 1865 5325 omnibus

275 5378 502 5450 loquelis
524 5391 629 5432 vox
654 5373 829 5429 audita
856 5379 961 5437 est,
988 5368 1087 5440 ipsi
1103 5375 1229 5424 sunt
1247 5366 1314 5421 de
1329 5361 1727 5436 quibusdictum
1757 5366 1860 5425 est,

276 5470 343 5524 In
363 5484 567 5524 omnem
603 5475 790 5523 terram
826 5462 945 5518 exiit
974 5477 1126 5517 sonus
1162 5474 1333 5512 eorum
1354 5499 1369 5521 ,
1397 5464 1443 5510 et
1484 5454 1539 5509 in
1575 5453 1701 5523 ﬁnes
1732 5450 1864 5506 orbis

278 5570 422 5616 terra
448 5559 601 5615 verba
626 5571 802 5611 eorum
822 5552 994 5624 (Psal.
1023 5564 1154 5605 xvnt
1170 5590 1185 5615 ,
1211 5549 1247 5603 2
1267 5591 1279 5612 ,
1302 5548 1367 5610 4,
1395 5547 1482 5616 5);
1510 5543 1631 5614 quia
1656 5542 1755 5598 etsi
1782 5555 1867 5597 as-

278 5650 477 5722 sumpti
501 5650 623 5704 hinc
648 5654 775 5705 sunt
806 5651 1088 5716 antequam
1120 5638 1352 5695 Ecclesia
1400 5635 1645 5707 impleret
1680 5631 1862 5688 orbem

341 5807 359 5838 ⁸
394 5803 531 5866 aid,
546 5801 636 5854 hoc
655 5811 876 5867 granum.
900 5796 1065 5859 Abest,
1088 5790 1195 5857 hoc,
1220 5804 1249 5843 a
1269 5788 1549 5843 melioribus
1568 5795 1676 5839 ass.

1221 346 1612 407 ENARRATIO
1643 344 1706 402 IN
1746 344 2063 406 PSALMUM
2100 343 2428 401 LXXXVIII.

3357 348 3494 408 lla!

1914 469 2197 524 terrarum,
2225 470 2399 515 tamen
2448 460 2606 517 verba
2634 475 2817 517 eorum
2849 471 3209 532 pervenerunt
3238 479 3403 535 usque
3431 470 3499 523 ad

1914 550 2171 605 terminos
2197 551 2342 606 orbis
2387 561 2545 607 terrae
2575 571 2589 607 :
2620 552 2757 609 bene
2795 554 3083 624 accipimus
3121 555 3172 610 in
3201 556 3282 611 his
3312 559 3502 627 imple-

1914 649 2023 694 tum
2051 641 2192 710 quod
2220 657 2359 696 nunc
2387 642 2636 713 legimus,
2668 644 2735 699 1n
2762 646 2897 701 caelis
2925 647 3296 717 prteparabitur
3320 667 3367 705 vt
3379 651 3501 704 ritas

1914 740 2021 785 tua.

1982 824 2038 879 4.
2081 822 2251 895 [vers
2308 822 2411 895 4.]
2452 824 2690 896 Disposui
2742 836 3086 882 testamentum
3136 829 3303 884 electis
3354 833 3496 887 meis.

1917 913 2106 969 Dixisti
2150 913 2475 986 (lntelligitis
2503 916 2559 985 ¹)
2606 916 2707 971 hoc
2752 927 2958 973 totum:
3004 920 3204 986 dixisti,
3258 920 3502 991 Disposui

1925 1009 2268 1059 testamentum
2294 1006 2459 1060 electis
2486 1007 2625 1061 meis.
2655 1008 2804 1075 Quod
2835 1018 3233 1077 testamentum,
3270 1013 3369 1066 nisi
3399 1026 3499 1066 no-

1917 1096 2087 1156 vum?
2124 1095 2275 1162 Quod
2320 1104 2717 1179 testamentum,
2768 1100 2867 1153 nisi
2914 1115 3017 1169 quo
3064 1116 3386 1155 renovamur
3431 1102 3501 1156 ad

1916 1203 2109 1241 noram
2152 1187 2551 1243 hereditatem?
2579 1188 2729 1257 Quod
2768 1198 3139 1246 testamentum
3166 1233 3182 1257 ,
3211 1192 3312 1246 nisi
3350 1192 3503 1261 cujus

1920 1278 2246 1335 btercditatis
2293 1279 2557 1335 desiderio
2599 1286 2654 1335 et
2690 1293 2873 1336 amore
2918 1293 3189 1338 cantamus
3233 1285 3501 1338 canticum

1920 1374 2161 1427 novum?
2203 1370 2464 1441 Disposui,
2515 1371 2705 1440 inquit,
2747 1381 3095 1427 testamentum
3141 1372 3304 1429 electis
3355 1375 3499 1430 meis.

1917 1462 2101 1517 Juravi
2127 1461 2293 1515 Dauid
2319 1474 2458 1516 servo
2483 1477 2611 1515 meo.
2644 1461 2811 1528 Quam
2849 1477 3067 1517 securus
3102 1462 3330 1532 loquitur
3368 1464 3466 1518 iste
3486 1504 3501 1528 ,

1921 1553 2007 1623 qui
2032 1552 2295 1621 intelligit,
2318 1550 2468 1621 cujus
2490 1566 2550 1606 os
2570 1552 2733 1607 servit
2750 1551 3000 1606 veritati?
3020 1551 3277 1620 Quoniam
3299 1551 3500 1618 dixisti,

1921 1660 2139 1701 securus
2186 1644 2393 1715 loquor.
2432 1642 2489 1698 Si
2533 1656 2778 1699 securum
2813 1658 2898 1698 me
2936 1642 3086 1707 facis,
3132 1642 3254 1712 quia
3289 1642 3504 1707 dixisti;

1921 1745 2122 1807 quanto
2146 1736 2490 1800 securiorem,
2522 1736 2643 1806 quia
2669 1736 2895 1806 jurasti?
2924 1737 3012 1791 Dei
3044 1736 3238 1806 quippe
3261 1736 3459 1806 juratio
3488 1768 3505 1800 ,

1922 1828 2291 1898 promissionis
2335 1838 2417 1883 est
2454 1827 2806 1882 conﬁrmatio.
2834 1828 2977 1882 Bene
3002 1826 3311 1899 prohibetur
3347 1826 3509 1881 homo

1921 1919 2103 1989 iurare
2132 1916 2344 1992 (Matth.
2370 1934 2425 1983 v,
2457 1916 2578 1990 5t);
2610 1933 2678 1973 ne
2703 1919 3084 1973 consuetudine
3103 1918 3317 1986 jurandi
3340 1959 3354 1983 ,
3384 1918 3509 1987 quia

1925 2017 2101 2079 potest
2149 2009 2309 2065 homo
2352 2009 2492 2076 falli,
2540 2009 2700 2064 etiam
2751 2010 2803 2063 in
2850 2008 3137 2078 perjnrium
3182 2008 3506 2077 prolabatur.

1928 2099 2074 2155 Deus
2101 2101 2248 2154 solus
2276 2114 2496 2155 securus
2516 2099 2680 2169 jurat,
2711 2100 2832 2169 quia
2860 2099 2968 2153 falli
2999 2114 3103 2153 non
3135 2106 3326 2167 potest.

1995 2191 2049 2247 5.
2090 2190 2259 2264 [vers.
2291 2192 2388 2263 5.]
2430 2192 2714 2246 Videamus
2753 2206 2880 2261 ergo
2918 2190 3040 2260 quid
3067 2190 3323 2261 iuraverit
3351 2190 3509 2245 Deus.

1924 2280 2123 2348 Juravi,
2172 2283 2358 2352 inquit,
2396 2282 2561 2335 David
2601 2297 2740 2337 servo
2787 2297 2935 2335 meo:
2980 2298 3135 2350 usque
3181 2283 3234 2335 in
3274 2291 3515 2336 teternum

1929 2376 2228 2446 praeparabo
2256 2392 2425 2429 semen
2462 2385 2621 2428 tuum.
2655 2374 2849 2430 Semen
2893 2373 3054 2428 David
3099 2373 3238 2442 quod
3276 2383 3378 2438 est,
3414 2374 3517 2427 nisi

1927 2481 2108 2522 semen
2133 2465 2394 2521 Abrahae?
2441 2465 2592 2533 Quod
2634 2474 2811 2519 autem
2842 2479 3022 2519 semen
3054 2462 3317 2519 Abrahae?
3344 2460 3410 2518 Et
3437 2481 3519 2518 se-

1930 2557 2073 2621 mini,
2092 2556 2280 2626 inquit,
2302 2566 2406 2621 tuo,
2439 2555 2576 2627 quod
2600 2564 2671 2609 est
2690 2552 2916 2610 Christus
2944 2548 3139 2624 (Colat.
3169 2569 3247 2621 ιιι,
3273 2554 3388 2623 16).
3410 2552 3517 2608 Sed

1932 2649 2067 2702 forte
2095 2647 2185 2703 ille
2229 2645 2474 2702 Christus
2500 2642 2959 2723 caputpEcelesiaa,
3010 2645 3240 2699 salvator
3282 2647 3520 2714 corporis

1935 2738 2149 2813 (Ep/tes.
2180 2753 2233 2804 v,
2264 2735 2380 2808 25),
2419 2751 2604 2792 semen
2646 2722 2731 2791 est
2767 2735 3015 2799 Abrahae,
3070 2743 3124 2789 et
3174 2734 3292 2789 ideo
3322 2734 3517 2799 David;

1933 2843 2034 2885 nos
2052 2837 2228 2882 autem
2274 2842 2381 2882 non
2402 2841 2587 2882 sumus
2633 2839 2814 2881 semen
2845 2822 3107 2880 ΑΙ)ιείιωῖ
3136 2823 3247 2877 lmo
3267 2836 3392 2879 vero
3422 2838 3515 2878 su-

1934 2935 2076 2987 mus,
2104 2921 2241 2975 sicut
2265 2918 2553 2988 Apostolus
2579 2917 2653 2972 ait
2689 2934 2703 2971 :
2736 2913 2799 2971 Si
2821 2926 2988 2969 autem
3024 2931 3110 2968 vos
3152 2913 3355 2979 Christi,
3401 2930 3520 2985 ergo

1935 3010 2152 3067 Abralue
2186 3026 2353 3065 semen
2397 3010 2536 3076 estis,
2565 3005 2839 3063 secundum
2882 3005 3259 3076 promissionem
3300 3005 3524 3059 heredes

1938 3098 2134 3174 (Colat.
2162 3111 2241 3165 ιιι,
2279 3098 2395 3171 29).
2444 3098 2534 3154 Sic
2574 3111 2703 3168 ergo
2752 3095 2838 3152 hic
2910 3095 3252 3165 accipiamus,
3309 3093 3524 3157 fratres.

1944 3189 2112 3264 Usque
2126 3193 2179 3248 in
2204 3201 2444 3247 teternum
2469 3188 2763 3261 prosperabo
2790 3202 2957 3242 semen
2979 3196 3158 3249 tuum;
3178 3199 3284 3239 non
3317 3193 3520 3239 tantum

1940 3287 2083 3344 illam
2139 3298 2355 3339 carnem
2397 3280 2597 3336 Christi
2644 3286 2822 3334 natam
2850 3292 2917 3332 ex
2967 3276 3169 3346 virgine
3206 3275 3391 3342 Maria,
3428 3272 3523 3329 sed

1940 3377 2099 3432 etiam
2126 3388 2223 3429 nos
2252 3386 2438 3429 omnes
2465 3369 2744 3426 credentes
2765 3368 2818 3422 in
2855 3365 3127 3422 Christum
3152 3381 3165 3420 :
3194 3365 3335 3440 illius
3380 3365 3523 3439 enim

1942 3467 2129 3537 capitis
2158 3456 2395 3521 membra
2419 3475 2623 3518 sumus.
2650 3454 2766 3514 Non
2802 3464 2976 3528 potest
3000 3456 3101 3510 hoc
3126 3470 3322 3525 corpus
3347 3453 3529 3510 decol-

1944 3560 2043 3615 lari
2072 3577 2087 3613 :
2118 3559 2163 3613 sl
2203 3558 2255 3613 in
2294 3566 2551 3611 aeternum
2579 3562 2756 3623 caput,
2782 3550 2834 3605 in
2874 3554 3129 3605 aeternum
3158 3549 3451 3620 gloriantur
3474 3556 3530 3603 et

1945 3649 2204 3715 membra,
2260 3655 2317 3702 ut
2361 3646 2431 3700 sit
2478 3644 2567 3700 ille
2604 3642 2848 3698 Christus
2888 3640 3089 3710 integer
3140 3639 3191 3693 in
3249 3647 3530 3693 aeternum.

1952 3740 2117 3812 Usque
2139 3741 2191 3794 in
2205 3748 2446 3794 aeternum
2463 3732 2760 3808 prteparabo
2779 3749 2943 3788 semen
2965 3741 3129 3795 tuum;
3141 3740 3185 3784 et
3199 3724 3459 3799 tediﬁcabo
3478 3730 3533 3783 in

1947 3832 2313 3904 generationem
2328 3838 2374 3882 et
2388 3827 2760 3898 generationem
2780 3823 2945 3877 sedem
2961 3831 3119 3875 tuam.
3138 3820 3412 3884 Putamus,
3434 3824 3534 3873 hoc

1948 3922 2099 3984 dixit,
2123 3921 2174 3974 in
2192 3929 2454 3981 telernum,
2473 3916 2612 3986 quod
2625 3916 2677 3969 in
2694 3914 3062 3985 generationem
3081 3921 3126 3965 et
3141 3912 3534 3981 generationem;

1949 4012 2199 4085 quoniam
2216 4021 2269 4067 et
2288 4025 2448 4079 supra
2469 4009 2694 4072 dixerat,
2720 4005 2786 4058 In
2810 4006 3177 4075 generationem
3193 4010 3236 4054 et
3250 4001 3533 4072 generatio-

1950 4120 2065 4162 nem
2107 4103 2414 4158 annuntiabo
2442 4100 2697 4155 veritatem
2736 4107 2873 4151 tuam
2916 4096 2968 4150 in
2999 4111 3083 4149 ore
3104 4110 3232 4148 meo.
3254 4093 3390 4161 Quid
3429 4100 3532 4158 est,

1952 4198 2005 4252 in
2032 4195 2402 4268 generationem
2424 4202 2471 4247 et
2509 4186 2916 4262 generationem?
2944 4185 3000 4241 In
3049 4199 3261 4239 omnem
3309 4198 3536 4253 genera-

1954 4291 2173 4347 tionem.
2201 4287 2317 4343 Non
2366 4287 2509 4341 enim
2543 4284 2699 4338 toties
2751 4278 3096 4350 repetendum
3147 4284 3264 4333 erat
3292 4276 3534 4343 verbum,

1954 4380 2161 4453 quoties
2188 4375 2461 4449 generatio
2489 4373 2634 4429 venit
2661 4381 2714 4427 et
2746 4371 2951 4425 transit.
3000 4369 3138 4438 Ergo
3169 4366 3539 4436 multiplicatio

1954 4472 2358 4545 generationum
2382 4469 2436 4523 in
2478 4465 2793 4537 repetitione
2841 4459 3132 4532 signiﬁcata
3170 4469 3222 4514 et
3263 4473 3540 4514 commen-

1957 4567 2079 4623 data
2100 4572 2201 4620 est.
2224 4563 2305 4618 An
2329 4561 2462 4616 forte
2479 4558 2599 4613 duae
2623 4554 2994 4628 generationes
3010 4560 3132 4608 sunt
3161 4548 3540 4620 intelligendze,

1959 4660 2096 4717 sicut
2130 4655 2321 4722 nostis,
2352 4653 2492 4707 sicut
2523 4650 2634 4719 jam
2681 4648 3002 4701 insinuatum
3046 4651 3237 4698 vestra:
3286 4637 3544 4695 Charitati

1959 4747 2232 4808 retinetis?
2253 4746 2347 4802 Est
2375 4743 2516 4799 enim
2556 4739 2829 4812 generatio
2864 4750 3006 4790 nunc
3032 4734 3227 4799 carnis,
3255 4730 3546 4800 etsangui-

1962 4842 2079 4907 nis;
2108 4840 2211 4896 erit
2238 4833 2510 4909 generatio
2554 4830 2730 4887 futura
2772 4830 2824 4882 in
2867 4824 3259 4882 resurrectione
3309 4832 3548 4879 mortuo.

1962 4948 2102 4988 rum.
2135 4926 2461 4985 Praedicator
2489 4922 2578 4978 hic
2603 4921 2881 4986 Christus;
2918 4910 3287 4988 praedicabitur
3313 4914 3383 4968 ibi
3408 4930 3423 4966 :
3452 4911 3547 4965 sed

1965 5026 2052 5081 hic
2078 5022 2414 5095 praedicatur,
2444 5025 2504 5072 ut
2544 5013 2823 5076 credatur;
2851 5010 2922 5065 ibi
2965 5004 3353 5079 praedicabitur,
3387 5011 3443 5056 ut
3466 5001 3547 5055 vi-

1966 5117 2174 5174 deatur.
2203 5109 2497 5179 ﬁdiﬁcabo
2523 5107 2577 5161 in
2615 5102 2981 5177 generationem
3009 5108 3055 5153 et
3086 5095 3452 5169 generationem
3472 5107 3550 5146 se-

1967 5208 2080 5263 dem
2109 5214 2267 5259 tuam.
2318 5198 2471 5256 Nunc
2518 5196 2769 5253 Christus
2817 5191 2979 5245 habet
3034 5189 3086 5243 in
3140 5185 3291 5240 nobis
3340 5181 3557 5245 sedem,

1968 5294 2226 5354 aediﬁcata
2244 5300 2327 5349 est
2352 5288 2507 5345 sedes
2535 5287 2652 5358 ejus
2701 5284 2755 5339 in
2783 5282 2978 5337 nobis:
3014 5277 3111 5332 nisi
3155 5275 3297 5330 enim
3341 5273 3554 5328 sederet

1970 5389 2024 5443 in
2051 5385 2225 5450 nobis,
2252 5397 2359 5438 non
2388 5393 2488 5436 nos
2510 5383 2752 5448 regeret;
2777 5373 2821 5429 si
2851 5380 3027 5427 autem
3050 5367 3228 5423 abillo
3261 5380 3366 5421 non
3396 5379 3550 5436 rege-

1970 5493 2173 5545 remur,
2195 5491 2226 5531 a
2251 5472 2407 5530 nobis
2445 5471 2575 5543 ipsis
2614 5467 3090 5539 praecipitarentur.
3117 5459 3277 5517 Sedet
3328 5472 3455 5529 ergo
3502 5458 3553 5512 in

2036 5594 2053 5625 ι
2066 5583 2400 5648 mamma,
2425 5579 2708 5648 intelleristi
2733 5591 2751 5628 :
2774 5575 2862 5627 hoc
2882 5580 3033 5648 totum
3054 5572 3239 5648 gixisti:
3267 5580 3470 5648 abstes,
3480 5568 3555 5648 ip:

1970 5632 2441 5713 MWWMQ
2459 5632 2766 5713 immoene
2788 5635 3197 5713 ἀπερειῑιιάμιιικι
3213 5632 3555 5713 malum?

2670 5705 2717 5755 in
2734 5703 2783 5766 ᾗ.
2800 5700 2850 5764 '5,
2863 5698 3049 5762 dixisti,
3064 5705 3255 5763 spectet
3277 5697 3394 5747 istos
3411 5696 3557 5746 etiam

1974 5794 2033 5832 su
2153 5788 2253 5827 uel)
2354 5785 2381 5820 ν
2529 5805 2542 5818 .

1974 5785 2333 5832 subsequentcs
2354 5785 2542 5820 Versus.
