4084 6472
565 322 703 382 1123

564 438 739 503 nobis,
767 449 996 506 regnans
1019 432 1070 490 in
1094 434 1244 491 nobis
1270 450 1282 488 :
1311 432 1463 489 sedet
1510 433 1669 489 etiam
1700 432 1752 487 in
1792 432 1891 487 alia
1914 448 2139 503 genera-

565 529 729 595 tione,
778 542 896 597 quae
950 526 1111 592 fuerit
1158 542 1225 581 ex
1262 525 1650 580 resurrectione
1698 533 2047 579 mortuorum.
2087 525 2145 581 in

562 625 820 671 aeternum
847 616 1092 671 Christus
1119 614 1360 685 regnabit
1386 614 1437 667 in
1469 614 1667 669 sanctis
1697 614 1827 668 suis.
1880 612 1992 669 Hoc
2015 629 2143 685 pro-

562 707 707 762 misit
734 708 896 774 Dcus,
931 707 1032 761 hoc
1074 707 1209 761 dixit
1261 708 1399 760 Deus
1440 728 1453 759 :
1483 707 1526 760 si
1554 721 1738 776 parum
1775 715 1874 773 est,
1930 707 2032 763 hoc
2054 707 2144 777 juc

560 799 697 852 ravit
726 798 887 853 Deus.
916 798 1048 863 Quia
1074 812 1200 866 ergo
1224 806 1333 851 non
1378 796 1670 851 secundum
1703 798 1893 852 merita
1940 808 2140 863 nostra,

562 886 655 941 sed
687 887 979 942 secundum
1004 887 1143 941 illius
1166 886 1579 941 misericordiam
1607 889 1756 941 ﬁrma
1798 896 1880 942 est
1911 889 2141 957 promis-

560 979 677 1041 sio;
712 993 865 1031 nemo
891 977 1194 1032 debetcum
1237 978 1582 1047 trepidatione
1634 978 1944 1046 praedicare,
2000 978 2143 1034 unde

560 1084 666 1122 non
698 1077 876 1137 potest
915 1068 1177 1123 dubitare.
1232 1065 1350 1123 Fiat
1391 1079 1519 1138 ergo
1566 1068 1619 1121 iu
1654 1067 1904 1122 cordibus
1946 1068 2143 1125 nostris

558 1160 723 1215 robur
767 1160 916 1225 illud,
967 1160 1107 1214 unde
1133 1159 1330 1215 Aithan
1372 1174 1565 1214 nomen
1617 1159 1845 1228 accepit,
1873 1158 2145 1214 Robustus

556 1249 765 1304 corde:
802 1250 1153 1319 przedicemus
1214 1250 1491 1304 veritatem
1551 1249 1665 1314 Dei,
1705 1250 1975 1320 eloquium
2023 1250 2141 1315 Dei,

555 1340 821 1409 promissa
847 1340 960 1407 Dei,
983 1337 1306 1409 iurationem
1337 1340 1459 1406 Dei;
1483 1349 1536 1394 et
1574 1340 1655 1394 his
1684 1339 1857 1394 modis
1896 1340 2043 1393 omni
2074 1355 2139 1393 ex

557 1439 711 1497 parte
736 1430 928 1486 ﬁrmati
978 1430 1345 1501 praedicamus,
1392 1439 1447 1486 et
1493 1430 1755 1501 portando
1786 1432 1975 1498 Deum,
2021 1431 2147 1489 cteli

557 1522 743 1575 simus.

627 1612 681 1665 6.
724 1610 891 1682 [uers.
920 1610 1013 1684 6.]
1053 1612 1429 1680 Couﬁtebuntur
1461 1611 1572 1665 caeli
1601 1610 1848 1665 mirabilia
1878 1620 1965 1665 tua
1987 1653 2002 1677 ,
2036 1611 2142 1667 Do-

556 1700 707 1753 mine.
736 1699 849 1754 Non
881 1702 1065 1754 merita
1096 1717 1189 1754 sua
1216 1701 1607 1755 confitebuntur
1634 1701 1775 1769 cmii,
1805 1700 1900 1755 sed
1933 1702 2142 1771 conﬁte-

555 1788 742 1843 buntur
766 1789 876 1844 caeli
896 1790 1145 1845 mirabilia
1171 1798 1276 1853 tua,
1308 1789 1540 1845 Domine.
1567 1790 1625 1846 In
1649 1792 1792 1845 omni
1820 1792 1961 1847 enim
1983 1793 2141 1848 mise-

555 1881 781 1935 ricordia
811 1882 1132 1951 perditorum
1152 1925 1168 1946 ,
1197 1883 1248 1936 in
1271 1881 1647 1952 justiﬁeatione
1676 1882 1981 1951 impiorum,
2015 1884 2139 1953 quid

556 1968 834 2025 laudamus
863 1971 963 2026 nisi
992 1972 1250 2043 mirabilia
1284 1972 1372 2025 Dei
1395 1972 1417 2025 ‘2
1444 1972 1653 2026 Laudas
1680 1975 1799 2042 quia
1832 1988 2137 2028 resurrexe-

554 2066 679 2112 runt
705 2060 895 2114 mortui
926 2076 944 2125 ;
975 2061 1092 2132 plus
1132 2061 1283 2115 lauda
1310 2063 1430 2131 quia
1474 2061 1733 2131 redempti
1760 2070 1883 2116 sunt
1928 2064 2139 2131 perditi.

553 2146 682 2213 Quae
708 2148 873 2217 gratia
896 2189 911 2213 ,
953 2164 1069 2218 quae
1105 2151 1464 2205 misericordia
1504 2150 1634 2204 Dei!
1667 2147 1826 2205 Vides
1869 2150 2138 2208 hominem

555 2235 669 2291 heri
714 2239 1015 2308 voraginem
1054 2238 1395 2303 ebriasitatis,
1437 2239 1593 2294 hodie
1637 2250 2005 2296 ornamentum
2047 2258 2140 2298 so-

552 2326 826 2381 brietatis:
857 2328 1004 2382 vides
1031 2328 1297 2383 hominem
1326 2326 1439 2383 heri
1470 2344 1678 2385 caenum
1708 2330 1948 2396 luxuriae,
1983 2333 2139 2389 hodie

549 2412 712 2470 decus
739 2419 1135 2488 temperantiae:
1167 2418 1315 2473 vides
1352 2419 1621 2474 hominem
1665 2419 1777 2473 heri
1808 2421 2139 2491 blasphema-

549 2514 718 2563 torem
766 2507 879 2576 Dei,
927 2506 1085 2564 hodie
1147 2509 1475 2565 laudatorem
1521 2509 1829 2566 Dei:vides
1866 2512 2137 2569 hominem

550 2596 669 2657 heri
693 2612 905 2657 servum
933 2609 1191 2656 creatura:
1214 2643 1230 2668 ,
1259 2601 1417 2657 hodie
1442 2602 1698 2657 cultorem
1726 2601 2016 2658 Creatoris.
2050 2606 2135 2661 Ab

548 2692 664 2748 istis
690 2691 936 2747 omnibus
963 2690 1423 2762 desperationibus
1446 2690 1518 2747 ita
1544 2693 1789 2748 homines
1817 2703 2138 2751 convertun-

548 2792 671 2840 tur:
702 2799 812 2841 non
849 2784 1135 2853 respiciant
1170 2784 1236 2839 ad
1289 2784 1478 2839 merita
1522 2798 1650 2850 sua;
1683 2784 1810 2840 ﬁant
1838 2785 1981 2853 coeli,
2008 2801 2137 2841 con-

547 2875 795 2931 ﬁteantur
830 2874 955 2931 ccli
998 2874 1256 2930 mirabilia
1294 2874 1409 2943 ejus
1450 2889 1485 2929 ιι
1530 2890 1637 2945 quo
1666 2875 1789 2931 facti
1830 2884 1954 2931 sunt
1988 2879 2131 2933 coeli.

549 2966 799 3033 Quoniam
822 2964 1015 3033 uidebo,
1040 2966 1229 3037 inquit,
1257 2964 1429 3033 caelos,
1456 2982 1607 3036 Opera
1629 2966 1901 3038 digitorum
1931 2977 2133 3023 tuorum

545 3052 717 3127 (Psal.
743 3070 833 3109 vm
856 3095 872 3119 ,
901 3054 980 3126 ι).
1028 3053 1407 3123 Conﬁtebuntur
1450 3054 1561 3114 coeli
1596 3056 1847 3109 mirabilia
1884 3064 1990 3125 tua,
2020 3056 2132 3111 Do-

543 3145 695 3200 mine.
725 3145 793 3202 Et
835 3153 892 3202 ut
921 3146 1178 3202 noveritis
1210 3146 1300 3216 qui
1338 3146 1459 3203 coeli
1488 3145 1881 3203 confitebuntur
1904 3188 1920 3215 ,
1951 3149 2130 3206 videte

544 3236 633 3291 ubi
662 3236 1051 3293 conﬁteantur:
1083 3238 1321 3307 sequitur
1345 3237 1506 3301 enim,
1537 3235 1604 3291 Et
1630 3238 1882 3293 veritatem
1909 3248 2049 3293 tuam
2076 3240 2130 3295 in

542 3330 746 3387 ecclesia
772 3340 1078 3386 sanctorum.
1110 3330 1186 3385 De
1211 3330 1361 3386 caelis
1386 3344 1514 3401 ergo
1543 3330 1685 3387 nulla
1715 3330 1974 3385 dubitatio
2002 3340 2127 3399 est,

541 3419 793 3488 quoniam
813 3418 1172 3489 intelligantur
1202 3418 1578 3488 praedicatores
1602 3420 1747 3475 verbi
1775 3421 2033 3476 veritatis.
2061 3420 2128 3476 Et

541 3508 630 3564 ubi
679 3508 1071 3564 conﬁtebuntur
1120 3509 1239 3564 caeli
1292 3508 1551 3569 mirabilia
1606 3518 1692 3565 tua
1743 3520 1797 3565 et
1849 3510 2128 3566 veritatem

542 3600 728 3655 tuam?
753 3598 820 3654 In
847 3601 1055 3655 ecclesia
1083 3611 1394 3655 sanctorum.
1427 3601 1667 3671 Excipiet
1693 3603 1929 3658 Ecclesia
1950 3619 2125 3659 rorem

541 3692 837 3757 caelorum;
888 3692 1085 3748 sitienti
1134 3702 1288 3747 terra:
1335 3693 1519 3762 pluant
1569 3692 1713 3759 cteli,
1759 3702 1813 3748 et
1866 3695 2127 3764 germinet

543 3785 813 3855 excipiens
839 3784 1069 3854 pluviam
1094 3784 1331 3854 germina
1352 3784 1509 3850 bona,
1541 3799 1700 3854 opera
1732 3784 1867 3839 bona
1893 3802 1904 3837 :
1935 3800 2000 3838 ne
2030 3801 2125 3854 pro

541 3875 675 3931 bona
700 3876 875 3945 pluvia
895 3876 984 3931 det
1003 3876 1202 3946 spinas,
1226 3886 1280 3931 et
1302 3892 1393 3946 pro
1415 3876 1609 3932 horreo
1630 3885 1902 3946 exspectet
1924 3877 2119 3946 ignem.

537 3964 912 4035 Con/itabuntur
943 3967 1055 4021 mli
1080 3968 1328 4021 mirabilia
1372 3977 1492 4033 tua,
1523 3967 1758 4035 Domine,
1787 3978 1832 4021 et
1871 3966 2125 4023 ueritatem

537 4066 673 4112 tuam
715 4060 769 4113 in
810 4060 1017 4114 ecclesia
1051 4070 1357 4114 sanctorum.
1402 4060 1534 4115 (ΣωΙί
1579 4075 1705 4129 ergo
1734 4061 2125 4117 conlitebuntur

537 4150 793 4205 mirabilia
842 4159 930 4206 tua
977 4160 1032 4207 et
1080 4152 1355 4207 veritatem
1410 4161 1577 4207 tuam.
1627 4152 1821 4207 Totum
1868 4154 2121 4224 quidquid

538 4241 824 4309 praedicant
851 4243 972 4298 coeli
995 4282 1012 4307 ,
1058 4258 1125 4298 ex
1150 4252 1203 4298 te
1232 4251 1345 4307 est,
1376 4242 1441 4297 de
1472 4253 1523 4298 te
1552 4252 1668 4308 est;
1701 4252 1755 4299 et
1798 4243 1917 4300 ideo
1947 4246 2122 4300 securi

536 4334 862 4403 praedicant:
908 4343 1106 4390 norunt
1131 4336 1273 4391 enim
1313 4351 1471 4405 quem
1504 4336 1793 4405 praedicant
1814 4378 1830 4405 ,
1862 4338 1982 4406 quia
2013 4353 2118 4392 non

535 4432 757 4492 possunt
783 4424 851 4480 de
880 4425 1165 4495 prmdicato
1193 4426 1529 4481 erubescere.

610 4515 661 4567 7.
695 4512 716 4587 [
742 4530 866 4570 vers.
895 4516 947 4568 7.
975 4513 996 4588 ]
1027 4515 1161 4583 Quid
1210 4515 1501 4585 prmdicant
1550 4517 1669 4571 coeli
1695 4517 1717 4569 ?
1746 4517 1868 4586 quid
1900 4518 2120 4573 confite-

534 4603 730 4659 buntur
758 4606 809 4659 in
843 4605 1070 4660 ecclesia
1116 4606 1467 4661 sanctorum?
1518 4606 1768 4673 Quoniam
1806 4608 1917 4675 quis
1951 4608 2002 4661 in
2020 4625 2116 4661 nu-

533 4692 674 4751 bibus
696 4696 976 4767 aquabitur
994 4691 1215 4752 Domino
1246 4696 1271 4751 ?
1300 4696 1530 4752 iioccine
1552 4696 1673 4752 cmli
1705 4697 2115 4764 conﬁtebuntur,

534 4785 634 4841 hoc
660 4788 782 4842 εωιὶ
801 4787 981 4856 pluent
1002 4788 1026 4841 ἲ
1049 4786 1230 4855 Quid?
1260 4787 1511 4853 Quoniam
1521 4788 1633 4857 quis
1657 4785 1710 4841 in
1724 4787 1939 4845 nubibus
1957 4803 2120 4858 aqua-

535 4875 671 4931 bitur
723 4877 979 4931 Domino?
1026 4877 1152 4932 Inde
1200 4877 1375 4932 securi
1425 4877 1820 4946 praedicatores,
1868 4878 2116 4949 quoniam

536 4980 692 5023 nemo
719 4968 773 5023 in
796 4968 1026 5023 nubibus
1055 4966 1349 5047 aequabitur
1393 4967 1637 5022 Domino.
1669 4968 1856 5039 Magna
1882 4969 1997 5024 laus
2023 4984 2118 5023 vo-

531 5056 614 5114 bis
669 5059 897 5123 videtur,
942 5058 1153 5127 fratres,
1207 5073 1314 5113 non
1338 5058 1537 5128 aequari
1574 5054 1741 5113 nubes
1766 5058 2027 5114 Creatori.
2059 5057 2117 5115 Si

532 5148 858 5220 intelligatur
885 5150 1004 5205 sine
1051 5147 1306 5220 mysterio
1344 5148 1413 5203 ad
1454 5148 1711 5215 litteram,
1763 5164 1870 5204 non
1922 5164 2115 5221 magna

532 5239 649 5294 laus
702 5250 806 5307 est,
857 5239 1085 5296 Domino
1124 5254 1228 5293 non
1277 5238 1476 5309 aequari
1526 5238 1714 5293 nubes.
1759 5238 1896 5306 Quid
1929 5239 2115 5294 enim?

532 5330 701 5386 stella:
715 5346 833 5401 qua:
858 5339 981 5386 sunt
1006 5345 1163 5401 supra
1186 5329 1355 5384 nubes
1373 5337 1651 5399 aequantur
1679 5330 1902 5387 Domino
1929 5331 1953 5386 ’ξ
1977 5330 2114 5400 Quid

533 5418 719 5475 enim?
746 5421 848 5482 sol,
882 5421 1024 5486 luna,
1070 5420 1277 5491 Angeli,
1314 5418 1460 5486 cceli,
1511 5419 1598 5475 vel
1629 5422 1923 5490 comparari
1959 5430 2113 5491 pote-

532 5522 656 5565 runt
682 5511 952 5568 Domino?
978 5512 1113 5580 Quid
1134 5520 1215 5565 est
1241 5508 1381 5581 quod
1410 5524 1506 5579 pro
1530 5525 1722 5581 magno
1747 5512 1840 5577 ait,
1864 5511 2114 5579 Quoniam

531 5618 642 5672 qms
670 5603 725 5658 in
751 5602 965 5658 nubibus
1014 5602 1289 5673 wquabitur
1314 5599 1532 5655 Domino
1562 5600 1588 5654 ἵ
1616 5600 1977 5674 intelligimus,
2007 5601 2113 5657 fra-

534 5701 664 5763 tres,
688 5694 855 5750 nubes
883 5693 1013 5750 istas
1040 5694 1178 5750 sicut
1222 5693 1407 5761 caelos,
1435 5692 1805 5763 praedicatores
1831 5708 1948 5752 esse
1972 5694 2111 5754 veri-

1793 322 1851 378 S.
1892 319 2255 379 AUGUSTlNl
2292 325 2593 385 EPISCOPI
2667 283 2676 289 ἡ

2255 439 2415 504 latis;
2462 440 2755 511 Prophetas
2786 482 2799 507 ,
2856 443 3169 515 Apostolos,
3216 452 3616 512 annuntiatores
3680 461 3830 516 verbi

2251 526 2366 586 Dei.
2390 531 2522 589 Nam
2549 533 2649 591 ista
2671 535 2847 592 annis
2869 553 3062 607 genera
3083 541 3492 609 praedicatorum
3513 548 3682 606 nubes
3709 567 3831 611 esse

2248 620 2436 689 dictas,
2467 638 2531 681 ex
2559 625 2647 680 illa
2672 628 2946 696 prophetia
2988 630 3351 703 intelligimus,
3374 637 3463 693 ubi
3492 639 3634 698 Deus
3662 642 3831 701 iratus

2249 710 2415 775 vinea:
2440 726 2550 769 suae
2586 714 2738 780 dixit,
2770 716 3029 775 Mandabe
3050 723 3264 778 nubibus
3289 727 3413 781 meis
3441 742 3505 786 ne
3535 731 3711 799 pluant
3740 751 3832 788 su-

2248 818 2338 871 per
2353 821 2466 859 eam
2502 806 2744 862 imbrem:
2766 824 2924 879 quam
2952 811 3164 869 vineam
3203 817 3435 883 explicat
3476 830 3532 874 et
3582 821 3829 894 designat

2246 896 2602 964 apertissime,
2631 898 2835 965 dicens,
2900 900 3056 959 Vinea
3105 904 3311 975 Domim’
3348 908 3593 976 Sabaoth,
3645 915 3827 969 domas

2246 985 2416 1040 Israel
2438 998 2508 1041 est
2533 988 2682 1059 (Isai.
2710 1006 2763 1058 v,
2784 991 2838 1059 6,
2858 993 2932 1063 7).
2954 993 3031 1049 Ne
3053 1003 3109 1049 tu
3132 997 3288 1053 aliter
3307 999 3574 1071 intelligas
3591 1005 3824 1074 vineam,

2246 1088 2297 1133 et
2324 1080 2523 1135 relictis
2547 1082 2854 1139 hominibus
2885 1088 2902 1119 ³
2928 1089 3235 1156 significatis
3284 1100 3481 1168 terram
3528 1100 3783 1153 scruteris
3808 1117 3824 1151 :

2261 1165 2434 1240 Vinea,
2464 1176 2651 1245 inquit,
2682 1177 2887 1233 Domini
2918 1180 3164 1250 Sabaoth,
3186 1184 3367 1239 domus
3387 1165 3554 1241 Israel
3591 1198 3683 1242 est.
3707 1190 3827 1245 Non

2247 1263 2501 1334 intelligat
2526 1266 2690 1332 aliud,
2708 1281 2765 1322 se
2793 1267 3050 1340 intelligat
3072 1271 3271 1328 domus
3290 1275 3449 1330 Israel
3465 1292 3583 1332 esse
3612 1278 3825 1333 vineam

2244 1369 2457 1420 meam;
2486 1369 2545 1410 se
2571 1356 2823 1427 intelligat
2844 1359 2974 1425 mihi
2999 1376 3104 1416 non
3128 1362 3341 1419 dedisse
3369 1381 3549 1431 uvam,
3580 1368 3673 1422 sed
3704 1368 3826 1437 spi-

2244 1459 2373 1509 nas;
2401 1459 2462 1499 se
2484 1446 2742 1516 intelligat
2786 1447 3047 1518 ingratam
3070 1452 3337 1509 exstitisse
3353 1455 3640 1524 plantatori
3664 1466 3827 1528 atque

2244 1534 2456 1602 cultori,
2488 1537 2747 1607 ingratam
2795 1541 3064 1597 exstitisse
3107 1543 3390 1613 irrigatnri.
3437 1546 3640 1616 Ergosi
3682 1549 3831 1603 vinea

2243 1624 2451 1679 Domini
2476 1625 2723 1695 Sabaoth,
2747 1628 2924 1684 domus
2966 1629 3133 1685 Israel
3154 1644 3249 1697 est,
3281 1634 3406 1703 quid
3446 1635 3581 1691 dixit
3608 1637 3775 1693 iratus
3800 1640 3828 1693 τ

2244 1716 2502 1772 Mandabo
2542 1720 2754 1774 nubibus
2782 1722 2902 1775 meis
2946 1740 3009 1777 ne
3026 1725 3205 1793 plqu
3244 1743 3403 1794 super
3445 1745 3556 1783 eam
3591 1731 3825 1787 imbrem.

2246 1811 2307 1864 Et
2340 1826 2519 1866 revera
2546 1811 2615 1865 ita
2642 1811 2763 1867 fecit
2795 1815 2979 1869 :missi
3022 1819 3407 1887 suntApostoli
3453 1830 3701 1892 tanquam
3724 1839 3830 1877 nu-

2243 1900 2358 1967 bes,
2391 1912 2446 1955 ut
2476 1903 2718 1971 pluerent
2739 1903 2935 1959 Judteis
2961 1922 2975 1970 ;
2999 1908 3139 1963 etilli
3173 1911 3390 1963 verbum
3423 1912 3516 1965 Dei
3554 1914 3829 1983 repellen-

2246 2001 2325 2047 tes
2351 1994 2471 2062 quia
2501 2010 2596 2063 pro
2627 2010 2726 2049 uva
2773 1998 2951 2066 spinas
2980 1998 3261 2067 dederunt,
3290 2001 3536 2057 dixerunt
3560 2005 3825 2074 Apostoli,

2241 2082 2322 2137 Ad
2348 2101 2431 2138 vos
2461 2086 2599 2140 missi
2645 2103 2883 2152 eramus;
2912 2090 3001 2144 sed
3035 2092 3155 2160 quia
3188 2094 3445 2162 repulim's
3476 2096 3677 2150 verbum
3705 2097 3823 2164 Dei,

2242 2174 2455 2228 imusad
2482 2176 2665 2231 Gentes
2691 2178 2711 2247 (
2741 2180 2851 2233 Act.
2886 2195 3005 2246 xui,
3034 2181 3103 2237 46
3196 2184 3270 2238 Ex
3295 2182 3386 2239 illo
3410 2197 3689 2255 cmperunt
3717 2205 3827 2242 nua

2242 2264 2339 2319 bes
2359 2281 2464 2319 non
2512 2267 2696 2336 pluere
2722 2269 2955 2339 pluviam
3007 2286 3169 2341 super
3201 2274 3407 2328 vineam
3435 2277 3599 2332 illam.
3643 2279 3701 2333 Si
3729 2279 3830 2349 igi-

2242 2362 2326 2409 tur
2342 2356 2511 2412 nubes
2539 2366 2663 2411 sunt
2689 2360 3065 2428 prmdicatores
3095 2363 3353 2431 veritatis,
3381 2381 3680 2435 qurcramus
3719 2370 3830 2438 pri-

2241 2462 2331 2503 mo
2350 2464 2514 2519 quare
2535 2451 2641 2504 sint
2659 2452 2846 2508 nubes.
2868 2453 3036 2509 [idem
3052 2456 3247 2525 quippe
3272 2458 3411 2521 coeli,
3433 2458 3592 2513 iidem
3612 2459 3785 2522 nubes
3807 2477 3825 2513 :

2239 2539 2361 2595 eteli
2388 2552 2605 2611 propter
2624 2541 2883 2613 fulgorem
2908 2546 3165 2614 veritatis,
3184 2550 3349 2605 nubes
3375 2559 3593 2622 propter
3613 2554 3827 2609 occulta

2238 2633 2417 2687 carnis
2449 2651 2463 2687 :
2496 2635 2665 2690 nubes
2717 2636 2859 2691 enim
2884 2652 3074 2694 omnes
3103 2641 3373 2696 nebulosae
3415 2652 3560 2710 sunt,
3604 2656 3828 2715 propter

2240 2725 2615 2782 mortalitatem
2644 2743 2660 2793 ;
2708 2736 2763 2783 et
2788 2731 3026 2795 veniunt,
3050 2740 3107 2787 et
3131 2741 3424 2789 transeunt.
3456 2735 3683 2807 Propter
3704 2738 3824 2808 ipsa

2238 2819 2444 2873 occulta
2460 2820 2657 2888 carnis,
2690 2820 2854 2888 idest,
2878 2824 3083 2879 occulta
3103 2826 3347 2893 nubium,
3378 2829 3454 2883 ait
3482 2829 3770 2900 Apostolus
3802 2849 3823 2887 :

2238 2907 2417 2965 Nolite
2436 2922 2551 2966 ante
2601 2921 2796 2985 tempus
2827 2915 3100 2985 quidquam
3134 2917 3389 2987 judicare,
3444 2920 3603 2975 donec
3653 2924 3826 2978 veniat

2236 2998 2507 3068 Dominus,
2556 3012 2602 3056 et
2639 3004 2887 3058 illuminat
2932 3007 3225 3062 abscondita
3274 3011 3627 3087 tenebrarum(
3656 3013 3818 3069 lCor.

2235 3089 2595 3165 Iv,5).Nunc
2617 3109 2748 3164 ergo
2771 3094 2895 3164 quid
2940 3094 3184 3167 loquatur
3235 3099 3414 3169 homo,
3458 3103 3632 3169 vides;
3689 3106 3822 3176 quid

2232 3192 2404 3251 gestet
2428 3183 2481 3237 in
2500 3183 2682 3249 corde,
2705 3200 2811 3239 non
2840 3185 2987 3241 vides
3020 3204 3033 3240 :
3061 3188 3200 3257 quod
3222 3192 3538 3261 exprimitur
3560 3192 3629 3249 de
3650 3196 3813 3261 nube,

2234 3273 2384 3327 vides
2422 3291 2437 3339 ;
2467 3274 2607 3344 quod
2628 3286 2869 3331 servatur
2892 3279 2944 3331 in
2971 3279 3130 3346 nube,
3165 3296 3270 3336 non
3299 3282 3466 3339 vides.
3494 3285 3818 3355 Cujusenim

2232 3363 2371 3418 oculi
2398 3364 2590 3419 nubem
2616 3368 2943 3435 penetrant?
2970 3368 3112 3440 Ergo
3162 3371 3331 3427 nubes
3356 3374 3407 3427 in
3433 3389 3595 3431 carne
3614 3379 3817 3446 pradi-

2231 3462 2438 3510 catores
2477 3456 2737 3512 veritatis.
2776 3458 2932 3513 Venit
2970 3469 3028 3515 et
3074 3462 3187 3531 ipse
3226 3464 3463 3519 omnium
3491 3466 3717 3522 Creator
3759 3469 3813 3523 in

2230 3553 2409 3600 carne.
2438 3545 2543 3601 Sed
2584 3548 2694 3615 quis
2733 3548 2786 3602 in
2816 3550 3030 3605 nubibus
3075 3555 3354 3623 (equabitur
3398 3554 3616 3611 Domino
3638 3558 3664 3610 Ρ
3687 3559 3816 3625 Quis

2230 3651 2359 3706 ergo
2387 3638 2439 3691 in
2468 3637 2680 3693 nubibus
2714 3642 2995 3710 tequabitur
3023 3641 3242 3698 Domino
3259 3646 3285 3698 7
3306 3655 3352 3699 et
3377 3647 3488 3717 quis
3512 3648 3693 3702 similis
3717 3651 3815 3703 erit

2229 3726 2449 3782 Domino
2477 3730 2529 3782 in
2545 3731 2664 3797 ﬁliis
2690 3729 2783 3784 Dei
2806 3731 2831 3783 .’
2867 3732 3004 3803 Ergo
3044 3748 3201 3788 nemo
3230 3736 3281 3789 in
3327 3735 3449 3791 ﬁliis
3480 3737 3573 3793 Dei
3618 3739 3811 3793 similis

2230 3818 2331 3872 erit
2352 3817 2488 3873 Filio
2514 3819 2627 3873 Dei.
2661 3820 2726 3873 Et
2754 3821 2865 3889 ipse
2893 3822 3068 3876 dictus
3114 3833 3196 3879 est
3246 3825 3411 3880 Filius
3463 3827 3576 3893 Dei,
3625 3838 3681 3883 et
3708 3845 3810 3884 nos

2228 3907 2352 3961 dicti
2376 3923 2559 3962 sunms
2600 3910 2687 3962 lilii
2741 3910 2834 3965 Dei
2864 3927 2877 3975 ;
2908 3912 2999 3965 sed
3033 3915 3143 3982 quis
3170 3915 3349 3968 similis
3384 3919 3478 3969 erit
3498 3916 3720 3973 Domino
3750 3921 3806 3975 in

2228 4000 2349 4067 [iliis
2379 3999 2519 4052 Dei?
2546 4001 2634 4056 Ille
2657 4002 2860 4069 unicus,
2895 4020 2991 4058 nos
3041 4006 3188 4058 multi
3220 4022 3233 4070 ;
3267 4007 3358 4061 ille
3405 4024 3563 4075 unus,
3616 4026 3715 4066 nos
3746 4013 3801 4066 in

2228 4090 2319 4145 illo
2342 4107 2504 4145 unum
2538 4110 2550 4157 ;
2582 4094 2669 4147 ille
2698 4104 2869 4159 natus,
2916 4111 3013 4149 nos
3054 4097 3291 4166 adoptati
3325 4115 3339 4164 ;
3373 4099 3462 4155 ille
3495 4101 3561 4155 ab
3604 4111 3808 4157 artemo

2228 4181 2394 4237 Filius
2421 4185 2630 4253 genitus
2662 4202 2755 4252 per
2782 4196 3044 4252 naturam,
3074 4205 3172 4244 nos
3202 4206 3231 4245 a
3278 4200 3516 4260 tempore
3563 4194 3682 4249 facti
3710 4212 3809 4265 per

2226 4274 2447 4342 gratiam
2473 4291 2487 4339 ;
2515 4275 2600 4329 ille
2626 4276 2741 4330 sine
2764 4274 2872 4331 ullo
2892 4289 3130 4346 peccato,
3164 4295 3262 4334 nos
3296 4297 3392 4350 per
3413 4282 3561 4337 illum
3592 4284 3805 4340 liberati

2225 4383 2254 4421 a
2286 4376 2520 4435 peccato.
2556 4368 2682 4434 Quis
2710 4384 2836 4439 ergo
2863 4371 2917 4425 in
2958 4372 3171 4427 nubibus
3218 4374 3496 4442 regnabitur
3529 4375 3751 4429 Domino
3780 4380 3809 4431 ?

2224 4468 2313 4510 aut
2327 4458 2437 4527 quis
2456 4460 2633 4513 similis
2650 4460 2742 4512 erit
2761 4459 2981 4515 Domino
3000 4462 3054 4515 in
3069 4462 3190 4531 ﬁliis
3210 4462 3309 4517 Dei
3331 4464 3356 4517 ?
3384 4464 3620 4520 Dicimur
3635 4466 3807 4521 nubes

2227 4557 2443 4616 propter
2468 4563 2703 4614 carnem,
2733 4558 2786 4603 et
2809 4565 2992 4605 sumus
3021 4552 3403 4622 praedicatores
3427 4555 3664 4609 veritatis
3681 4570 3809 4625 pro.

2224 4647 2344 4706 pter
2369 4637 2590 4693 imbrem
2610 4640 2828 4694 nubium
2861 4656 2875 4704 ;
2907 4640 3002 4695 sed
3051 4656 3177 4697 caro
3233 4653 3413 4698 nostra
3454 4646 3611 4700 aliter
3633 4648 3803 4714 venit,

2223 4744 2349 4783 caro
2375 4729 2515 4783 illius
2540 4729 2710 4784 aliter.
2761 4730 2995 4785 Dicimur
3021 4740 3079 4787 et
3106 4732 3199 4787 lilii
3229 4733 3341 4799 Dei,
3369 4735 3464 4789 sed
3509 4736 3599 4790 ille
3645 4737 3806 4792 aliter

2224 4818 2388 4873 Filius
2434 4818 2548 4873 Dei.
2602 4818 2747 4873 illius
2797 4821 2964 4876 nubes
3008 4836 3076 4877 ex
3123 4824 3347 4893 virgine,
3391 4823 3483 4879 ille
3536 4825 3704 4880 Filius
3735 4841 3807 4881 ex

2223 4906 2538 4974 aeternitate,
2559 4910 2700 4965 Patri
2726 4912 2963 4981 :equalis.
2989 4913 3118 4977 Quis
3138 4928 3266 4985 ergo
3308 4918 3362 4969 in
3387 4916 3599 4974 nubibus
3624 4932 3803 4987 (equa-

2220 4999 2353 5055 bilur
2393 4999 2615 5055 Domino
2642 5001 2670 5057 .9
2693 5012 2780 5057 aut
2820 5004 2932 5075 quis
2968 5004 3149 5060 similis
3197 5008 3291 5061 erit
3323 5002 3545 5062 Domino
3570 5009 3624 5064 in
3675 5009 3803 5079 filiis

2221 5090 2358 5145 Dei?
2416 5092 2566 5148 Dicat
2611 5095 2724 5162 ipse
2768 5093 3022 5150 Dominus
3069 5104 3248 5153 utrum
3279 5098 3508 5154 similem
3540 5100 3797 5155 inveniat.

2224 5180 2383 5249 Quem
2410 5198 2489 5236 me
2530 5182 2701 5237 dicunt
2739 5183 2964 5239 homines
3003 5200 3108 5240 esse
3151 5187 3315 5256 ﬁlium
3358 5186 3615 5243 hominis?
3660 5190 3807 5245 Ecce

2219 5272 2361 5327 enim
2386 5273 2511 5344 quia
2537 5273 2739 5341 videor,
2762 5275 2884 5345 quia
2904 5278 3221 5347 conspicior,
3247 5279 3370 5350 quia
3395 5281 3536 5336 inter
3563 5295 3658 5337 vos
3685 5296 3806 5337 am-

2219 5361 2347 5418 bulo
2366 5405 2381 5431 ,
2412 5372 2466 5418 et
2493 5363 2716 5420 fortasse
2744 5366 3025 5435 przesentia
3051 5369 3207 5435 vilui;
3253 5370 3413 5427 dicite
3438 5387 3584 5441 quem
3612 5387 3693 5425 me
3717 5366 3805 5427 di-

2220 5464 2340 5507 cunt
2382 5457 2607 5509 homines
2635 5471 2739 5510 esse
2778 5458 2941 5526 [ilium
2969 5460 3186 5516 hominis
3206 5462 3235 5516 .9
3277 5462 3437 5519 Certe
3463 5464 3584 5534 quia
3625 5464 3799 5519 lilium

2221 5546 2451 5603 hominis
2493 5546 2715 5616 vident,
2768 5550 2959 5605 nubem
2992 5553 3176 5609 vident
3207 5572 3222 5608 :
3252 5555 3460 5625 dicant,
3515 5557 3597 5613 vel
3636 5556 3804 5614 dicit:

2283 5705 2299 5736 ί
2334 5705 2405 5754 Sic
2426 5705 2635 5766 potiores
2655 5711 2762 5755 Mss.
2792 5712 2843 5756 At
2866 5708 2997 5773 uid,
3022 5709 3253 5762 omnibus.
