4084 6472
295 337 427 393 1123

289 475 433 528 quem
476 474 558 513 me
596 458 768 512 dicunt
797 458 1023 512 homines
1050 473 1173 513 esse.
1217 456 1287 512 Et
1313 457 1702 526 responderunt
1733 454 1874 509 dicta

289 552 603 606 hominum:
630 551 733 607 Alii
752 551 922 605 dicunt
945 551 1240 617 Ieremiam,
1260 550 1350 604 alii
1377 548 1569 615 Etiam,
1597 548 1685 602 alii
1705 547 1872 600 Joan-

288 660 401 698 nem
422 642 733 713 Baptistam,
754 652 841 696 aut
867 659 1023 695 unum
1043 658 1106 695 ea:
1123 641 1415 711 Prophetis.
1435 640 1727 694 Nominatte
1748 646 1872 693 sunt

288 736 476 790 multa:
504 736 678 791 nubes
701 745 756 791 et
783 735 873 788 ﬁlii
900 734 1017 789 Dei.
1064 734 1271 788 Etenim
1301 733 1420 803 quia
1449 732 1578 801 justi
1601 740 1653 786 et
1681 731 1868 798 sancti,

288 829 476 898 utique
518 837 575 883 et
614 827 715 897 ipsi
760 826 852 882 ﬁlii
882 826 977 881 Dei
1012 825 1338 887 :Jeremias,
1394 824 1570 889 Elias,
1613 822 1870 888 Joannes,

293 918 388 973 lilii
434 920 533 974 Dei
558 936 573 984 ;
602 928 659 974 et
684 918 890 982 nubes,
933 916 1055 987 quia
1085 916 1460 986 praedicatores
1485 916 1600 971 Dei.
1650 913 1874 968 Dixistis

286 1022 421 1076 quas
448 1010 622 1063 nubes
642 1023 729 1062 me
751 1006 996 1061 homines
1019 1020 1136 1061 esse
1156 1016 1360 1075 putent,
1390 1014 1448 1060 et
1472 1007 1522 1059 in
1545 1004 1735 1075 quibus
1753 1003 1872 1058 ﬁliis

290 1098 383 1152 Dei
431 1114 523 1153 me
555 1098 801 1153 homines
838 1104 1160 1152 numerent:
1196 1096 1356 1151 dicite
1382 1104 1438 1151 et
1475 1112 1575 1151 vos
1610 1112 1755 1164 quem
1793 1112 1873 1149 me

289 1189 457 1244 dicitis
476 1205 605 1243 esse.
639 1187 991 1257 Respondens
1012 1186 1201 1242 Petrus
1223 1201 1320 1256 pro
1341 1186 1606 1250 omnibus,
1637 1200 1734 1255 pro
1765 1185 1873 1239 uni-

289 1289 395 1335 tate
426 1296 568 1335 unus
599 1297 613 1335 :
648 1298 667 1331 ι
704 1279 784 1334 Tu
820 1294 912 1344 es,
944 1298 966 1332 ι
1001 1280 1208 1350 inquit,
1246 1298 1266 1331 ι
1298 1278 1541 1341 Christus
1570 1278 1735 1333 Filius
1776 1278 1868 1333 Dei

288 1371 392 1425 vivi
447 1370 660 1440 (Matth.
688 1387 797 1435 xvn,
825 1370 1040 1442 15-16).
1078 1370 1336 1438 Quoniam
1379 1370 1499 1439 quis
1545 1369 1598 1423 in
1642 1367 1872 1423 nubibus

290 1464 591 1533 aequabitur
622 1463 884 1517 Domino?
912 1472 1005 1517 aut
1034 1462 1153 1533 quis
1177 1462 1369 1517 similis
1404 1462 1507 1517 erit
1532 1461 1755 1516 Domino
1784 1460 1870 1513 in-

292 1563 375 1609 ter
399 1554 549 1610 ﬁlios
577 1552 711 1609 Dei?
758 1554 835 1609 Tu
866 1569 924 1610 es
949 1553 1191 1608 Christus
1221 1553 1388 1608 Filius
1412 1552 1505 1606 Dei
1533 1552 1672 1615 vivi;
1710 1571 1731 1603 ι
1764 1566 1870 1605 non

288 1644 562 1713 quomodo
601 1646 693 1699 ﬁlii
722 1645 817 1699 Dei
856 1644 945 1715 qui
988 1645 1078 1699 tibi
1109 1659 1212 1699 non
1248 1652 1524 1714 aequantur
1553 1661 1567 1699 :
1594 1645 1785 1698 venisti
1818 1644 1870 1697 in

288 1748 494 1798 carne;
552 1735 649 1789 sed
691 1736 708 1767 ί
755 1749 860 1790 non
908 1734 1177 1805 quomodo
1230 1735 1397 1790 nubes
1444 1750 1563 1804 qua:
1616 1735 1709 1789 tibi
1764 1750 1869 1789 non

290 1834 594 1893 mquantur.

357 1915 415 1969 8.
440 1913 595 1986 [νοτε.
625 1915 702 1988 8.]
730 1917 859 1983 Quis
891 1917 1032 1971 enim
1065 1926 1119 1971 tu
1138 1957 1151 1981 ,
1180 1917 1264 1971 cui
1302 1917 1681 1986 respondetur,
1710 1917 1790 1972 Tu
1819 1934 1871 1972 es

288 2005 519 2061 Christus
540 2007 709 2063 Filius
734 2009 827 2063 Dei
854 2011 982 2072 vivi;
1010 2026 1165 2079 quem
1185 2010 1605 2079 putaveruntalii
1631 2010 1871 2066 homines

291 2111 395 2149 non
428 2099 626 2165 sancti,
654 2114 761 2153 non
782 2098 934 2170 justi,
969 2115 1129 2153 unum
1152 2116 1216 2155 ex
1244 2100 1542 2169 PrOphetis,
1569 2110 1660 2156 aut
1678 2101 1867 2165 Eliam,

287 2196 375 2240 aut
404 2186 694 2243 Jeremiam
719 2230 736 2255 ,
785 2199 877 2243 aut
920 2190 1180 2245 Joannem
1224 2190 1511 2259 Baptistam
1546 2191 1707 2260 :quis
1742 2205 1871 2260 ergo

289 2276 380 2329 tu?
412 2278 553 2332 Audi
579 2279 719 2348 quod
742 2280 978 2349 sequitur
1004 2297 1018 2333 :
1053 2299 1072 2331 ι
1102 2280 1243 2335 Deus
1265 2280 1639 2349 gloriﬁcandus
1666 2281 1717 2334 in
1748 2296 1870 2335 con-

286 2368 707 2437 siliojustorum.
727 2370 854 2438 Quis
876 2390 894 2422 ι
916 2386 1043 2440 ergo
1070 2390 1088 2423 ι
1114 2371 1164 2425 in
1183 2371 1412 2425 nubibus
1436 2370 1731 2440 aequabitur
1758 2372 1868 2427 Do-

288 2459 476 2513 mino?
524 2470 616 2513 aut
661 2461 779 2530 quis
825 2460 1013 2515 similis
1055 2461 1158 2516 erit
1208 2460 1436 2515 Domino
1479 2460 1532 2514 in
1577 2460 1699 2515 ﬁliis
1748 2460 1865 2526 Dei,

284 2547 502 2614 quando
551 2548 642 2604 ille
683 2549 824 2605 Deus
852 2567 872 2602 ι
903 2556 985 2604 est
1014 2567 1033 2601 ι
1062 2548 1433 2620 gloriﬁcandus
1449 2549 1501 2604 in
1540 2548 1763 2604 consilio
1776 2550 1869 2618 ju-

284 2646 492 2692 storum
510 2639 563 2692 ἳι
592 2639 849 2705 Quoniam
872 2654 976 2695 non
1009 2649 1226 2708 possunt
1241 2640 1725 2709 aequalesilliesse;
1747 2655 1867 2695 con-

285 2724 463 2780 silium
505 2726 741 2794 ipsorum
791 2728 861 2783 sit
908 2728 1131 2785 credere
1160 2730 1211 2783 in
1240 2729 1387 2784 illum
1424 2730 1718 2799 :quoniam
1760 2745 1867 2785 non

289 2824 513 2882 p035unt
561 2818 793 2885 aequales
825 2817 900 2871 illi
929 2832 1050 2873 esse
1097 2818 1268 2876 nubes
1308 2826 1364 2874 et
1408 2818 1498 2874 ﬁlii
1528 2819 1651 2884 Dei;
1702 2828 1871 2876 restat

284 2904 572 2960 consilium
604 2904 848 2962 humana:
896 2907 1201 2978 fragilitati,
1248 2916 1309 2963 ut
1344 2909 1435 2978 qui
1475 2908 1770 2979 gloriatur,
1813 2909 1866 2965 in

284 2993 514 3050 Domino
543 2996 798 3066 glorietur
826 2996 867 3069 (Ι
892 2996 1012 3053 Cor.
1042 3014 1079 3063 ι,
1114 2999 1229 3069 5I).
1272 2998 1406 3056 Deus
1431 3000 1794 3071 gloriﬁcandus
1814 3001 1869 3056 in

284 3087 497 3141 consilio
532 3090 792 3157 justorum
824 3106 843 3144 :
876 3107 1089 3161 magnus
1123 3099 1171 3147 et
1208 3091 1442 3147 terribilis
1483 3094 1536 3147 in
1580 3110 1749 3148 omnes
1782 3094 1869 3165 qui

285 3179 336 3233 in
351 3180 567 3234 circuitu
583 3183 692 3252 ejus
707 3193 843 3237 sunt.
872 3182 1078 3253 Ubique
1105 3184 1264 3239 Deus.
1292 3185 1393 3251 Qui
1413 3200 1538 3257 ergo
1559 3184 1612 3240 in
1641 3185 1868 3241 circuitu

284 3271 403 3339 ejus
426 3280 593 3339 sunt,
620 3273 711 3343 qui
740 3273 934 3343 ubique
972 3274 1093 3328 est?
1139 3274 1195 3330 Si
1222 3274 1364 3330 enim
1392 3274 1552 3330 habet
1578 3276 1786 3345 aliquos
1812 3277 1866 3331 in

285 3361 513 3417 circuitu
534 3402 550 3427 ,
582 3364 732 3433 quasi
763 3364 996 3433 undique
1025 3364 1203 3419 ﬁnitus
1232 3365 1563 3436 intelligitur.
1615 3366 1783 3423 Porro
1821 3369 1867 3422 si

286 3467 472 3507 verum
500 3452 699 3509 dictum
725 3467 809 3509 est
837 3455 947 3509 Deo
980 3463 1033 3509 et
1060 3454 1127 3510 de
1155 3456 1265 3510 Deo
1283 3495 1300 3521 ,
1348 3455 1718 3527 Magnitudinis
1757 3460 1868 3529 ejus

286 3558 388 3596 non
409 3553 482 3597 est
511 3544 629 3612 linis
657 3542 823 3614 (Psal.
850 3560 1029 3610 cxuv,
1062 3546 1147 3615 5);
1174 3546 1263 3615 qui
1290 3555 1599 3614 remanent,
1630 3547 1719 3617 qui
1745 3556 1869 3603 sunt

288 3633 340 3689 in
363 3633 591 3689 circuitu
619 3635 736 3704 ejus
756 3677 771 3701 ,
820 3636 922 3689 nisi
951 3637 1072 3706 quia
1100 3636 1192 3692 ille
1218 3638 1308 3706 qui
1338 3637 1532 3707 ubique
1557 3646 1639 3692 est
1657 3678 1673 3703 ,
1704 3639 1869 3693 voluit

289 3738 383 3794 per
407 3739 626 3779 carnem
655 3725 707 3779 in
740 3739 845 3779 uno
874 3726 991 3781 loco
1021 3727 1203 3795 nasci,
1235 3728 1288 3781 in
1318 3743 1420 3782 una
1461 3738 1620 3798 gente
1645 3744 1867 3785 conver-

290 3818 419 3882 sari,
447 3817 501 3873 in
532 3832 640 3872 uno
669 3818 787 3873 loco
812 3818 1066 3888 cruciﬁgi,
1099 3835 1168 3874 ex
1194 3835 1298 3873 uno
1322 3821 1442 3875 loco
1470 3836 1768 3892 resurgere,
1800 3837 1867 3877 ex

291 3922 397 3961 uno
423 3908 543 3962 loco
582 3909 633 3961 in
670 3908 860 3963 malum
886 3909 1217 3965 ascendere?
1248 3910 1347 3966 Ubi
1376 3912 1476 3967 hoc
1503 3912 1657 3979 fecit,
1685 3915 1735 3967 in
1760 3915 1866 3968 cir-

290 3998 433 4052 cuitu
459 3997 578 4068 ejus
606 3997 803 4054 Gcntes
820 4008 959 4053 sunt.
990 3999 1043 4055 Si
1063 4000 1131 4054 ibi
1158 4001 1565 4055 remaneretubi
1594 4001 1691 4056 ista
1721 4002 1863 4069 fecit,

290 4103 394 4143 non
423 4097 569 4145 esset
597 4106 810 4161 magnus
831 4100 878 4145 et
905 4091 1137 4145 terribilis
1162 4092 1215 4145 in
1239 4108 1410 4145 omnes
1438 4092 1526 4161 qui
1562 4093 1615 4147 in
1656 4095 1868 4149 circuitu

290 4184 398 4252 ejus
424 4191 585 4236 sunt:
611 4183 733 4253 quia
771 4198 899 4238 vero
942 4184 1015 4238 ibi
1058 4184 1135 4239 sic
1162 4183 1496 4254 praedicavit,
1544 4194 1599 4239 ut
1639 4185 1760 4241 inde
1784 4187 1864 4241 sui

292 4274 522 4328 nominis
548 4274 780 4329 mitteret
804 4275 1176 4344 praedicatores
1196 4290 1291 4345 per
1307 4290 1493 4331 omnes
1523 4275 1721 4332 Gentes
1752 4287 1863 4333 toto

290 4365 419 4420 orbe
439 4375 732 4431 terrarum;
764 4364 1005 4421 faciendo
1022 4366 1274 4421 miracula
1295 4381 1389 4435 per
1409 4382 1593 4421 servos
1614 4382 1757 4433 suos,
1794 4368 1867 4421 fa-

290 4465 404 4510 ctus
432 4464 518 4510 est
554 4472 765 4528 magnus
800 4465 847 4509 et
880 4456 1113 4512 terribilis
1148 4457 1202 4511 in
1247 4472 1417 4511 omnes
1445 4458 1532 4530 qui
1572 4458 1626 4511 in
1653 4458 1865 4512 circuitu

288 4544 396 4615 ejus
424 4554 563 4599 sunt.

358 4634 412 4689 9.
444 4632 594 4707 [vers.
620 4633 673 4697 9,
696 4634 808 4708 10.]
839 4633 1051 4689 Domine
1078 4633 1212 4691 Deus
1240 4636 1474 4690 virtutum
1494 4679 1509 4706 ,
1552 4638 1665 4708 quis
1689 4638 1866 4692 similis

291 4724 377 4777 tibi
397 4724 423 4777 .’
452 4722 642 4779 Potens
663 4742 744 4791 es,
786 4723 1003 4779 Domine
1022 4766 1035 4790 ,
1068 4735 1113 4779 et
1132 4726 1313 4780 veritas
1336 4735 1421 4780 tua
1445 4727 1499 4781 in
1519 4727 1726 4781 circuitu
1757 4737 1863 4781 tuo.

288 4814 475 4885 Magna
504 4816 737 4885 potentia
780 4825 903 4882 tua;
953 4824 1005 4870 tu
1036 4815 1206 4871 fecisti
1234 4818 1427 4873 cmlum
1459 4827 1512 4873 et
1543 4828 1736 4874 terram
1757 4861 1772 4884 ,
1814 4828 1867 4873 ct

289 4905 468 4958 omnia
490 4920 611 4975 qua:
636 4905 688 4959 in
711 4905 788 4960 eis
814 4914 970 4960 sunt:
1001 4905 1095 4961 sed
1119 4906 1238 4976 plus
1262 4915 1344 4963 est
1364 4908 1726 4964 misericordia
1754 4919 1862 4974 tua,

289 5008 408 5063 quae
438 4993 683 5050 exhibuit
706 4995 982 5050 veritatem
1004 5004 1146 5050 tuam
1178 4996 1229 5050 in
1253 4996 1474 5051 circuitu
1500 5006 1611 5052 tuo.
1644 4998 1697 5053 Si
1723 4999 1862 5054 enim

290 5084 359 5140 ibi
388 5085 564 5141 solum
594 5085 959 5156 prmdicareris
982 5127 999 5155 ,
1031 5087 1117 5143 ubi
1158 5087 1337 5154 nasci,
1371 5087 1457 5142 ubi
1487 5088 1592 5158 pati
1620 5130 1634 5155 ,
1666 5089 1752 5143 ubi
1778 5105 1865 5145 re-

288 5190 529 5246 surgere,
562 5175 703 5232 unde
746 5177 1033 5233 ascendere
1061 5177 1314 5243 voluisti;
1358 5178 1574 5247 impleta
1600 5186 1747 5234 esset
1773 5179 1858 5233 illa

288 5268 484 5321 veritas
523 5267 771 5337 promissi
810 5267 943 5335 Dei,
980 5267 1049 5322 ad
1090 5269 1464 5337 confirmandas
1507 5270 1863 5337 promissiones

288 5368 491 5427 patrum
519 5373 539 5411 :
569 5357 661 5413 sed
688 5373 795 5413 non
825 5358 1132 5429 impleretur
1150 5400 1166 5425 ,
1193 5357 1372 5413 Gentes
1405 5369 1569 5413 autem
1591 5377 1742 5430 super
1768 5361 1863 5414 mi-

288 5450 566 5504 sericordia
592 5452 880 5522 gloriﬁcare
914 5452 1077 5507 Deum
1102 5452 1274 5523 (Rom.
1306 5469 1394 5521 xv,
1424 5452 1521 5510 8et
1537 5453 1615 5524 9),
1640 5454 1742 5509 nisi
1773 5454 1861 5508 illa

287 5542 481 5597 veritas
498 5541 909 5612 expanderetur,
939 5552 992 5598 et
1017 5543 1083 5597 ab
1114 5543 1206 5598 illo
1233 5543 1352 5598 loco
1379 5544 1466 5600 ubi
1487 5560 1743 5615 apparere
1762 5560 1860 5599 vo-

287 5631 450 5700 luisti,
475 5633 531 5687 in
556 5632 779 5690 circuitu
800 5633 1199 5690 diﬁ'underetur.
1218 5634 1296 5689 Tu
1323 5635 1534 5705 quidem
1562 5638 1613 5691 in
1638 5636 1726 5693 illo
1745 5638 1860 5693 loco

350 5748 367 5779 ⁸
403 5752 470 5796 tta
492 5751 567 5797 Er.
591 5754 711 5797 Ven.
737 5754 789 5797 et
808 5753 917 5798 ιον.
941 5755 1104 5811 Deest,
1128 5747 1233 5811 scd,
1255 5748 1305 5797 in
1327 5755 1376 5798 Β.
1440 5756 1494 5800 ιι.

998 5864 1029 5889 δ

1347 336 1740 395 ENARRATIO
1766 335 1843 407 VIN
1882 334 2203 396 ΡδΑιιιυιι
2242 341 2571 400 LXXXVIII.

3417 356 3553 415 1126

1981 453 2048 508 de
2072 457 2212 513 nube
2242 462 2452 529 propria
2498 460 2771 515 intonuisti
2794 503 2808 527 ,
2838 461 2933 517 sed
2961 464 3028 519 ad
3068 464 3343 536 rigandum
3375 470 3428 527 in
3453 474 3554 529 eir-

1982 544 2124 598 cuitu
2151 547 2396 602 Gentium
2441 550 2572 604 alias
2597 551 2766 607 nubes
2800 552 3011 608 misisti.
3064 554 3201 611 Vere
3245 569 3431 628 potens
3460 562 3557 615 im-

1982 635 2134 704 plesti
2169 639 2309 708 quod
2348 640 2530 695 dixisti
2559 683 2576 709 ,
2626 644 2820 698 Δηιοάο
2860 646 3085 701 videbitis
3112 646 3304 705 Filium
3341 653 3557 709 hominis

1979 728 2253 782 venientem
2278 730 2330 783 in
2355 731 2567 786 nubibus
2595 734 2706 787 caeli
2728 734 2939 806 (Matth.
2966 754 3110 807 xxvn,
3134 739 3248 813 64).
3279 741 3467 799 Palem
3479 762 3552 810 cs,

1977 816 2214 884 Domine,
2245 830 2289 874 et
2309 822 2487 875 veritas
2510 832 2594 876 tua
2614 826 2666 879 in
2686 827 2893 881 circuitu
2924 837 3029 883 tuo.

2050 908 2138 964 10.
2183 910 2287 964 Sed
2313 926 2433 966 cum
2468 914 2628 982 cmpit
2668 917 2862 971 veritas
2893 928 2977 973 tua
3016 920 3067 975 in
3099 921 3326 978 circuitu
3361 926 3557 993 pra‘dl.

1977 1000 2124 1066 cari,
2165 1003 2347 1073 utique
2385 1004 2713 1061 fremuerunt
2738 1008 2933 1065 Gentes
2956 1052 2970 1077 ,
3018 1020 3072 1067 et
3098 1014 3280 1083 populi
3310 1016 3551 1071 meditati

1978 1099 2104 1145 sunt
2124 1092 2296 1175 inania
2322 1110 2337 1158 ;
2366 1095 2648 1150 astiterunt
2672 1112 2824 1167 reges
2851 1107 3027 1167 terras,
3058 1112 3111 1157 et
3139 1103 3401 1174 principes
3429 1122 3554 1160 con-

1978 1190 2237 1236 venerunt
2256 1184 2307 1238 in
2326 1200 2511 1251 unum,
2524 1187 2774 1241 adversus
2788 1189 3066 1246 Dominum
3078 1203 3131 1247 et
3144 1194 3394 1250 adversus
3408 1195 3556 1252 Chri-

1977 1280 2116 1325 stum
2139 1273 2252 1341 ejus
2276 1274 2446 1343 (Psal.
2467 1291 2525 1341 ιι,
2554 1277 2602 1341 1,
2630 1276 2707 1349 2).
2737 1277 2926 1349 Utique
2942 1295 3059 1335 cum
3078 1284 3327 1353 cmpisset
3354 1287 3553 1342 veritas

1980 1369 2068 1414 tua
2094 1364 2368 1429 praedicari
2398 1367 2446 1419 in
2470 1366 2694 1421 circuitu
2724 1376 2833 1435 tuo,
2864 1376 3112 1439 tanquam
3132 1374 3341 1428 venires
3362 1375 3428 1429 ad
3459 1375 3551 1431 du-

1975 1451 2196 1506 cendam
2222 1454 2499 1525 conjugem
2519 1471 2582 1510 ex
2599 1457 2926 1528 alienigenis,
2944 1461 3174 1515 occurrit
3188 1461 3273 1516 leo
3295 1461 3548 1527 fremens,

1975 1550 2030 1595 et
2056 1542 2338 1598 suffocatus
2358 1555 2439 1600 est
2471 1562 2502 1600 a
2543 1555 2612 1601 te.
2664 1547 2772 1601 lloc
2794 1549 2934 1603 enim
2966 1551 3355 1621 prteﬁguratum
3378 1562 3458 1607 est
3497 1554 3551 1608 in

1974 1632 2197 1689 Samson
2226 1636 2419 1703 (Judic.
2451 1654 2557 1705 xlv,
2581 1640 2636 1706 5,
2660 1639 2727 1709 6)
2753 1657 2765 1693 :
2798 1651 2850 1695 et
2876 1642 2977 1695 illis
3002 1643 3017 1674 ί
3042 1644 3221 1699 verbis
3248 1646 3405 1713 meis,
3436 1648 3553 1701 sine

1976 1725 2189 1781 nomine
2218 1727 2356 1780 illius
2377 1726 2555 1795 dictis,
2582 1745 2688 1784 non
2718 1731 3104 1800 acclamaretis,
3147 1734 3247 1788 nisi
3287 1750 3549 1805 agnosce-

1975 1815 2141 1881 rctis;
2185 1818 2406 1874 audistis
2449 1820 2590 1875 enim
2617 1863 2631 1888 ,
2674 1832 2729 1876 ut
2776 1823 2851 1877 illi
2896 1824 2982 1894 qui
3024 1825 3207 1880 soletis
3246 1828 3479 1899 complui
3518 1845 3550 1884 a

1974 1906 2204 1962 nubibus
2253 1909 2367 1964 Dei.
2411 1907 2551 1982 Ergo
2597 1913 2777 1966 veritas
2820 1922 2906 1967 tua
2938 1915 2993 1969 in
3034 1917 3247 1970 circuitu
3291 1928 3395 1972 tuo.
3443 1918 3550 1975 Sed

1972 1997 2185 2065 quando
2223 1999 2339 2053 sine
2389 2001 2847 2069 persecutionibus
2870 2045 2885 2071 ,
2930 2005 3138 2074 quando
3178 2007 3294 2062 sine
3332 2017 3548 2063 contra-

1973 2084 2314 2152 dictionibus,
2338 2103 2457 2143 cum
2481 2089 2678 2144 dictum
2704 2092 2771 2146 sit
2792 2108 2913 2147 eum
2936 2105 3115 2149 natum
3147 2096 3198 2150 in
3234 2098 3439 2168 signum
3463 2101 3549 2155 cui

1972 2177 2534 2245 contradicetur(Lue.
2561 2196 2617 2247 ιι,
2647 2180 2736 2249 54)
2762 2181 2785 2235 ?
2810 2183 2941 2248 Quia
2980 2199 3108 2253 ergo
3138 2186 3226 2240 illa
3265 2202 3417 2255 gens,
3461 2189 3547 2242 ubi

1973 2265 2158 2328 nasci,
2190 2266 2279 2320 ubi
2325 2271 2627 2323 conversari
2673 2271 2905 2339 voluisti,
2956 2282 3206 2344 tanquam
3251 2286 3390 2331 terra
3435 2288 3549 2334 erat

1971 2362 2213 2422 separata
2239 2370 2268 2407 a
2294 2354 2539 2411 ﬂuctibus
2558 2358 2826 2427 Gentium,
2850 2371 2908 2415 ut
2928 2374 3207 2433 appareret
3231 2366 3376 2420 arida
3402 2383 3547 2423 com-

1972 2443 2218 2512 pluenda,
2247 2448 2462 2516 reliqua:
2485 2458 2662 2505 autem
2690 2450 2887 2507 Gentes
2925 2469 3070 2508 mare
3098 2467 3247 2510 erant
3274 2457 3325 2510 in
3352 2461 3547 2513 amari-

1974 2535 2158 2590 tudine
2186 2538 2479 2594 sterilitatis
2508 2556 2654 2607 suaz;
2692 2544 2816 2612 quid
2843 2544 3039 2599 faciunt
3064 2548 3436 2616 praedicatores
3471 2551 3547 2606 tui

1970 2635 2281 2695 spargentes
2301 2629 2578 2684 veritatem
2616 2639 2757 2685 tuam
2785 2633 2837 2687 in
2877 2634 3099 2689 circuitu
3142 2646 3254 2704 tuo,
3295 2640 3546 2708 quoniam

1972 2714 2201 2772 fremunt
2229 2718 2421 2776 ﬂuctus
2464 2719 2669 2778 maris?
2709 2723 2834 2795 quid
2876 2726 3116 2781 faciunt?
3156 2728 3234 2783 Tu
3269 2731 3547 2787 dominaris

1971 2810 2201 2877 potestati
2232 2811 2407 2866 maris.
2444 2811 2578 2867 Nam
2608 2814 2732 2883 quid
2776 2814 2900 2870 fecit
2940 2833 3089 2873 mare
3115 2820 3413 2888 saaviendo,
3444 2823 3549 2879 nisi

1969 2897 2115 2954 diem
2172 2916 2330 2972 quem
2382 2902 2541 2960 hodie
2592 2905 2967 2965 celebramus?
3022 2910 3281 2985 Martyres
3330 2914 3545 2981 occidit,

1969 2989 2174 3044 semina
2203 2993 2473 3063 sanguinis
2511 2995 2706 3064 sparsit
2730 3037 2745 3063 ,
2774 3012 2927 3068 seges
2954 2998 3208 3056 Ecclesia:
3248 3002 3545 3071 pullulavit.

1969 3077 2182 3135 Secura:
2227 3097 2353 3153 ergo
2397 3094 2622 3155 pergant
2665 3087 2873 3155 nubes;
2931 3088 3228 3147 diﬁimdant
3269 3096 3549 3152 veritatem

1971 3182 2113 3227 tuam
2143 3174 2194 3227 in
2221 3176 2447 3231 circuitu
2478 3186 2597 3245 tuo,
2645 3195 2748 3233 non
2789 3181 3011 3236 timeant
3051 3184 3267 3239 rabidos
3307 3186 3499 3243 fluctus
3530 3205 3544 3244 :

1969 3260 2053 3317 Tu
2078 3265 2353 3321 dominaris
2381 3269 2615 3337 potestati
2644 3269 2820 3323 maris.
2849 3269 3089 3325 Movetur
3120 3274 3331 3343 quidem
3374 3292 3544 3343 mare,

1969 3356 2286 3412 contradicit
2310 3374 2477 3426 mare,
2508 3360 2791 3431 perstrepit
2819 3376 3004 3428 mare;
3045 3364 3137 3418 sed
3174 3364 3343 3421 ﬁdelis
3382 3367 3549 3435 Deus,

1969 3446 2060 3517 qui
2104 3463 2209 3503 non
2254 3463 2349 3503 vos
2397 3450 2535 3503 sinat
2585 3451 2776 3505 tentari
2836 3468 2994 3522 supra
3043 3453 3094 3509 id
3140 3456 3281 3526 quod
3324 3460 3547 3528 potestis

1974 3537 2025 3609 (l
2048 3538 2164 3592 Cor.
2187 3555 2239 3605 ι,
2270 3539 2380 3613 15).
2406 3540 2535 3610 Quia
2570 3557 2699 3611 ergo
2740 3542 2912 3597 ﬁdelis
2940 3554 3022 3599 est
3047 3546 3136 3616 qui
3166 3562 3270 3601 non
3301 3563 3395 3604 vos
3423 3550 3549 3605 sinit

1972 3630 2161 3683 tentari
2190 3645 2347 3700 supra
2374 3630 2425 3685 id
2450 3632 2589 3702 quod
2616 3634 2833 3702 potestis
2859 3633 3086 3690 :Hotum
3114 3647 3279 3692 autem
3302 3641 3548 3709 [luctuum

1970 3721 2078 3790 ejus
2108 3730 2159 3773 tu
2189 3722 2413 3792 mitigas.

2043 3812 2127 3866 11.
2159 3810 2306 3883 [vers.
2336 3810 2448 3885 11.]
2478 3814 2714 3883 Denique
2733 3825 2791 3869 ut
2818 3816 3113 3885 placaretur
3139 3834 3306 3886 mare,
3352 3817 3459 3876 imo
3484 3833 3546 3878 ut

1970 3913 2313 3957 enervaretur
2341 3904 2514 3959 rabies
2543 3906 2721 3971 maris,
2766 3908 2891 3977 quid
2940 3908 2992 3963 in
3024 3911 3139 3979 ipso
3168 3914 3301 3967 mari
3330 3913 3545 3971 fecisti?

1974 3992 2048 4046 Tu
2074 3993 2347 4046 Itumiliasti
2376 3993 2503 4047 sicut
2534 3996 2848 4050 vulneratum
2888 4001 3174 4068 superbum.
3207 4001 3301 4057 Est
3329 4006 3544 4074 quidam

1970 4084 2226 4154 superbus
2255 4084 2416 4140 draco
2450 4086 2503 4140 in
2539 4086 2701 4152 mari,
2734 4088 2801 4142 de
2825 4104 2930 4159 quo
2956 4090 3056 4143 alia
3078 4090 3347 4162 Scriptura
3375 4096 3537 4161 dicit,

1972 4174 2227 4229 Mandabo
2261 4176 2469 4231 draconi
2490 4176 2560 4230 ibi
2587 4186 2641 4231 ut
2662 4178 2886 4233 mordeat
2906 4196 3022 4234 eum
3046 4179 3224 4250 (Amos
3252 4198 3326 4249 ix,
3350 4185 3428 4255 5);
3459 4196 3546 4241 est

1969 4267 2130 4322 draco
2154 4267 2221 4323 de
2247 4282 2352 4338 quo
2379 4268 2589 4337 dicitur,
2619 4269 2788 4324 Draco
2826 4271 2907 4324 hic
2930 4288 3075 4337 quem
3107 4273 3300 4341 ﬁnxisti
3324 4276 3391 4328 ad
3426 4278 3547 4332 illu-

1969 4359 2188 4412 dendum
2213 4360 2257 4412 ei
2286 4358 2454 4431 (Psal.
2488 4375 2596 4425 cur,
2624 4360 2716 4432 26)
2748 4377 2762 4413 :
2791 4362 2941 4430 cujus
2971 4370 3130 4431 caput
3158 4365 3431 4419 contundit
3452 4382 3545 4421 διι-

1970 4462 2064 4517 per
2090 4462 2298 4517 aquam.
2351 4446 2463 4515 Tu,
2501 4448 2699 4518 inquit,
2744 4448 3020 4504 humiliasti
3062 4451 3193 4505 sicut
3227 4453 3545 4510 vulneratum

1968 4540 2254 4609 superbum.
2297 4539 2595 4593 Humiliasti
2640 4547 2714 4608 te,
2741 4540 2793 4594 et
2820 4539 3124 4596 humiliatus
3152 4551 3235 4598 est
3261 4546 3543 4615 superbus.
3630 4598 3633 4601 .

1968 4630 2241 4701 Superbus
2273 4633 2412 4686 enim
2440 4647 2536 4702 per
2559 4632 2862 4701 superbiam
2888 4634 3143 4703 superbos
3169 4635 3414 4691 tenebat:
3444 4638 3544 4692 hu‘

1968 4724 2201 4779 miliatus
2245 4731 2327 4778 est
2368 4738 2624 4793 magnus,
2667 4723 2889 4777 credens
2917 4731 3092 4779 autem
3129 4724 3181 4778 in
3212 4740 3334 4780 eum
3378 4725 3549 4783 factus

1968 4825 2049 4872 est
2072 4829 2286 4884 parvus.
2319 4814 2450 4868 Dum
2478 4814 2707 4868 nutritur
2730 4830 2924 4884 parvus
2948 4817 3198 4886 exemplo
3223 4820 3399 4890 magni
3424 4821 3546 4876 lacti

1971 4906 2116 4976 parvi
2140 4947 2155 4973 ,
2184 4904 2414 4975 perdidit
2432 4902 2571 4973 quod
2597 4904 2813 4958 tenebat
2836 4903 3112 4971 diabolus;
3143 4907 3263 4977 quia
3285 4910 3548 4978 superbus

1969 4997 2174 5053 nonnisi
2192 4996 2449 5067 superbos
2465 4996 2694 5051 tenebat.
2719 4996 2852 5050 Dato
2869 5004 3015 5052 tanto
3034 4996 3347 5054 humilitatis
3362 5016 3516 5054 excm
3532 5030 3545 5041 -

1969 5090 2057 5162 pio
2083 5130 2097 5155 ,
2138 5088 2439 5145 didicerunt
2476 5087 2721 5144 homines
2744 5087 2999 5145 damnare
3024 5090 3322 5160 superbiam
3353 5106 3504 5145 suam
3525 5128 3543 5155 ,

1968 5179 2163 5236 imitari
2189 5180 2540 5235 humilitatem
2581 5178 2697 5235 Dei.
2742 5179 2820 5234 ita
2845 5195 2971 5251 ergo
2996 5179 3085 5236 ille
3113 5180 3380 5249 perdendo
3405 5196 3545 5251 quos

1970 5271 2222 5338 tenebat,
2274 5271 2432 5326 etiam
2463 5270 2576 5339 ipse
2621 5268 2927 5324 humiliatus
2953 5278 3069 5333 est;
3117 5282 3222 5323 non
3248 5278 3539 5341 correctus,

1968 5364 2061 5419 sed
2089 5371 2401 5434 prostratus.
2451 5359 2527 5416 Tu
2553 5362 2831 5417 Itumiliasti
2861 5362 2989 5415 sicut
3024 5360 3339 5415 vulneratum
3363 5377 3542 5432 supero

1967 5455 2103 5508 bum.
2129 5453 2443 5509 Humiliatus
2468 5467 2529 5508 es
2552 5494 2565 5516 ,
2608 5461 2663 5507 et
2691 5451 3004 5516 humiliasti;
3036 5450 3343 5507 vulneratus
3367 5468 3445 5519 es,
3487 5460 3540 5507 et

1965 5543 2254 5598 vulnerasti
2285 5561 2297 5596 :
2327 5556 2499 5613 neque
2526 5542 2668 5597 enim
2704 5555 2825 5595 eum
2854 5554 2960 5595 non
2986 5540 3288 5596 vulneraret
3324 5554 3539 5611 sanguis

1967 5646 2085 5691 tuus
2108 5677 2122 5701 ,
2154 5635 2243 5705 qui
2270 5634 2418 5690 fusus
2443 5642 2526 5689 est
2550 5642 2608 5688 ut
2630 5632 2833 5687 deleret
2861 5628 3263 5704 chirographum
3290 5642 3537 5703 peccato.

2030 5750 2046 5780 ¹
2081 5749 2153 5798 Sic
2174 5747 2353 5812 aliquot
2372 5753 2480 5797 Mss.
2508 5744 2592 5795 Alii
2615 5757 2725 5796 cum
2746 5744 2879 5807 Edd.,
2902 5744 3047 5797 illius.
