4048 6474
542 356 677 417 1127

542 494 679 533 rum.
728 472 877 532 Unde
918 474 1058 529 enim
1108 470 1471 544 superbicbat,
1504 468 1605 524 nisi
1645 469 1765 538 quia
1812 467 2111 522 cautionem

540 579 725 625 contra
757 582 855 623 nos
884 566 1131 622 tenebat?
1171 566 1315 619 Hanc
1364 572 1415 617 tu
1457 562 1778 625 cautionem,
1813 559 1914 614 hac
1943 559 2115 614 chiro-

544 655 800 729 graphuln
834 668 921 712 tuo
951 656 1204 726 sanguine
1257 652 1497 709 delevisti
1546 652 1761 722 (Coloss.
1792 660 1850 716 ll,
1886 650 1972 717 14)
2011 667 2023 702 :
2054 648 2116 702 il-

541 752 648 805 lum
692 755 820 820 ergo
847 747 1161 812 vulnerasti,
1205 748 1288 802 cui
1334 755 1409 800 tot
1452 744 1734 800 abstulisti.
1768 742 2113 798 Vulneratum

540 842 683 897 enim
708 840 976 909 intelligas
999 837 1285 902 diabolum,
1318 852 1422 891 non
1453 844 1721 906 penetrata
1748 850 1928 898 carne,
1954 848 2110 903 quam

539 948 643 987 non
673 930 863 993 habet;
894 929 986 982 sed
1016 944 1266 998 percusso
1295 928 1475 990 corde,
1509 927 1594 980 tibi
1625 924 1885 995 superbus
1911 932 2011 979 est.
2045 922 2113 977 Et

534 1023 586 1074 in
613 1018 815 1075 brachio
837 1020 1030 1072 virtutis
1046 1031 1145 1071 tua:
1166 1019 1444 1085 dispersisti
1460 1018 1683 1070 inimicos
1697 1024 1828 1070 tuos.

609 1104 695 1165 12.
731 1107 880 1181 [vers.
903 1109 988 1175 12,
1018 1108 1131 1182 15.]
1166 1109 1388 1163 Tnisnnt
1418 1108 1529 1163 caeli
1547 1149 1561 1173 ,
1588 1116 1634 1161 et
1662 1110 1747 1161 tua
1776 1117 1847 1161 est
1884 1114 2036 1161 terra.
2065 1108 2109 1160 Α

535 1211 585 1256 te
636 1202 854 1269 pluunt,
901 1214 1062 1270 super
1092 1204 1233 1254 ttiam
1286 1200 1470 1268 pluunt
1497 1201 1535 1251 ί.
1566 1199 1663 1252 Tui
1686 1204 1816 1281 ‘sunt
1843 1199 1985 1263 caeli,
2016 1212 2112 1267 per

531 1306 666 1361 quos
697 1290 977 1360 pricdicata
1023 1296 1105 1345 est
1153 1284 1347 1345 veritas
1391 1291 1443 1343 in
1491 1289 1710 1344 circuitu
1742 1298 1831 1343 tuo
1864 1306 1877 1341 :
1906 1298 1994 1342 tua
2037 1293 2113 1341 est

533 1393 687 1447 terra,
721 1397 837 1451 qua:
867 1382 1073 1451 excepit
1106 1382 1379 1435 veritatem
1406 1380 1456 1435 in
1487 1380 1709 1434 circuitu
1737 1388 1845 1435 tuo.
1875 1380 2112 1448 Denique

532 1470 657 1541 quid
685 1470 751 1525 de
781 1464 865 1524 illa
896 1464 1067 1539 pluvia
1091 1462 1284 1524 factum
1312 1469 1436 1522 est?
1459 1468 1639 1523 Orbem
1670 1478 1914 1522 terrarum
1935 1478 1979 1523 et
2004 1469 2112 1537 ple-

532 1555 809 1615 nitudinem
824 1562 931 1630 ejus
952 1562 1005 1612 tu
1020 1560 1246 1629 fundasti
1262 1576 1281 1623 ;
1309 1560 1593 1630 aquilonem
1618 1568 1665 1613 et
1702 1560 1861 1612 maria
1887 1568 1938 1612 tu
1965 1575 2110 1612 crea-

540 1654 623 1708 sti.
664 1652 780 1708 Non
821 1653 960 1708 enim
991 1644 1183 1723 aliquid
1225 1656 1406 1708 contra
1450 1661 1503 1707 te
1530 1651 1704 1717 valet,
1733 1658 1913 1707 eontra
1948 1649 2112 1705 Crea-

532 1753 699 1797 torem
742 1759 916 1797 suum.
945 1743 1012 1797 Et
1042 1743 1235 1797 malitia
1263 1742 1476 1813 quidem
1502 1757 1625 1807 sua,
1660 1752 1753 1812 per
1789 1758 1899 1797 sum
1920 1742 2109 1796 volun-

531 1832 653 1885 tatis
684 1833 1081 1901 perversitatem
1126 1834 1315 1887 sawire
1342 1842 1515 1901 poteSt
1557 1832 1823 1898 mundus;
1854 1831 2107 1903 numquid

529 1932 705 1977 tamen
737 1922 945 1978 excedit
986 1923 1203 1978 modum
1234 1924 1463 1993 positum
1490 1938 1520 1977 a
1548 1924 1800 1978 Creatore
1821 1966 1836 1989 ,
1864 1923 1954 1994 qui
1982 1923 2110 1979 fecit

528 2012 750 2070 omnia?
780 2012 914 2080 Quid
945 2028 1077 2083 ergo
1101 2014 1264 2068 timeo
1287 2013 1629 2084 aquilonem?
1658 2014 1784 2083 quid
1808 2014 1967 2067 timeo
1996 2028 2109 2067 ma-

527 2100 643 2155 ria?
669 2102 760 2156 Est
789 2102 1001 2171 quidem
1034 2103 1085 2156 in
1114 2103 1360 2173 aquilone
1385 2103 1650 2167 diabolus,
1679 2103 1767 2172 qui
1802 2103 1952 2167 dixit,
1999 2102 2108 2157 Po-

527 2208 646 2245 nant
672 2190 842 2246 sedem
871 2204 1032 2245 nteant
1058 2194 1109 2246 in
1135 2194 1437 2263 aquilonem,
1467 2203 1514 2247 et
1539 2210 1623 2247 ero
1649 2194 1828 2247 similis
1854 2194 2107 2247 Altissimo

526 2274 676 2349 (lsai.
722 2297 835 2347 χεν,
883 2282 971 2347 15,
998 2276 1121 2353 14);
1169 2276 1263 2337 Sed
1291 2282 1579 2336 humiliasti
1608 2282 1743 2336 sicut
1772 2283 2107 2338 vulneratum

525 2374 833 2442 superbum.
868 2372 1007 2443 Ergo
1035 2374 1172 2443 quod
1202 2368 1255 2427 in
1286 2367 1473 2429 illis'tu
1503 2372 1696 2440 fecisti,
1728 2375 1846 2443 plus
1880 2376 2017 2429 valet
2038 2375 2104 2430 ad

522 2453 938 2516 dominationem
966 2464 1125 2525 tuam,
1154 2478 1310 2532 quam
1339 2458 1547 2517 illorum
1575 2464 1815 2518 voluntas
1843 2461 1909 2518 ad
1948 2466 2104 2518 mali-

524 2546 648 2607 tiam
678 2568 849 2607 suam.
879 2552 1176 2624 Aquilonem
1202 2558 1248 2606 et
1268 2550 1429 2607 maria
1450 2562 1503 2605 tu
1529 2557 1729 2611 creasti.
1872 2616 1873 2619 η

595 2646 681 2704 15.
717 2642 917 2702 Thabor
940 2659 985 2702 et
1010 2641 1234 2702 Harmon
1259 2651 1279 2681 '
1318 2648 1371 2702 in
1415 2642 1615 2703 nomine
1647 2660 1734 2704 tuo
1765 2650 2102 2706 exsultabunt.

522 2733 730 2793 Montes
758 2739 842 2792 isti
866 2736 1254 2810 intelliguntur,
1285 2736 1379 2794 sed
1400 2732 1598 2810 aliquid
1614 2741 1933 2810 signiﬁcant.
1957 2730 2102 2797 Tha-

520 2823 613 2883 bor
640 2839 685 2883 et
725 2827 949 2882 Hermon
970 2830 1023 2883 in
1062 2830 1262 2883 nomine
1302 2840 1389 2883 tuo
1421 2831 1759 2886 exsultabant.
1784 2825 1999 2888 Thabor
2025 2834 2104 2888 in-

520 2922 799 2991 terpretari
837 2922 1031 2978 dicitur
1052 2920 1280 2977 Veniens
1322 2922 1521 2978 lumen.
1550 2917 1658 2979 Sed
1688 2925 1827 2981 unde
1852 2926 1995 2979 venit
2024 2926 2102 2979 lu-

519 3029 641 3069 men
667 3014 733 3069 de
754 3022 861 3084 quo
886 3013 1086 3068 dictum
1109 3024 1213 3079 est,
1251 3004 1351 3070 Vos
1366 3016 1479 3069 estis
1499 3016 1667 3070 lumen
1692 3017 1868 3070 mundi
1887 3006 2097 3088 (Matth.

518 3098 571 3167 v,
603 3096 712 3175 11);
747 3103 844 3158 nisi
876 3103 943 3157 ab
965 3104 1055 3158 illo
1083 3104 1149 3157 dc
1175 3119 1284 3174 quo
1309 3104 1506 3159 dictum
1535 3114 1637 3171 est,
1669 3103 1793 3160 Erat
1820 3106 1988 3161 lumen
2012 3124 2099 3161 ve-

517 3210 648 3258 rum,
681 3193 815 3263 quod
840 3194 1091 3248 illuminat
1114 3211 1311 3249 omnem
1336 3189 1585 3249 hominem
1607 3190 1877 3251 venientem
1897 3197 1950 3252 in
1967 3193 2101 3252 hunc

516 3284 758 3338 mundum
789 3282 963 3354 (Joan.
993 3300 1029 3351 ι,
1058 3285 1114 3354 9)
1141 3286 1164 3339 ἲ
1193 3285 1321 3340 Illud
1372 3301 1500 3356 ergo
1540 3287 1718 3342 lumen
1742 3289 1882 3359 quod
1909 3298 1991 3344 est
2018 3289 2099 3343 lu-

517 3390 637 3431 men
668 3373 848 3430 mundi
876 3417 891 3443 ,
923 3376 991 3431 ab
1038 3377 1129 3431 illo
1154 3376 1354 3433 lumine
1394 3378 1541 3433 venit
1577 3379 1717 3450 quod
1748 3396 1852 3435 non
1879 3380 2096 3437 aliunde

514 3466 844 3531 accenditur,
888 3477 944 3521 ut
988 3468 1281 3523 timendum
1324 3468 1393 3523 sit
1437 3484 1503 3523 ne
1529 3470 1915 3540 exstinguatur.
1950 3473 2091 3541 Ergo

516 3555 658 3610 venit
685 3556 859 3611 lumen
887 3556 953 3609 ah
975 3550 1084 3623 illo,
1118 3556 1333 3611 lucerna
1365 3551 1452 3613 illa
1476 3574 1595 3627 qua:
1623 3574 1727 3614 non
1761 3561 1971 3629 ponitur
1994 3561 2095 3614 sub

514 3645 713 3711 modio,
737 3645 831 3700 sed
856 3661 1017 3716 super
1042 3643 1419 3702 candelabrum
1436 3689 1452 3714 ,
1478 3647 1697 3703 veniens
1737 3650 1913 3704 lumen
1945 3643 2091 3705 Tha-

514 3737 631 3791 bor.
676 3736 907 3791 Hermon
957 3745 1133 3792 autem
1184 3739 1560 3809 interpretatur
1613 3734 1908 3797 Anatllema
1952 3743 2090 3812 ejus.

511 3817 697 3880 Merito
717 3825 859 3879 venit
875 3825 1053 3883 lumen
1071 3836 1125 3881 et
1146 3826 1338 3882 factum
1355 3840 1434 3884 est
1455 3830 1730 3885 anathema
1748 3831 1879 3902 ejus.
1904 3831 2087 3901 Cujus,

509 3915 610 3969 nisi
640 3914 860 3982 diaboli,
892 3913 1151 3971 vulnerati
1176 3959 1191 3983 ,
1222 3920 1478 3989 superbi?
1502 3919 1571 3977 Ut
1607 3936 1735 3992 ergo
1762 3922 2087 3979 illuminare—

509 4015 648 4070 mtlr,
679 4003 773 4060 abs
800 4015 851 4062 te
879 4006 1058 4061 datum
1089 4016 1198 4072 est;
1229 4018 1287 4063 ut
1321 4011 1598 4066 anathema
1638 4014 1789 4068 nobis
1819 4025 1962 4069 esset
1998 4016 2088 4085 qui

512 4111 610 4150 nos
641 4096 693 4150 in
736 4113 831 4150 suo
861 4113 1044 4153 errore
1073 4106 1126 4152 et
1171 4100 1415 4169 superbia
1454 4102 1757 4169 detinebat,
1799 4120 1828 4158 a
1858 4115 1909 4159 te
1934 4106 2088 4161 nobis

505 4194 609 4240 est.
640 4186 779 4255 Ergo
805 4180 1012 4240 Thabor
1038 4198 1083 4240 et
1102 4183 1327 4242 Hermon
1347 4190 1399 4241 in
1418 4193 1616 4244 nomine
1636 4202 1719 4246 tuo
1735 4193 2086 4249 exsultabant:

507 4274 695 4328 nonin
732 4275 935 4330 meritis
974 4278 1113 4342 suis,
1150 4277 1243 4331 sed
1272 4272 1324 4330 in
1350 4279 1549 4332 nomine
1585 4290 1689 4333 tuo.
1730 4282 1915 4336 Dicent
1941 4284 2083 4338 enim

506 4367 613 4433 isti,
657 4364 777 4420 Non
815 4366 975 4434 nobis,
1005 4360 1236 4435 Domine,
1266 4385 1367 4422 non
1394 4370 1551 4433 nobis.
1584 4373 1671 4425 sed
1698 4368 1888 4428 nomini
1907 4385 1991 4429 tuo
2017 4376 2085 4430 da

506 4454 760 4528 gloriam;
790 4467 1007 4528 propter
1031 4474 1179 4514 mare
1217 4461 1448 4516 smviens
1476 4479 1488 4513 :
1513 4480 1575 4516 ne
1604 4466 1732 4534 [orte
1757 4464 1925 4520 dicant
1952 4466 2084 4522 Cen-

504 4554 596 4614 tes,
632 4545 730 4601 Ubi
754 4558 825 4601 est
850 4548 983 4602 Deus
1022 4566 1191 4603 eorum
1214 4550 1384 4620 (1³ιαί.
1417 4566 1547 4608 cxul
1583 4559 1785 4610 secund.
1811 4559 1861 4625 1,
1887 4559 1971 4631 2)?

580 4638 663 4691 14.
695 4635 843 4708 [vers.
874 4636 987 4710 14.]
1021 4638 1187 4693 Tuum
1211 4640 1470 4695 brachium
1499 4661 1613 4697 cum
1642 4650 1881 4715 potentia.
1914 4650 2080 4705 Nemo

501 4728 601 4783 sibi
652 4724 848 4798 aliquid
890 4738 1121 4800 arroget.
1172 4730 1332 4785 Tuum
1358 4731 1619 4790 brachium
1659 4754 1773 4791 cum
1816 4744 2079 4809 potentia:

502 4829 531 4871 a
558 4826 607 4874 te
638 4818 759 4872 facti
790 4834 994 4885 sumus,
1022 4836 1051 4874 a
1080 4825 1131 4876 te
1155 4821 1358 4878 defensi
1386 4839 1589 4880 sumus.
1623 4827 1786 4883 Tuum
1818 4831 2079 4889 brachium

499 4929 612 4966 cum
641 4912 900 4981 potentia;
925 4908 1251 4982 Conﬁrmetur
1273 4931 1451 4969 manus
1477 4926 1584 4984 tua,
1613 4929 1658 4972 et
1683 4920 1929 4977 exaltetur
1951 4924 2076 4980 dea:-

499 5010 603 5057 te'ra
630 5012 737 5057 tua.

574 5096 661 5151 15.
696 5092 843 5169 [vers.
878 5092 989 5167 15.]
1024 5094 1234 5149 Iustitia
1262 5106 1311 5150 et
1337 5090 1590 5168 judicium
1622 5106 1922 5173 prwparatio
1946 5101 2078 5163 sedis

505 5190 624 5239 tute.
652 5186 943 5258 Apparebit
980 5186 1032 5241 in
1056 5186 1379 5257 ﬁnejustitia
1410 5197 1495 5243 tua
1526 5200 1582 5245 et
1606 5191 1860 5261 judicidm
1891 5203 2073 5253 tuum:

505 5283 645 5330 nunc
682 5277 887 5331 occulta
930 5284 1055 5332 sunt
1092 5277 1216 5332 ista.
1264 5277 1329 5332 Et
1354 5277 1421 5333 de
1442 5279 1642 5347 judicio
1687 5288 1776 5339 tuo
1800 5284 1994 5341 dicitur
2023 5288 2074 5343 in

505 5362 612 5417 alio
636 5365 858 5434 psalmo,
901 5364 1007 5421 Pro
1034 5365 1241 5422 occultis
1270 5367 1366 5435 filii
1394 5367 1567 5439 (Psal.
1598 5386 1677 5437 lx,
1714 5372 1790 5440 1).
1824 5374 1937 5430 Erit
1965 5392 2079 5430 ma-

508 5457 774 5512 nil'estatio
795 5455 976 5528 judicii
1004 5461 1077 5515 tui
1101 5470 1155 5516 et
1175 5459 1395 5530 justitia:
1422 5467 1541 5515 tuae.
1574 5462 1841 5520 Ponentur
1863 5466 2076 5537 quidam

569 5631 587 5702 ξ
622 5632 823 5702 ξίςῌες.
846 5639 902 5683 At
922 5633 1054 5702 Edd._,
1075 5634 1256 5698 pluant,
1270 5648 1427 5702 super
1449 5641 1631 5689 terram
1653 5640 1817 5702 pluunt

569 5694 589 5723 ι
622 5692 816 5761 Quidam
852 5703 956 5745 MSS.
996 5692 1086 5746 hic'
1118 5705 1170 5749 et
1213 5692 1358 5763 intra,
1403 5692 1711 5754 Hernwm'm:
1749 5712 1801 5756 et
1843 5704 2077 5769 nonnulli,

507 5762 813 5807 Hermonnm.

1773 353 1831 408 s.
1872 336 2234 407 AUGUSTINI
2273 339 2568 408 EPISCOPl

3659 373 3794 433 “‘28

2225 464 2290 518 ad
2307 465 2597 537 dexteram,
2624 481 2677 525 et
2696 471 2905 540 quidam
2924 475 2990 529 ad
3006 477 3274 536 sinistram
3293 481 3503 554 (Matth.
3522 501 3654 555 xxv,
3678 491 3792 562 33):

2221 564 2275 609 et
2314 566 2663 625 expavescent
2708 563 2978 633 infideles,
3027 583 3146 624 cum
3192 574 3426 631 viderint
3462 581 3603 650 quod
3634 584 3793 640 modo

2220 643 2523 704 deridentes
2548 664 2651 705 non
2682 654 2939 721 credunt;
2982 660 3284 727 gaudebunt
3304 666 3434 734 justi
3452 643 3615 734 ,icum
3643 675 3792 729 vidc-

2220 734 2328 789 rint
2352 738 2492 806 quod
2519 741 2677 796 modo
2704 758 2808 799 non
2836 746 3078 805 videntes
3106 752 3349 808 eredunt.
3382 756 3593 813 Iustitia
3631 773 3680 816 et
3700 765 3795 832 jn-

2218 827 2405 921 dicium
2452 837 2757 903 prwparatio
2801 839 2932 893 sedis
2957 851 3057 896 ιιιιε
3085 859 3105 896 .-
3150 845 3333 916 utique
3363 848 3413 903 in
3459 850 3546 906 die
3584 827 3793 921 judicii.

2216 916 2367 974 Nunc
2394 935 2522 991 ergo
2554 925 2714 993 quid?
2756 926 3107 986 Misericordia
3134 944 3180 988 et
3203 938 3386 992 veritas
3412 916 3639 1010 praeeunt
3679 957 3798 1001 ante

2216 1010 2397 1079 facient
2414 1019 2572 1067 tuam.
2597 1015 3037 1087 Prteparationem
3060 1024 3201 1080 sedis
3225 1038 3347 1094 tute,
3366 1029 3625 1099 justitiam
3650 1044 3793 1090 tuam

2216 1107 2270 1151 et
2305 1099 2560 1169 judicium
2588 1114 2732 1161 tuum
2767 1120 3047 1167 venturum
3076 1115 3346 1183 timerem,
3376 1121 3477 1175 nisi
3503 1127 3794 1182 antecede-

2216 1197 2298 1242 ret
2346 1197 2397 1244 te
2442 1192 2804 1253 misericordia
2847 1209 2902 1255 et
2944 1204 3137 1259 veritas
3164 1214 3253 1261 tua
3285 1225 3299 1261 :
3332 1211 3456 1278 quid
3491 1213 3705 1270 timeam
3739 1218 3793 1272 in

2215 1278 2321 1335 line
2342 1281 2538 1351 judicia
2566 1296 2674 1354 tua,
2706 1292 2916 1360 quando
2942 1297 3276 1365 praecedente
3303 1288 3671 1362 misericordia
3701 1314 3788 1363 tua

2214 1371 2361 1428 deles
2386 1384 2603 1443 peccata
2648 1396 2765 1435 mea
2789 1424 2805 1449 ,
2854 1393 2908 1438 et
2952 1386 3255 1444 exhibendo
3280 1394 3557 1451 veritatem
3596 1399 3791 1468 imples

2215 1465 2473 1531 promissa
2504 1470 2633 1523 tua?
2663 1470 3013 1531 Misericordia
3041 1487 3088 1532 et
3111 1482 3293 1536 veritas
3320 1492 3545 1552 prteeunt
3569 1465 3686 1542 ante
3712 1494 3799 1552 ra-

2213 1555 2339 1609 ciem
2363 1566 2519 1614 tuam.
2553 1561 2825 1620 Universae
2871 1569 3013 1623 enim
3058 1572 3159 1627 viai
3184 1574 3393 1631 Domini
3422 1579 3790 1636 misericordia

2213 1655 2268 1699 et
2287 1649 2480 1703 veritas
2502 1650 2671 1722 (Psal.
2696 1662 2840 1717 xluv,
2866 1658 2976 1729 10).

2284 1737 2371 1791 16.
2403 1737 2551 1810 [vers.
2581 1743 2668 1809 16,
2706 1746 2818 1818 17.]
2856 1747 2909 1802 Ill
2958 1749 3041 1805 liis
3074 1756 3319 1812 omnibus
3360 1775 3464 1816 non
3496 1764 3795 1823 exsultabi-

2214 1830 2372 1883 mus?
2396 1840 2487 1886 aut
2513 1835 2653 1903 quod
2681 1840 3007 1897 exsultamus
3034 1847 3304 1914 eapiemus
3325 1852 3349 1904 ?
3372 1863 3464 1908 aut
3488 1856 3649 1911 verba
3679 1863 3797 1913 suis

2214 1917 2392 1973 ﬁcient
2426 1922 2621 1979 laetitiae
2649 1931 2884 1984 nostrae?
2912 1943 3004 1988 aut
3048 1935 3225 2007 lingua
3270 1941 3457 1999 idonea
3488 1948 3588 2002 erit
3616 1951 3795 2020 expli-

2212 2022 2335 2107 care
2354 2012 2599 2107 gaudium
2622 2027 2860 2076 nostrum
2880 2023 2903 2076 ?
2926 2021 2982 2079 Si
3001 2040 3131 2097 ergo
3149 2030 3290 2086 nulla
3310 2036 3469 2090 verba
3491 2012 3784 2107 sufﬁciunt;

2210 2096 2395 2155 Beatus
2413 2105 2649 2199 populus
2684 2111 2845 2165 sciens
2870 2096 3245 2182 jubilationem.
3276 2122 3320 2176 Ο
3360 2123 3512 2182 beate
3552 2096 3786 2199 papule'i

2213 2200 2388 2289 putas,
2412 2194 2660 2268 intelligis
2688 2200 3099 2270 jubilationem?
3127 2209 3281 2267 Nullo
3308 2216 3466 2270 modo
3492 2194 3676 2276 beatus
3706 2238 3790 2289 es,

2210 2283 2309 2382 nisi
2334 2284 2595 2382 intelligas
2626 2290 3018 2359 jubilationem.
3049 2301 3186 2367 Quid
3212 2314 3330 2373 est,
3364 2308 3624 2380 intelligas
3647 2283 3796 2382 jubi;

2209 2372 2503 2431 lationem?
2532 2380 2677 2436 Scias
2707 2385 2846 2441 unde
2871 2390 3102 2457 gaudeas
3132 2397 3271 2464 quod
3306 2372 3484 2456 verbis
3518 2372 3794 2473 explicare

2209 2480 2340 2568 non.
2364 2470 2553 2537 possis.
2586 2472 2845 2531 Gaudium
2874 2482 3013 2535 enim
3047 2492 3191 2540 tuum
3237 2504 3341 2545 non
3373 2492 3441 2548 de
3485 2502 3536 2549 te
3560 2470 3673 2559 {ut
3698 2501 3799 2568 qui

2206 2555 2484 2625 gloriatur.
2512 2562 2580 2658 in
2630 2564 2853 2658 Domino
2898 2571 3152 2641 glorietur
3182 2578 3241 2651 (Ι
3287 2580 3407 2637 Cor.
3438 2600 3474 2651 l,
3506 2555 3618 2658 3i).
3666 2555 3796 2646 Nbli

2208 2656 2335 2745 ergo
2362 2652 2646 2745 exsultare
2694 2657 2748 2711 in
2787 2664 3035 2730 superbia
3083 2673 3204 2733 tua,
3258 2672 3352 2727 sed
3384 2674 3434 2727 in
3471 2652 3639 2745 gratia
3670 2680 3791 2735 Dei.

2210 2737 2341 2839 Yide
2359 2741 2525 2811 ipsam
2546 2748 2770 2815 gratiam
2795 2757 2992 2808 tantam
3020 2770 3159 2825 esse,
3191 2763 3274 2817 cui
3306 2737 3792 2839 lingdawex'plican-

2206 2826 2288 2884 die
2314 2842 2421 2921 noti
2447 2834 2517 2889 sit
2542 2835 2768 2906 idonea,
2800 2850 2855 2897 et
2884 2844 3188 2905 intellexisti
3211 2826 3603 2921 jubilatvioncm:

2276 2923 2361 3022 17.
2394 2919 2630 3022 Denique
2670 2931 2715 2985 si
2754 2931 3061 2994 intellexisti
3092 2941 3144 2996 in
3188 2919 3353 3013 gratia
3373 2944 3741 3018 jubilationem
3766 2999 3790 3022 .

2204 3011 2370 3082 ipsius
2419 3020 2605 3087 gratia:
2644 3022 2769 3078 audi
2817 3011 3601 3099 commendatioaeln.'Beatus
3638 3011 3794 3102 cel-tt;

2204 3102 2424 3196 populus
2444 3110 2602 3166 sciens
2616 3113 2991 3183 jubilationem.
3022 3117 3192 3190 Quam
3215 3126 3625 3196 jubilationcnl?
3653 3136 3794 3193 Vide‘

2201 3194 2247 3248 si
2274 3207 2379 3251 non
2409 3197 2476 3254 de
2502 3200 2692 3270 gratia,
2722 3203 2846 3261 vide
2871 3208 2917 3262 si
2960 3218 3065 3265 nOn
3092 3211 3158 3268 de
3191 3194 3317 3281 Deo,
3349 3227 3403 3273 et
3430 3223 3648 3279 omnino
3674 3234 3791 3283 non‘

2200 3286 2268 3342 de
2299 3293 2368 3343 te.
2412 3288 2650 3360 Domine,
2680 3297 2735 3350 in
2762 3298 2952 3355 lumine
2979 3303 3143 3359 vultus
3172 3308 3245 3360 tui
3265 3305 3610 3370 ambulabunt.
3636 3317 3793 3374 Tha—

2200 3379 2298 3434 bor'
2324 3378 2443 3447 ille,
2475 3384 2704 3443 Veniens
2750 3389 2928 3447 lumen
2954 3435 2969 3460 ,
3008 3396 3111 3451 nisi
3165 3398 3216 3453 in
3263 3396 3463 3460 lumine
3501 3407 3677 3463 vultus
3705 3404 3787 3465 tui

2200 3472 2474 3541 ambulet,
2520 3487 2680 3533 vento
2715 3484 2976 3551 superbia:
3018 3487 3233 3547 lucerna
3262 3495 3633 3566 exstinguitur.
3666 3499 3789 3556 Do-

2198 3563 2348 3628 mine,
2370 3565 2424 3619 in
2452 3568 2641 3625 lumine
2664 3573 2830 3627 vultus
2851 3577 2923 3629 tui
2947 3578 3295 3649 ambulabunt;
3321 3597 3366 3639 et
3396 3563 3668 3644 in‘nomine
3696 3602 3791 3647 tuo

2196 3658 2511 3713 exsultabant
2546 3670 2649 3717 tota
2696 3664 2794 3720 die.
2839 3666 3050 3725 Thabor
3093 3672 3181 3728 ille
3221 3685 3274 3729 et
3316 3677 3544 3735 llermon
3590 3682 3645 3735 in
3682 3700 3789 3738 no-

2195 3748 2327 3801 mine
2354 3759 2439 3803 tuo
2477 3755 2841 3811 exsultabant:
2869 3760 2911 3814 si
2945 3762 3126 3818 volunt
3179 3773 3281 3820 tota
3302 3768 3385 3823 die
3407 3810 3422 3833 ,
3474 3772 3524 3825 in
3558 3776 3787 3832 nomine

2198 3848 2312 3905 ttlo;
2336 3842 2417 3896 sin
2436 3850 2609 3900 alitem
2632 3849 2967 3906 exsultabunt
2986 3854 3039 3908 in
3062 3859 3277 3912 nomine
3296 3875 3413 3925 suo,
3438 3878 3541 3918 non
3566 3874 3673 3920 tota
3690 3868 3787 3923 die

2193 3924 2550 3990 exsultabnnt.
2569 3928 2684 3993 Non
2701 3941 2839 3995 enim
2866 3943 2915 3996 in
2938 3945 3130 4013 gaudio
3150 3952 3581 4021 perseverabunt,
3602 3973 3787 4026 quan-

2191 4023 2261 4077 do
2294 4024 2360 4079 de
2402 4028 2592 4098 seipsis
2635 4026 2966 4100 gaudebunt,
2993 4045 3047 4092 et
3086 4054 3179 4108 per
3216 4046 3515 4113 superbiam
3559 4023 3787 4109 cadent;

2191 4114 2330 4183 Ergo
2359 4123 2413 4170 ut
2440 4126 2547 4172 tota
2572 4118 2661 4174 die
2686 4122 2967 4190 exsultent,
2999 4127 3052 4181 in
3080 4131 3281 4185 nomine
3308 4143 3392 4187 tuo
3419 4138 3784 4207 exsultabunt;

2188 4214 2235 4257 et
2260 4205 2313 4258 in
2346 4215 2432 4259 tua
2447 4206 2650 4277 justitia
2674 4210 3042 4271 exaltabuntur.
3068 4215 3183 4273 Non
3209 4220 3260 4275 in
3290 4237 3382 4276 sua
3403 4224 3627 4296 justitia,
3658 4224 3759 4287 sed

2188 4296 2241 4349 in
2265 4305 2351 4349 tua
2377 4313 2396 4351 :
2418 4314 2483 4353 ne
2499 4300 2604 4353 sint
2624 4302 2795 4357 zelum
2824 4305 2915 4360 Dei
2936 4304 3189 4365 habentes
3206 4352 3223 4379 ,
3240 4312 3333 4368 sed
3356 4330 3458 4371 non
3481 4320 3783 4378 secundum

2187 4388 2461 4444 scientiam
2485 4429 2500 4443 .
2523 4390 2746 4458 Quidam
2773 4397 2912 4450 enim
2964 4409 3209 4457 notantur
3227 4404 3295 4458 ab
3320 4407 3593 4477 Apostolo,
3630 4414 3783 4482 quod

2186 4478 2356 4534 zelum
2379 4480 2474 4535 Dei
2498 4481 2755 4551 habeant,
2775 4487 2867 4542 sed
2886 4505 2989 4544 non
3007 4494 3293 4548 secundum
3317 4498 3608 4568 scientiam;
3629 4478 3784 4575 iano-

2182 4581 2352 4625 rantes
2369 4572 2465 4627 Dei
2474 4575 2746 4644 justitiam,
2767 4589 2813 4633 et
2840 4597 2983 4635 suam
3004 4584 3219 4642 volentes
3242 4584 3559 4660 constituere,
3583 4572 3781 4655 et'no‘n

2185 4659 2239 4713 in
2265 4661 2461 4718 lumine
2483 4666 2573 4719 tuo
2594 4668 3159 4758 exsnltantesjustitite
3178 4675 3274 4731 Dei
3293 4696 3393 4734 non
3410 4694 3527 4737 sunt
3543 4686 3773 4758 subjecti.

2186 4751 2291 4807 Sed
2321 4755 2503 4811 unde?
2527 4757 2659 4825 Quia
2699 4761 2860 4814 zelum
2881 4750 2980 4816 Dei
3011 4764 3210 4835 habent,
3235 4772 3324 4824 sed
3360 4790 3460 4829 non
3495 4750 3779 4836 secundum

2184 4846 2439 4899 scientiam
2458 4847 2632 4939 (liam.
2654 4865 2713 4914 x,
2730 4850 2765 4904 Ξ
2782 4862 2824 4905 et
2840 4854 2916 4923 5).
2938 4854 3169 4926 Populus
3180 4869 3356 4916 autem
3378 4855 3552 4923 sciens
3576 4870 3780 4939 jubila-

2186 4937 2379 4993 tionem
2404 4932 2658 5009 (illienim
2686 4959 2790 4998 non
2816 4945 3104 5004 secundum
3129 4950 3433 5022 scientiam;
3469 4932 3652 5016 beatus
3678 4978 3780 5020 an-

2185 5036 2289 5082 tem
2320 5030 2544 5099 p0pulus
2586 5048 2690 5088 non
2728 5036 2990 5103 nesciens,
3022 5038 3116 5095 sed
3158 5034 3333 5099 sciens
3354 5046 3777 5125 jubilationem),

2183 5119 2323 5176 unde
2352 5120 2509 5177 debet
2529 5122 2774 5193 jubilare,
2799 5127 2937 5182 unde
2955 5124 3112 5186 debet
3139 5136 3433 5206 exsultare,
3467 5142 3569 5197 nisi
3592 5143 3645 5198 in
3676 5119 3780 5203 no-

2183 5211 2326 5266 mine
2356 5215 2769 5278 tuo,ambulans
2798 5217 2849 5270 in
2881 5212 3079 5277 lumine
3120 5225 3294 5282 vultus
3324 5229 3430 5283 tui?
3457 5231 3525 5287 Et
3545 5235 3778 5294 exaltari

2180 5300 2394 5384 quidem
2413 5303 2719 5372 merebitur,
2735 5306 2827 5361 sed
2853 5298 2904 5361 in
2922 5307 3009 5364 tua
3026 5302 3227 5381 justitia
3248 5335 3261 5371 :
3279 5319 3485 5376 auferat
3511 5323 3577 5379 de
3593 5328 3781 5384 medio

2175 5375 2435 5448 iustitiam
2485 5410 2655 5462 suam,
2684 5406 2739 5452 et
2768 5396 3109 5471 humilietur;
3137 5410 3314 5465 veniet
3341 5413 3429 5469 Dei
3454 5414 3678 5485 justitia,
3717 5431 3779 5477 et

2182 5486 2516 5540 exaltabitur.
2544 5487 2607 5541 Et
2633 5490 2683 5543 in
2711 5501 2797 5544 tua
2808 5493 3010 5562 justitia
3029 5500 3395 5560 excitabuntur.

2258 5578 2347 5632 18.
2365 5578 2531 5672 Δ[υεη.
2575 5582 2687 5654 18.]
2718 5577 2969 5651 Quoniam
2995 5590 3159 5661 gloria
3184 5590 3378 5651 virtutis
3407 5612 3579 5655 eorum
3609 5614 3662 5657 tu
3692 5612 3772 5672 es,-

2190 5676 2235 5721 et
2275 5668 2327 5720 in
2357 5666 2665 5739 beneplacito
2712 5682 2797 5728 tuo
2826 5678 3129 5736 exaltabitur
3171 5700 3329 5739 cornu
3360 5701 3581 5745 nostrum
3604 5711 3621 5748 :
3648 5666 3776 5766 quia

2204 5756 2293 5811 tibi
2322 5757 2675 5834 bencplaCuit,
2708 5779 2813 5824 non
2840 5770 2961 5839 quia
2990 5782 3086 5827 nos
3112 5773 3253 5846 digni
3284 5788 3487 5835 sumus.
