4084 6472
247 347 256 356 ι
300 393 436 448 “29

367 512 452 568 19.
481 511 630 586 [vers.
665 514 779 589 19.]
807 516 1061 583 Quoniam
1097 517 1303 574 Domini
1340 529 1410 575 est
1439 522 1708 591 susceptio.
1745 519 1877 575 Nam

292 619 393 676 ego
420 615 476 660 ut
501 609 746 664 cumulus
771 625 947 667 arente
980 612 1236 682 impulsus
1264 628 1400 680 sum,
1433 625 1490 669 ut
1513 615 1793 681 caderem;
1826 623 1882 670 et

290 697 629 768 cecidissem,
675 701 775 756 nisi
807 702 1064 759 Dominus
1115 706 1439 776 suscepisset
1482 721 1588 762 me.
1628 707 1880 776 Quoniam

292 789 503 845 Domini
538 801 608 848 est
636 796 919 863 susceptio;
943 805 990 852 et
1014 798 1176 852 sancti
1197 797 1365 853 Israel
1392 799 1522 870 regis
1551 800 1729 854 nostri.
1763 799 1881 870 Ipse

288 883 581 952 susceptio,
611 886 726 956 ipse
757 896 809 943 te
835 888 1098 944 illuminat
1133 907 1145 942 :
1178 890 1229 944 in
1257 889 1371 961 ejus
1396 890 1598 947 lumine
1625 898 1769 946 tutus
1796 906 1875 958 es,

287 973 341 1029 in
365 974 485 1045 ejus
517 975 719 1034 lumine
747 979 1008 1048 ambulas,
1031 981 1237 1052 justitia
1259 982 1376 1053 ejus
1428 983 1737 1039 exaltaris‘.
1760 981 1879 1054 Ipse

289 1079 339 1124 te
367 1072 645 1142 suscepit,
676 1072 1036 1132 inﬁrmitatem
1066 1086 1209 1134 tuam
1241 1078 1355 1149 ipse
1383 1078 1646 1146 custodit;
1675 1077 1789 1150 ipse
1828 1087 1880 1134 te

287 1159 416 1218 facit
445 1164 724 1222 robustum
757 1167 823 1225 de
843 1185 924 1240 se,
957 1187 1062 1226 non
1085 1171 1151 1227 de
1180 1183 1251 1228 te.

355 1255 449 1310 20.
480 1254 633 1330 [vers.
664 1258 781 1333 20.]
813 1259 954 1317 Tunc
981 1262 1175 1319 locutus
1203 1281 1256 1320 es
1287 1265 1341 1319 in
1366 1273 1572 1337 aspectu
1601 1265 1720 1336 ﬁliis
1758 1265 1874 1332 tuis,

286 1354 334 1401 et
375 1347 574 1403 dixisti.
623 1349 846 1408 Locutus
891 1371 943 1410 es
992 1356 1046 1410 in
1096 1367 1304 1427 aspectu
1336 1366 1450 1423 tuo,
1484 1357 1732 1414 revelasti
1778 1359 1879 1414 hoc

285 1437 574 1510 Prophetis
601 1444 723 1500 tuis.
754 1445 878 1502 Ideo
907 1447 1115 1506 locutus
1137 1466 1194 1506 es
1217 1452 1296 1508 eis
1326 1451 1378 1506 in
1413 1461 1630 1522 aspectu
1649 1493 1665 1520 ,
1692 1451 1745 1506 id
1775 1459 1875 1520 est,

283 1533 339 1588 in
365 1536 695 1595 revelatione
727 1558 740 1594 :
768 1541 908 1598 unde
952 1543 1232 1616 Prophetae
1262 1547 1520 1603 Videntes
1566 1547 1879 1604 dicebantur

285 1625 342 1694 (Ι
373 1623 507 1699 Reg.
537 1645 617 1696 Ix,
645 1631 724 1705 9).
753 1632 1010 1691 Viderunt
1041 1639 1290 1708 quiddam
1316 1640 1456 1695 intus
1480 1640 1621 1712 quod
1637 1641 1878 1697 dicerent

283 1715 451 1785 loris;
480 1731 538 1777 et
563 1723 615 1777 in
637 1725 844 1780 occulto
870 1727 1151 1784 audierunt
1175 1731 1316 1805 quod
1339 1733 1511 1802 palam
1553 1734 1876 1804 praedicave-

283 1821 432 1867 runt.
464 1811 612 1868 Tunc
660 1817 854 1874 locutus
895 1837 946 1874 es
984 1823 1037 1876 in
1063 1835 1267 1895 aspectu
1307 1826 1428 1895 ﬁliis
1454 1826 1568 1890 tuis,
1595 1835 1642 1882 et
1680 1827 1872 1895 dixisti,

285 1901 452 1957 Posui
479 1907 793 1978 adjutorium
819 1929 970 1984 super
995 1925 1264 1985 potentem.
1289 1915 1586 1989 Intelligitis
1610 1935 1766 1990 quem
1788 1935 1877 1992 p0-

286 2003 512 2052 tenlem.
545 1999 785 2056 Exaltavi
835 2005 1045 2060 electum
1085 2008 1147 2062 de
1195 2010 1382 2079 populo
1418 2027 1547 2066 meo.
1581 2011 1875 2084 lntelligitis

283 2099 446 2156 quem
470 2092 733 2160 electum;
761 2111 918 2166 quem
944 2097 1054 2167 jam
1074 2099 1316 2170 gaudetis
1341 2104 1654 2160 exaltatum.

352 2179 444 2236 2i.
477 2181 630 2255 (vers.
659 2184 776 2261 21.]
801 2186 1160 2246 InveniDavid
1185 2209 1381 2250 seruum
1405 2213 1569 2251 meum
1609 2213 1628 2253 :
1664 2198 1826 2254 istum
1851 2200 1873 2232 ’

283 2271 451 2331 David
477 2289 546 2333 ex
573 2280 780 2337 semine
803 2281 988 2340 David.
1019 2283 1086 2340 In
1111 2287 1220 2343 oleo
1239 2297 1412 2344 sancto
1441 2307 1552 2347 meo
1571 2293 1694 2347 unxi
1713 2309 1824 2348 eum
1853 2309 1874 2348 :

280 2363 349 2421 de
392 2367 485 2424 illo
529 2371 672 2428 enim
707 2372 920 2444 dicitur,
953 2376 1112 2434 Unxit
1139 2389 1217 2448 te,
1247 2379 1421 2452 Deus,
1449 2383 1589 2440 Deus
1619 2396 1734 2442 tuus
1761 2386 1872 2442 oleo

281 2458 634 2520 exsultationis
653 2482 760 2536 prae
773 2469 1101 2544 participibus
1132 2474 1231 2529 tuis
1251 2473 1420 2548 (Psal.
1444 2493 1588 2546 xuv,
1615 2478 1691 2551 8).

349 2550 444 2606 22.
478 2552 629 2627 [uers.
659 2556 776 2633 22.]
809 2559 1000 2618 Manus
1043 2566 1177 2621 enim
1204 2583 1316 2623 mea
1362 2550 1691 2627 auxiliabitur
1717 2573 1795 2640 ei,
1824 2583 1872 2629 et

279 2641 549 2702 brachium
574 2666 740 2705 meum
758 2655 1062 2726 confortabit
1083 2675 1197 2714 eum
1220 2675 1238 2715 :
1261 2661 1552 2718 secundum
1582 2665 1725 2734 quod
1750 2680 1870 2723 sus-

277 2739 458 2808 ceptio
485 2738 719 2802 hominis
744 2744 877 2802 facta
904 2757 1004 2813 est,
1037 2751 1328 2810 secundum
1346 2754 1487 2825 quod
1503 2771 1629 2813 caro
1644 2757 1700 2813 in
1719 2767 1870 2816 utero

276 2829 506 2901 virginis
533 2845 805 2907 assumpta
849 2847 932 2895 est
962 2839 1110 2914 (Luc.
1147 2859 1186 2911 ι,
1218 2842 1343 2917 51),
1393 2847 1684 2904 secundum
1727 2851 1872 2922 quod

275 2918 344 2974 ab
375 2921 470 2977 illo
491 2925 651 2995 quiin
679 2927 848 2984 forma
876 2928 968 2987 Dei
997 2935 1216 3004 aequalis
1241 2945 1324 2992 est
1340 2937 1504 3005 Patri,
1531 2939 1702 2997 forma
1728 2918 1870 3000 servi

275 3027 528 3087 suscepta
556 3029 660 3089 est,
687 3031 740 3078 et
768 3025 934 3080 lactus
955 3037 1039 3082 est
1057 3028 1316 3087 obediens
1335 3037 1503 3103 usque
1522 3033 1590 3090 ad
1619 3044 1865 3106 mortem,

274 3117 506 3165 mortem
533 3122 709 3170 autem
731 3117 905 3174 crucis
935 3118 1193 3194 (Philipp.
1227 3139 1287 3189 ιι,
1313 3125 1459 3194 6-8).

343 3199 435 3255 25.
465 3201 619 3275 [νινε.
659 3205 775 3281 23.]
822 3207 948 3265 Non
992 3213 1221 3283 proﬁciet
1262 3215 1495 3273 inimicus
1518 3218 1573 3273 in
1602 3235 1679 3276 eo.
1707 3220 1870 3278 Saevit

272 3292 491 3361 quidem
523 3297 769 3356 inimicus
791 3342 808 3368 ,
836 3303 930 3358 sed
958 3319 1066 3361 non
1093 3307 1334 3377 proﬁciet
1357 3310 1410 3365 in
1437 3325 1503 3366 eo
1545 3329 1559 3366 :
1591 3313 1730 3370 solet
1754 3315 1870 3386 qui-

271 3383 396 3441 dem
427 3403 646 3458 nocere,
673 3393 772 3449 sed
797 3409 906 3451 non
930 3398 1160 3454 nocebit.
1190 3400 1327 3468 Quid
1356 3414 1439 3458 est
1463 3420 1592 3476 ergo
1619 3383 1864 3477 quod—af-

270 3476 463 3549 ﬂiget?
489 3480 794 3555 Exercebit,
826 3503 934 3544 non
978 3491 1195 3548 nocebit
1227 3512 1240 3549 :
1274 3495 1514 3566 proderit
1560 3476 1864 3570 saeviendo,

269 3572 395 3642 quia
447 3574 504 3630 in
543 3592 678 3646 quos
723 3580 912 3648 saevit,
961 3585 1363 3643 coronabuntur
1407 3590 1690 3647 vincendo.
1731 3592 1868 3662 Quid

270 3663 414 3718 enim
446 3665 695 3739 vincitur,
725 3671 770 3726 si
797 3672 928 3729 nihil
953 3685 1136 3732 contra
1177 3695 1276 3734 nos
1317 3681 1509 3737 saevit?
1547 3692 1638 3739 aut
1657 3685 1743 3741 ubi
1770 3686 1867 3742 ad—

270 3754 414 3823 iutor
439 3771 624 3816 noster
650 3762 793 3820 Deus
812 3808 828 3834 ,
879 3766 925 3822 si
968 3783 1067 3825 nos
1091 3785 1199 3826 non
1223 3771 1574 3833 dimicamus?
1614 3777 1866 3836 Inimicus

271 3862 398 3918 ergo
427 3850 584 3908 faciet
619 3857 762 3926 quod
801 3871 957 3914 suum
983 3871 1097 3930 est;
1127 3864 1224 3920 sed
1253 3883 1355 3921 non
1380 3869 1608 3938 proﬁciet
1632 3872 1865 3930 inimicus

270 3941 322 3993 in
352 3958 432 4008 eo,
463 3952 512 3997 et
534 3945 674 4014 ﬁlius
704 3950 981 4020 iniquitatis
1007 3970 1108 4010 non
1137 3968 1355 4028 apponet
1386 3977 1563 4017 nocere
1588 3965 1652 4020 ei.

339 4033 431 4088 2b.
476 4035 629 4109 [vers.
651 4039 766 4115 24.]
807 4042 875 4098 Et
904 4048 1166 4102 concidam
1190 4050 1418 4108 inimicos
1437 4054 1546 4125 ejus
1573 4072 1606 4110 a
1633 4057 1764 4126 facie
1794 4059 1865 4114 il-

272 4124 390 4180 lius.
444 4128 811 4191 Conciduntur
838 4153 868 4193 a
895 4143 1288 4212 conspiratione
1326 4124 1462 4216 sua,
1484 4158 1540 4204 et
1580 4124 1722 4222 quod
1748 4168 1866 4210 cre-

271 4218 403 4275 dunt
437 4226 809 4285 conciduntur.
857 4232 1113 4290 Paulatim
1140 4238 1284 4294 enim
1325 4239 1582 4309 credunt;
1613 4253 1863 4316 tanquam

270 4315 600 4372 comminuto
617 4322 790 4389 capite
812 4323 984 4392 vituli,
1013 4328 1226 4383 venient
1254 4329 1305 4384 in
1330 4340 1511 4400 potum
1535 4315 1860 4405 populiDei.

269 4406 595 4466 Comminuit
622 4415 763 4469 enim
793 4426 950 4487 caput
973 4419 1121 4474 vituli
1151 4421 1380 4494 Moyses,
1405 4427 1600 4495 sparsit
1621 4427 1672 4482 in
1703 4443 1859 4500 aqua,

268 4509 315 4553 et
345 4501 494 4557 dedit
520 4505 704 4563 bibere
729 4508 854 4565 ﬁliis
878 4509 1036 4567 Israel
1073 4513 1454 4586 (Exod.x1ixn,
1481 4519 1596 4593 20).
1624 4522 1862 4580 Commi-

266 4602 508 4650 nuuntur
537 4612 722 4656 omnes
761 4600 1023 4673 infideles,
1052 4606 1279 4662 credunt
1301 4611 1586 4681 paulatim;
1628 4624 1682 4670 et
1710 4631 1739 4670 a
1767 4632 1864 4687 po-

268 4683 392 4748 pulo
439 4686 534 4742 Dei
562 4689 834 4762 bibuntur,
877 4694 928 4749 in
959 4711 1155 4768 corpus
1180 4699 1377 4758 Christi
1416 4683 1864 4776 trajiciunturiEt

267 4774 534 4830 concidam
560 4779 787 4838 inimicos
815 4787 926 4853 ejus
949 4805 980 4841 a
1004 4790 1134 4859 facie
1161 4791 1338 4860 illius;
1368 4803 1416 4848 et
1434 4813 1517 4851 eos
1536 4800 1624 4868 qui
1651 4801 1862 4856 oderunt

267 4880 411 4930 cuin,
446 4870 683 4939 fugabo:
728 4889 798 4928 ne
842 4889 1087 4933 noceant.
1138 4881 1243 4936 Sed
1291 4882 1587 4955 fugatorum
1641 4891 1860 4946 istorum

265 4955 402 5012 forte
431 4959 597 5030 aliqui
622 4961 805 5019 dicunt
850 4985 862 5020 :
912 4968 1024 5034 Quo
1058 4970 1139 5025 ibo
1165 4989 1196 5025 a
1233 4975 1412 5044 spiritu
1440 4986 1524 5032 tuo
1547 4979 1573 5032 ?
1598 4989 1644 5034 et
1672 4997 1703 5035 a
1732 4983 1863 5052 facie

266 5055 350 5100 tua
371 5065 472 5119 quo
499 5054 690 5123 fugiam
721 5055 893 5127 (Psal.
924 5075 1174 5129 cxxxvut,
1206 5065 1301 5134 7)?
1331 5067 1394 5122 Et
1413 5068 1651 5126 videntes
1675 5089 1781 5128 non
1803 5089 1863 5133 se

264 5139 466 5198 habere
492 5160 597 5215 quo
627 5146 823 5218 fugiant
847 5151 916 5205 ab
944 5151 1352 5225 Omnipolente,
1382 5165 1626 5218 conversi
1658 5163 1863 5236 fugiunt

262 5232 326 5287 ad
347 5233 805 5305 Omnipotenlem.
836 5240 904 5296 Et
926 5260 1008 5298 eos
1033 5248 1118 5316 qui
1149 5248 1360 5304 oderunt
1386 5269 1518 5321 eum,
1544 5232 1750 5326 fugabo.

331 5325 426 5381 25.
471 5325 645 5400 [rem
675 5331 798 5404 25.]
835 5333 897 5386 Et
940 5337 1122 5391 veritas
1150 5356 1260 5393 mea
1293 5351 1340 5394 et
1376 5345 1722 5400 misericordia
1750 5366 1862 5406 utea

263 5434 377 5472 cum
419 5421 533 5490 ipso
563 5434 654 5477 est.
703 5424 975 5483 Universae
1015 5431 1119 5484 via!
1158 5432 1365 5488 Domini
1421 5437 1780 5496 misericordia
1808 5452 1861 5499 et

265 5512 486 5567 veritas.
540 5513 882 5584 Mementote,
933 5533 1185 5591 quantum
1231 5529 1472 5594 potestis,
1518 5546 1676 5600 quam
1721 5548 1862 5605 srepe

264 5601 421 5657 nobis
445 5608 888 5665 commendentur
905 5611 1010 5666 duo
1038 5612 1151 5668 haec
1171 5656 1186 5682 ,
1217 5625 1275 5671 ut
1301 5618 1585 5677 reddamus
1613 5623 1698 5677 illa
1731 5625 1858 5682 Deo.

261 5690 418 5751 Sicut
445 5699 587 5753 enim
617 5699 730 5772 ipse
755 5701 996 5760 exhibuit
1026 5706 1177 5763 nobis
1202 5709 1644 5781 misericordiam,
1679 5725 1736 5772 ut
1763 5717 1859 5776 de-

327 5829 764 5915 ξέεῖεετξξεξμαετς
799 5913 812 5915 Α
855 5901 948 5915 _..
1163 5904 1174 5915 .

328 5892 349 5924 ²
382 5895 457 5945 Sic
480 5892 702 5962 plerique
728 5908 831 5951 uss.
855 5901 965 5952 Edd.
994 5917 1129 5965 vero,
1144 5904 1346 5966 justum.

548 5981 770 6048 SANCT.
820 5991 1094 6050 AL’GUST.
1143 5991 1241 6057 IV.

1289 396 1678 454 ENARRA'I‘IO
1717 396 1781 453 IN
1821 395 2145 455 I’SALMUM
2173 399 2508 461 LXXXVIII.

3436 431 3576 490 1150

1994 518 2126 574 leret
2156 533 2370 591 peccata
2399 535 2616 594 nostra;
2649 535 2703 584 et
2739 530 3035 601 veritatem,
3084 546 3141 592 ut
3180 538 3424 612 impleret
3452 561 3579 616 pro-

1988 611 2148 667 missa
2175 615 2303 670 sua:
2331 617 2408 672 sic
2430 626 2484 675 et
2511 635 2609 675 nos
2637 623 2966 681 ambulantes
2990 627 3044 682 in
3065 629 3147 685 via
3167 631 3303 702 ejus,
3324 636 3580 698 debemus

1989 703 2039 759 ei
2083 705 2308 763 reddere
2351 710 2769 770 misericordiam
2808 725 2863 772 et
2907 720 3216 792 veritatem;
3273 728 3584 788 misericor-

1989 793 2151 865 diam,
2179 806 2240 854 ut
2275 800 2591 858 miserorum
2627 807 3009 879 misereamur;
3041 815 3342 888 veritatem,
3389 831 3450 878 ut
3476 839 3583 881 non

1987 885 2166 958 inique
2189 889 2509 960 judicemus.
2558 894 2672 950 Non
2718 899 2810 955 tibi
2858 902 3009 959 tollat
3039 907 3235 964 veritas
3275 885 3580 971 misericor-

1987 977 2150 1047 diam,
2197 997 2296 1038 nec
2333 984 2697 1043 misericordia
2723 989 2980 1062 impediat
3003 998 3280 1057 veritatem
3314 1019 3329 1055 :
3361 1006 3406 1058 si
3435 1006 3583 1063 enim

1987 1085 2082 1142 per
2111 1070 2529 1133 misericordiam
2567 1079 2886 1150 iudicaveris
2925 1101 3110 1147 contra
3154 1095 3452 1165 veritatem,
3492 1109 3586 1158 aut

1985 1168 2137 1238 quasi
2189 1169 2356 1240 rigida
2399 1173 2621 1230 veritate
2664 1177 2861 1235 oblitus
2910 1179 3075 1239 fueris
3119 1187 3581 1263 misericordiam;

1985 1274 2090 1314 non
2120 1260 2414 1320 ambulabis
2440 1265 2494 1320 in
2523 1267 2606 1322 via
2634 1267 2760 1335 Dei,
2790 1271 2879 1326 ubi
2906 1273 3268 1334 misericordia
3303 1291 3359 1338 et
3385 1285 3580 1343 veritas

1985 1363 2334 1410 occurrerunt
2380 1355 2480 1412 sibi
2526 1356 2693 1433 (Psal.
2745 1377 2966 1431 Lxxxtv,
3028 1367 3140 1440 11).
3186 1369 3253 1424 Ει
3288 1374 3341 1427 in
3379 1378 3584 1434 nomine

1986 1458 2096 1498 meo
2125 1444 2426 1502 exaltabitur
2454 1465 2610 1505 cornu
2638 1453 2770 1525 ejus.
2802 1454 2939 1523 Quid
2970 1471 3105 1528 opus
3132 1470 3215 1538 est
3239 1471 3297 1518 ut
3325 1465 3582 1528 immore-

1988 1538 2148 1592 mur?
2176 1538 2458 1598 Christiani
2481 1545 2630 1613 estis,
2659 1545 2928 1605 Christum
2957 1555 3247 1623 agnoscite.

2054 1628 2144 1686 26.
2186 1629 2359 1704 [uers.
2407 1633 2523 1710 26.]
2564 1635 2631 1690 Et
2675 1656 2862 1710 ponam
2903 1642 2958 1697 in
3007 1647 3137 1700 mari
3185 1665 3391 1705 manuni
3427 1655 3534 1726 ejus
3563 1671 3584 1712 :

1983 1721 2086 1778 hoc
2111 1733 2230 1793 est,
2273 1725 2629 1786 dominabitur
2650 1731 2927 1790 Gentibus.
2956 1736 3026 1792 Et
3048 1739 3102 1794 in
3129 1742 3426 1811 ﬂuminibus
3446 1721 3586 1804 ﬁdes;-

1984 1823 2144 1869 teram
2165 1817 2295 1888 ejus.
2327 1819 2572 1878 Flumina
2601 1837 2819 1882 currunt
2839 1827 2895 1884 in
2923 1845 3105 1897 mare;
3131 1837 3309 1906 cupidi
3335 1839 3583 1900 homines

1983 1904 2040 1961 in
2087 1910 2494 1969 amaritudinem
2542 1915 2701 1987 hujus
2749 1921 2928 1976 surculi
2958 1925 3356 1994 prolabuntur:
3401 1938 3582 1992 omnia

1983 2004 2159 2054 tamen
2189 2016 2384 2072 genera
2413 2005 2512 2060 ista
2537 2007 2752 2066 Christo
2777 2012 2984 2070 subdita
3016 2028 3192 2074 erunt.

2054 2089 2146 2146 27.
2188 2091 2337 2165 (vers.
2378 2095 2468 2165 27,
2492 2096 2606 2171 28.]
2645 2099 2767 2172 Ipse
2795 2104 3041 2162 invocabit
3084 2127 3197 2179 me,
3236 2112 3398 2170 Pater
3441 2135 3581 2175 meus

1979 2199 2032 2238 es
2061 2192 2134 2252 tu,
2161 2184 2298 2241 Deus
2322 2205 2463 2243 meus
2503 2200 2550 2244 et
2590 2204 2848 2266 susceptor
2872 2197 3053 2255 salutis
3079 2219 3222 2259 meae.
3255 2204 3324 2260 Et
3354 2224 3447 2280 ego
3475 2212 3557 2283 pri
3568 2244 3584 2256 ο

1978 2279 2284 2348 mogenitum
2325 2299 2510 2350 ponam
2555 2301 2689 2356 eum,
2738 2291 2990 2347 excelsum
3039 2298 3181 2364 apud
3225 2315 3367 2370 reges
3409 2313 3577 2361 terrae.

1976 2370 2235 2444 Martyres
2278 2377 2466 2444 nostri,
2517 2394 2742 2449 quorum
2782 2385 3016 2440 natalitia
3061 2389 3412 2462 celebramus,
3456 2412 3580 2453 san-

1976 2467 2189 2538 guinem
2218 2483 2373 2525 suum
2401 2481 2619 2542 propter
2640 2473 2754 2531 haec
2778 2477 2979 2534 credita
3006 2490 3060 2536 et
3086 2483 3320 2540 nondum
3351 2488 3465 2543 visa
3491 2491 3578 2545 lu-

1976 2561 2169 2619 derunt
2193 2583 2207 2621 :
2234 2575 2431 2636 quanto
2455 2567 2705 2627 fortiores
2731 2587 2830 2628 nos
2855 2589 2974 2631 esse
2994 2577 3269 2650 debemus,
3304 2584 3534 2642 videndo
3559 2572 3577 2603 ¹

1976 2654 2119 2724 quod
2163 2656 2238 2711 illi
2280 2658 2660 2716 crediderunt?
2713 2664 2998 2722 Excelsum
3044 2671 3188 2727 enim
3237 2677 3377 2745 apud
3421 2695 3574 2750 reges

1977 2751 2133 2803 terra:
2177 2748 2255 2804 illi
2286 2751 2522 2808 nondum
2553 2754 2794 2812 viderant
2822 2756 3128 2828 Christum;
3162 2765 3337 2822 adhuc
3365 2748 3568 2839 princi-

1974 2851 2070 2907 pes
2096 2843 2481 2900 conveniebant
2503 2846 2556 2902 in
2583 2858 2765 2915 unum,
2797 2849 3054 2909 adversus
3082 2855 3365 2914 Dominum
3395 2871 3449 2918 et
3474 2864 3574 2919 ad-

1974 2944 2162 2987 versus
2197 2932 2468 2993 Christum
2514 2938 2672 3009 ejus:
2708 2942 2942 3000 nondum
2985 2946 3258 3018 impletum
3287 2961 3403 3008 erat
3430 2957 3578 3026 quod

1974 3020 2028 3077 in
2078 3023 2194 3094 ipso
2234 3027 2443 3096 psalmo
2483 3033 2742 3102 sequitur,
2782 3035 2850 3090 Et
2874 3053 3027 3108 nunc,
3067 3057 3230 3114 reges,
3263 3020 3570 3118 intellig-ile;

1973 3116 2246 3171 crudimini
2283 3136 2455 3177 omnes
2494 3124 2580 3193 qui
2594 3125 2844 3196 judicatis
2867 3139 3055 3186 terram
3081 3132 3253 3204 (Psal.
3281 3153 3338 3205 ιι,
3368 3116 3570 3211 2,-10).

1973 3204 2091 3261 Jam
2141 3223 2270 3281 ergo
2318 3211 2490 3272 factus
2523 3224 2606 3271 est
2653 3217 2898 3277 Christus
2946 3224 3192 3284 excelsus
3231 3229 3373 3300 apud
3410 3204 3579 3304 reges

1977 3306 2153 3356 terrae.

2043 3392 2132 3449 28.
2176 3393 2450 3471 (vers.29.]
2487 3398 2552 3453 In
2570 3411 2812 3457 ceternum
2835 3407 3040 3463 servabo
3085 3411 3130 3464 ei
3167 3412 3568 3475 misericordiam

1974 3501 2152 3554 meam,
2180 3497 2228 3541 et
2245 3496 2595 3548 testamentum
2623 3511 2787 3549 meum
2814 3497 2964 3566 ﬁdele
2989 3501 3106 3571 ipsi.
3129 3502 3352 3576 Propter
3372 3509 3570 3580 ipsum,

1972 3576 2130 3634 ﬁdele
2161 3588 2569 3653 testamentum;
2615 3589 2667 3642 in
2693 3588 2810 3658 ipso
2839 3591 3127 3649 mediatum
3158 3605 3240 3652 est
3283 3576 3574 3659 testamen-

1973 3679 2118 3746 tum;
2157 3674 2273 3746 ipse
2299 3678 2560 3735 mediator
2605 3685 2947 3753 testamenti,
2982 3687 3094 3757 ipse
3133 3689 3369 3761 signator
3410 3705 3574 3752 testa-

1971 3766 2154 3833 menti,
2171 3766 2285 3838 ipse
2301 3769 2583 3841 Iidejussor
2601 3778 2921 3845 testamenti,
2938 3778 3052 3848 ipse
3073 3784 3221 3838 testis
3245 3791 3573 3854 testamenti,

1970 3855 2087 3928 ipse
2109 3858 2393 3916 haereditas
2425 3869 2748 3937 testamenti,
2771 3869 2885 3940 ipse
2903 3870 3140 3929 cohaeres
3161 3882 3489 3936 testamenti.

2040 3951 2129 4008 29.
2151 3950 2300 4025 [oers.
2320 3954 2435 4029 50.]
2455 3956 2520 4011 Et
2537 3975 2723 4029 ponam
2739 3963 2791 4015 in
2807 3963 3050 4019 sceculum
3064 3969 3238 4023 saeculi
3249 3987 3416 4028 semen
3432 3979 3569 4048 ejus.

1968 4041 2084 4098 Non
2103 4053 2306 4102 tantum
2326 4048 2380 4103 in
2410 4047 2511 4105 hoc
2539 4053 2757 4122 saeculo,
2791 4055 2884 4110 sed
2902 4057 2954 4111 in
2970 4061 3210 4117 saeculum
3226 4067 3400 4120 δωρηιί
3413 4085 3435 4133 ;
3462 4085 3572 4140 quo

1971 4134 2214 4192 transibit
2232 4139 2410 4210 utique
2427 4155 2608 4198 semen
2626 4143 2762 4214 ejus,
2781 4163 2900 4216 qua:
2916 4159 2998 4204 est
3013 4149 3299 4213 haereditas
3314 4157 3452 4228 ejus,
3482 4177 3571 4218 se-

1967 4240 2092 4282 men
2117 4227 2346 4285 Abraha:
2365 4233 2507 4302 quod
2533 4243 2614 4290 est
2640 4236 2902 4294 Christus.
2931 4240 2984 4296 Si
3017 4252 3195 4300 autem
3223 4263 3318 4304 vos
3343 4250 3566 4323 Christi,

1969 4334 2096 4392 ergo
2120 4321 2349 4379 Abrahae
2378 4340 2561 4383 semen
2581 4330 2709 4385 estis
2731 4330 2925 4403 (Colat.
2954 4350 3031 4402 nr,
3057 4338 3125 4393 16
3143 4348 3190 4394 ct
3208 4341 3302 4414 29)
3326 4354 3412 4400 :et
3439 4347 3484 4402 si
3512 4321 3567 4404 in

1968 4422 2224 4470 mternum
2250 4419 2520 4490 accepturi
2544 4422 2931 4494 haereditatem,
2961 4441 3122 4499 ponet
3136 4433 3188 4487 in
3208 4437 3451 4494 sceculum
3469 4457 3565 4496 sieo

1967 4509 2069 4562 culi
2089 4525 2259 4566 semen
2279 4513 2408 4583 ejus.
2435 4513 2503 4569 Et
2521 4517 2755 4572 thronum
2797 4521 2908 4592 ejus
2929 4522 3059 4578 sicut
3076 4525 3182 4580 dies
3206 4529 3338 4584 creti.
3366 4530 3567 4591 Throni

1967 4615 2152 4670 regum
2171 4611 2508 4662 terrenorum
2529 4609 2668 4666 sicut
2682 4611 2798 4668 dies
2819 4621 3001 4673 terrae.
3019 4619 3125 4674 Alii
3146 4631 3271 4678 sunt
3285 4623 3400 4683 dies
3421 4631 3563 4697 caeli,

1966 4690 2053 4746 alii
2077 4703 2201 4749 sunt
2227 4694 2343 4752 dies
2377 4707 2554 4755 terrae.
2579 4701 2704 4760 Dies
2727 4704 2847 4761 caeli
2873 4708 2999 4763 anni
3024 4720 3148 4766 sunt
3171 4712 3249 4769 illi
3277 4715 3346 4772 de
3369 4690 3568 4790 quibus

1966 4780 2161 4838 dicitur
2185 4806 2196 4843 :
2227 4785 2303 4841 Tu
2321 4797 2487 4844 autent
2515 4791 2648 4846 idem
2674 4794 2781 4864 ipse
2803 4812 2875 4866 es,
2905 4807 2951 4853 et
2969 4803 3092 4856 anni
3112 4805 3186 4858 tui
3206 4823 3307 4862 non
3327 4780 3568 4881 deﬁcient

1971 4873 2141 4945 (Psal.
2194 4895 2266 4947 Cl,
2317 4881 2432 4952 28).
2477 4884 2599 4940 Dies
2640 4897 2800 4944 terrae
2836 4895 3245 4957 succedentibus
3279 4873 3561 4975 urgentur,

1966 4969 2328 5036 praecedentes
2355 4974 2728 5048 excluduntur,
2749 4996 2849 5038 nec
2869 4985 2959 5054 qui
2987 4991 3281 5048 succedunt
3306 5009 3526 5054 manent
3547 5018 3564 5066 ;

1967 5059 2061 5114 sed
2092 5061 2310 5117 veniunt
2341 5073 2396 5118 ut
2423 5076 2544 5122 eant
2569 5111 2583 5137 ,
2617 5080 2672 5125 et
2694 5087 2828 5140 pene
2857 5077 3144 5148 antequam
3171 5085 3386 5141 veniant
3413 5101 3562 5147 eunt.

1966 5148 2041 5204 Ita
2087 5162 2210 5207 sunt
2237 5154 2352 5212 dies
2382 5165 2557 5214 terrm.
2588 5162 2710 5219 Dies
2740 5171 2916 5222 autem
2961 5173 3081 5227 caeli
3109 5183 3161 5228 et
3191 5176 3263 5230 illi
3290 5181 3413 5236 anni
3454 5199 3562 5241 non

1965 5243 2275 5302 deﬁcientes
2299 5289 2315 5316 ,
2361 5266 2459 5306 nec
2500 5253 2709 5310 initium
2741 5257 2941 5315 habent
2970 5279 3068 5318 nec
3102 5268 3386 5325 terminum
3415 5290 3429 5340 ;
3465 5292 3564 5334 nec

1966 5337 2105 5393 ullus
2132 5338 2204 5393 ibi
2234 5339 2350 5396 dies
2390 5356 2703 5416 angustatur
2737 5350 2879 5407 inter
2923 5354 3231 5414 hesternum
3277 5372 3331 5418 et
3369 5337 3561 5425 crasti-

1966 5447 2094 5486 num
2127 5450 2140 5487 :
2173 5450 2330 5491 nemo
2358 5438 2428 5493 ibi
2465 5453 2746 5513 exspectat
2786 5444 3053 5514 futurum,
3085 5466 3244 5509 nemo
3276 5457 3346 5512 ibi
3387 5463 3562 5531 perdit

1965 5527 2327 5595 praeteritum;
2360 5532 2453 5588 sed
2498 5535 2612 5591 dies
2647 5537 2770 5593 caeli
2809 5555 3024 5609 semper
3071 5558 3367 5612 praesentes
3387 5527 3558 5626 vsunt,

1966 5619 2054 5674 ubi
2097 5622 2199 5677 erit
2245 5623 2474 5684 thronus
2515 5629 2633 5700 ejus
2671 5631 2724 5684 in
2771 5640 3052 5689 arternum.
3101 5637 3253 5706 Quod
3297 5655 3480 5716 restat,
3514 5649 3559 5706 si

1966 5711 2172 5782 placet,
2206 5731 2512 5782 servemus:
2556 5722 2805 5791 quoniam
2837 5725 3028 5796 longus
3057 5740 3140 5786 est
3179 5731 3420 5793 Psahnus
3443 5781 3459 5805 ,
3506 5748 3560 5797 et

1965 5806 2142 5864 adhuc
2173 5810 2448 5869 vobiscum
2479 5814 2674 5886 aliquid
2706 5816 2757 5873 in
2787 5819 3004 5878 nomine
3044 5822 3244 5882 Christi
3270 5830 3442 5886 acturi
3468 5847 3558 5889 su-

2041 5921 2057 5956 ι
2089 5922 2220 5985 εααη
2248 5924 2454 5978 ridendo
2477 5940 2564 5992 per
2587 5929 2732 5992 quod,
2760 5940 2854 5984 etc.
2883 5935 3046 5995 Abest,
3073 5950 3178 6000 per,
3203 5952 3230 5988 a
3253 5947 3358 5991 Mss.

2693 6063 2696 6066 .
2720 6022 3196 6104 {Tremo—sim}
