4048 6470
543 384 678 444 1151

481 501 484 506 ’
543 537 680 579 mus.
711 514 938 574 Bellcite
963 528 1090 584 ergo
1123 513 1294 576 vires,
1331 523 1432 562 non
1461 507 1577 560 dico
1605 503 1762 558 animi
1787 503 1970 567 vestri,
2005 515 2125 554 nam

544 613 700 671 video
748 608 892 682 quod
920 607 1098 662 animo
1143 599 1494 672 infatigabiles
1541 597 1670 652 estis
1715 614 1728 649 :
1773 593 1866 648 sed
1913 601 2130 663 propter

541 717 728 763 servos
751 701 944 758 animai
965 699 982 730 ¹
1011 739 1026 766 ,
1055 705 1114 752 ιιι
1138 695 1329 751 durent
1359 692 1410 745 in
1452 688 1744 744 ministerio
1789 700 2012 755 corpora
2039 697 2129 737 ve-

539 807 650 856 stra
673 837 690 864 ,
738 789 1124 866 aliqtnntulum
1176 783 1456 842 reﬂeimini
1481 825 1496 848 ,
1547 791 1600 837 et
1645 779 1826 836 refecti
1875 777 1942 833 ad
1982 777 2131 833 cibos

543 889 735 948 redite.

1155 983 1328 1028 snio
1363 983 1400 1024 ιι
1427 967 1528 1038 (a).

960 1066 1042 1123 De
1062 1063 1284 1121 secunda
1311 1071 1454 1134 parte
1487 1058 1701 1114 Psalmi.

621 1167 674 1219 1.
715 1161 796 1218 Ad
819 1159 1025 1230 reliqua
1055 1155 1244 1228 psalmi
1273 1155 1340 1210 de
1369 1167 1474 1224 quo
1501 1153 1556 1206 in
1577 1151 1838 1206 matutino
1859 1149 2016 1202 locuti
2045 1161 2136 1200 su-

549 1275 684 1322 mus,
710 1255 949 1310 animum
975 1250 1233 1308 intendite
1252 1287 1268 1316 ,
1295 1258 1350 1302 et
1379 1247 1524 1318 pium
1549 1245 1784 1300 debitum
1815 1242 2038 1312 exigite;
2067 1253 2132 1294 eo

545 1346 822 1404 reddituro
855 1359 948 1414 per
973 1355 1090 1406 nos,
1125 1340 1212 1410 qui
1243 1340 1366 1395 fecit
1399 1347 1452 1393 et
1487 1351 1584 1392 nos
1622 1323 1676 1390 et
1715 1351 1828 1389 vos.
1878 1331 2134 1388 Dominus

545 1440 790 1496 Christus
814 1437 866 1490 in
895 1433 1260 1504 superioribus
1285 1430 1480 1486 Psalnti
1505 1444 1572 1484 ex
1607 1428 1874 1499 promisso
1899 1424 1996 1480 Dei
2032 1438 2133 1478 an-

547 1531 926 1596 nuntiabatur,-
944 1539 998 1584 et
1021 1516 1194 1582 adhuc
1219 1525 1272 1580 in
1303 1524 1385 1578 his
1411 1523 1572 1578 etiam
1593 1519 1772 1576 verbis
1795 1531 1914 1588 qum
1941 1523 2135 1570 tracta-

547 1624 650 1680 turi
680 1635 886 1688 sumus,
929 1621 1044 1690 ipse
1071 1617 1436 1672 annuntiatur.
1471 1615 1546 1668 De
1575 1612 1668 1667 illo
1693 1611 1834 1666 enim
1870 1609 2010 1664 inter
2031 1621 2136 1662 caa-

547 1725 660 1772 tera
685 1713 844 1784 paulo
863 1712 1106 1781 superius
1135 1709 1332 1764 dictum
1355 1715 1469 1762 erat
1493 1723 1504 1758 :
1539 1703 1604 1758 Et
1630 1719 1720 1774 ego
1749 1699 2134 1771 primogenitum

547 1823 734 1878 ponam
772 1821 906 1868 eum,
953 1803 1206 1856 excelsum
1239 1799 1378 1869 apud
1405 1815 1542 1869 reges
1584 1807 1747 1850 terras.
1793 1793 1858 1846 In
1891 1801 2135 1846 internum

546 1897 751 1954 servabo
779 1895 857 1950 illi
883 1893 1282 1948 tttisericordiam
1305 1907 1487 1956 meam,
1528 1899 1572 1944 et
1597 1895 1944 1941 testamentum
1971 1898 2135 1936 meum

549 1988 698 2059 ﬁdele
723 1987 840 2059 ipsi.
875 1985 936 2038 Et
981 2001 1164 2056 ponam
1195 1984 1248 2036 in
1279 1981 1522 2037 steculum
1549 1977 1720 2033 διεσαιί
1741 1993 1904 2032 semen
1931 1977 2057 2040 eius,
2088 1983 2135 2026 et

549 2083 786 2136 thronum
807 2080 917 2150 ejus
943 2079 1070 2132 sicut
1095 2077 1202 2130 dies
1221 2075 1350 2128 cmlt’.
1385 2074 1458 2127 Dc
1491 2072 1570 2126 his
1593 2083 1645 2124 et
1675 2070 1739 2124 de
1769 2069 2014 2124 omnibus
2041 2079 2132 2120 su-

549 2189 644 2246 pra
663 2173 732 2228 ab
751 2172 865 2244 ipso
886 2169 1130 2235 exordio,
1161 2183 1277 2236 quae
1309 2165 1594 2236 potuimus,
1629 2161 1878 2214 diximus.

617 2264 673 2320 2.
717 2263 865 2337 [νει-ε.
895 2260 1105 2330 iii—55.]
1145 2259 1393 2328 Sequitur
1431 2263 1631 2319 autem,
1681 2273 1698 2305 ε
1735 2253 1790 2307 Si
1831 2251 2134 2320 derelique-

547 2361 656 2415 rint
699 2357 792 2412 ﬁlii
841 2359 958 2426 ejus
1001 2355 1168 2424 legem
1203 2367 1396 2417 meatu,
1429 2359 1482 2404 et
1533 2350 1582 2402 in
1625 2346 1838 2418 judiciis
1869 2345 2001 2398 meis
2029 2358 2136 2398 non

547 2449 970 2512 ambulaverint;
1019 2446 1062 2500 si
1090 2443 1494 2514 justitieationes
1539 2455 1684 2494 meas
1716 2435 2132 2508 profanaverint,

547 2554 602 2600 et
637 2541 884 2598 mandata
911 2555 1028 2594 mea
1061 2553 1162 2591 non
1209 2532 1556 2590 custodierint
1595 2549 1609 2586 :
1647 2529 1873 2584 visitabo
1907 2528 1958 2582 in
1990 2527 2136 2596 virga

548 2637 854 2707 iniquitates
881 2645 1086 2694 eorum,
1121 2638 1174 2682 et
1203 2627 1257 2682 in
1285 2624 1504 2695 ﬂagellis
1533 2622 1724 2678 delicta
1752 2635 1956 2675 eorum.
1987 2617 2136 2672 Mise-

549 2727 836 2786 ricordiam
873 2737 1003 2778 vero
1041 2733 1214 2775 meam
1255 2733 1360 2772 non
1399 2715 1698 2786 diSpergam
1741 2712 1808 2766 ab
1845 2727 1932 2774 eo,
1963 2723 2136 2779 neque

549 2820 753 2877 nocebo
779 2819 801 2852 ³
831 2817 883 2870 ἰιι
910 2815 1129 2870 veritate
1151 2827 1268 2866 mea
1298 2829 1310 2864 :
1342 2823 1511 2880 neque
1535 2805 1828 2877 prol‘anabo
1851 2813 2138 2859 testamen-

551 2921 662 2966 tum
693 2923 904 2974 meum;
933 2917 984 2961 et
1014 2921 1132 2976 qua:
1153 2901 1447 2974 procedunt
1471 2899 1538 2953 de
1563 2897 1716 2953 labiis
1740 2897 2024 2962 meis,‘non
2055 2909 2138 2948 re-

551 3003 804 3074 probabo.
843 3020 860 3054 ι
904 2999 1146 3070 Magnum
1185 2995 1579 3050 ﬁrmamentum
1629 2989 1996 3060 promissionis
2025 2988 2134 3040 Dei.

550 3097 668 3152 Filii
699 3094 854 3164 hujus
883 3091 1068 3153 David,
1095 3089 1186 3142 ﬁlii
1215 3095 1337 3141 sunt
1363 3087 1544 3156 sponsi
1577 3102 1590 3138 :
1620 3097 1808 3136 omnes
1837 3096 1962 3149 ergo
1989 3079 2139 3134 Citri-

553 3187 732 3248 stiani,
781 3183 874 3238 ﬁlii
915 3183 1030 3252 ejus
1068 3180 1336 3236 dicuntur.
1385 3177 1604 3230 Multum
1647 3183 1730 3229 est
1775 3182 1950 3226 autem
1997 3170 2138 3240 quod

556 3277 816 3350 promittit
860 3275 1020 3340 Deus,
1045 3270 1269 3342 quiaSi
1295 3267 1597 3332 Christiani,
1631 3266 1732 3320 hoc
1761 3275 1860 3330 est,
1895 3265 1990 3332 [itii
2032 3265 2140 3336 ejus

549 3369 920 3442 dereliquerint,
968 3365 1158 3435 inquit,
1190 3364 1346 3434 legem
1375 3377 1574 3426 meam,
1617 3369 1663 3412 et
1700 3359 1752 3411 in
1773 3358 1984 3430 judiciis
2017 3358 2140 3411 meis

550 3477 653 3515 non
683 3457 1078 3516 ambulaverint;
1106 3455 1149 3508 si
1161 3453 1553 3524 jttsti/icationes
1577 3467 1712 3504 meas
1738 3449 2137 3520 profanaverint,

550 3563 597 3608 et
621 3547 862 3604 mandata
881 3563 992 3600 mea
1019 3562 1118 3600 non
1143 3543 1506 3606 custodierint;
1535 3557 1638 3594 non
1663 3549 2003 3594 contemnam
2026 3553 2136 3605 eos,

551 3659 724 3713 neque
753 3658 806 3697 in
833 3639 1131 3711 perditioiie
1156 3637 1416 3690 dimittam
1449 3650 1542 3689 eos
1574 3653 1585 3688 :
1617 3634 1710 3687 sed
1749 3632 1872 3702 quid
1909 3630 2142 3686 faciam?

563 3734 790 3790 Visitabo
850 3733 904 3785 in
963 3731 1106 3800 virga
1145 3729 1436 3796 iniquitates
1481 3741 1684 3798 eorum,
1735 3735 1780 3777 et
1825 3725 1874 3776 in
1927 3723 2143 3794 ﬂagellis

551 3828 735 3884 delicta
788 3840 980 3880 eorum.
1038 3821 1153 3876 Non
1203 3835 1330 3889 ergo
1363 3827 1564 3872 tantum
1623 3813 1989 3870 misericordia
2044 3829 2140 3868 vo-

556 3919 727 3975 cantis
755 3927 856 3984 est,
885 3915 978 3970 sed
1005 3923 1059 3968 et
1083 3911 1416 3968 verberantis
1448 3919 1500 3964 et
1522 3907 1854 3979 ﬂagellantis.
1890 3907 1970 3960 Sit
1996 3907 2015 3935 ³
2047 3909 2146 3960 ita-

557 4027 662 4084 que
693 4025 882 4068 manus
906 4019 1124 4078 paterna
1149 4021 1306 4075 super
1329 4014 1402 4067 te,
1425 4013 1480 4058 et
1505 4003 1550 4056 si
1574 4001 1712 4056 ﬁlius
1733 4001 1904 4054 bonus
1931 4015 2010 4063 es,
2037 3998 2144 4052 noli

553 4106 818 4176 repellere
839 4102 1170 4172 disciplinam
1199 4118 1210 4152 :
1241 4099 1356 4168 quis
1381 4097 1620 4152 estenim
1645 4094 1800 4156 ﬁlius,
1825 4095 1906 4148 cui
1929 4109 2032 4146 non
2057 4092 2146 4146 dat

559 4199 1062 4268 disciplinam-pater
1084 4193 1236 4261 ejus?
1265 4193 1358 4244 Det
1391 4191 1748 4259 disciplinam,
1769 4188 1894 4241 dum
1921 4204 2022 4241 non
2053 4201 2148 4240 au-

557 4293 692 4346 ferat
715 4287 1168 4351 misericordiam;
1195 4285 1366 4339 caedat
1395 4293 1786 4346 contumacem,
1815 4281 1940 4334 dum
1967 4290 2146 4334 tamen

563 4381 754 4438 reddat
799 4379 1186 4434 hereditatem.
1245 4375 1325 4429 Tu
1383 4375 1425 4428 si
1483 4373 1742 4442 promissa
1801 4373 1963 4440 patris
2013 4373 2147 4428 bene

562 4473 856 4545 agnovisti,
905 4485 1010 4525 non
1057 4471 1244 4524 timeas
1285 4466 1576 4537 ﬂagellari,
1625 4465 1716 4519 sed
1766 4464 2144 4518 exh-.eretlari:

561 4579 718 4636 quem
756 4562 897 4618 enim
925 4561 1095 4630 diligit
1123 4559 1394 4624 Dominus,
1434 4557 1683 4626 corripit;
1717 4555 1946 4626 ﬂagellat
1971 4565 2147 4610 autem

561 4671 774 4712 omnem
803 4654 969 4708 ﬁlium
997 4669 1155 4722 quem
1187 4652 1372 4721 recipit
1404 4649 1583 4722 (Hebr.
1615 4667 1689 4704 xu
1712 4691 1730 4716 ,
1757 4649 1902 4720 5-7).
1949 4649 2148 4704 Pecca-

561 4757 648 4802 tor
667 4745 806 4802 ﬁlius
824 4745 1139 4816 dedignatur
1159 4743 1434 4814 ﬂagellari,
1457 4757 1578 4796 cum
1605 4742 1720 4796 sine
1739 4751 1953 4811 peccato
1973 4742 2150 4797 videat

563 4837 789 4896 Unicum
831 4835 1193 4908 ﬂagellatum‘?
1233 4834 1454 4890 Visitabo
1483 4851 1631 4904 ergo,
1672 4835 1764 4900 ait,
1803 4837 1856 4888 in
1881 4835 2020 4906 virga
2045 4836 2150 4889 ini-

565 4931 777 5002 tjuitates
806 4944 1001 4984 eorum.
1041 4925 1128 4983 Sic
1171 4937 1225 4982 et
1267 4927 1548 4996 Apostolus
1583 4927 1936 4982 comminatur
1967 4945 1978 4976 :
2013 4927 2150 4992 Quid

562 5023 712 5076 vultis
731 5019 758 5076 ?
777 5021 830 5074 in
853 5019 992 5092 virga
1020 5019 1214 5072 veniam
1241 5019 1308 5071 ad
1336 5034 1418 5070 ros
1441 5017 1485 5086 (l
1517 5015 1634 5070 Cor.
1668 5033 1738 5084 tv,
1761 5017 1893 5089 2i)?
1919 5019 2070 5074 Absit
2095 5030 2150 5073 ut

560 5111 890 5183 dicerentpii
921 5111 1032 5176 ﬁlii,
1061 5111 1114 5167 Sl
1136 5126 1253 5166 cum
1276 5111 1417 5178 virga
1444 5121 1694 5164 venturus
1715 5125 1792 5176 es,
1815 5111 1920 5164 noli
1943 5111 2146 5168 venire.

559 5203 745 5260 Melius
775 5212 858 5260 est
883 5203 1026 5260 enim
1054 5202 1249 5258 erudiri
1275 5203 1324 5255 in
1355 5202 1496 5271 virga
1531 5202 1713 5271 patris,
1743 5219 1900 5272 quam
1925 5203 1976 5256 in
2001 5203 2150 5268 blatt-

591 5320 639 5388 ..ί
675 5326 808 5388 ἰτᾳξ
829 5325 954 5378 Mss,
983 5330 1156 5388 sensus
1396 5330 1412 5366 :
1438 5326 1494 5388 et
1515 5333 1524 5378 ι
1543 5317 1654 5388 aulo
1675 5325 1799 5388 post,
1823 5325 1877 5388 et
1913 5319 2078 5388 refecti
2119 5333 2152 5370 a

557 5377 663 5444 cibo
683 5379 854 5444 redite.
883 5377 1057 5443 Regius
1083 5387 1181 5440 MS.,
1202 5393 1247 5444 _a
1266 5377 1385 5444 cibis
1416 5377 1602 5444 :atque
1641 5377 1768 5428 idem
1793 5379 1947 5429 codex
1967 5377 2150 5444 aliique

557 5439 733 5504 plures
745 5440 928 5504 addunt
949 5439 973 5491 Ξ
989 5439 1213 5504 conversi
1228 5442 1292 5490 ad
1325 5439 1588 5504 nominum.

621 5503 641 5535 ¹
925 5509 1114 5576 tantum
1131 5503 1539 5576 addebant,
1575 5501 1665 5576 eis,
1702 5503 1798 5562 vel,
1825 5515 1902 5552 eos
1927 5515 1945 5552 :
1969 5505 2096 5576 quod
2121 5519 2149 5554 a

556 5563 810 5638 plerisque
831 5567 938 5638 Mss:
960 5569 1018 5638 _et
1039 5577 1069 5638 a
1099 5573 1206 5638 va
1225 5567 1388 5638 abest.
1405 5593 1466 5601 -—
1481 5565 1622 5638 I'aulo
1666 5577 1826 5638 supra,
1853 5579 1939 5638 pro
1955 5602 1968 5626 ,
1987 5563 2053 5638 ab
2075 5581 2148 5628 eo,

558 5627 611 5698 in
627 5633 676 5686 Β,
693 5627 754 5675 ab
764 5627 852 5685 eis,
867 5627 1084 5698 subjecta
1097 5633 1210 5678 nota
1225 5630 1272 5678 in
1283 5629 1413 5698 hunc
1435 5627 1626 5698 modum
1643 5641 1653 5698 ξ
1679 5635 1848 5698 «Forte
1863 5627 2144 5690 legendum,

557 5686 708 5762 abeo,
731 5699 879 5762 qpam
908 5686 1175 5762 lectionem
1201 5697 1372 5762 postea
1401 5689 1686 5752 explicando
1719 5686 1938 5752 prtel'ert;
1968 5697 2020 5740 et
2047 5686 2150 5740 vul-

559 5747 732 5813 gnem
749 5747 916 5801 'fuisse
945 5747 1248 5813 signiﬁcatf»
1319 5759 1376 5799 Μ.

625 5813 647 5878 ξ
678 5809 864 5878 Aliquot
883 5809 1015 5871 mss;
1037 5809 1097 5878 an:

627 5875 701 5938 (α)
736 5874 936 5926 Habitus
959 5874 1136 5926 eodem
1148 5875 1230 5923 die
1254 5889 1362 5922 cuiu
1387 5877 1624 5937 superiori
1651 5891 1896 5928 sermone.

1833 369 1888 422 S.
1933 363 2290 422 AUGUSTINI
2335 359 2631 416 EPISCOPI

3674 359 3798 416 H33

2237 474 2474 528 dimento
2505 475 2676 542 perire
2699 469 2980 541 praedonis.
3694 477 3700 482 '

2307 568 2355 620 5.
2413 565 2650 628 Visitabo,
2687 565 2872 634 inquit,
2903 563 2956 616 in
2983 561 3123 632 virga
3152 561 3444 630 iniquitates
3470 575 3653 626 eorum,
3681 573 3722 616 et
3748 566 3796 618 in

2235 657 2451 728 ﬂagellis
2491 659 2672 710 delicta
2705 673 2892 709 eorum.
2940 652 3343 708 Misericordia":
3383 669 3494 706 vero
3529 670 3680 707 meam
3708 673 3795 710 tum

2237 749 2522 820 dispergam
2545 751 2606 802 ab
2631 765 2706 802 eo.
2742 749 2784 801 A
2812 747 2954 818 quo?
2983 745 3064 800 Ab
3093 745 3181 799 illo
3207 745 3412 801 scilicet
3439 745 3600 801 David
3629 749 3707 802 cui
3734 759 3797 802 ta-

2237 843 2304 898 lia
2329 843 2566 916 promisi,
2600 857 2758 912 quem
2785 841 2912 896 uuxi
2939 841 2990 895 in
3015 841 3137 896 oleo
3163 849 3351 894 sancto
3379 855 3496 895 meo
3521 855 3624 909 prae
3651 845 3800 909 parti-

2236 936 2440 1004 cipibus
2465 935 2574 990 suis
2597 931 2767 1008 (Psal.
2798 947 2938 998 xuv,
2962 931 3038 1000 8).
3069 931 3367 1002 Agnoscitis
3383 947 3504 985 eum
3533 947 3560 984 ει
3589 947 3687 1000 quo
3707 950 3800 986 non

2236 1027 2504 1099 disperget
2549 1029 2686 1082 Deus
2729 1023 3144 1081 misericordiam
3192 1025 3381 1079 suam?
3410 1023 3485 1079 Ne
3531 1025 3644 1094 quis
3685 1027 3802 1080 forte

2238 1120 2494 1175 sollicitus
2527 1119 2689 1186 dicat,
2722 1117 3162 1189 Quandoquidem
3187 1116 3458 1172 Christum
3487 1115 3629 1184 dicit,
3659 1133 3802 1186 aquo

2239 1225 2297 1266 se
2317 1211 2733 1266 misericordiam
2759 1225 2908 1265 suam
2945 1227 3049 1264 non
3079 1209 3444 1279 dispersurum
3469 1224 3586 1264 esse
3622 1209 3804 1264 conﬁr-

2239 1314 2365 1373 mat,
2395 1303 2521 1376 quid
2565 1320 2692 1376 ergo
2725 1303 3003 1374 peccator?
3041 1301 3304 1374 Numquid
3344 1301 3486 1358 enim
3524 1297 3624 1358 hoc
3663 1302 3804 1370 dixit,

2237 1394 2646 1450 Misericordiam
2690 1405 2864 1450 autem
2913 1410 3084 1450 meam
3130 1409 3234 1472 non
3274 1393 3570 1464 dispergam
3611 1391 3676 1448 ab
3701 1389 3804 1447 eisi

2247 1485 2490 1556 Visitaba,
2519 1487 2705 1558 inquit,
2735 1489 2791 1542 in
2811 1487 2950 1558 virga
2972 1487 3256 1557 iniquitates
3281 1503 3474 1552 eorum,
3505 1495 3549 1539 et
3569 1486 3618 1539 in
3638 1483 3806 1556 ﬂagel-

2239 1587 2301 1640 lis
2331 1585 2512 1640 delicta
2543 1602 2733 1639 eorum.
2778 1583 3135 1654 Exspectabas
3175 1581 3242 1636 ad
3277 1581 3614 1636 securitatem
3654 1588 3804 1642 tuam,

2239 1677 2643 1732 ﬂijericordiam
2669 1695 2781 1732 vero
2803 1694 2962 1731 meam
2982 1693 3082 1730 non
3105 1675 3393 1748 dispergam
3413 1675 3474 1728 ab
3496 1676 3589 1729 eis.
3621 1673 3683 1728 Et
3704 1675 3808 1744 qui-

2237 1769 2357 1824 dem
2375 1768 2478 1824 hoc
2493 1769 2730 1823 nonnulli
2744 1767 2954 1824 codices
2973 1765 3188 1834 habent,
3204 1767 3294 1821 sed
3313 1766 3696 1820 cmendatiores
3715 1782 3809 1820 non

2239 1863 2434 1919 habent
2463 1883 2474 1917 :
2511 1877 2684 1919 Ianum
2713 1875 2766 1919 et
2795 1865 2882 1933 qui
2913 1865 3010 1918 hoc
3031 1861 3246 1921 habent.
3278 1859 3406 1915 nihil
3437 1859 3503 1914 ab
3529 1874 3586 1914 re
3607 1858 3808 1912 habent.

2239 1955 2516 2024 Quomodo
2536 1957 2676 2010 enim
2695 1972 2724 2009 a
2745 1954 2955 2010 Christo
2973 1951 3388 2008 misericordiam
3417 1967 3566 2006 suam
3589 1965 3688 2005 non
3710 1949 3808 2004 dis-

2239 2051 2446 2122 pergit?
2469 2049 2730 2120 Numquid
2760 2049 2870 2118 ipsc
2893 2047 3135 2102 Salvator
3155 2045 3394 2116 corporis
3411 2043 3494 2100 vel
3513 2043 3565 2098 in
3581 2052 3714 2098 terra
3736 2040 3811 2096 vel

2240 2142 2292 2197 in
2321 2143 2458 2200 caelo
2501 2141 2768 2212 peccavit;
2797 2141 2885 2212 qui
2926 2137 3076 2194 sedet
3105 2137 3169 2192 ad
3198 2137 3476 2194 dexteram
3498 2135 3630 2206 ejus,
3661 2143 3714 2189 et
3735 2133 3810 2188 in-

2241 2235 2484 2306 terpellat
2502 2249 2598 2304 pro
2628 2235 2779 2288 nobis
2806 2231 2978 2308 (Rom.
3007 2248 3114 2297 νιιι,
3141 2231 3268 2302 34)?
3292 2230 3339 2286 Α
3363 2221 3576 2285 Christo
3603 2235 3770 2282 tamen
3795 2241 3808 2277 :

2240 2329 2386 2384 seda
2412 2327 2664 2383 membris
2694 2327 2830 2396 ejus,
2859 2342 2888 2380 a
2909 2341 3132 2396 corpore
3155 2325 3269 2394 ejus
3293 2323 3436 2394 quod
3463 2331 3542 2378 est
3572 2318 3808 2375 Ecclesia.

2241 2421 2328 2476 Sic
2359 2421 2502 2476 enim
2536 2435 2633 2490 pro
2663 2435 2855 2490 magno
2882 2419 3010 2474 dicit
3039 2417 3179 2489 quod
3219 2417 3285 2472 ab
3311 2419 3403 2472 illo
3433 2433 3535 2470 non
3561 2415 3813 2484 dispergat

2241 2511 2656 2568 misericordiam
2687 2527 2856 2574 suam,
2882 2511 3030 2582 quasi
3057 2527 3160 2564 non
3183 2509 3520 2580 agnoscimus
3545 2509 3558 2538 ¹
3589 2503 3812 2576 unigeni-

2241 2617 2349 2660 tum
2377 2605 2566 2660 Filium
2597 2605 2685 2674 qui
2717 2613 2796 2658 est
2823 2603 2872 2658 in
2903 2603 3023 2659 sinu
3051 2601 3218 2656 Patris
3249 2620 3261 2656 :
3291 2617 3395 2655 non
3426 2599 3564 2656 enim
3595 2611 3685 2668 pro
3706 2611 3813 2666 per-

2241 2713 2369 2754 sona
2415 2713 2508 2751 sua
2549 2697 2618 2749 ibi
2649 2703 2986 2765 computatur
3013 2693 3172 2748 homo
3192 2734 3208 2758 ,
3240 2691 3332 2748 sed
3364 2709 3472 2747 una
3499 2702 3715 2762 persona
3741 2693 3816 2740 est

2241 2793 2378 2847 Deus
2395 2799 2447 2846 et
2469 2789 2647 2844 homo.
2679 2789 2816 2858 Ergo
2836 2787 2903 2842 ab
2919 2803 2983 2843 eo
3009 2803 3112 2842 non
3133 2786 3388 2857 dispergit
3411 2781 3812 2840 misericordiam

2241 2899 2414 2950 suam,
2460 2899 2578 2938 cum
2605 2899 2636 2937 a
2662 2881 2918 2936 membris
2944 2880 3080 2950 ejus,
3119 2895 3238 2934 cum
3266 2895 3294 2932 a
3327 2893 3553 2950 corpore
3582 2877 3690 2946 ejus
3719 2888 3814 2927 non

2241 2973 2496 3046 dispergit
2517 2973 2934 3029 misericordiam
2971 2987 3142 3040 suam,
3182 2971 3234 3025 in
3265 2987 3370 3040 quo
3393 2982 3448 3026 et
3477 2971 3586 3040 ipse
3613 2969 3660 3021 in
3687 2974 3815 3021 terra

2241 3069 2642 3138 persecutiones
2666 3067 2978 3136 patiebatur,
2999 3081 3118 3119 cum
3133 3065 3240 3135 jam
3267 3063 3481 3119 sederet
3506 3064 3556 3117 in
3579 3059 3738 3125 caelo;
3768 3065 3816 3112 et

2243 3163 2308 3216 de
2329 3161 2465 3216 coelo
2486 3159 2769 3224 clamabat,
2797 3159 2973 3224 Saule,
3003 3159 3179 3224 Saule,
3200 3175 3326 3222 non,
3343 3157 3483 3225 Quid
3503 3152 3816 3226 persequeris

2244 3269 2427 3308 servos
2443 3269 2618 3316 meos;
2640 3269 2764 3318 llOll,
2778 3251 2912 3321 Quid
2929 3253 3260 3322 persequeris
3279 3261 3495 3306 sanctos
3513 3261 3683 3314 meos;
3701 3261 3814 3306 non,

2243 3345 2376 3414 Quid
2401 3346 2735 3414 persequeris
2756 3345 3046 3412 discipulos
3069 3359 3215 3398 meos
3245 3361 3258 3399 :
3283 3343 3400 3412 scd,
3425 3343 3560 3412 Quid
3583 3359 3656 3395 me
3675 3353 3820 3410 persc-

2245 3438 2407 3507 queris
2430 3435 2564 3508 (Act.
2597 3453 2670 3498 ix,
2701 3437 2794 3514 ψ
2821 3435 2966 3490 Sicut
2987 3452 3114 3507 ergo
3139 3479 3152 3502 ,
3184 3451 3304 3492 cum
3329 3451 3454 3490 eum
3485 3433 3748 3490 sedentem
3775 3429 3820 3482 in

2247 3531 2381 3584 caelo
2403 3545 2560 3584 nemo
2579 3541 3012 3599 persequeretur,
3035 3529 3300 3595 clamavit,
3324 3527 3466 3594 Quid
3487 3545 3562 3582 me
3579 3537 3822 3596 perseque-

2245 3622 2358 3676 ris?
2377 3637 2495 3676 cum
2526 3633 2680 3690 caput
2701 3621 2935 3675 nieinbra
2961 3637 3053 3676 sua
3071 3633 3442 3692 cognosceret,
3461 3631 3516 3678 et
3541 3637 3570 3674 a
3587 3627 3822 3686 compage

2247 3713 2485 3783 corporis
2530 3715 2608 3766 sui
2649 3725 2806 3782 caput
2835 3713 3065 3768 charitas
3114 3729 3219 3768 non
3247 3721 3524 3784 separaret
3552 3731 3565 3768 :
3595 3710 3688 3776 sic,
3714 3719 3824 3761 cum

2249 3803 2667 3860 misericordiam
2695 3819 2843 3858 suam
2877 3821 2980 3860 non
3003 3803 3259 3875 dispergit
3285 3805 3351 3860 ab
3377 3821 3467 3872 eo,
3497 3820 3526 3858 a
3555 3801 3704 3858 nobis
3729 3795 3824 3851 uti-

2249 3911 2350 3964 que
2375 3911 2478 3950 non
2503 3895 2779 3968 dispergit,
2823 3898 2910 3966 qui
2940 3911 3122 3950 smnus
3152 3896 3390 3952 membra
3421 3897 3535 3968 ejus
3563 3903 3616 3950 et
3641 3895 3825 3961 cerpus

2249 3989 2384 4058 ejus.
2443 3987 2553 4062 Nec
2601 3987 2720 4044 ideo
2775 3999 2950 4044 tamen
2987 3988 3246 4044 debemus
3284 3991 3460 4044 securi
3504 3997 3740 4060 peccare,
3779 3987 3825 4032 οι

2251 4097 2498 4151 perverse
2529 4081 2681 4136 nobis
2711 4081 2944 4150 polliceri
2970 4081 3220 4151 quoniam
3250 4081 3510 4152 quidquid
3537 4077 3821 4136 fecerimus,

2251 4187 2354 4225 non
2383 4173 2634 4241 perimus.
2683 4173 2818 4226 Sunt
2843 4172 2986 4228 enim
3009 4171 3250 4241 quaedam
3273 4183 3492 4242 peccata
3518 4181 3572 4228 et
3599 4165 3824 4240 quaedam

2252 4264 2553 4332 iniquitates
2575 4263 2642 4318 de
2668 4264 2859 4334 quibus
2890 4265 3100 4334 quidem
3127 4265 3391 4321 disserere
3434 4277 3588 4336 atque
3616 4259 3828 4317 deﬁnire

2251 4363 2342 4408 aut
2371 4355 2698 4424 impossibile
2729 4357 2882 4424 nobis
2906 4367 3006 4422 est,
3043 4367 3165 4420 aut,
3193 4359 3234 4412 si
3261 4357 3372 4428 jam
3399 4367 3546 4414 esset
3567 4350 3824 4426 possibile,

2252 4455 2394 4501 certe
2421 4449 2650 4516 tempori
2677 4449 2889 4519 longum
2917 4459 3078 4504 esset.
3103 4449 3268 4504 Nemo
3295 4449 3438 4504 enim
3469 4455 3642 4520 potest
3663 4443 3828 4499 dicere

2253 4555 2371 4595 esse
2398 4555 2456 4595 se
2501 4541 2613 4594 sine
2651 4551 2901 4610 peccato;
2931 4541 3052 4612 quia
3082 4541 3126 4595 si
3166 4541 3392 4608 dixerit,
3423 4541 3704 4596 mentietur
3735 4553 3746 4588 :
3775 4531 3830 4586 Si

2253 4633 2395 4687 enim
2425 4633 2698 4686 dixeritttus
2727 4633 2845 4704 quia
2873 4644 3129 4703 peccatum
3155 4650 3256 4688 non
3285 4634 3524 4688 habemus
3548 4675 3562 4700 ,
3593 4647 3680 4684 nos
3704 4629 3828 4696 ipso!

2254 4727 2555 4792 sedttcimtts,
2593 4739 2639 4780 et
2667 4728 2848 4780 ueritas
2889 4727 2942 4780 in
2973 4727 3110 4780 nobis
3137 4745 3237 4781 non
3279 4738 3349 4782 est
3389 4727 3409 4798 (
3434 4727 3452 4782 Ι
3478 4725 3631 4780 Joan.
3679 4722 3726 4784 l,
3753 4717 3825 4785 8)-

2255 4809 2395 4889 Ειεο
2423 4819 2782 4888 unusquisque
2813 4835 2908 4889 pro
2935 4820 3161 4887 peccatis
3193 4821 3303 4872 suis
3332 4817 3634 4873 necessario
3662 4809 3828 4882 ﬂagel-

2255 4909 2425 4975 latur;
2459 4909 2552 4964 sed
2580 4911 2754 4974 abeo,
2791 4911 2833 4965 si
2875 4911 3192 4965 Christianus
3221 4921 3324 4976 est,
3357 4911 3450 4966 Dei
3479 4903 3828 4968 misericordia

2257 5017 2362 5056 non
2387 5001 2724 5073 diSpcrgitur.
2773 5001 2938 5056 Plane
2967 5001 3012 5056 si
3051 5001 3101 5056 in
3136 5013 3308 5057 tantas
3347 5003 3473 5058 ieris
3515 4999 3828 5070 iniquitates,

2257 5104 2312 5148 ut
2355 5095 2581 5164 repellas
2611 5113 2636 5148 a
2671 5105 2720 5148 te
2753 5091 2950 5164 virgam
2978 5075 3344 5160 verberantis,
3377 5096 3420 5150 si
3465 5093 3693 5164 repellas
3723 5103 3830 5144 ma-

2257 5203 2380 5239 num
2411 5185 2748 5255 ﬂagellantis,
2772 5195 2824 5240 et
2844 5183 3201 5254 dedisciplina
3227 5186 3322 5242 Dei
3347 5183 3654 5258 indigneris,
3683 5191 3732 5236 et
3759 5179 3830 5232 lu-

2255 5280 2368 5349 gias
2395 5293 2424 5332 a
2449 5277 2608 5334 Patre
2636 5277 2894 5345 cmdentc,
2924 5289 2977 5332 et
3006 5279 3142 5332 nolis
3165 5295 3284 5334 eum
3313 5289 3517 5350 patrem
3547 5276 3651 5348 pati
3675 5316 3687 5338 ,
3715 5271 3830 5342 quia

2257 5387 2362 5426 non
2405 5370 2572 5441 parcit
2613 5373 2886 5440 peccanti;
2921 5381 2976 5424 tu
3008 5379 3059 5426 te
3087 5370 3330 5426 alienasti
3361 5371 3382 5402 ²
3407 5370 3475 5424 ab
3505 5365 3829 5426 hereditate,

2257 5463 2370 5534 ipse
2397 5473 2448 5518 te
2475 5479 2577 5516 non
2606 5461 2798 5534 abjecit
2831 5481 2842 5516 :
2884 5479 3003 5516 nam
3036 5465 3078 5517 si
3117 5478 3360 5518 maneres
3388 5459 3704 5532 ﬂagellatus,
3731 5469 3832 5511 non

2257 5570 2560 5611 rentaucres
2608 5553 2994 5610 exhanredatus.
3029 5555 3431 5609 Misericordiam
3469 5570 3606 5620 vero,
3650 5547 3830 5619 inquit,

2323 5693 2338 5723 ί
2373 5693 2446 5740 sic
2457 5697 2564 5740 Mss.
2577 5688 2688 5754 add.
2701 5703 2837 5752 vero,
2853 5703 3169 5754 agnoscamus
3181 5699 3268 5740 :ac
3289 5689 3430 5754 paulo
3451 5694 3558 5754 post
3580 5683 3833 5736 habebant.

2257 5759 2560 5814 comparatur
2578 5749 2744 5810 homo;
2769 5741 2848 5800 ubi
2878 5741 2938 5802 ex
2975 5751 3208 5804 nonnullit
3236 5741 3429 5814 optima:
3452 5741 3589 5800 'nota:
3625 5753 3726 5795 Mss.
3760 5753 3833 5789 res

2259 5817 2494 5878 ponimus,
2523 5820 2838 5878 computetur.

2324 5879 2342 5908 ί
2375 5885 2556 5926 Ferrar.
2577 5883 2678 5938 Ms,
2703 5877 2898 5928 alimus.
