4084 6518
319 399 458 458 1155

317 531 480 568 nteant
531 528 631 566 non
672 513 956 584 aispergam
986 513 1046 566 ob
1086 529 1162 578 eo,
1197 529 1354 584 neque
1393 510 1576 566 nocebo
1605 509 1659 562 in
1699 506 1903 561 veritate

317 627 448 662 mea.
481 606 560 661 Ad
589 609 688 662 hoc
711 608 858 662 enim
881 623 985 662 non
1012 607 1347 678 dispergetur
1375 603 1736 660 misericordia
1766 601 1902 657 libe-

315 699 502 768 rantis,
532 717 599 756 ne
627 707 816 754 noceat
837 699 1031 755 veritas
1053 698 1383 754 vindieantis.

385 794 440 848 4.
473 792 652 864 Neque
673 793 956 866 profanabo
981 799 1331 848 testamentum
1347 807 1548 857 meum;
1577 799 1622 846 et
1651 805 1762 859 quis
1783 804 1902 858 pro-

313 887 500 941 cedunt
526 886 589 940 de
615 885 762 939 labiis
783 885 906 940 meis
927 903 1027 939 non
1048 884 1341 954 reprobabo.
1371 883 1484 938 Non
1516 882 1638 954 quia
1667 880 1756 934 lilii
1783 879 1902 948 ejus

313 989 562 1052 peccant,
599 979 720 1036 ideo
744 995 844 1052 ego
871 977 1102 1034 mendax
1133 976 1375 1032 inveniar
1409 995 1420 1029 :
1453 974 1707 1046 promisi,
1738 971 1896 1028 facio.

313 1076 460 1131 Pone
485 1075 610 1145 quia
647 1073 833 1128 volunt
861 1071 936 1126 illi
975 1071 1134 1127 etiam
1165 1085 1286 1126 cum
1313 1069 1687 1140 desperatione
1707 1081 1897 1135 pecca-

311 1182 392 1232 re,
423 1174 480 1222 et
499 1166 578 1220 sic
603 1165 682 1220 ire
705 1163 926 1218 omnino
953 1162 1006 1216 in
1035 1170 1274 1231 peccata,
1305 1167 1364 1214 ut
1401 1157 1676 1214 offendant
1713 1157 1898 1214 oculos

317 1258 494 1313 Patris
519 1299 534 1322 ,
591 1265 646 1312 et
683 1253 1016 1310 exhatredari
1047 1261 1386 1320 mercantur;
1441 1265 1619 1306 nonne
1661 1251 1774 1320 ipse
1815 1259 1898 1306 est

309 1353 453 1407 Deus
478 1351 548 1406 de
575 1365 680 1420 quo
707 1348 908 1404 dictum
933 1355 1016 1403 est
1050 1365 1062 1400 :
1093 1345 1174 1400 De
1195 1343 1451 1414 lapidibus
1478 1343 1589 1398 istis
1638 1339 1897 1396 suscitabit

307 1443 448 1512 ﬁlios
475 1439 695 1495 Abrahae
715 1439 932 1512 (Matth.
961 1454 1039 1506 ιιι,
1067 1435 1170 1508 9)?
1199 1436 1382 1505 Itaque
1420 1433 1541 1490 dico
1581 1433 1752 1500 vobis,
1785 1435 1895 1486 fra—

307 1546 420 1592 tres
448 1553 460 1588 :
497 1533 648 1590 multi
671 1531 946 1588 christiani
981 1529 1326 1586 tolerabiliter
1347 1535 1591 1598 peccant,
1619 1526 1770 1582 multi
1801 1526 1898 1580 lla-

305 1630 450 1701 gello
469 1644 500 1684 a
531 1636 749 1699 peccato
774 1626 1133 1696 corriguntur,
1161 1633 1214 1680 et
1235 1621 1606 1688 emendantur,
1631 1629 1684 1676 et
1704 1635 1896 1674 sanan-

307 1733 428 1788 tur;
463 1721 618 1776 multi
665 1719 886 1774 omnino
931 1716 1123 1784 aversi,
1153 1715 1284 1771 dura
1336 1714 1546 1770 cervice
1592 1711 1894 1767 obnitentes

305 1816 564 1871 adversus
593 1813 929 1884 disciplinam
986 1811 1176 1876 Patris,
1228 1817 1282 1864 et
1345 1805 1514 1878 ipsam
1547 1805 1768 1860 omnino
1799 1803 1894 1858 Dei

305 1909 682 1980 paternitatem
724 1907 740 1936 ¹
767 1910 1078 1960 recusantes
1107 1944 1124 1970 ,
1165 1900 1422 1955 habentes
1456 1909 1631 1954 tamen
1681 1897 1892 1968 signum

304 1999 524 2066 Christi,
565 2007 694 2053 eunt
721 1997 772 2050 in
803 1995 936 2050 tales
983 1993 1320 2064 iniquitates,
1351 2001 1408 2046 ut
1437 2005 1542 2046 non
1575 1989 1741 2060 possit
1790 1987 1893 2044 nisi

303 2093 520 2149 recitari
551 2101 739 2148 contra
770 2105 884 2154 eos,
924 2089 1176 2156 Quoniam
1204 2087 1290 2158 qui
1319 2086 1440 2140 talia
1478 2093 1658 2156 agunt,
1681 2099 1894 2156 regnum

303 2187 400 2242 Dei
439 2201 543 2240 non
595 2183 914 2254 possidebunt
954 2165 1146 2254 (Galat.
1173 2196 1226 2244 ν,
1255 2178 1369 2250 21).
1399 2178 1512 2232 Νυιι
1545 2189 1720 2232 tamen
1769 2190 1894 2246 pro-

303 2289 423 2350 pter
459 2277 560 2332 hos
603 2276 898 2332 remanebit
944 2274 1188 2330 Christus
1237 2275 1360 2352 sine.
1399 2269 1750 2346 haereditate:
1785 2283 1891 2326 non

303 2382 526 2446 propter
541 2371 746 2441 paleam
774 2371 932 2424 etiam
960 2367 1224 2423 frumenta
1251 2363 1543 2420 interibunt
1565 2364 1778 2434 (Matth.
1810 2379 1887 2431 ιιι,

306 2467 431 2538 12);
489 2481 596 2521 ιιοιι
637 2473 861 2535 propter
885 2463 1063 2533 pisces
1093 2459 1260 2514 malos
1289 2458 1421 2514 nihil
1453 2473 1516 2511 ex
1559 2457 1644 2510 illa
1697 2471 1890 2528 sagena

301 2559 546 2614 mittetur
573 2557 628 2612 in
651 2554 863 2612 vascula
890 2555 906 2624 (
936 2552 1022 2609 Id.
1051 2567 1164 2620 XIII,
1195 2551 1284 2616 47,
1307 2548 1420 2622 48).
1452 2549 1608 2604 Novit
1635 2547 1892 2603 Dominus

301 2653 392 2724 qui
426 2661 554 2707 sunt
576 2651 694 2720 ejus
723 2649 792 2720 (ll
838 2648 968 2703 Tim.
1019 2663 1075 2715 ιι,
1106 2645 1222 2717 19).
1255 2644 1488 2700 Securus
1514 2645 1656 2698 enim
1687 2643 1888 2714 promi-

301 2747 392 2812 sit,
421 2746 516 2816 qui
562 2759 662 2800 nos
691 2751 976 2814 antequam
1006 2754 1250 2796 essemus
1275 2736 1674 2809 przedestinavit
1708 2755 1720 2792 :
1754 2735 1892 2802 Quos

301 2849 470 2894 autem
489 2836 884 2908 prwdestinavit,
918 2835 1033 2890 illos
1059 2842 1106 2888 et
1137 2833 1361 2898 vocavit;
1390 2849 1514 2902 quos
1541 2842 1709 2885 autent
1738 2847 1890 2886 uocas

301 2933 400 2994 uit,
445 2930 562 2984 illos
599 2937 648 2983 et
683 2928 1022 3000 justiﬁcavit;
1063 2942 1186 2995 quos
1215 2935 1384 2978 autem
1403 2924 1730 2994 justi/ienuit,
1776 2923 1891 2978 iilos

301 3036 348 3080 et
373 3021 720 3094 ’gloriﬁcavit.
780 3021 1010 3076 Peccent
1066 3025 1322 3089 quantum
1352 3016 1540 3072 volent
1576 3015 1844 3084 deSperati
1874 3033 1888 3068 :

303 3113 668 3185 respondeant
698 3112 936 3167 membra
966 3109 1184 3175 Christi,
1217 3110 1277 3164 Si
1315 3107 1456 3163 Deus
1479 3125 1570 3178 pro
1592 3105 1892 3184 nobis,un

299 3219 478 3265 contra
500 3225 593 3262 nos
613 3208 788 3279 (Rom.
809 3221 922 3273 vni,
953 3203 1148 3276 99-51)
1169 3203 1192 3257 ?
1213 3203 1330 3258 Non
1353 3217 1484 3273 ergo
1512 3201 1730 3256 nocebit
1753 3202 1891 3254 Deus

301 3302 357 3358 in
383 3295 612 3358 veritate
659 3314 785 3364 sua,
832 3313 933 3354 nec
963 3295 1265 3368 profanahit
1305 3303 1682 3350 testamentum
1711 3307 1888 3349 suum.

304 3393 482 3452 Manet
537 3393 810 3450 immobile
851 3398 1229 3449 testamentum
1269 3389 1406 3459 ejus,
1439 3388 1562 3458 quia
1623 3387 1736 3458 ipse
1789 3387 1888 3442 sibi

303 3481 1021 3564 prmsciens‘prtedestinavit
1054 3481 1296 3538 haeredes
1328 3499 1340 3536 :
1367 3489 1421 3536 et
1450 3496 1567 3552 qua:
1597 3479 1893 3552 procedunt

303 3578 370 3634 de
399 3572 556 3632 labiis
595 3576 730 3644 ejus,
765 3587 873 3628 non
899 3567 1225 3641 reprobabit.

373 3673 428 3727 5.
469 3669 623 3744 [vers.
657 3665 876 3740 56-38.]
916 3665 1054 3720 Audi
1107 3661 1172 3717 ad
1201 3660 1660 3717 conﬁrmationem
1706 3670 1849 3714 tuam
1873 3701 1890 3728 ,

304 3759 428 3821 audi
455 3763 524 3820 ad
548 3763 892 3820 securitatem
919 3769 1100 3820 tuam.
1133 3757 1175 3811 si
1206 3769 1255 3813 te
1287 3757 1340 3812 in
1395 3758 1655 3814 membris
1692 3755 1893 3834 Christi

306 3873 426 3912 esse
451 3854 751 3927 cognoscis.
783 3851 952 3908 Semel
990 3852 1164 3922 juraui
1195 3853 1250 3905 in
1288 3859 1460 3906 sancto
1485 3867 1616 3916 meo,
1639 3849 1682 3904 si
1729 3848 1894 3903 David

307 3951 544 4004 mentiar.
581 3946 876 4016 Exspectas
911 3954 966 3999 ut
1025 3944 1216 4029 iterum
1267 3943 1410 4014 juret
1465 3943 1644 3996 Deus?
1671 3941 1894 4010 Quoties

305 4046 578 4114 juraturus
601 4053 702 4110 est,
744 4043 788 4096 si
819 4039 981 4096 semel
1005 4037 1236 4110 jurando
1277 4037 1580 4092 mentitur?
1606 4035 1780 4091 Unam
1804 4033 1890 4102 1η--

307 4135 570 4192 rationem
605 4151 699 4206 pro
725 4135 832 4190 vita
882 4141 1060 4188 nostra
1113 4130 1319 4198 habuit,
1362 4130 1446 4200 qui
1491 4145 1584 4199 pro
1625 4129 1778 4182 nobis
1827 4126 1894 4182 ad

309 4237 540 4286 mortem
591 4227 812 4284 Unicum
853 4242 1006 4282 suum
1033 4223 1198 4280 misit.
1232 4222 1400 4278 Semel
1439 4221 1614 4292 juravi
1644 4219 1696 4273 in
1723 4225 1895 4274 structo

311 4341 438 4390 meo,
466 4324 512 4378 si
549 4321 712 4375 Dauid
743 4319 954 4374 utentior
975 4334 994 4372 :
1017 4333 1186 4372 semen
1214 4317 1324 4386 ejus
1351 4315 1406 4368 in
1429 4323 1674 4369 (sternunt
1720 4329 1896 4366 mane-

310 4417 395 4470 bit.
421 4415 482 4470 In
512 4423 769 4470 aeternum
797 4421 976 4468 manet
999 4425 1182 4466 semen
1212 4409 1361 4478 ejus;
1389 4407 1512 4478 quia
1539 4407 1692 4460 novit
1715 4403 1896 4460 Domi-

309 4525 408 4564 nus
440 4507 532 4578 qui
559 4515 682 4561 sunt
706 4504 842 4576 ejus.
871 4501 939 4556 Et
968 4501 1110 4556 sedes
1145 4501 1254 4572 ejus
1281 4500 1406 4554 sicut
1433 4499 1509 4553 sol
1532 4499 1586 4552 in
1625 4507 1897 4567 conspectu

309 4620 440 4669 meo,
460 4612 508 4656 et
533 4601 664 4656 sicut
689 4600 813 4656 luna
829 4603 1053 4669 perfecta
1073 4597 1126 4650 in
1147 4605 1389 4652 attentum
1411 4613 1428 4660 ;
1461 4603 1507 4648 et
1536 4594 1674 4647 testis
1697 4593 1751 4646 in
1772 4591 1896 4646 cwlo

311 4697 498 4766 ﬁdelis.
549 4695 722 4752 Sedes
745 4693 884 4764 ejus,
922 4691 1116 4762 quibus
1142 4689 1470 4752 dominatur,
1500 4689 1556 4742 in
1591 4686 1784 4758 quibus
1809 4700 1895 4740 se-

309 4790 417 4854 det,
445 4791 500 4844 in
533 4789 724 4859 quibus
749 4795 953 4858 regnat.
981 4783 1040 4840 Si
1063 4784 1221 4840 sedes
1247 4784 1384 4854 ejus,
1409 4791 1464 4838 et
1482 4781 1722 4837 membra
1746 4779 1896 4849 ejus;

311 4883 434 4952 quia
463 4880 626 4936 etiam
655 4880 895 4936 membra
925 4886 1108 4934 nostra
1150 4876 1308 4932 sedes
1333 4884 1461 4931 sunt
1483 4873 1675 4946 capitis
1707 4873 1895 4927 nostri.

311 4975 506 5030 Videte
543 4971 994 5046 quemadmodum
1020 4981 1215 5027 cartera
1244 4969 1424 5024 omnia
1449 4967 1688 5024 membra
1717 4975 1898 5021 nostra

309 5077 472 5138 caput
497 5074 748 5138 portent:
777 5073 938 5134 caput
966 5073 1144 5118 autem
1167 5062 1342 5135 ipsum
1369 5075 1534 5129 super
1559 5075 1616 5114 se
1644 5075 1750 5112 non
1773 5073 1898 5128 por-

311 5169 388 5214 tat
417 5158 656 5230 aliquid,
697 5157 794 5214 sed
825 5159 996 5228 ipsum
1047 5163 1292 5226 portatur
1329 5169 1360 5208 a
1409 5153 1618 5208 caeteris
1645 5151 1901 5206 membris

311 5251 516 5306 nostris
535 5292 552 5318 ,
583 5249 735 5320 quasi
766 5255 934 5304 totum
977 5261 1177 5318 corpus
1203 5246 1438 5300 hominis
1477 5243 1635 5300 sedes
1663 5244 1734 5298 sit
1757 5245 1904 5312 capi-

312 5345 402 5400 tis.
433 5343 608 5400 Sedes
633 5357 764 5414 ergo
809 5342 946 5414 ejus,
978 5356 1166 5397 omnes
1198 5341 1250 5396 in
1283 5340 1476 5410 quibus
1500 5345 1689 5408 regnat
1715 5338 1856 5392 Deus
1887 5379 1902 5403 ,

305 5439 392 5494 sic
429 5445 595 5494 erunt
623 5477 638 5502 ,
668 5437 839 5508 inquit
865 5475 884 5502 ,
915 5435 970 5490 in
993 5443 1286 5506 conspectu
1311 5449 1432 5489 meo
1460 5431 1598 5486 sicut
1623 5432 1704 5487 sol
1739 5449 1749 5485 :
1782 5431 1902 5500 quia

311 5529 442 5600 justi
469 5527 750 5600 fulgebunt
776 5528 830 5583 in
855 5543 1022 5600 regno
1042 5527 1216 5584 Patris
1245 5527 1352 5583 mei
1374 5529 1394 5558 ’
1419 5525 1556 5581 sicut
1585 5524 1662 5582 sol
1691 5523 1903 5598 (Matth.

313 5635 428 5689 xm,
459 5619 700 5694 Μήδειά
729 5621 806 5677 sol
833 5619 1214 5692 spiritualiter;
1242 5635 1348 5676 non
1371 5617 1740 5690 corporaliter,
1773 5617 1910 5673 sicut

317 5711 465 5770 lucet
489 5715 594 5771 iste
641 5714 708 5770 de
754 5714 914 5781 coelo,
965 5729 1123 5784 quem
1155 5712 1280 5769 facit
1304 5713 1434 5768 oriri
1458 5727 1622 5784 super
1652 5711 1820 5767 bonos
1857 5718 1910 5765 et

379 5848 402 5940 ζ
431 5847 868 5962 ἵξιΐπεδήδιιξὲάη
891 5844 1236 5899 hereditatem.

1319 391 1712 454 ENARBATIO
1751 388 1816 445 IN
1853 385 2176 448 PSALMUM
2213 394 2538 456 Lxxxvm.

3461 415 3600 470 H55

2015 505 2180 561 malos
2206 509 2419 578 (Matth.
2436 513 2616 586 v.45).
2647 514 2884 588 Denique
2903 519 3002 576 iste
3028 521 3110 578 sol
3129 523 3180 578 in
3197 537 3486 596 conspectu
3515 541 3598 587 est

2011 612 2116 652 non
2146 601 2316 656 solum
2345 603 2640 676 hominum,
2665 622 2853 664 verum
2884 612 3044 668 etiam
3069 629 3320 684 pecorum
3344 621 3593 680 minutis-

2011 691 2374 766 simarumque
2398 715 2704 758 muscarum
2733 719 2746 758 :
2770 705 2912 776 quod
2940 707 3084 762 enim
3106 713 3468 780 quorumlibet
3510 719 3591 771 vi-
3651 765 3658 773 .

2009 781 2335 844 lissimorum
2382 791 2690 848 animalium
2721 810 2829 852 non
2879 798 3026 856 videt
3073 801 3240 858 solem
3282 805 3483 864 istum?
3523 811 3594 865 At

2009 891 2138 932 vero
2177 879 2243 934 de
2287 879 2379 936 illo
2425 884 2537 939 sole
2583 887 2710 958 quid
2745 889 2821 943 ait
2848 893 3101 963 proprie?
3127 894 3276 952 Sicut
3297 899 3446 956 satin
3470 917 3592 958 con-

2007 980 2179 1040 spectu
2201 988 2330 1027 meo.
2359 973 2472 1030 Non
2520 977 2573 1032 in
2597 989 2889 1050 conspectu
2911 983 3210 1056 hominum,
3239 1005 3346 1045 non
3369 991 3419 1046 in
3456 1007 3590 1050 eon-

2008 1073 2190 1132 specta
2211 1067 2406 1134 carnis,
2427 1083 2531 1124 non
2561 1069 2612 1124 in
2631 1083 2918 1142 conspectu
2939 1079 3242 1134 mortalium
3259 1083 3586 1150 animalium,

2007 1154 2100 1244 sed
2143 1156 2196 1211 in
2221 1170 2493 1230 conspectu
2517 1179 2643 1216 utea.
2678 1161 2747 1217 Et
2787 1166 2912 1220 sicut
2941 1168 3064 1225 luna
3107 1187 3127 1226 :
3155 1169 3250 1228 sed
3273 1190 3390 1244 qua:
3418 1177 3542 1232 luna
3567 1181 3591 1232 ’ἔ

2007 1243 2246 1318 Perfecta
2272 1250 2326 1305 in
2353 1262 2618 1308 internum.
2655 1255 2888 1325 Etenim,
2915 1260 3016 1315 etsi
3045 1243 3319 1332 perficitur
3337 1268 3460 1323 luna
3491 1271 3588 1326 ista

2005 1355 2160 1410 quam
2210 1344 2480 1414 novimus,
2539 1348 2642 1403 alio
2683 1349 2770 1405 die
2811 1351 2992 1424 incipit
3019 1354 3217 1420 minui,
3247 1367 3588 1432 posteaquam

2004 1431 2234 1502 perfecta
2289 1433 2470 1493 fuerit.
2527 1439 2672 1495 Sicut
2719 1443 2862 1506 luna,
2893 1444 3084 1515 inquit,
3116 1454 3336 1522 perfecta
3371 1455 3424 1507 in
3446 1431 3590 1508 teter-

2003 1543 2126 1581 num
2147 1547 2166 1584 .-
2195 1531 2273 1586 sic
2325 1525 2630 1602 perﬁcietur
2658 1535 2814 1592 sedes
2842 1539 2956 1608 ejus
3007 1549 3256 1613 tanquam
3285 1543 3410 1600 luna
3434 1563 3448 1610 ;
3495 1547 3588 1602 sed

2001 1617 2128 1674 luna
2153 1621 2206 1675 in
2233 1631 2490 1678 aeternum
2515 1627 2768 1696 perlecta.
2797 1629 2852 1684 Si
2873 1631 2952 1686 sol
2976 1673 2991 1700 ,
3025 1649 3192 1703 quare
3218 1645 3274 1692 et
3293 1635 3418 1692 luna
3438 1640 3462 1692 ἲ
3486 1637 3588 1694 Per

2001 1707 2182 1766 lunam
2210 1714 2384 1770 solent
2409 1716 2709 1788 signiﬁcare
2737 1719 3028 1792 Scriptum
3061 1725 3440 1784 mortalitatem
3463 1744 3584 1784 car-

2001 1804 2084 1858 nis
2111 1805 2296 1875 hujus,
2324 1821 2544 1881 propter
2567 1823 2848 1884 augmenta
2897 1825 2951 1872 et
2979 1815 3338 1886 decrementa,
3373 1833 3590 1894 propter

2001 1897 2359 1956 transitoriam
2415 1905 2670 1974 speciem.
2723 1907 2961 1980 Denique
2990 1919 3044 1965 et
3071 1911 3284 1969 Jericho
3313 1915 3458 1970 Luna
3503 1917 3588 1972 in-

2001 1995 2325 2060 terpretatur
2343 2011 2356 2048 :
2377 2003 2432 2050 et
2455 1997 2638 2068 utique
2663 1999 2880 2070 quidam
2901 2003 2990 2073 qui
3017 2004 3378 2064 descendebat
3397 2009 3466 2064 ab
3491 2009 3586 2065 .le~

2001 2083 2234 2177 rusalem
2261 2087 2316 2142 in
2341 2087 2578 2160 Jericho,
2617 2093 2802 2150 incidit
2839 2095 2894 2151 in
2925 2098 3160 2156 latrones
3185 2101 3334 2172 (Luc.
3358 2121 3412 2168 ιι,
3453 2093 3584 2177 '50);

2000 2173 2359 2237 descendebat
2383 2184 2526 2238 enim
2553 2185 2621 2240 ab
2650 2187 3050 2248 immortalitate
3077 2193 3144 2250 ad
3183 2173 3582 2254 mortalitatem.

1997 2266 2199 2325 Similis
2226 2281 2308 2327 est
2334 2288 2462 2344 ergo
2485 2290 2610 2332 caro
2633 2277 2734 2332 ista
2761 2279 2920 2348 lunte,
2947 2298 3066 2352 quae
3091 2286 3236 2340 omni
3267 2297 3506 2358 tempore
3533 2299 3588 2344 et

1998 2363 2146 2418 omni
2172 2379 2354 2424 mense
2373 2368 2570 2438 patitur
2585 2385 2866 2444 augmenta
2888 2385 2944 2430 et
2969 2376 3340 2436 decrementa:
3365 2383 3460 2436 sed
3485 2384 3588 2438 erit

1998 2469 2125 2510 caro
2155 2457 2253 2512 ista
2284 2469 2465 2540 nostra
2491 2463 2543 2518 in
2573 2469 2967 2525 resurrectione
3005 2473 3275 2540 perlecta;
3303 2485 3348 2529 et
3379 2477 3514 2530 testis
3533 2479 3586 2531 in

1997 2547 2123 2601 coelo
2149 2547 2337 2617 ﬁdelis.
2385 2550 2566 2624 Itaque
2605 2555 2650 2610 si
2685 2557 2739 2611 in
2794 2559 2909 2614 solo
2961 2563 3141 2617 animo
3179 2563 3584 2634 perﬁceremur.

1998 2642 2368 2698 tantummodo
2394 2645 2494 2699 soli
2524 2661 2624 2702 nos
2648 2661 2983 2720 compararet
3009 2669 3023 2716 ;
3057 2668 3242 2711 rursus
3262 2697 3275 2722 ,
3311 2659 3354 2711 si
3387 2658 3440 2712 iu
3469 2661 3584 2714 solo

2001 2743 2228 2800 corpore
2255 2733 2654 2822 perﬁceremur,
2679 2742 3046 2800 tantummodo
3072 2745 3212 2802 lunae
3241 2763 3340 2804 nos
3365 2764 3582 2821 compa-

1997 2835 2144 2882 raret
2172 2845 2185 2882 :
2215 2827 2310 2883 sed
2338 2830 2464 2902 quia
2491 2831 2747 2901 perﬁciet
2777 2851 2874 2892 nos
2903 2837 3044 2892 Deus
3065 2841 3192 2894 etin
3223 2841 3402 2897 animo
3443 2852 3500 2899 et
3532 2845 3584 2899 in

1997 2935 2244 2990 corpore,
2291 2924 2584 2980 secundum
2637 2928 2874 2982 animum
2902 2929 3102 2985 dictum
3128 2941 3229 2999 est,
3260 2934 3390 2988 sicut
3415 2935 3495 2989 sol
3531 2939 3586 2992 in

1998 3021 2269 3083 conspectu
2290 3017 2437 3083 meo;
2466 3021 2588 3089 quia
2617 3020 2852 3076 animum
2883 3038 2987 3077 non
3013 3023 3156 3080 videt
3185 3025 3290 3082 nisi
3319 3028 3461 3084 Deus
3491 3046 3504 3083 :
3533 3038 3582 3084 et

1997 3103 2124 3159 sicut
2147 3105 2301 3176 luna,
2327 3107 2436 3178 jam
2464 3123 2588 3165 caro
2613 3128 2630 3178 ;
2675 3117 2896 3185 perfecta
2933 3115 2988 3169 in
3018 3124 3283 3182 internum,
3321 3119 3378 3172 in
3403 3134 3574 3174 resur-

1997 3198 2238 3254 rectione
2289 3211 2660 3257 mortuorum:
2713 3213 2761 3258 et
2806 3203 2946 3260 [estis
2971 3207 3022 3260 in
3067 3208 3192 3262 caelo
3231 3209 3438 3278 ﬁdelis;
3463 3211 3583 3280 quia

1999 3305 2124 3344 vera
2154 3289 2468 3348 dicebantur
2489 3294 2668 3349 omnia
2716 3295 2784 3351 de
2808 3299 3199 3354 resurrectione
3227 3309 3582 3357 mortuorum.

1998 3379 2236 3437 Obsecro
2260 3398 2374 3449 vos,
2419 3385 2599 3440 audite
2643 3386 2744 3442 hoc
2781 3387 2972 3443 iterum
2997 3389 3228 3460 planius,
3258 3401 3314 3447 et
3339 3406 3583 3449 memen—

1999 3485 2146 3531 tote:
2174 3477 2287 3532 scio
2311 3478 2452 3533 enim
2476 3479 2736 3552 quosdam
2767 3482 3113 3552 intellexisse,
3150 3486 3283 3542 alios
3317 3502 3447 3542 vero
3471 3487 3583 3542 for-

2001 3567 2162 3624 tassis
2185 3567 2313 3639 quid
2352 3569 2580 3626 dixerim
2615 3571 2788 3627 adhuc
2814 3573 3102 3646 inquirere.
3154 3577 3212 3632 ιιι
3247 3578 3389 3634 nulla
3423 3593 3482 3634 re
3508 3580 3586 3634 sic

1999 3655 2383 3716 contradicitur
2409 3659 2532 3718 ﬁdei
2555 3663 2889 3732 christianaa,
2924 3681 3082 3736 quam
3112 3667 3166 3722 in
3191 3671 3584 3728 resurrectione

1999 3753 2196 3808 carnis.
2231 3753 2466 3826 Denique
2495 3755 2582 3810 ille
2611 3755 2700 3825 qui
2729 3767 2880 3811 natus
2910 3769 2991 3812 est
3021 3759 3074 3813 in
3106 3760 3313 3831 signum
3345 3763 3429 3816 cui
3455 3779 3584 3818 con-

2001 3845 2276 3900 tradicitur
2307 3845 2415 3917 (Id.
2449 3864 2503 3914 ιι,
2536 3847 2652 3920 54),
2695 3858 2750 3904 et
2776 3849 2942 3920 ipsam
2973 3867 3186 3908 carnem
3223 3871 3374 3911 suam
3401 3873 3584 3912 resus-

1999 3940 2210 4006 citavit,
2251 3948 2309 3994 ut
2339 3941 2546 3996 obviam
2596 3943 2696 3998 iret
2733 3945 3142 4013 contradictori;
3197 3957 3252 4002 et
3277 3951 3366 4018 qui
3407 3961 3588 4020 posset

2001 4031 2242 4088 membra
2273 4048 2366 4088 sua
2411 4033 2488 4090 sic
2513 4049 2735 4103 sanare,
2768 4045 2826 4091 ut
2871 4053 2932 4092 ea
2967 4039 3240 4094 vulnerata
3285 4041 3450 4098 fuisse
3479 4059 3586 4100 non

2003 4132 2307 4194 appareret,
2339 4125 2617 4182 cicatrices
2643 4129 2874 4183 servavit
2914 4130 2968 4184 in
3009 4145 3253 4202 corpore,
3289 4142 3350 4188 ut
3395 4135 3588 4193 vulnus

2001 4213 2346 4272 dubitationis
2393 4225 2604 4272 sanaret
2639 4219 2693 4273 in
2723 4219 2904 4275 corde.
2937 4219 2996 4276 In
3026 4221 3170 4278 nulla
3201 4238 3332 4295 ergo
3373 4241 3436 4281 re
3478 4235 3585 4282 tam

2003 4309 2380 4376 vehementer,
2413 4320 2518 4366 tam
2547 4312 2911 4383 pertinaciter,
2941 4325 3047 4370 tam
3077 4316 3271 4372 obnixe
3295 4327 3350 4374 et
3375 4329 3591 4376 conten-

2005 4404 2140 4459 tiose
2153 4404 2533 4460 contradicitur
2553 4393 2674 4461 lidei
2700 4405 3024 4474 Christianae,
3054 4409 3272 4466 sicutde
3298 4411 3476 4468 carnis
3499 4428 3588 4467 re-

2003 4497 2352 4551 surrectione.
2381 4496 2512 4552 Nam
2540 4497 2606 4552 de
2629 4498 2790 4554 animi
2817 4499 3213 4558 immortalitate
3253 4502 3404 4558 multi
3425 4503 3586 4560 etiam

2004 4591 2306 4662 philosophi
2334 4591 2584 4648 Gentium
2622 4594 2785 4648 multa
2816 4593 3244 4664 disputaverunt,
3269 4607 3324 4652 et
3367 4597 3588 4654 immor-

1967 4741 1970 4743 λ
2010 4687 2174 4742 talem
2203 4701 2323 4742 esse
2350 4687 2587 4741 animum
2615 4686 2904 4742 humanum
2933 4687 3174 4758 pluribus
3202 4699 3258 4746 et
3280 4691 3590 4762 multiplici-

2005 4781 2106 4838 bus
2137 4781 2286 4836 libris
2341 4782 2700 4852 conscriptum
2750 4783 3023 4838 memoriae
3069 4784 3398 4854 reliquerunt
3430 4799 3590 4840 :cum

2007 4885 2222 4930 ventum
2246 4871 2405 4928 fuerit
2428 4872 2494 4927 ad
2520 4874 2964 4930 resurrectionem
2991 4875 3188 4942 carnis,
3217 4891 3322 4932 non
3340 4875 3590 4944 titubant,

2007 4965 2098 5020 sed
2145 4965 2479 5035 apertissime
2504 4965 2897 5034 contradicunt,
2941 4975 2995 5022 et
3021 4967 3376 5024 contradictio
3401 4981 3588 5024 eorum

2009 5059 2131 5113 talis
2151 5067 2248 5120 est,
2275 5067 2332 5114 ut
2352 5057 2531 5113 dicant
2560 5057 2671 5114 ﬁeri
2700 5074 2804 5113 non
2838 5073 2994 5130 posse
3025 5069 3082 5115 ut
3108 5076 3234 5116 caro
3255 5061 3351 5117 ista
3383 5068 3594 5116 terrena

2010 5151 2175 5222 possit
2207 5151 2258 5206 in
2289 5149 2480 5207 catlqu
2513 5149 2823 5208 ascendere.
2853 5150 2976 5208 ldeo
2997 5152 3120 5208 luna
3150 5152 3247 5207 ista
3279 5149 3509 5222 perfecta
3540 5151 3592 5208 in

2010 5257 2291 5314 aeternum,
2323 5255 2377 5300 et
2399 5245 2653 5301 adversus
2676 5260 2865 5303 omnes
2895 5245 3315 5302 contradictores
3341 5244 3493 5300 testis
3541 5245 3594 5300 in

2010 5341 2148 5398 cutio
2172 5339 2361 5394 ﬁdelis.

2083 5432 2135 5488 6.
2167 5429 2318 5505 [νοτε.
2368 5429 2579 5505 59-46.]
2611 5431 2730 5486 Haec
2778 5431 2848 5487 de
2881 5429 3095 5486 Christo
3145 5432 3406 5502 promissa
3451 5443 3598 5502 sunt,

2015 5541 2172 5596 quam
2203 5533 2370 5590 certa,
2425 5540 2582 5596 quam
2635 5525 2810 5594 ﬁrma,
2839 5539 3000 5594 quam
3023 5533 3228 5595 aperta,
3259 5541 3415 5598 quam
3443 5527 3599 5584 induo

2017 5618 2202 5675 bitata.
2233 5618 2386 5686 Nam,
2419 5617 2518 5674 etsi
2550 5617 2790 5689 quaedam
2821 5627 2950 5674 sunt
2969 5626 3106 5676 tecta
3135 5622 3425 5693 mysteriis,
3451 5637 3598 5694 quae.

2020 5711 2141 5768 dam
2183 5723 2358 5768 tamen
2389 5711 2466 5768 sic
2495 5709 2798 5779 manifesta,
2831 5719 2894 5766 ut
2927 5727 2988 5767 ex
3031 5712 3161 5784 ipsis
3189 5713 3440 5770 facillime
3475 5731 3595 5786 ape-

2021 5807 2226 5862 riantur
2245 5807 2491 5862 obscura.
2523 5805 2644 5858 [lare
2666 5817 2786 5858 cum
2815 5805 2888 5861 ita
2916 5807 3043 5872 sint,
3077 5807 3251 5862 videte
3286 5808 3411 5876 quid
3435 5811 3596 5878 sequi-

2021 5910 2106 5956 tur
2142 5917 2152 5952 :
2193 5917 2212 5950 ι
2253 5899 2328 5952 Tu
2383 5913 2509 5952 vero
2541 5896 2780 5966 repulisti
2809 5939 2822 5964 ,
2853 5907 2908 5954 et
2936 5901 2998 5954 ad
3053 5899 3274 5954 nihilum
3307 5899 3596 5972 ιιιξὰιιιιίδιιι

3503 6037 3556 6074 ..Α
