4084 6466
514 419 654 477 H35

511 529 763 591 distulisti
817 528 1091 587 Christum
1148 534 1314 583 tuum.
1389 521 1639 580 Evertisti
1711 528 2086 578 testamentum

519 627 665 685 servi
696 626 805 691 tui;
839 623 1128 696 profanasti
1168 621 1218 676 in
1249 630 1386 675 terra
1427 617 1762 674 sanctitatem
1791 615 1930 685 ejus.
1982 613 2089 668 De-

515 719 754 777 struxisti
779 732 966 774 omnes
1013 716 1270 773 macerias
1299 713 1447 784 ejus;
1492 711 1715 784 posuisti
1765 708 2090 766 munitiones

512 815 630 885 ejus
655 811 1012 870 formidinem.
1052 808 1534 879 Diripuerunteum
1576 819 1762 861 omnes
1806 812 2091 857 transeun-

511 916 593 962 tes
619 906 790 972 viam;
818 905 988 960 factus
1021 912 1104 958 est
1149 902 1490 972 opprobrium
1537 900 1722 954 vicinis
1766 902 1895 952 suis.
1930 894 2093 950 Exal—

512 999 634 1056 tasti
677 1000 948 1055 dexteram
1004 995 1338 1050 inimicorum
1391 994 1540 1064 ejus;
1568 989 1868 1062 jucundasti
1902 1001 2090 1044 omnes

510 1093 755 1148 inimicos
785 1089 920 1160 ejus.
976 1088 1228 1144 Avertisti
1278 1085 1600 1156 adjutorium
1643 1082 1802 1154 gladii
1848 1080 1962 1151 ejus
1992 1120 2006 1146 ,
2041 1085 2093 1134 et

507 1201 613 1241 non
661 1199 720 1240 es
771 1183 1059 1254 opitulatus
1105 1182 1152 1236 ei
1194 1181 1247 1236 in
1294 1179 1454 1235 bello.
1495 1175 1798 1234 Dissolvisti
1850 1190 1970 1230 eum
2026 1173 2093 1228 ab

509 1276 884 1332 emundatione
919 1295 932 1331 :
962 1277 1142 1331 sedem
1164 1274 1279 1344 ejus
1324 1273 1376 1326 in
1423 1282 1618 1327 terram
1659 1269 1898 1325 collisisti
1921 1268 1960 1319 ί.
1994 1265 2094 1321 Mi-

511 1370 671 1424 nuisti
720 1369 834 1425 dies
862 1368 1006 1423 sedis
1052 1368 1203 1438 ejus;
1238 1364 1653 1436 periudisticum
1703 1360 2035 1418 confusione.
2069 1377 2088 1411 ι

494 1461 644 1529 ‘Quid
666 1470 747 1516 est
767 1459 902 1515 hoc?
928 1458 1021 1514 llla
1044 1457 1220 1512 omnia
1253 1456 1538 1527 promisisti
1564 1472 1578 1522 ;
1609 1465 1662 1510 tu
1684 1470 1808 1509 vero
1835 1454 1931 1508 ista
1967 1465 2096 1506 con-

511 1553 673 1608 traria
722 1552 912 1608 fecisti.
969 1550 1070 1606 Ubi
1100 1558 1225 1604 sunt
1274 1547 1656 1620 promissiones
1684 1544 1750 1600 ad
1781 1557 1912 1615 quas
1934 1541 2094 1613 paulo

508 1653 632 1699 ante
667 1643 1026 1716 gaudebamus
1056 1684 1070 1709 ,
1117 1641 1183 1697 de
1226 1641 1416 1712 quibus
1480 1649 1587 1695 tam
1652 1638 1896 1693 alacriter
1939 1636 2094 1706 plau-

510 1737 767 1793 debamus
797 1778 811 1803 ,
861 1735 928 1790 de
972 1735 1162 1804 quibus
1210 1734 1384 1789 securi
1454 1729 1896 1804 gralulabamur?
1931 1726 2092 1797 Quasi

511 1829 647 1883 alius
697 1827 1039 1898 promiserit,
1081 1827 1214 1882 alius
1271 1827 1539 1882 everterit.
1589 1825 1740 1894 Quod
1793 1823 2092 1878 mirandum

506 1928 615 1986 est,
648 1936 753 1975 non
796 1920 965 1985 alius;
997 1918 1112 1985 sed,
1148 1917 1228 1972 Tu
1273 1935 1422 1986 vero,
1475 1927 1533 1973 tu
1579 1918 1669 1988 qui
1716 1915 2087 1988 promittebas,

507 2023 563 2068 tu
608 2013 697 2083 qui
752 2012 1134 2077 contirmabas,
1191 2020 1246 2066 tu
1300 2011 1389 2080 qui
1452 2018 1669 2080 propter
1708 2008 2093 2064 dubitationem

507 2105 790 2160 humanam
827 2105 984 2160 etiam
1011 2103 1248 2174 jurahas,
1283 2103 1369 2157 illa
1397 2101 1710 2172 promisisti,
1740 2109 1793 2156 et
1834 2101 1934 2154 ista
1960 2098 2091 2153 feci-

505 2197 594 2250 sti.
624 2196 724 2252 Ubi
755 2196 945 2251 tenebo
962 2194 1334 2266 jusjurandum
1363 2203 1531 2262 tuum,
1565 2193 1652 2248 ubi
1677 2191 1941 2247 inveniam
1970 2204 2091 2260 pro-

507 2290 725 2344 missum
749 2290 934 2344 tuum?
955 2289 1091 2358 Quid
1121 2298 1201 2344 est
1227 2288 1364 2343 hoc?
1394 2289 1465 2343 ita
1492 2303 1618 2343 vero
1651 2287 1840 2342 falsum
1865 2284 2091 2357 promit-

506 2390 643 2437 terct
675 2383 815 2438 Deus
839 2423 853 2449 ,
889 2390 979 2436 aut
1000 2382 1188 2437 talsum
1213 2381 1454 2453 juraret?
1482 2382 1661 2450 Quare
1689 2396 1816 2451 ergo
1852 2379 1943 2434 illa
1975 2393 2091 2448 pro-

505 2475 670 2542 misit,
696 2483 750 2530 et
779 2475 878 2529 ista
908 2474 1074 2530 fecit?
1117 2474 1230 2545 Ego
1258 2473 1375 2529 dico
1404 2474 1527 2544 quia
1555 2473 1654 2528 ista
1700 2471 1845 2537 fecit,
1879 2480 1936 2524 ut
1965 2484 2090 2541 pro-

505 2567 663 2620 missa
693 2566 946 2621 ﬁrmaret.
976 2565 1082 2620 Sed
1108 2565 1226 2636 quis
1255 2581 1353 2637 ego
1382 2565 1472 2636 qui
1497 2565 1600 2619 hoc
1623 2563 1779 2618 dico?
1806 2561 2092 2616 Videamus

504 2658 549 2712 si
581 2657 681 2712 hoc
706 2658 901 2712 veritas
951 2657 1111 2722 dicit;
1145 2667 1268 2712 tunc
1299 2673 1404 2710 non
1433 2657 1536 2712 erit
1573 2657 1730 2711 inane
1759 2655 1901 2726 quod
1945 2653 2087 2709 dico.

510 2749 678 2804 David
718 2751 923 2820 positus
951 2759 1065 2804 erat
1085 2750 1172 2804 cui
1201 2750 1643 2820 promitterentur
1675 2748 1790 2803 haec
1810 2747 1990 2803 omnia
2033 2747 2086 2802 in

505 2844 713 2900 semine
738 2844 850 2915 ejus
870 2887 884 2912 ,
915 2843 1058 2915 quod
1108 2853 1188 2899 est
1217 2843 1463 2898 Christus
1489 2885 1503 2911 ,
1549 2842 1836 2913 implenda.
1863 2843 2090 2912 Propter

502 2939 766 3009 promissa
812 2953 940 3009 ergo
967 2953 1086 3008 qua:
1127 2937 1270 2992 dicta
1321 2944 1443 2992 sunt
1469 2935 1536 2991 ad
1586 2935 1768 3000 David,
1800 2943 2086 3004 exspecta-

504 3029 633 3086 bant
663 3031 906 3085 homines
931 3045 993 3084 ea
1025 3029 1234 3100 impleri
1278 3029 1330 3084 in
1363 3027 1547 3084 David.
1567 3027 1822 3094 Proinde,
1849 3043 1917 3082 ne
1939 3027 2091 3097 quis-

511 3138 670 3192 quam
727 3120 1048 3177 christianus
1083 3137 1203 3177 cum
1243 3121 1486 3188 diceret,
1539 3120 1617 3175 De
1653 3119 1864 3175 Christo
1917 3119 2086 3182 dixit;

501 3214 638 3268 alius
667 3213 886 3279 diceret,
916 3213 1053 3281 Non,
1082 3213 1176 3268 sed
1207 3213 1274 3269 de
1321 3213 1415 3268 illo
1444 3212 1607 3267 David
1635 3212 1806 3277 dixit;
1857 3221 1912 3267 et
1935 3226 2087 3267 erra-

500 3316 602 3372 ret,
634 3321 752 3361 cum
784 3305 988 3360 videret
1038 3305 1252 3376 impleta
1300 3305 1479 3360 omnia
1530 3319 1646 3359 esse
1677 3305 1730 3359 in
1763 3303 1929 3359 David
1957 3322 1968 3358 :
1994 3302 2089 3359 de-

501 3397 696 3454 struxit
745 3413 807 3453 ea
859 3397 910 3451 in
944 3395 1130 3465 David,
1172 3407 1231 3452 ut
1269 3413 1390 3452 cum
1443 3396 1592 3453 vides
1640 3413 1703 3454 ea
1750 3398 1802 3452 in
1835 3397 1927 3452 illo
1976 3413 2087 3453 non

501 3489 739 3560 impleta,
777 3505 894 3561 qua:
921 3504 1140 3545 necesse
1171 3499 1252 3544 est
1281 3489 1510 3560 impleri,
1538 3505 1748 3561 quaeras
1775 3491 2000 3546 alterum
2033 3491 2088 3546 in

501 3597 608 3652 quo
638 3582 988 3637 ostendantur
1009 3582 1239 3652 impleri.
1274 3582 1347 3636 Ita
1373 3583 1533 3638 etiam
1563 3583 1631 3638 de
1657 3583 1797 3638 Esau
1824 3592 1877 3639 et
1898 3581 2084 3649 Jacob,

447 3670 453 3676 ’
501 3667 802 3728 invenimus
842 3675 1097 3745 majorem
1149 3674 1422 3730 adoratum
1453 3690 1483 3729 a
1511 3675 1750 3742 minore,
1784 3692 1906 3730 cum
1952 3677 2088 3731 scri-

502 3773 650 3835 ptum
673 3766 762 3834 sit,
796 3765 966 3837 Major
986 3767 1160 3821 serviet
1185 3767 1366 3820 minori
1396 3765 1544 3838 (Gen.
1571 3783 1696 3833 xxv,
1728 3767 1856 3840 23);
1890 3777 1947 3822 ut
1967 3783 2086 3823 cum

504 3857 560 3912 in
589 3858 694 3912 illis
713 3858 918 3913 duobus
946 3859 1372 3929 prmccdentibus
1396 3858 1594 3915 videris
1641 3875 1746 3916 non
1779 3859 2082 3930 impletum,

503 3959 781 4019 exspectes
807 3949 938 4004 duos
965 3951 1208 4021 pepulos,
1233 3951 1285 4005 in
1307 3951 1501 4021 quibus
1523 3952 1802 4021 impleatur
1819 3951 1962 4023 quod
1982 3967 2087 4008 non

501 4042 729 4097 mendax
760 4043 898 4098 Deus
920 4043 1156 4113 polliceri
1184 4043 1448 4114 dignatur.
1486 4043 1618 4100 Ecce
1656 4061 1719 4100 ex
1755 4047 1941 4100 semine
1979 4055 2086 4116 tuo,

501 4135 633 4188 dixit
662 4134 848 4199 David,
883 4151 1071 4205 ponam
1109 4153 1260 4206 super
1299 4137 1467 4192 sedem
1516 4146 1652 4191 luant
1682 4136 1854 4210 (Psal.
1888 4153 2046 4193 cxxxt
2070 4179 2085 4207 ,

503 4229 614 4296 ll).
649 4227 897 4282 Promisit
924 4244 991 4284 ex
1020 4231 1224 4286 semine
1251 4231 1370 4301 ejus
1397 4232 1448 4286 in
1480 4241 1738 4286 aeternum
1770 4231 2003 4303 aliquid;
2036 4239 2091 4287 ct

507 4329 664 4376 natus
715 4321 992 4388 Salomon,
1026 4321 1194 4379 factus
1222 4332 1305 4379 est
1331 4335 1490 4380 tantm
1531 4325 1836 4395 sapientiae,
1880 4334 1938 4379 ut
1966 4340 2091 4394 pro-

500 4415 690 4470 missio
725 4415 818 4470 Dei
839 4415 906 4471 de
946 4416 1152 4472 semine
1192 4417 1355 4473 David
1385 4418 1436 4472 in
1466 4417 1556 4472 illo
1589 4427 1865 4488 putaretur
1894 4418 2088 4487 imple-

503 4516 554 4562 ta
586 4505 719 4562 :sed
753 4507 944 4562 cecidit
992 4507 1242 4564 Salomon
1263 4552 1279 4578 ,
1333 4519 1387 4566 et
1412 4510 1561 4565 dedit
1617 4511 1790 4566 locum
1822 4511 2088 4581 sperando

512 4598 728 4655 Christo
755 4617 770 4667 ;
796 4607 855 4655 ut
883 4601 1135 4672 quoniam
1155 4602 1296 4659 Deus
1316 4619 1416 4659 nec
1438 4602 1550 4659 falli
1581 4612 1783 4675 posset,
1817 4620 1914 4660 nec
1940 4605 2087 4661 falle-

500 4709 576 4760 re,
603 4707 758 4763 quem
786 4692 988 4749 sciebat
1015 4709 1282 4762 casurum,
1307 4681 1415 4751 non
1443 4697 1495 4751 in
1525 4711 1591 4752 eo
1609 4706 1835 4767 poneret
1861 4697 2090 4769 promis-

465 4789 470 4798 ‘
500 4803 617 4842 sum
640 4802 816 4856 suum,
844 4786 940 4843 sed
968 4797 1089 4860 post
1113 4804 1295 4845 casum
1321 4791 1435 4859 ejus
1464 4791 1758 4861 respiceres
1787 4800 1841 4846 tu
1875 4791 2044 4848 Deum
2069 4834 2085 4861 ,

500 4889 554 4934 et
581 4877 848 4950 flagitares
878 4880 1220 4950 promiésum.
1248 4881 1408 4952 Ergo,
1437 4881 1680 4950 Domine,
1709 4885 1964 4940 mentitus
1991 4885 2089 4940 es?

499 4970 615 5026 Non
642 4971 834 5042 imples
873 4972 1016 5043 quod
1052 4973 1380 5043 promisisti?
1412 4991 1516 5030 non
1561 4975 1781 5033 exhibes
1832 4979 1973 5048 quod
2004 4979 2087 5048 ju-

501 5061 672 5116 rasti?
700 5062 862 5118 Forte
891 5063 978 5118 hic
1017 5062 1257 5119 dicturus
1287 5065 1379 5120 tibi
1419 5075 1533 5121 erat
1559 5068 1698 5123 Deus
1724 5087 1736 5123 :
1764 5067 1944 5125 Juravi
1966 5074 2089 5140 qui-

502 5152 621 5208 dem
671 5162 725 5208 et
767 5154 1032 5224 promisi,
1065 5155 1159 5211 sed
1202 5159 1301 5212 iste
1343 5159 1511 5213 noluit
1556 5177 1919 5230 perseverare.
1951 5162 2091 5232 Quid

498 5245 668 5315 ergo?
699 5253 774 5312 tu,
805 5245 1030 5300 Domine
1079 5247 1241 5316 Deus,
1275 5265 1380 5304 non
1427 5254 1744 5321 praescicbas
1775 5255 1933 5310 istum
1980 5271 2092 5310 non

498 5337 1006 5406 perseveraturum?
1035 5337 1226 5409 Utique
1256 5341 1485 5397 sciebas.
1539 5345 1714 5413 Quare
1736 5364 1863 5419 ergo
1894 5348 1946 5402 in
1980 5363 2086 5403 non

497 5438 905 5498 perseveraturo
927 5428 1056 5484 mihi
1082 5432 1223 5501 quod
1249 5444 1504 5491 azternum
1535 5450 1678 5494 esset
1705 5443 2091 5513 promittebas?

495 5517 686 5575 Nonne
715 5529 770 5574 tu
817 5518 1114 5578 dixisti:Si
1152 5523 1506 5596 dereliquerint
1550 5531 1709 5602 legem
1745 5551 1931 5601 meam,
1961 5545 2009 5589 et
2035 5536 2090 5589 in

498 5611 704 5678 iudiciis
743 5611 869 5665 meis
917 5629 1019 5668 non
1066 5615 1451 5685 ambulaverint,
1480 5632 1525 5676 et
1571 5624 1815 5679 mandata
1841 5643 1952 5681 mea
1988 5643 2090 5681 non

496 5702 845 5774 custodiet-int,
887 5713 933 5760 et
954 5713 1301 5768 testamentum
1325 5731 1492 5771 meum
1537 5716 1911 5789 profmiaverint
1934 5738 1952 5786 ;
1977 5735 2093 5783 ma-

691 5869 800 5914 uss.
817 5867 961 5933 juxta
981 5871 1106 5920 LXX.
1134 5873 1191 5920 At
1217 5871 1352 5938 Edd.,
1377 5877 1423 5927 et
1445 5874 1608 5926 sedem
1640 5875 1746 5938 ejus
1769 5875 1816 5927 in
1835 5883 1968 5927 terra
1995 5877 2092 5929 cot-

1739 405 1798 463 S.
1837 397 2207 461 AUGUSTINI
2245 398 2550 457 EPISCOPl

3650 395 3789 452 “36

2199 515 2346 570 nebit
2377 526 2550 570 tamen
2577 509 2864 584 promissio
2888 523 3026 574 mea,
3053 507 3367 579 imple-bitur
3406 505 3602 578 juratio
3629 510 3793 565 mea?

2201 607 2372 662 Semel
2388 606 2562 678 juravi
2591 605 2645 659 in
2673 613 2846 659 sancto
2877 618 3005 667 meo,
3039 601 3178 655 intus
3206 601 3257 655 in
3286 611 3495 656 secreto
3517 600 3748 671 quodam
3775 642 3791 667 ,

2199 697 2252 751 in
2280 698 2395 768 ipso
2427 697 2572 752 fonte
2603 695 2742 751 unde
2766 694 3049 764 Prophctze
3073 692 3343 760 biberunt,
3373 693 3464 763 qui
3487 692 3640 748 nobis
3677 692 3794 749 haec

2200 797 2582 844 ructavcrunt:
2617 787 2805 853 Semel,
2843 787 3029 857 inquit,
3066 787 3257 858 juravi,
3289 785 3333 840 si
3355 783 3523 838 David
3550 785 3790 840 mentiar.

2200 880 2406 937 Exhibe
2449 895 2577 950 ergo
2636 879 2778 949 quod
2819 879 3010 949 jurasti
3041 919 3055 943 ,
3094 875 3260 932 redde
3300 875 3440 947 quod
3478 874 3791 946 promisisti.

2199 972 2477 1028 Sublatum
2497 981 2580 1026 est
2605 971 2673 1027 de
2700 971 2803 1025 isto
2848 969 3034 1035 David,
3061 985 3130 1025 ne
3164 976 3568 1039 exspectaretur
3606 968 3660 1022 in
3690 967 3793 1023 isto

2202 1064 2387 1120 David.
2411 1064 2670 1134 Exspecta
2699 1077 2827 1134 ergo
2847 1061 2989 1133 quod
3014 1061 3259 1132 promisi‘
3279 1100 3292 1114 .

2273 1156 2324 1210 7.
2357 1154 2511 1212 Novit
2540 1155 2669 1210 illud
2693 1164 2746 1211 et
2767 1157 2882 1226 ipse
2913 1147 3096 1208 David.
3128 1152 3260 1208 Vide
3287 1151 3428 1208 enim
3459 1152 3584 1222 quid
3610 1152 3789 1208 dicat:

2205 1249 2281 1304 Tu
2305 1265 2418 1304 vero
2447 1250 2696 1319 repulisti,
2727 1258 2773 1304 et
2795 1248 2861 1300 ad
2883 1247 3095 1301 nihilum
3126 1245 3402 1300 deduxisti.
3427 1245 3564 1316 Ergo
3595 1245 3680 1300 ubi
3712 1255 3794 1301 est

2203 1341 2347 1413 quod
2373 1341 2706 1412 promisisti?
2750 1339 3003 1396 Distulisti
3042 1338 3295 1395 Christum
3338 1347 3498 1392 tuum.
3539 1338 3793 1405 Quamvis

2203 1434 2412 1489 tristitia
2432 1434 2671 1505 quaedam
2703 1442 2999 1495 cnumcrct,
3032 1431 3084 1487 in
3103 1431 3205 1487 hoc
3230 1442 3404 1486 tamen
3433 1432 3598 1488 verbo
3621 1431 3794 1486 reiicit

2202 1536 2546 1583 noszmanet
2598 1527 2834 1594 omnino,
2881 1526 3043 1594 Deus,
3097 1524 3239 1597 quod
3287 1523 3607 1595 promisisti;
3668 1539 3792 1578 nam

2201 1622 2469 1679 Christum
2520 1631 2668 1677 tuum
2723 1637 2831 1676 non
2879 1619 3162 1685 abstulisti,
3207 1618 3301 1674 sed
3347 1618 3605 1672 distulisti.
3658 1617 3793 1672 Huic

2199 1732 2328 1788 ergo
2377 1716 2561 1783 David,
2605 1717 2660 1770 in
2703 1731 2809 1786 quo
2853 1714 3140 1785 sperabant
3168 1712 3337 1783 ignari
3390 1712 3650 1781 promissa
3696 1725 3790 1764 sua

2202 1809 2371 1864 Deum
2402 1809 2818 1880 completurum,
2848 1807 3022 1862 videte
3049 1805 3173 1877 quid
3204 1804 3414 1870 accidit,
3444 1814 3501 1858 ut
3531 1804 3790 1874 promissa

2201 1900 2298 1956 Dei
2350 1902 2554 1956 ﬁrmius
2601 1902 2654 1955 in
2705 1901 2808 1954 alio
2847 1908 3058 1970 sperata
3106 1899 3511 1968 compleantur:
3541 1895 3794 1950 Distuliin

2201 1990 2457 2047 Christum
2510 2003 2650 2046 tuum
2690 2008 2708 2045 :
2751 1992 2966 2046 evertisti
2994 1999 3340 2045 testamentum
3381 1988 3508 2043 servi
3554 1989 3647 2042 tui.
3692 1986 3793 2042 Ubi

2198 2095 2282 2140 est
2333 2085 2475 2140 enim
2523 2091 2901 2140 testamentum
2953 2091 3106 2137 vetus
3160 2079 3511 2137 Judzeorum?
3561 2080 3648 2134 ubi
3711 2083 3796 2133 est

2199 2186 2339 2234 terra
2372 2178 2459 2232 illa
2500 2177 2890 2248 promissionis,
2923 2175 2978 2230 in
3009 2190 3112 2246 qua
3159 2174 3459 2228 habitantes
3482 2178 3790 2244 peccarunt,

2199 2287 2302 2341 qua
2330 2271 2503 2326 deleta
2532 2269 2869 2340 migrarunt?
2916 2268 3162 2340 Regnum
3215 2266 3520 2323 Judaaorum
3573 2263 3790 2335 quzeris,

2199 2377 2306 2417 non
2331 2371 2414 2419 est
2447 2362 2659 2439 :_altare
2695 2361 3000 2416 Judaeorum
3045 2359 3259 2431 quairis,
3292 2374 3398 2413 non
3437 2366 3518 2412 est
3545 2375 3557 2411 :
3589 2355 3796 2410 sacriﬁ-

2197 2456 2338 2511 cium
2358 2455 2662 2510 Judaeorum
2678 2455 2893 2526 quaeris,
2914 2469 3018 2509 non
3046 2463 3128 2508 est
3154 2471 3170 2508 :
3190 2450 3547 2507 sacerdotium
3572 2449 3792 2505 Judaeo-

2195 2565 2317 2606 rum
2366 2551 2578 2621 quaeris,
2633 2565 2740 2605 non
2764 2559 2866 2605 est.
2897 2547 3135 2602 Evertiin
3157 2555 3502 2601 testamentum
3529 2544 3658 2598 servi
3682 2543 3794 2608 tui;

2198 2645 2480 2715 profanasti
2530 2645 2583 2698 in
2631 2652 2764 2698 terra
2805 2642 3118 2696 sanctitatem
3157 2641 3287 2711 ejus.
3329 2639 3522 2694 Sancta
3553 2637 3638 2692 illa
3669 2650 3792 2707 qua:

2195 2737 2483 2804 habebant,
2530 2747 2739 2793 terrena
2770 2751 2891 2792 esse
2940 2733 3238 2789 ostendisti.
3269 2730 3575 2786 Destruxisti
3619 2745 3792 2783 omnes

2194 2832 2439 2886 numerius
2489 2833 2616 2901 ejus,
2667 2829 2861 2900 quibus
2904 2843 3024 2884 eum
3070 2823 3611 2895 munieras:quando
3647 2823 3792 2878 enim

2195 2923 2538 2993 diriperetur,
2591 2922 2692 2976 nisi
2733 2921 2978 2976 maceria:
3018 2919 3205 2974 dirutae
3249 2917 3517 2973 fuissent?
3563 2914 3793 2970 Posuisti

2195 3016 2497 3069 munitiones
2525 3015 2634 3084 ejus
2670 3012 3011 3083 formidinem.
3041 3010 3176 3078 Quid
3207 3020 3306 3075 est,
3336 3009 3655 3081 formidinem
3677 3008 3702 3061 ?
3724 3006 3793 3062 Ut

2193 3106 2402 3162 dicatur
2451 3105 2812 3177 peccantibus,
2847 3104 2908 3160 Si
2954 3103 3089 3158 Deus
3126 3096 3439 3157 naturalibus
3487 3102 3642 3154 ramis
3690 3116 3792 3153 non

2196 3200 2433 3271 pepercit,
2466 3215 2623 3268 neque
2639 3198 2726 3251 tibi
2765 3205 2933 3268 parcet
2973 3196 3145 3266 (Rom.
3197 3210 3271 3260 χι,
3310 3193 3426 3264 21).
3454 3191 3791 3262 Diripueruut

2195 3309 2309 3348 eum
2334 3308 2504 3347 omnes
2546 3298 2854 3345 transeuntes
2887 3291 3018 3344 viam
3043 3305 3061 3344 :
3087 3303 3275 3344 omnes
3321 3287 3524 3342 scilicet
3564 3284 3786 3354 Gentes,

2195 3402 2292 3458 per
2320 3386 2473 3454 viam,
2501 3385 2604 3440 hoc
2636 3392 2738 3452 est,
2778 3399 2873 3454 per
2903 3384 3062 3437 vitam
3096 3383 3249 3436 istam
3298 3388 3633 3435 transeuntes
3661 3378 3791 3433 diri-

2195 3486 2427 3548 puerunt
2473 3477 2670 3544 Israel,
2715 3475 3049 3545 diripuerunt
3093 3473 3276 3529 David.
3323 3472 3558 3528 Primum
3613 3469 3789 3528 videte

2194 3571 2359 3627 frusta
2389 3572 2503 3642 ejus
2533 3572 2585 3626 in
2616 3569 2863 3626 omnibus
2877 3570 3160 3641 gentibus:
3187 3570 3253 3624 de
3275 3568 3404 3638 ipsis
3427 3568 3568 3622 enim
3587 3566 3787 3622 dictum

2195 3673 2296 3731 est,
2326 3663 2508 3717 Partes
2523 3665 2748 3735 vulpium
2776 3674 2920 3718 erunt
2946 3662 3115 3735 (Psal.
3135 3677 3260 3726 an,
3277 3663 3299 3716 1
3315 3663 3385 3733 l).
3405 3660 3577 3732 Reges
3593 3660 3790 3731 quippe

2197 3756 2392 3826 impios
2421 3757 2613 3826 vulpes
2643 3756 2928 3826 appellavit
2949 3755 3241 3824 Scriptura,
3261 3753 3476 3809 dolosos
3496 3763 3548 3808 et
3573 3751 3790 3806 timidos

2196 3864 2329 3920 quos
2362 3857 2526 3905 terret
2556 3849 2725 3904 virtus
2768 3849 2958 3903 aliena.
2990 3848 3115 3904 Ideo
3143 3848 3256 3918 ipse
3287 3847 3542 3902 Dominus
3570 3861 3690 3901 cum
3718 3843 3789 3900 de

2195 3941 2408 3998 Herode
2430 3943 2792 3998 comminante
2818 3941 3128 4012 loqueretur
3157 3957 3170 3993 :
3205 3938 3388 4004 Dicite,
3426 3939 3617 4010 inquit,
3648 3937 3790 4007 vulpi

2193 4033 2273 4089 illi
2304 4033 2457 4106 (Luc.
2487 4051 2603 4104 xm,
2624 4033 2736 4107 δᾶ).
2771 4034 2884 4088 Rex
2911 4033 3000 4104 qui
3022 4032 3288 4086 neminem
3311 4029 3586 4084 hominum
3616 4029 3784 4093 timet,

2195 4126 2312 4198 ipse
2337 4129 2522 4198 vulpes
2545 4142 2650 4182 non
2683 4134 2766 4182 est
2797 4144 2809 4181 :
2841 4126 2926 4181 leo
2956 4125 3045 4179 ille
3068 4124 3133 4180 de
3163 4123 3304 4178 tribu
3349 4121 3506 4187 Iuda,
3535 4121 3620 4176 cui
3659 4119 3787 4173 dici-

2197 4226 2303 4286 tur,
2327 4217 2608 4273 Ascendisti
2623 4217 2933 4282 recumbens,
2961 4216 3192 4270 dormisti
3214 4217 3340 4270 sicut
3365 4215 3442 4269 leo
3465 4212 3617 4284 (Gen.
3643 4227 3786 4278 xm,

2195 4308 2274 4382 9).
2318 4311 2592 4367 Potestate
2643 4309 2970 4377 aseendisti,
3020 4316 3280 4379 potestate
3335 4305 3613 4370 dormisti;
3665 4303 3790 4373 quia

2194 4405 2429 4473 voluisti,
2479 4404 2724 4460 dormiSti
2752 4405 2795 4457 '.
2827 4402 2951 4458 ldeo
2992 4403 3046 4458 in
3075 4401 3179 4457 alio
3234 4399 3436 4471 psalmo
3484 4397 3632 4462 dicit,
3677 4394 3791 4466 Ego

2197 4498 2428 4553 dormivi.
2455 4497 2644 4554 Nonne
2669 4497 2824 4568 plena
2849 4505 2964 4551 erat
2983 4495 3242 4551 sententia
3275 4536 3290 4561 ,
3322 4491 3572 4558 Dormivi,
3618 4498 3664 4543 et
3700 4503 3791 4542 so-

2195 4607 2371 4646 mnum
2396 4591 2522 4663 εαερὶ
2544 4600 2618 4645 :et
2633 4589 2914 4657 exsurrexi,
2929 4587 3168 4660 quoniam
3179 4583 3428 4639 Dominus
3442 4581 3682 4652 suscipiet
3711 4594 3793 4632 me

2198 4681 2373 4754 (Psal.
2395 4699 2472 4748 ut,
2497 4682 2586 4755 6)?
2608 4697 2772 4753 quare
2795 4679 3031 4736 additum
3059 4686 3161 4746 est,
3187 4676 3338 4749 Ego?
3366 4677 3578 4731 Etcum
3599 4686 3793 4743 magno

2195 4774 2433 4847 pondere
2457 4773 2907 4850 pronuntiandum
2935 4772 3070 4840 est',
3099 4770 3245 4843 Ego;
3293 4769 3404 4841 Ego
3446 4766 3676 4822 dormivi.
3710 4764 3791 4820 llli

2198 4867 2503 4931 saevierunt,
2537 4866 2613 4921 illi
2638 4865 2901 4936 persecuti
2923 4873 3082 4931 sunt,
3128 4861 3222 4917 sed
3255 4860 3300 4915 si
3330 4859 3639 4922 noluissem,
3681 4870 3792 4911 non

2198 4959 2538 5015 dormissem.
2569 4957 2682 5030 Ego
2708 4957 2943 5012 dormivi.
2969 4957 3108 5027 Ergo
3129 4955 3196 5010 de
3219 4952 3412 5025 quibus
3430 4951 3629 5007 dictum
3652 4956 3790 5014 erat,

2205 5053 2385 5108 Partes
2413 5053 2642 5124 vulpium
2671 5060 2858 5117 erunt;
2905 5049 2971 5105 de
2999 5048 3081 5103 his
3110 5063 3255 5102 nunc
3283 5045 3482 5101 dictum
3509 5052 3612 5111 est,
3643 5039 3794 5096 Diri-

2201 5157 2417 5216 puerunt
2445 5163 2556 5201 eum
2579 5162 2750 5199 omnes
2773 5151 3086 5198 transeuntes
3115 5141 3288 5207 viam;
3322 5141 3487 5212 factus
3513 5145 3586 5191 est
3605 5149 3788 5205 oppro~

2199 5244 2362 5297 brium
2382 5243 2558 5297 vicinis
2588 5243 2711 5295 suis.
2742 5239 2996 5296 Exaltasti
3022 5239 3281 5294 dexteram
3299 5237 3620 5290 inimicorum
3643 5230 3796 5301 ejus;

2200 5337 2490 5400 iucundasli
2527 5352 2695 5390 omnes
2731 5335 2963 5389 inimicos
2988 5334 3117 5405 ejus.
3161 5331 3436 5388 Advertite
3460 5328 3696 5389 Judceos,
3739 5329 3798 5380 et

2199 5429 2374 5483 videte
2406 5428 2583 5482 omnia
2615 5427 2833 5496 impleta
2863 5442 2982 5496 qua:
3009 5425 3260 5496 przedicta
3287 5432 3430 5478 sunt.
3451 5418 3685 5476 Avertisti
3711 5417 3800 5470 ad-

2201 5523 2445 5586 iutorium
2461 5519 2621 5591 gladii
2646 5520 2775 5590 ejus.
2789 5519 3069 5586 Quomodo
3087 5518 3330 5572 solebant
3347 5515 3500 5587 pauci
3516 5511 3796 5577 dimicare,

2201 5614 2395 5668 multos
2424 5611 2809 5684 prosternere?
2836 5611 3068 5666 Avertisti
3115 5610 3424 5680 adjutorium
3459 5605 3618 5679 gladii
3649 5604 3796 5674 ‘ejus,

2267 5753 2283 5782 ¹
2318 5752 2389 5801 sic
2407 5757 2516 5800 Mss.
2536 5746 2647 5797 Edd.
2671 5760 2809 5811 vero,
2831 5747 3064 5811 promisit.

2267 5816 2287 5845 ³
2322 5799 2404 5862 ilic
2425 5799 2604 5862 addunt
2620 5810 2752 5871 Edd.,
2779 5799 2890 5873 quia
2913 5805 3118 5866 voluisti,
3141 5804 3398 5858 ascendisti
3421 5816 3438 5856 :
3462 5799 3590 5868 quod
3622 5815 3651 5852 a
3690 5809 3797 5852 Mss.

2204 5877 2397 5988 abesgic
2429 5944 2533 5987 Mss.
2561 5933 2671 5985 Edd.
2701 5947 2835 5996 vero,
2861 5933 3316 5998 prommtiatnmest.
