4048 6478
289 393 424 451 H37

293 524 334 569 et
361 527 463 567 non
501 527 558 566 es
585 508 862 582 apitulatus
890 505 936 560 ei
975 505 1027 562 in
1054 504 1199 560 bello.
1245 502 1430 558 Merito
1457 501 1646 567 victus,
1690 498 1880 554 merito

295 613 493 675 captus,
514 602 708 657 merito
724 617 754 656 a
781 613 942 668 regno
954 614 1049 652 suo
1065 598 1342 660 alienatus,
1365 593 1554 647 merito
1573 592 1878 661 dispersus:

293 713 407 754 eam
437 696 580 750 enim
608 704 804 750 terram
836 690 1082 762 perdidit,
1108 703 1202 759 pro
1226 703 1327 758 qua
1351 686 1627 740 Dominum
1660 682 1874 737 occidit.

294 789 526 844 Avertiin
553 786 866 858 adjutorium
892 782 1049 855 gladii
1072 782 1200 853 ejus,
1246 787 1290 834 et
1319 795 1418 832 non
1449 794 1498 831 es
1533 775 1807 846 opitulatus
1835 775 1880 828 ei

289 884 337 936 in
368 883 520 936 bello.
555 879 841 934 Dissolvisti
861 893 971 932 eum
998 876 1058 930 ab
1079 873 1446 930 emundatioue.
1481 869 1616 938 Quid
1638 868 1880 924 esthoc?

289 973 428 1029 Inter
451 973 631 1028 omnia
659 972 794 1026 mala
822 983 1040 1042 magnus
1056 968 1143 1022 hic
1169 975 1356 1022 terror.
1387 965 1879 1033 Quantumcumque

288 1067 424 1120 enim
455 1065 628 1120 caedat
659 1065 827 1125 Deus.
875 1059 1258 1132 quantumlibet
1282 1058 1556 1120 irascatur,
1590 1063 1876 1122 quantum-

287 1160 413 1214 libt-t
467 1158 747 1222 verberet,
798 1154 1058 1225 ﬂagellet;
1109 1148 1329 1221 ligatum
1382 1157 1561 1203 tamen
1615 1145 1872 1216 ﬂagellet,

285 1270 437 1325 quem
466 1251 706 1318 mundet,
731 1266 834 1305 non
851 1248 1102 1304 dissolvat
1124 1245 1191 1301 ab
1214 1242 1586 1300 emundatione
1617 1257 1632 1292 :
1664 1239 1708 1293 si
1733 1241 1875 1294 enim

285 1345 528 1400 dissolvit
573 1345 640 1400 ab
668 1341 1078 1407 emundatione;
1121 1340 1230 1410 jam
1273 1352 1378 1392 non
1410 1335 1568 1390 habet
1615 1332 1874 1388 mundan-

283 1437 427 1499 dum.
457 1437 554 1492 sed
582 1435 983 1507 projicieudum.
1019 1435 1059 1487 A
1090 1447 1191 1502 qua
1215 1445 1342 1502 ergo
1367 1426 1742 1484 emundatione
1766 1425 1876 1480 dis-

283 1529 508 1586 solvitur
534 1527 796 1583 .Iudaeus?
827 1528 866 1580 A
894 1525 1014 1579 ﬁde.
1039 1525 1118 1579 Ex
1148 1522 1251 1578 ﬁde
1269 1522 1409 1576 enim
1430 1520 1656 1574 vivimus
1677 1517 1870 1589 (Galat.

288 1636 356 1685 vt,
391 1617 519 1690 ll);
572 1627 627 1674 et
665 1618 733 1674 de
778 1617 881 1672 ﬁde
919 1615 1119 1671 dictum
1163 1621 1265 1681 est,
1296 1611 1428 1667 Fide
1451 1609 1699 1664 mundans
1718 1608 1874 1663 corda

279 1730 450 1768 eorum
483 1712 620 1783 (Act.
651 1729 737 1778 xv,
765 1713 820 1782 9)
853 1719 937 1765 :et
965 1710 1085 1781 quia
1117 1709 1226 1764 sola
1258 1706 1390 1762 ﬁdes
1409 1705 1603 1760 Christi
1629 1703 1868 1772 mundat,

279 1821 378 1859 non
407 1804 681 1859 credendo
710 1805 760 1858 in
791 1803 1057 1857 Christum
1076 1800 1230 1856 soluti
1248 1807 1370 1855 sunt
1389 1797 1455 1854 ab
1475 1797 1866 1852 emundatione.

278 1896 565 1950 Dissolvisti
593 1914 706 1950 eum
743 1895 804 1948 ab
831 1895 1216 1959 emundatioue;
1243 1892 1409 1946 sedem
1456 1893 1565 1963 ejus
1612 1891 1664 1944 in
1686 1900 1870 1944 terram

277 1991 506 2044 collisisti
551 2007 569 2043 :
596 1990 784 2044 merito
811 1997 864 2043 et
896 1987 1116 2058 fregisti.
1152 1985 1384 2039 Minuisti
1411 1985 1516 2038 dies
1542 1984 1673 2038 sedis
1719 1984 1868 2054 ejus:

275 2082 534 2154 putabant
564 2098 623 2136 se
648 2084 697 2135 in
730 2088 987 2135 alternum
1014 2077 1384 2149 regnaturos‘.
1436 2075 1719 2147 Perfudisti
1753 2091 1867 2128 eum

273 2179 589 2249 confusione.
615 2176 741 2231 [Lee
772 2176 950 2230 omnia
980 2178 1274 2230 evenerunt
1299 2169 1518 2238 Iudaeis,
1549 2184 1656 2224 non
1688 2176 1866 2223 tamen

272 2271 446 2325 ablato
471 2270 709 2334 Christo,
735 2268 826 2324 sed
849 2268 1028 2322 dilato.

337 2366 390 2420 8.
432 2363 588 2436 [vers.
621 2361 735 2436 47.]
768 2362 1050 2417 Videamus
1091 2373 1218 2431 ergo
1256 2365 1433 2415 utrum
1467 2357 1684 2429 impleat
1725 2356 1865 2412 Deus

270 2459 534 2532 promissa
579 2473 694 2513 sua.
744 2458 870 2513 Post
923 2457 1037 2512 haec
1082 2454 1215 2510 dura
1266 2469 1386 2524 qua:
1431 2450 1865 2507 commemoravit

271 2555 516 2610 evenisse
547 2553 622 2607 illi
648 2551 840 2623 populo
855 2561 907 2605 et
928 2551 1002 2606 illi
1030 2562 1214 2620 regno,
1239 2562 1307 2602 ne
1328 2547 1401 2602 ibi
1421 2553 1696 2616 putaretur
1719 2544 1863 2599 Deus

272 2646 575 2716 implevisse
603 2644 746 2715 quod
798 2643 1132 2714 promiserat,
1167 2641 1261 2695 et’
1305 2654 1411 2693 non
1445 2637 1596 2692 daret
1636 2636 1862 2691 alterum

272 2755 490 2809 regnum
516 2740 567 2792 in
588 2736 821 2801 Christo,
854 2735 1004 2802 cujus
1030 2733 1177 2803 regni
1208 2747 1311 2787 non
1337 2731 1435 2785 erit
1459 2729 1612 2794 ﬁnis;
1638 2728 1862 2798 alloqui-

273 2840 354 2886 tur
374 2848 497 2887 eum
521 2830 810 2899 Propheta,
843 2837 895 2882 et
919 2827 1047 2881 dicit
1078 2844 1090 2880 :
1119 2825 1404 2894 Quousque,
1440 2821 1672 2886 Domine,
1717 2835 1862 2874 aver-

273 2924 385 2978 teris
412 2924 467 2976 in
495 2921 688 2992 ﬁnem?
716 2920 877 2976 Forte
921 2919 1060 2973 enim
1106 2933 1210 2972 non
1242 2916 1292 2970 in
1336 2914 1493 2969 ﬁnem
1523 2921 1576 2968 et
1607 2913 1673 2966 ab
1698 2912 1860 2982 ipsis;

273 3019 386 3087 quia
439 3017 654 3070 czecitas
703 3031 769 3068 ex
807 3021 958 3084 parte
987 3009 1144 3065 Israel
1194 3009 1329 3063 facta
1369 3016 1469 3072 est,
1502 3014 1558 3060 ut
1595 3004 1863 3075 plenitudo

273 3110 521 3167 Gentium
575 3109 815 3172 intraret,
869 3113 923 3160 et
964 3104 1041 3158 sic
1086 3101 1260 3158 omnis
1303 3101 1466 3155 Israel
1511 3099 1689 3155 salvus
1715 3097 1866 3152 ﬁeret

273 3203 446 3268 (Rom.
471 3220 548 3270 XI,
598 3201 711 3273 25).
745 3199 949 3256 Interea
978 3209 1172 3262 tamen,
1204 3195 1513 3250 Exardescet
1562 3193 1688 3249 sicut
1732 3192 1866 3264 ignis

273 3298 343 3351 ira
374 3307 483 3350 tua.

339 3391 394 3445 9.
428 3389 581 3464 [vers.
614 3389 703 3454 48,
732 3384 848 3459 49.]
881 3385 1134 3440 Memento
1160 3398 1272 3454 qua:
1295 3389 1366 3437 est
1406 3379 1683 3435 substantia
1731 3394 1863 3432 mea.

269 3484 431 3542 David
462 3483 566 3539 iste
594 3482 721 3538 dicit
749 3480 950 3550 positus
983 3479 1035 3533 in
1078 3491 1239 3532 carne
1255 3477 1319 3556 ,ιιι
1343 3473 1560 3541 Judteis,
1588 3471 1789 3543 positus
1812 3471 1864 3525 in

269 3596 362 3652 Spe
393 3581 444 3634 in
474 3576 708 3641 Christo,
740 3575 991 3632 Memento
1032 3587 1144 3643 qua:
1182 3580 1254 3626 est
1282 3567 1560 3623 substantia
1588 3582 1719 3619 mea.
1750 3563 1867 3619 Non

272 3675 412 3730 enim
443 3672 568 3744 quia
609 3668 778 3726 Judari
809 3667 1137 3727 defecerunt,
1166 3661 1358 3718 defecit
1386 3659 1678 3715 substantia
1724 3669 1864 3710 mea.

271 3765 482 3822 Etenim
515 3766 581 3817 de
609 3763 698 3817 illo
727 3759 922 3832 populo
963 3759 1110 3829 virgo
1140 3755 1324 3819 Maria,
1370 3753 1439 3808 de
1461 3752 1664 3822 virgine
1704 3748 1866 3804 Maria

272 3874 395 3914 caro
420 3855 657 3918 Christi;
688 3863 741 3908 et
761 3867 885 3907 caro
913 3850 999 3904 illa
1031 3863 1133 3903 non
1165 3845 1472 3917 peccatrix;
1498 3842 1589 3897 sed
1619 3848 1867 3912 peccate-

274 3967 385 4007 rum
418 3947 726 4005 mundatrix
760 3963 772 3997 ε
808 3944 878 3999 ibi
906 3950 1006 4006 est,
1040 3941 1230 4011 inquit,
1259 3937 1552 3993 substantia
1582 3950 1718 3990 mea.
1750 3933 1867 3988 Me-

274 4053 433 4097 mento
461 4056 578 4114 qua?
597 4048 670 4093 est
697 4035 975 4092 substantia
993 4050 1121 4088 mea.
1148 4031 1261 4085 Non
1291 4030 1432 4085 enim
1463 4027 1680 4082 omnino
1703 4026 1870 4080 inter-

277 4138 332 4191 iit
359 4136 509 4190 radix
537 4151 551 4199 ;
579 4133 758 4186 veniet
786 4144 969 4184 semen
1022 4126 1106 4182 cui
1138 4124 1456 4194 promissum
1487 4129 1588 4185 est,
1636 4117 1868 4189 disposi-

276 4239 380 4284 tum
418 4245 511 4298 per
534 4227 767 4296 Angelos
807 4225 859 4278 in
885 4237 1042 4278 manu
1073 4217 1377 4274 Mediatoris
1421 4211 1613 4287 (Galat.
1644 4227 1722 4278 ιιι,
1755 4209 1866 4280 l9).

277 4322 530 4377 Memento
583 4334 699 4390 qua:
737 4325 808 4370 est
861 4314 1140 4370 substantia
1198 4325 1309 4364 mea
1353 4323 1373 4364 :
1413 4322 1513 4361 non
1567 4304 1699 4359 enim
1747 4319 1873 4358 vane

276 4413 575 4470 constituisti
629 4426 800 4465 omnes
853 4407 984 4478 ﬁlios
1029 4405 1308 4459 hominum.
1362 4401 1502 4455 Ecce
1543 4411 1729 4453 omnes
1780 4395 1872 4472 lilii

277 4510 550 4563 hominum
607 4505 782 4559 ierunt
830 4501 882 4556 in
929 4500 1252 4563 vanitatem;
1301 4502 1355 4550 tu
1402 4502 1576 4548 tamen
1608 4506 1710 4545 non
1737 4504 1874 4544 vane

278 4603 391 4656 illas
420 4597 764 4656 constituisti.
787 4595 920 4649 Cum
947 4606 1074 4662 ergo
1091 4590 1464 4645 ieruntomnes
1485 4585 1537 4639 in
1565 4583 1872 4649 vanitatem,

277 4708 406 4763 quos
436 4700 489 4746 tu
523 4704 631 4744 non
660 4701 795 4741 vane
823 4681 1178 4746 constituisti;
1213 4678 1354 4733 unde
1385 4691 1478 4732 eos
1527 4673 1813 4728 muudares
1841 4687 1872 4726 a

281 4784 535 4848 vanitate,
561 4777 816 4849 numquid
849 4775 979 4830 nihil
1012 4774 1104 4828 tibi
1134 4767 1399 4827 servasti?
1445 4765 1575 4820 Illud
1609 4763 1750 4835 quod
1781 4762 1876 4817 tibi

279 4876 504 4932 servasti
535 4871 678 4927 unde
721 4869 1006 4925 mundares
1032 4865 1280 4921 homines
1323 4878 1352 4916 a
1378 4860 1630 4922 vanitate,
1662 4865 1877 4912 sanctus

280 4968 368 5024 ille
400 4976 548 5031 tuus,
581 4964 635 5018 in
661 4977 727 5018 eo
751 4958 1046 5017 substantia
1067 4971 1202 5010 mea.
1233 4955 1310 5009 Ex
1333 4953 1424 5007 illo
1452 4951 1594 5006 enim
1617 4947 1879 5003 mundan-

281 5060 475 5114 dantur
501 5071 713 5122 omnes,
745 5067 878 5126 quos
906 5067 1010 5106 non
1041 5051 1229 5103 frustra
1253 5043 1573 5101 constituisti
1605 5058 1635 5097 a
1665 5041 1876 5112 propria

280 5155 519 5206 vanitate
555 5169 568 5204 :
597 5147 791 5219 quibus
813 5145 1026 5208 dicitur,
1056 5139 1180 5194 Filii
1203 5139 1460 5192 hominum
1488 5150 1741 5206 quousque
1762 5149 1880 5204 gra-

280 5261 361 5299 ves
385 5242 581 5298 corde?
605 5239 784 5312 utquid
804 5237 1015 5308 diligitis
1043 5235 1332 5298 vanitatem,
1357 5240 1402 5285 et
1423 5230 1646 5300 qutsritis
1672 5227 1882 5281 menda-

281 5340 458 5394 cium?
487 5337 648 5393 Forte
677 5333 893 5390 solliciti
919 5331 1040 5387 facti
1071 5334 1509 5385 converterentur
1549 5339 1581 5378 a
1627 5322 1877 5386 vanitate,

286 5432 593 5488 invenirent
621 5445 682 5485 se
730 5427 962 5482 vanitate
1011 5423 1334 5493 inquinatos,
1380 5425 1686 5490 quaererent
1740 5413 1881 5468 unde

284 5524 675 5579 mandarentur
705 5537 720 5579 :
749 5531 1022 5581 succurre,
1063 5513 1147 5570 fac
1184 5523 1423 5568 securos.
1454 5508 1520 5562 Et
1559 5508 1731 5562 scitote
1753 5520 1881 5574 quo—

287 5618 425 5669 niam
453 5612 740 5684 miriﬁcavit
771 5608 1021 5664 Dominus
1057 5613 1284 5661 sanctum
1331 5618 1478 5657 suum
1521 5597 1692 5672 (Psal.
1718 5611 1792 5662 ιν,
1825 5595 1880 5664 5,

287 5709 366 5779 4).
393 5711 646 5765 Sanctum
676 5719 838 5762 suum
869 5699 1232 5757 admirabilem
1284 5695 1439 5761 fecit;
1488 5692 1609 5748 inde
1628 5704 1816 5746 omnes
1852 5703 1882 5742 a

355 5810 374 5841 ⁸
408 5817 457 5859 ln
481 5809 590 5859 add.
613 5803 941 5871 repetebatur
971 5799 1084 5851 hic:
1110 5793 1323 5851 uinuisti
1343 5793 1449 5847 dies
1469 5789 1599 5846 sedis
1620 5790 1759 5855 ejus:
1794 5788 1885 5842 sed

289 5870 604 5923 abestatlss.

357 5936 379 5968 ³
409 5941 561 5999 Forte,
584 5940 657 5986 ut.

1301 383 1695 445 ENARRATIO
1732 382 1798 439 IN
1836 381 2152 440 PSAMIUM
2193 383 2519 443 LXXXVIII.

3438 387 3576 449 1158

1993 501 2224 554 vanitate
2273 500 2542 555 inundavit
2573 518 2585 555 :
2616 501 2684 555 ibi
2729 509 2829 566 est,
2873 500 3061 571 inquit,
3093 499 3382 556 substantia
3413 518 3526 557 mea
3555 547 3568 568 ,

1987 599 2256 644 memento
2276 591 2410 662 ejus.
2443 591 2561 646 Non
2588 593 2718 646 enim
2743 609 2866 646 vane
2902 591 3204 645 constituisti
3228 609 3396 646 omnes
3438 594 3571 662 ﬁlios

1990 684 2272 739 hominum.
2317 684 2456 756 Ergo
2499 687 2719 742 servasti
2747 686 2940 756 aliquid
2974 686 3112 739 unde
3161 684 3568 741 mundarentur.

1986 775 2113 845 Quis
2140 787 2222 832 est
2248 777 2344 832 iste
2367 794 2522 847 quem
2551 779 2813 833 servasti?
2839 777 2964 843 Quis
2988 788 3058 832 est
3086 779 3233 831 homo
3260 778 3346 848 qui
3373 778 3498 833 vivet
3524 785 3571 834 et

1984 887 2086 925 non
2133 871 2311 925 videbit
2355 873 2601 925 mortem?
2624 871 2865 942 Ergoille
2894 871 3051 925 homo
3080 871 3170 941 qui
3197 872 3336 926 vivet
3364 881 3417 926 et
3465 886 3568 926 nou

1983 961 2182 1017 videbit
2207 971 2454 1028 mortem,
2488 964 2600 1033 ipse
2629 963 2844 1018 mundat
2871 979 2900 1018 a
2926 963 3176 1017 vanitate.
3207 961 3323 1016 Non
3353 963 3495 1017 enim
3514 963 3568 1018 in

1987 1055 2214 1108 vanitate
2240 1054 2512 1109 constituit
2541 1069 2728 1109 omnes
2753 1054 2886 1108 ﬁlios
2909 1053 3204 1119 hominum,
3227 1043 3240 1055 ’
3258 1061 3348 1107 aut
3393 1062 3568 1123 potest

1982 1143 2099 1199 illos
2125 1153 2468 1202 contemnere
2490 1145 2580 1216 qui
2607 1144 2730 1201 fecit
2758 1143 2896 1213 illos,
2926 1146 3013 1200 ut‘
3037 1161 3141 1202 non
3168 1160 3262 1200 eos
3285 1153 3565 1201 converte-

1980 1248 2062 1293 ret
2089 1246 2143 1293 et
2172 1255 2274 1293 non
2299 1237 2595 1293 mundaret.

2053 1330 2139 1384 l0.
2186 1329 2311 1397 Quis
2340 1339 2411 1384 est
2433 1331 2580 1384 homo
2608 1331 2694 1400 qui
2721 1329 2846 1384 vivet
2881 1337 2929 1383 et
2956 1344 3056 1383 non
3085 1328 3266 1383 videbit
3306 1337 3516 1383 mortem
3539 1331 3565 1384 .’

1980 1423 2213 1494 Surgcns
2237 1425 2375 1479 enim
2399 1440 2428 1479 a
2456 1425 2678 1478 mortuis
2701 1424 2809 1492 jam
2837 1436 2945 1478 non
2966 1422 3211 1488 moritur,
3239 1430 3293 1477 et
3329 1435 3475 1477 mors
3511 1421 3564 1477 ei

1977 1518 2112 1572 ultra
2146 1532 2248 1570 non
2274 1517 2632 1571 dominabitur
2658 1514 2830 1587 (Rom.
2861 1513 2931 1580 vi,
2964 1513 3044 1584 9).
3079 1513 3313 1584 Denique
3348 1529 3467 1568 cum
3508 1513 3560 1568 in

1977 1611 2080 1665 alio
2111 1611 2313 1680 psalmo
2335 1611 2588 1680 scriptum
2610 1611 2834 1680 legatur,
2857 1607 2976 1662 Non
2996 1607 3309 1677 derelinques
3329 1607 3551 1661 animam

1975 1720 2137 1758 meam
2164 1705 2213 1756 in
2244 1703 2461 1774 inferno,
2489 1719 2576 1758 nec
2603 1702 2744 1756 dabis
2772 1702 3015 1758 Sanctum
3033 1710 3173 1754 tuum
3201 1700 3368 1755 videre
3385 1716 3561 1754 corru-

1975 1798 2190 1867 ptionem
2211 1796 2382 1865 (Psal.
2410 1812 2498 1862 xv,
2523 1795 2638 1866 10),
2671 1795 2892 1850 assumit
2918 1794 3019 1848 hoc
3046 1794 3403 1848 testimonium
3425 1807 3560 1864 apo-

1974 1888 2158 1944 stolica
2212 1887 2527 1957 disciplina,
2580 1898 2635 1942 et
2676 1888 2747 1942 ita
2795 1887 2848 1940 in
2895 1885 3116 1940 Actibus
3184 1885 3556 1956 Apostolorum

1972 1990 2154 2036 contra
2188 1981 2427 2036 inﬁdeles
2456 1980 2710 2048 disputat,
2739 1979 2920 2034 dicens
2955 1997 2967 2032 :
3009 1977 3117 2031 Viri
3138 1981 3336 2049 fratres,
3373 1978 3559 2030 scimus

1971 2074 2087 2145 quia
2114 2072 2281 2126 David
2308 2072 2598 2142 patriarcha
2635 2081 2862 2126 mortuus
2915 2079 3006 2135 est,
3054 2078 3100 2123 et
3148 2085 3267 2123 caro
3305 2069 3412 2141 ejus
3438 2067 3560 2121 vidit

1971 2167 2346 2237 corruptionem
2371 2183 2392 2233 ;
2422 2180 2528 2220 non
2551 2180 2677 2236 ergo
2698 2165 2764 2219 de
2802 2164 2891 2217 illo
2916 2163 3114 2218 dictum
3145 2169 3246 2228 est,
3279 2161 3389 2216 Nec
3416 2161 3560 2215 dabis

1971 2259 2218 2314 Sanctum
2246 2266 2385 2312 tuum
2425 2257 2592 2311 videre
2639 2256 3010 2325 corruptionem
3062 2251 3197 2324 (Act.
3239 2265 3300 2317 λι,
3335 2252 3554 2322 27-51).

1969 2351 2026 2408 Si
2057 2367 2183 2422 ergo
2213 2365 2318 2405 non
2363 2349 2429 2405 de
2459 2350 2548 2404 illo
2591 2348 2790 2404 dictum
2833 2356 2946 2412 est,
2979 2346 3045 2400 de
3065 2361 3170 2416 quo
3208 2345 3407 2399 dictum
3451 2354 3554 2410 est,

1973 2443 2099 2512 Quis
2122 2452 2192 2497 est
2219 2443 2367 2497 homo
2388 2443 2471 2513 qui
2491 2444 2616 2496 vivet
2641 2451 2687 2494 et
2703 2456 2801 2494 non
2831 2437 3011 2492 videbit
3028 2445 3236 2490 mortem
3253 2436 3279 2490 .9
3294 2435 3400 2491 Sed
3420 2435 3557 2492 forte

1968 2536 2143 2590 nullus
2163 2545 2262 2590 est.
2312 2535 2439 2598 lmo,
2474 2533 2599 2598 Quis
2626 2541 2716 2598 est,
2744 2539 2800 2585 ut
2834 2543 3040 2601 quaeras
3067 2528 3264 2583 dictum
3295 2536 3396 2595 est,
3446 2543 3556 2583 non

1967 2636 2026 2682 ut
2045 2627 2316 2696 desperes.
2348 2624 2453 2682 Sed
2478 2625 2612 2680 forte
2637 2632 2719 2677 est
2742 2621 2932 2692 aliquis
2959 2620 3117 2674 homo
3139 2620 3223 2691 qui
3246 2619 3369 2673 vivet
3395 2627 3556 2674 etnon

1967 2720 2145 2776 videbit
2167 2729 2373 2773 mortem
2392 2734 2411 2783 ;
2429 2733 2533 2772 non
2559 2727 2735 2772 tamen
2774 2714 2842 2769 de
2868 2713 3083 2768 Christo
3107 2711 3262 2778 dixit,
3289 2711 3375 2780 qui
3407 2727 3555 2766 mor-

1970 2822 2089 2867 tuus
2117 2823 2197 2868 est
2215 2814 2239 2867 ?
2259 2813 2446 2868 Nullus
2473 2811 2692 2867 omnino
2723 2808 2883 2863 homo
2910 2815 2992 2861 est
3017 2806 3104 2876 qui
3125 2806 3250 2860 vivet
3276 2813 3323 2859 et
3350 2820 3450 2858 non
3478 2804 3555 2857 vi-

1969 2905 2099 2960 debit
2137 2914 2366 2971 mortem,
2415 2904 2515 2959 nisi
2568 2903 2658 2974 qui
2699 2902 2808 2971 jam
2836 2914 2931 2971 pro
2960 2897 3271 2953 mortalibus
3316 2905 3557 2951 mortuus

1967 3007 2066 3054 est.
2099 2998 2226 3054 Nam
2256 3008 2311 3053 ut
2336 2999 2472 3053 scias
2492 2998 2610 3068 quia
2628 2996 2694 3052 de
2721 2995 2814 3050 illo
2841 2993 2992 3059 dixit,
3015 2992 3132 3046 vide
3151 2989 3275 3061 quid
3297 2989 3554 3060 sequitur.

1973 3091 2098 3157 Quis
2123 3102 2194 3145 est
2230 3092 2378 3145 homo
2413 3090 2497 3158 qui
2525 3089 2650 3143 vivet
2692 3096 2738 3142 et
2764 3103 2864 3140 non
2907 3082 3089 3139 videbit
3115 3080 3371 3136 mortem?
3411 3079 3555 3150 Ergo

1971 3199 2238 3254 nunquam
2273 3181 2369 3236 fuit
2399 3182 2450 3235 in
2482 3179 2688 3234 morte?
2717 3177 2856 3234 Fuit.
2885 3173 3163 3244 Quomodo
3198 3185 3326 3242 ergo
3353 3170 3479 3225 vivet
3507 3176 3556 3224 et

1970 3290 2070 3327 non
2099 3272 2280 3326 videbit
2305 3281 2508 3326 mortem
2529 3271 2555 3324 1’
2583 3268 2742 3322 Eruet
2769 3268 2991 3322 animam
3016 3280 3162 3320 suam
3209 3263 3274 3317 de
3325 3261 3556 3316 manibus

1967 3367 2178 3438 inferni.
2210 3365 2352 3420 Ecce
2397 3379 2524 3418 vere
2572 3362 2738 3427 solus,
2783 3359 3000 3415 omnino
3039 3355 3372 3426 singulariter
3411 3351 3554 3408 solus

1970 3461 2096 3515 vivet
2121 3469 2168 3514 et
2193 3475 2292 3514 non
2313 3457 2491 3512 videbit
2517 3467 2759 3518 mortem;
2781 3462 2918 3508 eruet
2942 3452 3164 3505 animam
3183 3445 3338 3504 suam
3353 3446 3419 3501 de
3445 3462 3554 3500 ma-

1970 3550 2115 3606 nibus
2134 3550 2319 3622 inferni
2344 3565 2361 3603 :
2386 3549 2505 3619 quia
2537 3547 2634 3602 etsi
2667 3545 2846 3601 czeleri
2866 3543 3049 3598 ﬁdeles
3076 3541 3193 3612 ejus
3218 3546 3499 3610 resurgent
3522 3551 3555 3592 a

1969 3644 2214 3708 mortuis,
2238 3652 2292 3698 et
2308 3642 2490 3697 vivent
2513 3647 2570 3695 et
2596 3638 2693 3710 ipsi
2722 3639 2774 3693 in
2792 3648 3072 3702 mleruum,
3096 3643 3151 3690 et
3176 3649 3279 3687 non
3299 3629 3556 3686 videbunt

1972 3743 2232 3800 mortem;
2288 3749 2393 3787 non
2447 3741 2625 3786 tamen
2667 3730 2897 3784 animam
2952 3740 3104 3781 suam
3148 3724 3249 3795 ipsi
3273 3727 3462 3778 eruent
3486 3718 3555 3774 de

1972 3827 2220 3883 manibus
2250 3825 2463 3879 inferni.
2498 3823 2590 3878 Ille
2618 3821 2708 3894 qui
2733 3821 2871 3876 eruit
2895 3818 3130 3873 animam
3159 3829 3308 3870 suam
3339 3812 3405 3867 de
3435 3825 3550 3864 ma-

1973 3917 2129 3973 nibus
2179 3916 2390 3981 inferni,
2438 3915 2551 3984 ipse
2592 3914 2735 3968 eruit
2779 3912 2982 3965 animas
3022 3907 3258 3962 ﬁdelium
3290 3918 3552 3967 suorum;

1973 4010 2072 4079 ipsi
2104 4024 2162 4064 se
2199 4022 2389 4062 eruere
2416 4020 2521 4059 non
2559 4012 2799 4074 possunt.
2831 4000 3002 4057 Proba
3035 3999 3155 4068 quia
3184 3997 3295 4065 ipse
3324 3995 3554 4047 animam

1973 4117 2123 4157 suam
2151 4100 2309 4155 eruit.
2341 4097 2648 4150 Potestatem
2679 4094 2833 4148 habeo
2866 4090 3085 4163 ponendi
3115 4089 3339 4141 animam
3368 4101 3554 4149 meam,

1972 4204 2021 4249 et
2045 4201 2340 4264 potestatem
2381 4188 2538 4242 habeo
2578 4188 2758 4240 iterum
2787 4181 3023 4239 sumendi
3067 4196 3198 4235 eam.
3228 4177 3394 4233 Nemo
3429 4176 3561 4230 tollit

1975 4303 2087 4341 eam
2129 4302 2160 4338 a
2188 4299 2312 4350 me;
2357 4281 2479 4352 quia
2513 4294 2604 4352 ego
2652 4275 2862 4332 dormivi
2885 4272 3054 4348 (Psal.
3101 4272 3179 4338 iu,
3207 4267 3304 4345 6):
3333 4268 3426 4324 sed
3454 4268 3563 4340 ipse

1977 4398 2086 4437 eam
2117 4396 2247 4450 pono
2269 4395 2300 4431 a
2325 4393 2422 4444 me,
2456 4384 2500 4430 et
2520 4375 2698 4428 iterum
2727 4386 2870 4424 sumo
2891 4384 3004 4423 eam
3030 4365 3205 4440 (loan.
3232 4381 3292 4432 ι,
3318 4365 3405 4430 17,
3433 4361 3522 4434 18)
3542 4404 3558 4430 ,

1977 4473 2099 4545 quia
2124 4473 2240 4543 ipse
2266 4476 2348 4524 est
2377 4467 2464 4539 qui
2491 4467 2632 4521 eruit
2661 4470 2895 4519 animam
2923 4475 3075 4516 suam
3114 4459 3182 4515 de
3207 4456 3452 4514 manibus
3476 4457 3560 4511 in-

1978 4565 2132 4624 terni.

2052 4660 2137 4714 11.
2161 4657 2310 4731 [vers.
2347 4652 2462 4727 50.]
2492 4652 2596 4710 Sed
2623 4660 2675 4707 et
2695 4652 2747 4706 in
2769 4651 2883 4721 ipsa
2911 4648 3016 4704 ﬁde
3039 4647 3236 4704 Christi
3265 4645 3565 4701 laboratum

1979 4761 2063 4809 est
2088 4752 2438 4822 aliquantum,
2483 4754 2538 4802 et
2585 4746 2674 4802 diu
2724 4744 2974 4799 dixerunt
3007 4741 3208 4796 Gentes
3255 4738 3564 4803 frementes,

1985 4844 2202 4914 Quando
2222 4845 2482 4906 morietur,
2527 4847 2574 4894 et
2599 4837 2774 4910 peribit
2801 4851 2982 4890 nomen
3005 4835 3114 4906 ejus
3146 4830 3310 4907 (Psal.
3357 4846 3442 4896 XL,
3471 4830 3570 4900 6)?

1982 4937 2207 5006 PrOpter
2228 4937 2326 4989 hos
2351 4947 2480 5002 ergo
2505 4931 2616 5000 jam
2640 4930 2692 4984 in
2717 4927 2993 4984 Christum
3021 4924 3318 4989 credentes,
3351 4920 3446 4977 sed
3471 4920 3567 4974 ali-

1983 5028 2214 5101 quandiu
2243 5027 2600 5090 laboraturos,
2628 5021 2867 5092 sequitur
2889 5028 2945 5075 et
2981 5018 3148 5074 dicit:
3179 5014 3274 5072 Ubi
3301 5021 3416 5067 sunt
3466 5011 3568 5064 mi-

1984 5120 2270 5176 sericordiaz
2318 5127 2416 5172 tute
2463 5115 2715 5187 antiquae,
2763 5111 3024 5167 Domine!
3077 5109 3194 5165 Jam
3253 5104 3567 5176 agnovimus

1985 5214 2253 5269 Christum
2292 5208 2686 5273 mundatorem,
2714 5205 2823 5276 jam
2855 5211 3096 5258 tenemus
3124 5200 3174 5252 in
3203 5211 3309 5268 quo
3329 5194 3569 5265 comples

1986 5305 2282 5376 promissa;
2315 5301 2510 5358 exhibe
2540 5300 2592 5354 in
2611 5298 2703 5353 illo
2727 5295 2869 5367 quod
2892 5289 3202 5365 promisisti.
3231 5286 3350 5359 Ipse
3380 5295 3463 5343 est
3482 5288 3570 5358 qui

1987 5401 2128 5456 vivet
2158 5405 2214 5453 et
2242 5411 2346 5451 non
2391 5394 2588 5449 videbit
2617 5399 2864 5455 mortem,
2897 5388 3008 5456 ipse
3034 5391 3119 5439 est
3142 5381 3228 5453 qui
3273 5381 3413 5437 eruit
3457 5380 3571 5434 ani~

1988 5509 2128 5548 mam
2157 5506 2308 5547 suam
2346 5489 2414 5545 de
2444 5487 2689 5542 manibus
2723 5479 2951 5538 inferni:
2979 5487 3034 5534 et
3069 5491 3168 5532 nos
3194 5486 3375 5532 tamen
3399 5475 3572 5533 adhuc

1987 5585 2311 5641 laboramus.
2343 5581 2598 5636 Dixerunt
2635 5578 2736 5632 ista
2762 5581 3044 5646 martyres,
3083 5585 3308 5643 quorum
3338 5568 3574 5626 natalitia

1989 5677 2346 5735 celebramus.
2381 5674 2500 5744 Ipse
2522 5673 2667 5726 vivet
2711 5678 2766 5724 et
2807 5682 2913 5721 non
2940 5665 3140 5721 videbit
3169 5672 3415 5728 mortem,
3461 5661 3574 5730 ipse

1990 5772 2134 5829 eruit
2182 5769 2412 5824 animam
2460 5778 2610 5820 suam
2670 5761 2737 5817 de
2791 5759 3040 5816 manibus
3095 5756 3323 5824 inferni;
3371 5761 3426 5809 et
3476 5763 3576 5809 nos

2065 5907 2084 5939 ³
2118 5911 2224 5955 Mss.
2247 5902 2471 5953 omittunt
2491 5895 2792 5961 particulam,
2811 5900 2882 5947 ω.
