4048 6470
495 410 632 469 1139

491 536 708 595 propter
733 533 782 578 te
805 523 1185 578 mortiﬁcamur
1207 528 1314 574 tota
1342 518 1450 578 die,
1475 515 1714 586 deputati
1745 528 1926 568 sumus
1965 513 2070 565 vcl-

489 625 546 670 ut
575 630 703 670 oves
739 614 1024 670 occisionis
1055 611 1225 686 (Psal.
1257 609 1403 674 xuii,
1429 607 1523 680 2‘2)
1555 624 1571 664 :
1607 605 1704 662 Ubi
1725 617 1838 662 sunt
1881 605 2074 658 miseri-

488 709 674 762 cordia:
715 717 816 762 tua:
851 709 1090 780 antiquet,
1141 703 1375 770 Domine,
1429 718 1554 774 quas
1574 703 1764 774 jurasti
1823 698 1986 753 David
2023 699 2076 752 in

490 802 691 854 veritate
719 801 842 854 tua?

559 891 648 947 12.
679 890 826 966 [vers.
855 889 968 964 51.]
1001 889 1284 955 Memento,
1323 887 1556 956 Domine,
1590 885 1846 956 approbrii
1865 927 1880 953 ,
1910 899 2080 938 servo—

488 1003 600 1042 rum
629 995 845 1041 tuorum.
877 985 992 1040 Jam
1023 983 1114 1038 illo
1145 983 1356 1040 vivente
1375 1026 1388 1050 ,
1417 982 1528 1054 jam
1549 981 1602 1037 in
1631 981 1770 1038 cmlo
1797 979 1860 1034 ad
1891 979 2076 1034 dexte-

487 1093 602 1134 ram
635 1077 808 1132 Patris
848 1075 1096 1142 sedente,
1125 1075 1410 1145 opprobria
1437 1072 1642 1146 objecta
1672 1081 1794 1126 sunt
1822 1069 2078 1126 Christia-

489 1170 572 1224 nis
589 1189 602 1224 :
617 1170 819 1224 crimen
845 1167 1139 1222 deChristo
1160 1165 1442 1222 Christiani
1462 1165 1550 1220 diu
1571 1165 1889 1220 habuerunt.
1907 1159 2080 1218 Vidua

488 1260 576 1316 illa
597 1260 888 1332 pariens,ct
901 1259 1099 1314 habens
1113 1259 1250 1314 ﬁlios
1261 1259 1674 1314 abundantiorcs
1689 1272 1844 1328 quam
1861 1255 1949 1310 illa
1963 1269 2082 1326 qua:

487 1350 718 1406 habebat
742 1351 910 1406 virum
933 1348 1081 1421 (Isai.
1097 1366 1204 1416 LIV,
1227 1351 1277 1416 1;
1299 1348 1468 1405 Galat.
1491 1367 1563 1418 tv,
1581 1348 1698 1422 27),
1719 1349 1917 1404 audivit
1935 1348 2082 1417 igno-

487 1443 680 1498 minias
699 1483 717 1514 ,
744 1443 944 1498 audivit
973 1443 1256 1516 opprobria
1281 1462 1294 1499 :
1327 1444 1420 1499 sed
1445 1443 1684 1499 Ecclesia
1713 1441 2080 1512 multiplicata,

487 1535 782 1590 extendens
825 1536 876 1590 iu
915 1536 1192 1598 dexteram
1233 1543 1392 1606 atque
1427 1535 1698 1590 sinistram
1723 1577 1738 1602 ,
1783 1533 2083 1604 ignominia:

481 1615 760 1681 viduitatis
781 1643 891 1681 sure
913 1627 1024 1698 jam
1055 1643 1158 1682 non
1189 1637 1270 1684 est
1293 1643 1520 1682 memor.
1551 1627 1822 1694 Memento,
1849 1625 2081 1692 Domine,

488 1717 628 1787 apud
669 1733 826 1790 quem
867 1727 948 1774 est
988 1719 1308 1776 abundantia
1338 1722 1612 1776 suavitatis
1637 1721 1911 1777 memoriae
1941 1727 2082 1784 tum;

493 1807 781 1876 Memento,
823 1811 932 1865 noli
973 1811 1232 1868 oblivisci.
1277 1811 1448 1880 Quid,
1493 1811 1794 1866 Memento?
1835 1809 2087 1864 Memento

491 1902 750 1972 appr-ebrii
783 1920 1040 1958 servorum
1079 1913 1280 1958 tuorum
1298 1947 1312 1972 ,
1343 1905 1478 1976 quod
1507 1906 1728 1959 continui
1755 1905 1806 1958 in
1836 1905 1950 1958 sinu
1980 1919 2087 1958 meo

491 1995 765 2048 multarum
803 1999 1046 2068 gentium.
1093 1996 1269 2062 Ibam,
1313 1997 1516 2068 inquit,
1557 1995 1877 2067 praedicare,
1911 2005 1965 2050 et
1989 2010 2087 2066 op-

493 2089 710 2158 probria
748 2089 1026 2145 audiebam
1049 2133 1063 2158 ,
1097 2100 1150 2146 et
1187 2091 1236 2146 in
1267 2091 1384 2146 sinu
1414 2107 1536 2146 meo
1565 2091 1898 2146 continebam
1923 2107 1936 2154 ;
1965 2089 2089 2160 quia

495 2177 778 2250 implebam
813 2223 828 2246 ,
869 2180 1329 2252 Blasphemamur,
1379 2198 1662 2255 rogamus;
1707 2183 1852 2254 quasi
1899 2199 2087 2254 purga-

493 2281 662 2326 menta
701 2273 876 2332 mundi
911 2274 1032 2346 facti
1073 2291 1280 2342 sumus,
1315 2275 1535 2328 omnium
1568 2276 1846 2346 peripsema
1903 2275 1944 2345 (l
1969 2273 2086 2330 Cor.

493 2381 577 2440 tv,
602 2365 709 2438 15).
739 2365 836 2424 Diu
864 2368 1240 2422 continuerunt
1265 2367 1546 2424 Christiani
1574 2369 1857 2440 Opprobria
1887 2369 1938 2422 in
1971 2369 2092 2424 sinu

493 2471 590 2513 suo
609 2501 623 2522 ,
658 2457 709 2512 in
741 2459 902 2514 corde
928 2475 1060 2526 suo;
1090 2475 1188 2514 nec
1213 2461 1478 2515 audebant
1505 2461 1756 2516 resistere
1783 2461 2089 2515 convician-

494 2548 634 2604 tibus
680 2566 694 2603 :
739 2557 891 2606 antea
934 2565 1054 2604 cum
1099 2551 1302 2606 crimen
1339 2550 1608 2606 videretur
1649 2551 1969 2620 respondere
2001 2567 2092 2620 pa-

492 2655 633 2712 gano
655 2683 669 2704 ,
701 2656 841 2702 nunc
860 2641 971 2712 jam
994 2642 1194 2704 crimen
1227 2650 1308 2696 est
1337 2657 1616 2698 remanere
1645 2657 1926 2714 paganum.
1959 2643 2094 2699 Gra-

497 2731 595 2785 tias
639 2731 863 2786 Domino
889 2750 902 2802 ;
947 2749 1154 2788 memor
1184 2733 1280 2788 fuit
1305 2735 1711 2806 opprobriorum
1739 2747 2042 2792 nostrorum
2073 2748 2089 2786 :

495 2820 748 2876 exaltavit
787 2836 953 2876 cornu
993 2821 1185 2878 Christi
1231 2823 1356 2890 sui,
1401 2823 1522 2880 fecit
1557 2825 1920 2880 admirabilem
1951 2825 2091 2895 apud

495 2927 647 2982 reges
679 2920 852 2968 terras.
881 2913 996 2968 Jam
1025 2915 1183 2970 modo
1209 2931 1368 2970 nemo
1397 2916 1613 2971 insultat
1631 2917 1942 2972 Christianis
1963 2959 1976 2982 ,
2001 2927 2094 2976 aut

495 3003 539 3056 si
567 3003 804 3070 insultat,
823 3019 928 3059 non
959 3005 1166 3076 publice
1193 3007 1410 3061 insultat
1437 3025 1450 3062 :
1478 3009 1555 3062 sic
1576 3007 1806 3078 loquitur
1830 3010 1864 3074 ¹,
1894 3019 1946 3064 ιιι
1973 3011 2091 3079 plus

496 3097 678 3152 timeat
705 3097 874 3152 audiri
899 3141 913 3170 ,
947 3114 1102 3170 quam
1135 3101 1260 3158 velit
1284 3101 1450 3158 credi.
1477 3101 1625 3168 Quod
1652 3103 1874 3158 continui
1902 3106 1952 3158 in
1978 3107 2092 3160 sinu

495 3203 604 3242 meo
634 3173 906 3242 multarum
933 3191 1175 3262 gentium.

566 3278 651 3334 15.
685 3277 836 3354 [vers.
868 3279 982 3356 52.]
1015 3281 1162 3348 Quod
1188 3283 1607 3356 exprobrauerunt
1637 3289 1827 3344 inimici
1855 3291 1944 3358 tui,
1977 3289 2089 3346 Do-

495 3371 731 3426 mine:ct
768 3373 933 3430 Judaei
962 3383 1017 3430 et
1045 3377 1258 3448 Pagani.
1292 3378 1440 3446 Quod
1468 3381 1890 3450 exprobrauerunt
1920 3399 1936 3436 :
1965 3383 2092 3454 quid

495 3465 868 3532 exprobraverl
877 3483 886 3518 ι
895 3474 950 3524 nt
965 3469 990 3519 ?
1011 3468 1457 3524 Commutationem
1471 3469 1657 3525 Christi
1673 3473 1761 3526 tui.
1779 3473 1890 3530 lloc
1901 3491 1930 3530 e
1939 3493 1962 3528 κ
1973 3491 2092 3544 pro-

495 3555 782 3612 bravcrunt
803 3599 818 3626 ,
848 3561 1286 3616 commutationem
1307 3561 1495 3618 Christi
1515 3565 1590 3618 tui
1614 3581 1634 3619 :
1662 3565 1763 3620 hoc
1784 3567 1922 3621 enim
1947 3569 2089 3638 obje-

495 3659 684 3704 cerunt
703 3691 716 3714 ,
745 3651 868 3722 quia
887 3659 1128 3706 mortuus
1156 3663 1240 3710 est
1276 3652 1538 3730 Christus,
1562 3657 1684 3726 quia
1707 3659 1990 3714 crucifixus
2011 3669 2092 3716 est

495 3739 757 3798 Christus.
801 3743 937 3810 Quid
986 3744 1213 3816 objicitis
1255 3747 1464 3808 insani?
1501 3747 1750 3818 Quamvis
1787 3753 1895 3822 jam
1933 3767 2091 3810 nemo

495 3841 579 3888 est
619 3835 707 3904 qui
746 3835 992 3906 objiciat;
1036 3845 1210 3894 tamen
1251 3839 1293 3892 si
1335 3837 1424 3910 qui
1463 3839 1652 3912 reliqui
1684 3855 2088 3912 remanserunt,

497 3925 622 3996 quid
661 3927 889 3998 objicitis
915 3929 1034 4000 quia
1061 3939 1304 3994 mortuus
1331 3939 1413 3986 est
1440 3931 1720 3988 Christus?
1745 3933 1836 3990 ille
1863 3951 1966 3990 non
1997 3953 2091 4008 pc-

496 4017 819 4090 rimebatur,
863 4019 958 4075 sed
1000 4023 1442 4078 commutabatur.
1485 4023 1720 4080 Mortuus
1749 4026 1942 4083 dicitur
1973 4044 2093 4100 pro-

495 4117 616 4182 pter
655 4112 907 4168 triduum.
937 4115 1074 4170 Ecce
1103 4117 1224 4185 quid
1256 4119 1710 4190 exprobraverunt
1737 4121 1934 4178 inimici
1968 4126 2040 4179 tui
2075 4143 2088 4180 :

498 4217 604 4256 non
645 4205 984 4260 amissionem
1009 4249 1024 4272 ,
1065 4223 1168 4262 non
1209 4209 1596 4278 perditionem:
1639 4213 1730 4268 sed
1759 4215 1915 4283 plane
1949 4233 2090 4269 com-

497 4294 821 4348 mutationem
872 4293 1057 4360 Cltristi
1105 4299 1195 4350 tui.
1242 4299 1468 4354 Mutatus
1513 4311 1594 4356 est
1637 4303 1724 4358 ille
1751 4319 1780 4357 a
1814 4309 2092 4378 temporali

499 4383 604 4438 vita
647 4385 712 4440 ad
750 4393 1031 4458 (cternam,
1073 4398 1306 4444 mutatus
1344 4400 1426 4446 est
1465 4409 1494 4446 a
1529 4393 1727 4449 Judzeis
1763 4395 1826 4450 ad
1857 4397 2088 4470 Gentes,

499 4484 734 4530 mutatus
777 4487 858 4532 est
895 4480 1054 4534 etiam
1089 4497 1116 4534 a
1147 4492 1284 4536 terra
1327 4485 1378 4538 in
1407 4485 1621 4541 caelum.
1651 4489 1784 4544 Eant
1811 4508 1950 4548 nunc
1975 4496 2092 4552 vani

501 4567 698 4620 inimici
728 4569 799 4622 tui
823 4611 836 4632 ,
869 4579 920 4624 ct
951 4571 1124 4626 adhuc
1149 4574 1924 4644 exprobrentcommutationem
1947 4586 2094 4641 (.‘Itri-

499 4659 564 4712 sti
586 4659 678 4712 tui.
707 4660 916 4716 Utinam
939 4673 992 4718 et
1013 4665 1108 4744 ipsi
1135 4675 1434 4732 mutentur;
1459 4676 1922 4732 commutationem
1939 4679 2093 4736 Chri-

501 4751 568 4808 sti
617 4767 720 4808 non
759 4755 1175 4824 exprobrabunt.
1211 4759 1315 4818 Sed
1345 4761 1590 4832 displicet
1615 4765 1806 4822 Christi
1838 4775 2088 4842 mutatio,

499 4846 622 4916 quia
659 4846 756 4916 ipsi
797 4849 986 4903 mutari
1021 4851 1202 4906 nolunt
1245 4870 1258 4905 :
1298 4871 1468 4924 neque
1501 4857 1640 4910 enim
1680 4869 1760 4912 est
1802 4861 1906 4916 illis
1942 4879 2092 4920 com-

501 4939 755 5004 mutatio,
802 4947 855 4995 et
902 4955 1004 4994 non
1050 4942 1336 5000 timuerunt
1373 4945 1535 5000 Deum
1585 4949 1756 5018 (Psal.
1807 4970 1922 5020 LIV,
1974 4957 2088 5028 20).

503 5029 652 5094 Quod
676 5031 1096 5104 exprobrauerunt
1123 5037 1314 5090 inimici
1337 5038 1430 5102 tui,
1453 5044 1889 5098 commutationem
1907 5045 2093 5104 Christi

500 5122 593 5174 tui.

571 5213 658 5266 H.
686 5212 834 5286 [verm
864 5213 976 5288 55.]
999 5215 1466 5288 Exprobraverunt
1487 5221 1558 5275 illi
1582 5229 2047 5285 commutationem
2074 5250 2088 5287 :

499 5311 556 5358 tu
585 5313 758 5360 autem
790 5309 953 5378 quid?
979 5307 1266 5364 Benedictio
1299 5311 1503 5368 Domini
1531 5317 1551 5346 '
1577 5317 1627 5369 in
1650 5327 1890 5373 wternum
1920 5338 1936 5376 :
1965 5325 2084 5392 ﬁat,

499 5397 608 5464 ﬁat.
679 5397 888 5456 Gratias
949 5403 1326 5460 misericordia:
1385 5407 1546 5476 ipsius
1591 5425 1603 5474 ;
1653 5411 1850 5482 gratias
1905 5417 2089 5485 gratiae

499 5488 666 5558 ipsius
696 5489 716 5520 ³
755 5489 862 5545 Nos
903 5494 1044 5547 enim
1091 5497 1286 5565 gratias
1329 5499 1564 5567 agimus;
1598 5517 1699 5556 non
1730 5502 1917 5559 damus
1941 5549 1955 5570 ,
1991 5523 2088 5564 nec

563 5589 579 5658 ξ
615 5588 760 5658 Md,
776 5589 846 5640 sic
868 5585 1081 5658 loquitur
1093 5595 1236 5646 mala.
1265 5599 1426 5656 Abest,
1451 5597 1596 5658 "mla,
1622 5615 1648 5650 a
1673 5602 1960 5654 melioribus
1978 5614 2082 5656 Mss.

557 5651 580 5683 ³
604 5657 720 5719 μον.
749 5653 840 5702 hoc
861 5651 1047 5703 tantum
1067 5655 1202 5719 loco:
1237 5651 1516 5712 Benedictus
1547 5651 1917 5715 nominitant-:75
1936 5651 2086 5719 ME;

771 5721 940 5786 alitem
959 5716 1161 5786 Domini.
1187 5729 1243 5770 At
1264 5723 1478 5774 melioris
1495 5711 2057 5780 notte'ttssfconstante‘r
2069 5745 2081 5780 :

496 5773 776 5826 Benedictio
799 5776 1008 5827 Domini.

557 5837 579 5916 ἦ
610 5837 1048 5916 ampliet-liquetia.
1077 5841 1273 5894 Atrdd.:
1295 5845 1416 5906 quid
1437 5847 1598 5900 dicam
1618 5849 1770 5910 aliud,
1799 5864 1942 5912 quam
1963 5866 2083 5916 gra-

489 5897 583 5955 tias
602 5897 774 5965 gratim
793 5897 984 5966 ipsius?

1727 401 1781 454 ὃ.
1825 393 2188 455 ΑυϐυδτιΝι
2231 395 2530 454 EPISCOPI

3635 399 3770 457 HM

2185 511 2455 566 reddimus
2473 554 2488 580 ,
2521 527 2618 568 nec
2645 514 2924 569 referimus
2949 558 2961 584 ,
2995 531 3094 572 nec
3121 517 3462 588 rcpeudimus
3487 537 3498 574 :
3527 521 3724 592 gratias
3751 525 3768 556 ι

2183 604 2358 657 verbis
2387 605 2593 675 agimus
2615 647 2630 672 ,
2658 622 2718 662 re
2745 615 3004 663 tenemus.
3038 609 3152 678 Ipse
3177 627 3274 666 nos
3297 614 3465 682 gratis
3491 615 3666 670 salvos
3697 616 3771 672 fe-

2183 697 2284 760 cit,
2335 697 2445 766 ipse
2487 698 2784 770 impietales
2821 711 3029 758 nostras
3063 719 3166 759 non
3195 706 3218 738 ⁸
3245 707 3508 776 attendit;
3535 710 3650 782 ipse
3675 726 3771 768 nos

2185 803 2288 841 non
2315 803 2436 844 eum
2461 801 2760 862 quaerentes
2789 796 3030 866 quaesivit
3049 839 3062 862 ,
3089 797 3292 854 invenit
3317 843 3330 868 ,
3357 801 3612 870 redemit,
3635 803 3770 860 libe-

2185 883 2321 937 ravit
2363 899 2393 938 a
2439 885 2712 943 dominatu
2751 889 2944 946 diaboli
2971 901 3026 948 et
3053 901 3314 964 potestate
3335 895 3770 958 daemoniorum:

2185 973 2416 1046 alligavit
2440 993 2538 1033 nos
2565 977 2668 1036 ﬁde
2701 981 3028 1038 mundandos
3051 1026 3068 1052 ,
3095 986 3235 1040 unde
3265 988 3422 1044 solvit
3449 988 3568 1044 illos
3595 991 3772 1046 inimi-

2185 1081 2277 1122 cos
2318 1070 2406 1139 qui
2445 1087 2548 1126 non
2592 1073 2812 1129 credunt
2833 1118 2847 1146 ,
2888 1085 2942 1132 et
2973 1079 3090 1133 ideo
3120 1081 3364 1137 mundari
3393 1099 3498 1140 non
3529 1097 3770 1155 possunt.

2189 1159 2374 1215 Dicant
2414 1163 2502 1233 qui
2539 1179 2908 1223 remanserunt
2931 1171 3164 1240 quotidie
3191 1175 3442 1246 quidquid
3469 1177 3656 1234 Volunt
3675 1220 3694 1247 ,
3723 1181 3774 1238 in

2187 1251 2302 1308 dies
2324 1253 2558 1326 singulos
2580 1258 2755 1314 minus
2775 1261 3053 1334 minusque
3079 1267 3430 1324 remanebunt
3463 1289 3477 1324 :
3501 1270 3774 1341 objiciant,

2190 1347 2478 1418 irrideant,
2509 1354 2871 1424 exprobrent,
2905 1374 3008 1414 non
3039 1359 3305 1416 interitum
3331 1405 3344 1426 ,
3379 1363 3472 1418 sed
3500 1376 3778 1422 commuta«

2191 1441 2372 1495 tionem
2417 1443 2604 1500 Christi
2641 1448 2730 1501 tui.
2777 1448 2890 1504 Non
2921 1451 3102 1507 vident
3131 1455 3250 1524 quia
3281 1470 3401 1508 cum
3432 1455 3530 1510 ista
3557 1457 3776 1528 dicunt,

2189 1537 2436 1592 deficiunt
2463 1549 2552 1596 aut
2575 1541 2594 1572 ³
2615 1543 2879 1600 credendo
2901 1589 2914 1613 ,
2943 1557 3030 1602 aut
3057 1549 3370 1606 moriendo?
3397 1551 3607 1607 Illorum
3633 1554 3778 1612 enim

2193 1629 2491 1688 maledictio
2517 1637 2822 1705 temporalis
2849 1649 2930 1694 est
2953 1656 2967 1705 ;
2995 1639 3267 1698 benedictio
3293 1657 3476 1699 auten
3497 1645 3704 1700 Domini
3726 1649 3780 1703 in

2191 1731 2450 1778 internum.
2501 1725 2566 1781 Et
2613 1729 2676 1783 ad
2728 1730 3141 1788 conﬁrmandam
3193 1735 3614 1794 benedictionem
3645 1781 3664 1808 ,
3711 1756 3783 1798 ne

2192 1813 2310 1882 quis
2353 1816 2534 1871 timeat
2580 1836 2592 1871 :
2635 1821 2757 1888 ﬁat,
2789 1824 2897 1891 ﬁat.
2932 1825 3031 1880 lsta
3065 1827 3382 1901 subscriptio
3411 1841 3494 1887 est
3519 1837 3784 1890 cautionis

2194 1901 2308 1958 Dei.
2354 1905 2538 1964 Securi
2581 1925 2706 1981 ergo
2749 1913 2816 1968 de
2854 1919 3294 1986 promissionihus
3337 1923 3478 1994 ejus,
3514 1929 3786 1997 prmerita

2194 1997 2474 2052 credamus
2494 2043 2507 2066 ,
2541 2007 2821 2072 praesentia
2849 2023 3230 2080 cognoscamus
3249 2058 3262 2084 ,
3288 2014 3460 2072 futura
3481 2033 3786 2089 speremus.

2195 2087 2310 2145 Non
2354 2108 2452 2148 nos
2495 2107 2702 2152 avertat
2744 2098 2988 2158 inimicus
3031 2120 3058 2156 a
3103 2105 3219 2174 via,
3267 2115 3322 2163 ut
3349 2112 3438 2182 qui
3464 2111 3661 2184 colligit
3685 2129 3790 2171 no

2197 2190 2444 2254 tanquam
2489 2187 2659 2258 pullos
2697 2207 2822 2248 suos
2860 2196 2958 2252 sub
2999 2197 3096 2252 alis
3133 2199 3279 2270 suis,
3323 2201 3496 2260 foveat
3539 2222 3670 2272 nos;
3717 2224 3791 2264 ne

2197 2277 2506 2335 aberremus
2529 2282 2596 2340 ab
2622 2283 2721 2339 alis
2744 2287 2886 2357 ejus,
2915 2306 2982 2346 ne
3006 2293 3258 2362 accipiter
3277 2309 3464 2352 aereus
3493 2298 3660 2368 rapiat
3685 2299 3792 2354 im-

2199 2367 2405 2438 plumes
2449 2371 2620 2428 adhuc
2661 2375 2854 2445 pullos.
2883 2379 2996 2436 Non
3026 2385 3166 2438 enim
3197 2385 3262 2441 de
3292 2403 3350 2442 se
3379 2388 3538 2444 debet
3563 2407 3794 2464 sperare

2198 2457 2517 2518 christianos
2542 2483 2554 2518 :
2583 2465 2629 2520 si
2655 2468 2767 2522 vult
2795 2485 2914 2526 esse
2941 2473 3124 2530 ﬁrmus
3148 2519 3160 2542 ,
3189 2493 3384 2550 vapore
3413 2493 3654 2538 materno
3681 2501 3794 2539 nu-

2201 2551 2406 2607 triatur.
2456 2553 2546 2612 llla
2591 2565 2675 2614 est
2721 2563 2861 2618 enim
2899 2565 3093 2635 gallina
3132 2571 3384 2644 colligens
3419 2575 3592 2644 pullos
3617 2591 3745 2632 suos
3775 2622 3792 2646 ,

2199 2643 2265 2698 dc
2313 2662 2414 2716 qua
2457 2649 2844 2722 improperatur
2883 2657 2954 2712 illi
2995 2661 3192 2717 civitati
3227 2643 3742 2726 inﬁdeliderusalem
3777 2691 3792 2728 :

2206 2753 2224 2786 ι
2269 2737 2487 2804 Quoties
2523 2742 2664 2798 volui
2704 2747 2950 2817 colligere
2991 2751 3124 2808 ﬁlios
3165 2763 3280 2810 tuos
3321 2767 3567 2826 tanquam
3592 2763 3793 2832 gallina

2201 2831 2372 2898 pullos
2388 2849 2514 2889 suos
2531 2836 2629 2891 sub
2653 2839 2763 2893 alas
2788 2856 2930 2909 suas,
2949 2854 3002 2898 ct
3027 2847 3239 2901 noluisti
3259 2849 3281 2904 ?
3299 2849 3434 2906 Ecce
3461 2833 3794 2924 relinquetur

2199 2923 2350 2978 vobis
2371 2923 2559 2982 domus
2577 2939 2752 2987 vestra
2769 2931 2978 2990 deserta
3005 2955 3023 2988 ι
3051 2935 3262 3010 (Matth.
3303 2957 3458 3010 mu,
3493 2944 3560 2999 57
3585 2923 3632 2998 et
3667 2947 3792 3018 58).

2199 3015 2333 3070 Hinc
2360 3015 2554 3074 dictum
2583 3031 2697 3090 est,
2729 3023 2956 3080 Posuisti
2983 3031 3282 3087 munitiones
3307 3035 3414 3108 ejus
3441 3015 3792 3108 formidinem.

2197 3109 2330 3180 Quia
2356 3128 2482 3184 ergo
2505 3114 2579 3170 illi
2601 3117 2880 3174 noluerunt
2904 3126 3114 3196 contegi
3143 3127 3242 3182 sub
3263 3127 3358 3182 alis
3379 3129 3586 3199 gallinae
3609 3129 3792 3202 hujus,

2197 3212 2252 3258 et
2285 3205 2390 3260 tale
2427 3209 2726 3278 exemplum
2772 3211 3065 3280 dederunt,
3097 3233 3201 3288 quo
3233 3219 3416 3276 timere
3443 3221 3734 3280 debeamus
3765 3241 3793 3284 a

2199 3299 2436 3354 volaticis
2473 3303 2746 3371 spiritibus
2787 3307 3071 3366 inunumlis
3095 3351 3110 3378 ,
3153 3315 3514 3383 quaerentibus
3553 3319 3795 3388 quotidie

2198 3392 2336 3461 quod
2363 3395 2570 3463 rapiant
2593 3414 2606 3463 ;
2637 3397 2894 3456 intremus
2923 3403 3020 3458 sub
3049 3405 3159 3460 alas
3180 3408 3386 3476 gallina:
3414 3409 3569 3481 hujus
3593 3412 3796 3472 divinat

2197 3483 2482 3556 Sapientiae
2505 3531 2520 3555 ,
2551 3493 2802 3562 quoniam
2829 3507 3044 3568 propter
3075 3501 3247 3569 pullos
3267 3517 3391 3557 suos
3416 3503 3680 3560 inﬁrmata
3707 3515 3796 3565 est

2199 3593 2366 3647 usque
2390 3579 2454 3634 ad
2477 3591 2724 3640 mortem.
2753 3573 3005 3645 Amemus
3031 3592 3308 3648 Dominum
3333 3595 3497 3652 Deum
3522 3609 3794 3669 nostrum,

2197 3683 2436 3726 amemus
2479 3673 2766 3732 Ecclesiam
2797 3681 2912 3750 ejus
2952 3700 2971 3738 :
3008 3685 3152 3740 illum
3193 3689 3330 3744 sicut
3367 3699 3602 3762 patrem,
3631 3694 3795 3752 istam

2198 3762 2334 3818 sicut
2376 3775 2599 3823 matrem
2627 3786 2640 3835 ;
2683 3769 2829 3826 illum
2861 3775 2994 3829 sicut
3021 3777 3293 3834 dominum
3319 3822 3334 3850 ,
3365 3781 3500 3838 hanc
3523 3785 3660 3840 sicut
3687 3801 3792 3842 an-

2198 3857 2372 3912 cillam
2415 3861 2565 3930 ejus;
2605 3864 2725 3936 quia
2759 3867 2846 3922 ﬁlii
2878 3871 3084 3928 ancilla:
3115 3875 3280 3944 ipsius
3307 3891 3510 3932 sumus.
3543 3878 3648 3934 Sed
3677 3897 3793 3938 ma-

2199 3949 2504 4008 trimonium
2533 3953 2634 4010 hoc
2661 3973 2846 4029 magna
2876 3960 3135 4022 charitate
3159 3969 3556 4040 compaginatur
3581 3989 3594 4026 :
3627 3989 3794 4031 nemo

2199 4042 2417 4098 offendit
2459 4064 2620 4103 unum
2647 4091 2662 4114 ,
2695 4061 2748 4106 et
2775 4067 3110 4124 promeretur
3135 4059 3379 4116 alterum.
3413 4063 3580 4119 Nemo
3606 4066 3790 4138 dicat,

2199 4135 2278 4189 Ad
2323 4137 2462 4192 idola
2501 4140 2712 4210 quidem
2745 4144 2908 4212 vado,
2937 4151 3240 4220 arreptitios
3267 4163 3320 4208 ct
3349 4157 3625 4228 sortilegos
3654 4135 3794 4214 con;

2199 4229 2315 4283 sulo
2350 4249 2362 4283 :
2401 4231 2493 4286 sed
2524 4241 2700 4290 tamen
2729 4237 2819 4292 Dei
2847 4239 3134 4298 Ecclesiam
3163 4261 3265 4302 non
3293 4247 3570 4321 relinquo;
3603 4251 3794 4310 catho-

2199 4317 2332 4375 licus
2375 4335 2511 4376 smn.
2551 4323 2761 4382 Tenens
2801 4339 3023 4388 matrem
3047 4375 3063 4402 ,
3091 4334 3356 4393 offendisti
3386 4317 3608 4410 patrem.
3641 4343 3794 4400 Alius

2202 4413 2326 4466 item
2363 4413 2510 4480 dicit,
2538 4418 2689 4474 Absit
2716 4435 2744 4473 a
2773 4437 2859 4478 me
2886 4440 2900 4490 ;
2930 4440 3032 4480 non
3060 4430 3281 4485 consulo
3309 4433 3644 4504 sortilegum,
3679 4451 3792 4492 non

2199 4521 2381 4576 quer
2426 4512 2756 4582 arreptitium
2783 4555 2798 4582 ,
2833 4533 2938 4572 non
2982 4535 3164 4590 quzcro
3189 4521 3537 4582 divinationes
3563 4529 3793 4586 sacrile-

2197 4615 2311 4671 gas,
2345 4617 2450 4657 non
2490 4619 2554 4660 eo
2599 4607 2664 4661 ad
2700 4608 2966 4666 adoranda
3010 4614 3292 4686 dmmonia,
3323 4635 3429 4674 non
3455 4623 3629 4677 servio
3657 4623 3782 4694 lapi.

2199 4694 2352 4752 dibus
2389 4697 2522 4752 :sed
2572 4707 2746 4756 tamen
2788 4701 2840 4757 in
2889 4713 3037 4774 parte
3077 4707 3266 4764 Donati
3313 4727 3450 4768 sum.
3497 4713 3631 4782 Quid
3691 4719 3791 4776 tibi

2199 4787 2416 4858 prodest
2437 4805 2539 4845 non
2569 4791 2801 4850 offensus
2825 4795 2998 4864 Pater,
3018 4800 3103 4870 qui
3126 4801 3380 4858 offensam
3403 4805 3638 4861 vindicat
3669 4825 3790 4862 ma-

2203 4891 2332 4936 trem
2353 4883 2377 4934 ?
2398 4883 2525 4954 quid
2557 4885 2771 4956 prodest
2795 4889 2837 4944 si
2869 4889 3142 4947 Domimun
3175 4897 3445 4957 conﬁteris
3463 4941 3478 4968 ,
3505 4899 3664 4954 Demn
3690 4901 3792 4958 ho-

2201 4990 2358 5054 noras
2376 5017 2390 5040 ,
2417 4976 2586 5046 ipsum
2615 4979 2869 5048 prmdicas
2895 5025 2908 5046 ,
2940 4981 3128 5038 Filium
3156 4987 3271 5056 ejus
3294 4991 3536 5058 agno-cis
3556 5034 3570 5057 ,
3594 4993 3792 5048 seden-

2201 5047 2304 5120 tem
2333 5065 2398 5120 ad
2427 5067 2596 5123 Patris
2619 5047 2888 5126 dexteram
2915 5047 3224 5146 confiteris;
3250 5089 3302 5134 et
3323 5047 3660 5152 blasphemas
3685 5085 3792 5140 Ec~

2198 5157 2412 5212 clesiam
2449 5160 2600 5230 ejus?
2637 5163 2750 5218 Non
2775 5173 2824 5220 te
2850 5167 3122 5238 corrigunt
3146 5173 3391 5244 exetupla
3418 5174 3631 5232 humani
3660 5193 3792 5234 con—

2190 5251 2366 5322 iugii?
2409 5253 2464 5308 Si
2509 5257 2732 5314 haberes
2779 5261 3008 5334 aliquem
3055 5273 3373 5336 patronum,
3424 5270 3508 5324 cui
3549 5271 3791 5342 quotidie

2196 5347 2569 5418 obsequereris
2605 5394 2621 5420 ,
2676 5354 2827 5426 cujus
2877 5355 3056 5413 limina
3105 5362 3386 5418 serviendo
3429 5375 3737 5422 contereres
3769 5412 3787 5436 ,

2259 5483 2383 5564 1-5}?
2401 5486 2748 5564 99%???”
2771 5497 2874 5564 “83:
2911 5491 3015 5564 “ii!
3035 5507 3122 5564 ne?
3144 5497 3454 5564 rerum”
3473 5499 3671 5564 erm.
3693 5503 3788 5554 sed

2193 5550 2378 5626 anitum
2401 5547 2553 5626 verbis
2575 5549 2760 5626 agimus
2777 5585 2791 5610 ,
2824 5560 2924 5626 etc.
2953 5547 3011 5626 At
3041 5547 3452 5626 editio'lov.,
3473 5547 3788 5626 togata;

2191 5605 2412 5682 gratiam
2429 5621 2445 5657 :
2465 5609 2506 5682 si
2529 5605 2710 5682 lanium
2735 5605 2892 5682 verbis
2913 5605 3098 5682 agimus
3111 5605 3133 5679 ;ﬁ
3154 5605 3352 5673 afﬁni
3365 5605 3787 5682 'ibbd,"r'e"té}ié3

2191 5681 2314 5734 ntus,
2337 5671 2616 5734 habetcum
2637 5679 2732 5734 tua,
2753 5671 3078 5731 retribuimus.

2187 5791 2204 5840 1
2255 5733 2294 5839 'R
2309 5733 2556 5842 Partigiula,
2580 5748 2690 5796 non,
2707 5733 2882 5790 deerat
2903 5743 2954 5792 in
2979 5743 3108 5803 Edd.,
3135 5758 3228 5794 nec
3261 5755 3458 5812 reperta
3483 5748 3562 5800 hic
3587 5757 3662 5800 est
3683 5749 3782 5800 nili

2209 5805 2238 5838 n
2299 5807 2409 5842 ean
2471 5809 2512 5842 s.
3217 5829 3224 5838 -

2209 5805 2238 5838 n
2265 5805 2409 5854 nemo
2432 5805 2512 5842 Ms.
3217 5829 3224 5838 -

2255 5855 2274 5884 ³
2309 5857 2436 5936 nudi,
2455 5865 2540 5936 unt
2563 5871 2654 5908 non
2679 5862 2934 5914 credendo.
2965 5867 3206 5926 Particulo,
3240 5883 3352 5932 non,
3385 5873 3526 5928 abest
3546 5885 3574 5936 β
3597 5879 3700 5930 Itss.
3723 5881 3786 5930 α

2191 5915 2365 5970 abesse
2387 5919 2556 5978 debet.
