4084 6474
303 374 435 431 ΗΜ

301 509 460 566 quem
500 489 772 562 quotidie,
806 503 910 545 non
938 486 1060 543 dico
1088 485 1369 552 salutares,
1395 482 1489 538 sed
1515 490 1569 537 et
1594 480 1848 535 adorares
1872 519 1885 542 ,

301 585 387 642 cui
434 582 772 654 impenderes
806 580 980 639 fidelia
1012 580 1262 650 obsequia
1288 598 1303 643 ;
1332 578 1378 633 si
1405 592 1567 631 unum
1595 575 1797 630 crimen
1826 574 1893 630 de

301 681 420 753 ejus
445 680 675 749 conjuge
699 676 904 733 diceres
926 717 942 742 ,
971 674 1226 745 numquid
1247 672 1465 728 domum
1486 671 1603 739 ejus
1626 668 1894 724 intrares?

302 774 507 831 Tencte
549 787 717 843 erga,
762 768 1092 835 citatissimi,
1141 776 1318 823 tenete
1360 779 1548 820 omnes
1576 762 1897 818 unanimiter

303 867 470 922 Deum
515 874 718 936 patrem
744 908 758 931 ,
801 871 854 919 et
893 871 1113 917 matrem
1156 861 1469 916 Ecclesiam.
1502 856 1745 913 Natalitia
1772 858 1897 910 san-

300 968 512 1017 clarum
539 972 660 1013 cum
688 955 977 1020 sobrietate
1007 953 1271 1010 celebrate
1295 994 1307 1013 .
1332 961 1390 1007 ut
1411 952 1679 1006 imitemur
1699 962 1790 1003 eos
1809 948 1896 1018 qui

300 1058 698 1125 praecesserunt
736 1059 788 1105 et
828 1047 1090 1119 gaudeant
1118 1046 1184 1102 de
1207 1044 1358 1101 vobis
1386 1044 1476 1114 qui
1505 1049 1658 1097 orant
1686 1055 1784 1110 pro
1806 1053 1899 1095 vo~

303 1144 381 1198 bis
408 1161 421 1207 ;
470 1152 529 1197 ttt
558 1143 573 1173 ¹
615 1140 891 1207 benedictio
926 1138 1129 1195 Domini
1156 1137 1207 1192 in
1234 1146 1475 1193 aeternum
1502 1139 1716 1190 maneat
1740 1145 1901 1201 super

303 1253 396 1293 vos
425 1256 438 1292 :
468 1237 591 1306 ﬁat,
620 1237 731 1307 ﬁat.

618 1462 699 1522 IN
741 1459 1125 1522 PSALMUM
1174 1456 1515 1521 LXXXIX

899 1602 1030 1663 ENA
1040 1600 1317 1659 RRATIO.

378 1724 431 1776 l.
456 1718 612 1794 [rem
643 1719 721 1793 1.]
746 1719 924 1775 Oratio
952 1718 1121 1790 Meysi
1151 1718 1367 1773 hominis
1390 1716 1518 1784 Dei,
1545 1716 1785 1787 psalmus
1805 1715 1905 1771 isto

307 1824 636 1888 praenotatur
678 1834 690 1868 :
736 1831 834 1885 per
873 1829 1034 1885 quem
1062 1813 1329 1867 hominem
1361 1826 1515 1867 suum
1546 1810 1684 1866 Deus
1709 1808 1904 1879 Legem

306 1909 450 1963 dedit
482 1908 676 1977 populo
706 1921 804 1961 suo
828 1946 842 1970 ,
874 1920 1030 1975 quem
1066 1920 1160 1974 per
1183 1903 1429 1960 eumdem
1458 1902 1726 1957 hominem
1749 1915 1903 1956 suum

306 2001 376 2055 de
412 2000 575 2054 domo
613 1998 889 2053 servitutis
929 1996 1187 2061 liberans,
1230 1994 1575 2065 quadraginta
1617 2007 1785 2047 annos
1811 2006 1906 2060 per

308 2106 551 2147 eremum
578 2090 746 2145 duxit.
782 2088 902 2144 Fuit
931 2103 1058 2159 ergo
1080 2087 1288 2159 Moyses
1315 2088 1554 2141 minister
1579 2081 1907 2139 Testameuti

313 2182 528 2239 Veteris
548 2224 565 2249 ,
592 2192 642 2238 et
669 2180 927 2251 propheta
959 2181 1281 2236 Testamenti
1312 2179 1464 2234 Novi.
1501 2176 1685 2233 Omnia
1712 2177 1907 2248 quippe

309 2276 405 2331 illa
428 2277 483 2330 in
512 2277 673 2346 ﬁgura
702 2275 1053 2346 contingebant
1078 2276 1130 2329 in
1159 2276 1291 2339 illis,
1325 2278 1462 2330 sicut
1480 2275 1553 2328 ait
1577 2274 1863 2344 Apostolus
1890 2292 1903 2328 :

308 2372 501 2437 scripta
545 2379 660 2424 sunt
704 2380 871 2423 autem
916 2370 983 2421 ad
1025 2369 1390 2438 correptionem
1416 2376 1676 2434 nostram,
1705 2367 1760 2420 in
1784 2382 1908 2437 quos

310 2465 426 2533 ﬁnis
455 2462 756 2518 swculorum
785 2462 976 2519 obuenit
1006 2461 1048 2534 (l
1076 2460 1194 2515 Cor.
1221 2477 1252 2515 κ
1271 2502 1284 2525 ,
1312 2462 1419 2528 Η).
1443 2458 1744 2515 Secundum
1771 2458 1909 2515 hanc

307 2573 436 2627 ergo
476 2556 929 2626 dispensationem
970 2571 1091 2625 quae
1135 2554 1270 2611 facta
1309 2562 1391 2609 est
1419 2569 1513 2624 per
1542 2554 1792 2625 Moysen,
1824 2553 1908 2606 in-

310 2648 615 2718 spiciendus
641 2658 722 2703 est
748 2648 847 2701 iste
876 2648 1108 2717 psalmus
1125 2687 1138 2713 ,
1169 2647 1261 2717 qui
1286 2663 1352 2701 ex
1378 2645 1493 2715 ejus
1517 2646 1759 2700 oratione
1781 2648 1904 2700 titu-

312 2742 419 2795 lum
450 2742 676 2809 accepit.

377 2833 432 2888 2.
481 2832 698 2887 Domine
720 2874 737 2899 ,
784 2833 984 2903 inquit,
1025 2833 1275 2904 refugium
1308 2835 1468 2903 factus
1497 2850 1548 2888 es
1573 2832 1714 2887 nobis
1743 2833 1796 2887 in
1824 2850 1911 2905 ge-

310 2928 571 2981 neratione
612 2936 657 2980 et
698 2927 1021 2997 generatione
1063 2941 1082 2978 :
1122 2927 1232 2980 sive
1270 2927 1322 2980 in
1360 2927 1503 2980 omni
1534 2927 1905 2997 generatione,

308 3021 423 3075 sive
455 3021 510 3074 in
540 3019 748 3075 duabus
772 3019 1206 3090 generationibus
1231 3060 1244 3083 ,
1272 3030 1454 3075 vetere
1479 3029 1534 3075 et
1558 3036 1731 3085 nova;
1763 3022 1906 3091 quia,

310 3113 447 3168 sicut
469 3111 581 3167 dixi
602 3153 617 3177 ,
651 3112 892 3167 minister
918 3112 1013 3165 fuit
1038 3112 1125 3167 ille
1151 3112 1479 3167 Testameuti
1510 3115 1822 3183 pertinentis
1840 3114 1908 3169 ad

310 3201 712 3273 generationem
725 3210 1037 3265 veterem,et
1048 3202 1638 3272 ProphetaTestamenti
1653 3207 1913 3276 pertinen-

315 3294 381 3349 tis
399 3292 468 3349 ad
494 3293 889 3364 generationem
920 3309 1130 3348 novam.
1145 3294 1310 3364 Cujus
1321 3295 1643 3352 Testatuenti
1664 3302 1908 3368 'sponsor,

312 3403 648 3458 sponsusqne
676 3387 905 3459 conjugii
934 3388 1075 3459 quod
1103 3388 1170 3444 de
1201 3389 1289 3443 illa
1314 3391 1661 3460 generatione
1691 3393 1912 3447 sortitus

314 3492 396 3539 est
416 3522 430 3543 ,
470 3481 547 3535 ait
584 3481 697 3548 ipse
724 3480 880 3535 lesus
908 3498 921 3532 :
953 3482 1015 3536 Si
1042 3480 1307 3544 crederetis
1338 3482 1508 3561 Moysi
1529 3526 1541 3548 ,
1572 3486 1839 3539 crederetis
1864 3495 1914 3539 et

315 3573 440 3652 mihi
462 3592 481 3638 ;
512 3573 576 3652 de
596 3591 674 3628 me
698 3572 830 3627 enim
858 3574 944 3631 ille
964 3582 1163 3652 Scripsit
1190 3580 1367 3652 (John.
1395 3597 1457 3648 ν,
1487 3583 1601 3647 46).
1628 3576 1746 3639 Non
1771 3578 1913 3633 enim

307 3649 630 3703 eralendum
662 3657 743 3704 est
767 3657 836 3703 ab
863 3663 980 3719 ipso
1005 3649 1224 3705 omnino
1248 3650 1430 3721 Moyse
1453 3652 1610 3709 istum
1638 3652 1898 3721 psalmum

311 3739 473 3795 fuisse
512 3741 903 3811 conscriptum,
947 3740 1035 3811 qui
1067 3740 1185 3797 ullis
1210 3743 1324 3811 ejus
1352 3742 1544 3799 litteris
1572 3742 1769 3799 inditus
1796 3758 1902 3801 non

310 3840 389 3887 est
407 3875 421 3900 ,
455 3832 509 3889 in
538 3832 731 3903 quibus
758 3833 875 3904 ejus
899 3833 1102 3893 cantica
1132 3834 1329 3904 scripta
1358 3843 1484 3890 sunt
1517 3854 1527 3889 :
1559 3836 1652 3891 sed
1680 3836 1903 3905 alicujus

312 3924 713 3994 significationis
748 3926 915 3995 gratia
960 3935 1064 3985 tam
1105 3927 1281 3997 magni
1311 3926 1486 3983 meriti
1514 3929 1650 3982 servi
1682 3929 1771 3983 Dei
1801 3943 1901 3983 no-

315 4032 435 4070 men
485 4017 780 4071 adhibitum
821 4026 937 4083 est,
981 4034 1047 4074 ex
1090 4034 1196 4090 quo
1225 4019 1541 4090 dirigeretur
1567 4021 1789 4091 legentis
1820 4021 1904 4077 vel

315 4107 578 4163 audientis
621 4109 862 4165 intentio.
894 4108 1085 4165 Factus
1113 4126 1163 4165 es
1189 4125 1316 4180 ergo
1344 4110 1484 4166 nobis
1510 4152 1525 4179 ,
1557 4112 1722 4183 inquit
1747 4154 1759 4177 ,
1799 4113 1904 4166 Uo-

316 4201 473 4267 mine,
502 4201 753 4272 refugium
773 4201 824 4256 in
842 4203 1163 4272 generatione
1185 4212 1231 4257 et
1257 4204 1590 4275 generatione.

385 4294 438 4348 3.
473 4291 622 4365 [σενι.
655 4291 734 4366 2.]
760 4292 926 4362 Quale
951 4304 1128 4350 autem
1157 4294 1414 4367 refugium
1446 4296 1612 4357 factus
1637 4297 1742 4360 sit,
1774 4313 1907 4367 quo.

319 4386 458 4440 niam
497 4385 700 4442 scilicet
739 4386 896 4476 nobig
930 4387 1091 4458 etrapit
1117 4398 1237 4443 esse
1263 4388 1403 4458 quod
1435 4403 1537 4445 non
1569 4399 1712 4453 erat,
1747 4389 1797 4444 id
1827 4397 1910 4446 est

319 4477 578 4548 refugium
600 4521 615 4544 ,
659 4494 763 4534 non
806 4488 980 4536 autem
1019 4480 1131 4549 ipse
1164 4494 1269 4541 non
1301 4488 1417 4537 erat
1443 4493 1724 4551 antequam
1758 4484 1910 4541 nobis

320 4579 459 4624 esset
499 4568 759 4642 refugium
781 4614 796 4638 ,
827 4582 1040 4627 secutus
1067 4571 1308 4642 adiatixit
1340 4592 1353 4626 :
1384 4572 1690 4645 Priusquam
1719 4585 1911 4631 montes

320 4661 529 4727 ﬁerent,
559 4670 606 4715 et
654 4664 956 4734 formai-ctu;-
983 4673 1119 4719 terra
1145 4674 1190 4717 et
1217 4664 1349 4719 orbis
1380 4674 1554 4729 tet-rte,
1605 4676 1652 4719 et
1692 4684 1723 4719 a
1749 4683 1909 4721 saecu-

320 4750 368 4804 lo
402 4752 422 4781 ¹
462 4767 618 4822 usque
642 4753 693 4809 in
719 4754 961 4809 sazculum
1022 4765 1076 4811 tu
1111 4772 1181 4810 es.
1237 4756 1315 4811 Tu
1371 4772 1497 4828 ergo
1552 4759 1639 4828 qui
1699 4773 1913 4829 semper

321 4857 410 4908 es,
461 4852 518 4899 et
601 4855 881 4916 antequam
948 4861 1224 4919 essemus,
1287 4857 1343 4911 et
1408 4860 1689 4922 antequam
1758 4868 1913 4907 mutt-

322 4935 421 4991 dns
477 4946 639 5003 esset,
680 4938 939 5011 refugium
995 4956 1060 4999 ex
1102 4957 1207 5013 quo
1252 4941 1317 4997 ad
1365 4951 1417 4999 te
1458 4946 1699 5000 conversi
1726 4960 1913 5003 sumus

324 5028 491 5086 lactus
538 5045 599 5086 es
655 5032 826 5088 nobis.
852 5032 962 5089 Non
988 5033 1115 5088 mibi
1158 5042 1334 5089 autem
1374 5035 1582 5099 videtur
1630 5046 1914 5108 utcumque

325 5121 725 5194 intelligendum
788 5125 929 5196 quod
967 5128 1077 5194 ait,
1108 5125 1416 5196 Priusquam
1464 5138 1653 5182 montes
1703 5130 1911 5198 ﬁerent,

324 5219 725 5286 et.[ormaretur
769 5224 945 5284 terra;
982 5218 1099 5285 vel,
1143 5218 1280 5275 sicut
1316 5220 1404 5274 alii
1440 5219 1652 5275 codices
1680 5219 1913 5291 habent,

326 5308 464 5379 quod
510 5308 579 5364 de
616 5323 721 5363 uno
758 5308 920 5365 verbo
946 5325 1122 5382 grreco
1161 5326 1469 5381 expressum
1499 5320 1612 5379 est,
1646 5313 1918 5384 ﬁngeretur

326 5413 479 5457 terra.
522 5401 729 5459 Montes
764 5404 956 5473 quippe
996 5412 1170 5473 partes
1215 5413 1371 5459 terra:
1414 5414 1537 5459 sunt
1574 5404 1790 5460 altiores
1821 5423 1834 5458 :
1864 5412 1919 5461 et

327 5496 510 5566 utique
548 5495 593 5550 si
624 5503 904 5567 antequam
938 5494 1255 5551 formaretur
1278 5503 1418 5552 terra
1447 5496 1583 5553 Deus
1607 5498 1719 5562 est,
1752 5514 1781 5553 a
1811 5512 1920 5568 quo

329 5598 471 5644 terra
517 5588 741 5644 formata
784 5598 909 5655 est;
949 5591 1075 5659 quid
1118 5605 1367 5661 magnum
1413 5590 1481 5646 de
1522 5592 1791 5647 montibus
1834 5592 1921 5650 vel

327 5680 654 5753 quibuslibet
691 5682 810 5738 aliis
855 5682 970 5754 ejus
1003 5682 1241 5754 partibus
1273 5682 1504 5751 dicitur,
1534 5698 1655 5739 cum
1681 5686 1750 5740 sit
1778 5684 1919 5742 Deus

287 5784 301 5817 ⁸
392 5798 412 5829 ι
444 5794 584 5845 corb.
608 5800 715 5855 Is,
751 5800 815 5844 et.

392 5859 413 5890 '
449 5850 1470 5927 Alujuotuss.,etamtdoetusque,etc.

1408 357 1803 418 ENARRATIO
1836 355 1907 427 ΙΝ
1946 354 2271 415 ΡΒΑΙιΜυΜ
2308 360 2597 419 LXXXIX.

3452 377 3593 433 1ft!

2001 492 2106 532 non
2137 481 2307 535 solum
2335 492 2458 538 ante
2489 495 2700 551 terram,
2734 487 2824 541 sed
2852 498 2905 543 et
2934 502 3054 545 ante
3082 494 3275 550 coelum
3299 506 3352 552 ct
3374 507 3592 567 terram,

2005 576 2060 623 et
2082 580 2204 625 ante
2223 585 2436 637 omnem
2457 577 2783 647 corporalem
2806 582 3239 660 spiritualemque
3259 596 3595 651 etcaturam!

1998 662 2103 719 Sed
2146 664 2394 722 nimirum
2435 671 2677 726 universa
2718 683 2956 731 creatura
3000 680 3271 739 rationalis
3308 685 3407 741 hac
3442 686 3596 745 diffe-

2001 760 2170 814 rentia
2213 760 2437 817 fortasse
2470 764 2715 822 distincta
2757 778 2871 837 est,
2912 779 2967 826 ut
2993 776 3250 831 montium
3279 779 3494 843 nomine
3518 782 3595 838 εἱ-

2002 850 2316 920 gniﬁcentur
2352 853 2692 914 celsitudines
2732 861 3050 931 Angelorum
3071 909 3084 932 ,
3115 876 3169 922 et
3199 877 3352 925 terrae
3379 872 3598 932 nomine

1988 940 2274 1013 'huntilitas
2304 944 2599 1003 hominum.
2625 948 2689 1004 Et
2715 952 2833 1008 ideo
2856 957 3096 1024 quamvis
3115 961 3291 1015 omnia
3309 977 3428 1033 quze
3445 978 3597 1022 crea-

2007 1041 2055 1087 ta
2099 1046 2255 1102 sunt,
2290 1052 2397 1092 non
2430 1039 2716 1111 incongrue
2745 1045 2830 1099 vel
2858 1046 2989 1102 facta
3045 1052 3125 1105 vel
3166 1051 3386 1111 formata
3414 1056 3595 1114 dican-

2004 1139 2130 1197 tur;
2170 1138 2349 1186 tamen
2389 1132 2432 1187 si
2463 1134 2738 1189 verborum
2770 1136 2989 1195 istorum
3020 1153 3101 1197 est
3127 1145 3228 1201 ulla
3263 1150 3591 1219 proprietas,

2006 1224 2127 1280 facti
2157 1234 2281 1281 sunt
2311 1228 2495 1296 Angeli
2517 1269 2532 1293 ,
2562 1227 2651 1298 qui
2677 1244 2796 1283 cum
2827 1231 2877 1285 in
2904 1232 3016 1302 ejus
3041 1236 3342 1295 ctelestibus
3371 1256 3593 1298 enume-

2005 1325 2251 1370 rarentur
2288 1317 2536 1387 operibus
2556 1358 2571 1383 ,
2612 1319 2681 1373 ita
2711 1324 3041 1379 enumeratio
3069 1327 3178 1394 ipsa
3202 1332 3450 1388 conclusa
3477 1342 3594 1404 est,

2006 1405 2131 1477 Ipse
2159 1409 2306 1473 dixit,
2339 1418 2384 1463 et
2413 1410 2549 1481 facta
2575 1421 2729 1478 sunt;
2755 1421 2862 1484 ipse
2888 1417 3145 1473 mandavit
3167 1463 3179 1485 ,
3214 1432 3259 1474 et
3287 1436 3453 1480 creata
3479 1436 3597 1483 sunt

2009 1499 2181 1570 (Psal.
2211 1516 2404 1557 chvut
2426 1544 2441 1569 ,
2472 1503 2532 1573 5)
2565 1522 2577 1557 :
2610 1506 2751 1562 unde
2774 1518 2949 1563 autem
2978 1510 3135 1565 homo
3162 1515 3449 1571 secundum
3472 1535 3595 1575 cor-

2011 1609 2107 1661 pus
2152 1593 2336 1658 ﬁeret,
2382 1605 2519 1649 terra
2562 1596 2782 1651 formata
2829 1608 2929 1655 est.
2970 1590 3101 1657 Nam
3130 1602 3232 1659 hoc
3262 1606 3422 1662 verbo
3451 1609 3594 1665 Scri-

2011 1697 2160 1757 ptura
2190 1690 2374 1755 utitur,
2398 1690 2484 1745 ubi
2516 1691 2755 1762 legimus,
2780 1693 2889 1758 vel,
2920 1692 3095 1749 Finxit
3124 1694 3262 1752 Deus
3279 1717 3298 1766 ;
3324 1701 3431 1767 vel,
3460 1701 3594 1757 For-

2009 1780 2161 1834 mavit
2190 1779 2325 1835 Deus
2356 1781 2605 1836 hominem
2658 1783 2721 1837 de
2750 1783 2870 1839 limo
2901 1795 3048 1841 terra:
3075 1786 3226 1858 (Gen.
3262 1806 3317 1855 n-,
3351 1790 3425 1864 7).
3458 1792 3597 1867 Ergo

2010 1871 2314 1941 priusquam
2364 1872 2552 1929 fierent
2576 1890 2636 1929 ea
2666 1891 2784 1946 quae
2816 1877 2865 1930 in
2888 1888 3132 1934 creatura
3160 1888 3247 1934 tua
3279 1898 3485 1940 summa
3516 1896 3596 1943 at-

2009 1980 2113 2034 que
2132 1980 2318 2036 magna
2343 1974 2501 2031 sunt;
2534 1968 2658 2038 quid
2694 1969 2836 2024 enim
2877 1971 3046 2038 majus
3098 1973 3343 2029 rationali
3392 1979 3596 2037 caelesti

2011 2070 2251 2113 creatura
2271 2064 2292 2111 ’ἐ
2332 2070 2384 2115 et
2411 2062 2715 2132 priusquam
2744 2064 3030 2134 fingeretur
3056 2076 3193 2122 terra
3215 2112 3228 2135 ,
3258 2078 3316 2125 ut
3342 2083 3483 2129 esset
3507 2074 3596 2147 qui

2012 2160 2063 2205 te
2092 2161 2405 2222 agnosceret
2430 2162 2485 2208 et
2510 2154 2748 2209 laudaret
2775 2157 2825 2209 in
2856 2165 2993 2212 terra
3022 2176 3034 2213 :
3066 2167 3120 2214 et
3150 2159 3252 2217 hoc
3277 2178 3464 2233 parum
3494 2175 3596 2235 est,

2012 2244 2131 2314 quia
2161 2244 2259 2299 ista
2290 2255 2586 2313 cmperuut,
2612 2246 2721 2301 sive
2770 2247 2822 2301 in
2865 2257 3125 2317 tempore,
3164 2253 3278 2309 sive
3314 2271 3438 2311 eum
3469 2266 3589 2313 tem-

2014 2353 2174 2409 pore;
2204 2338 2299 2393 scd
2326 2356 2358 2392 a
2382 2341 2566 2394 steculo
2591 2350 2639 2394 et
2677 2358 2832 2409 usque
2869 2345 2922 2398 in
2951 2344 3195 2401 monium
3236 2358 3288 2402 tu
3327 2367 3399 2406 es.
3444 2352 3597 2423 Quod

2012 2432 2415 2486 couvenientius
2444 2432 2728 2500 diceretur,
2764 2435 2843 2491 Ab
2866 2444 3067 2493 aeterno
3094 2439 3145 2494 in
3176 2450 3434 2500 :cternum
3456 2464 3470 2502 :
3494 2465 3601 2504 non

2012 2530 2153 2584 enim
2174 2544 2204 2584 a
2224 2530 2423 2585 smculo
2452 2530 2610 2595 Deus,
2645 2531 2728 2599 qui
2770 2543 2851 2587 est
2890 2543 3012 2590 ante
3043 2538 3231 2592 saecula
3258 2555 3271 2603 ;
3300 2550 3392 2596 aut
3431 2518 3597 2615 usque

2014 2624 2066 2677 in
2102 2624 2379 2691 saeculum,
2406 2624 2556 2693 cujus
2583 2634 2667 2680 est
2690 2624 2831 2693 ﬁnis,
2855 2643 2976 2681 cum
3004 2629 3071 2681 sit
3095 2628 3183 2685 ille
3206 2632 3321 2687 sine
3343 2632 3469 2690 line.
3491 2635 3596 2695 Sed

2014 2732 2077 2771 ex
2106 2716 2354 2787 ambiguo
2400 2716 2561 2771 verba
2598 2732 2773 2787 graeco
2799 2718 2857 2772 ﬁt
2886 2720 3197 2794 plerumque
3226 2724 3275 2779 in
3308 2725 3597 2798 Scripturis

2014 2819 2071 2865 ut
2096 2812 2180 2866 vel
2201 2811 2451 2865 saeculum
2487 2828 2582 2881 pro
2609 2822 2809 2866 {Bit‘lino
2829 2856 2841 2873 ,
2878 2815 2958 2868 vel
2990 2824 3248 2872 aeternum
3275 2834 3373 2891 pro
3403 2823 3598 2880 saeculo

2015 2906 2399 2976 punatlatinus
2451 2906 2735 2975 interpres.
2775 2905 2987 2977 Optime
3037 2918 3213 2966 autem
3266 2928 3371 2969 non
3415 2916 3525 2983 ait,
3554 2917 3598 2993 ᾼ

2015 2998 2211 3053 saeculo
2253 2998 2504 3064 tu‘fuisti,
2534 3008 2587 3051 et
2618 3013 2785 3066 usuue
2835 2999 2887 3054 in
2937 3001 3189 3055 sreculum
3222 3012 3277 3058 tu
3323 3005 3432 3061 eris
3462 3023 3475 3060 :
3506 3006 3599 3065 sed

2017 3090 2298 3160 praesentis
2345 3087 2748 3158 signiﬁcationis
2800 3089 3018 3145 verbum
3069 3094 3276 3163 posuit,
3330 3096 3601 3155 insinuans

2018 3184 2108 3237 Dei
2154 3182 2503 3236 substantiam
2552 3184 2693 3235 omni
2750 3182 2909 3237 modo
2960 3183 3479 3259 incommutabilem,
3514 3191 3602 3261 ubi

2019 3289 2121 3327 non
2144 3284 2245 3338 est,
2282 3272 2420 3339 Fuit,
2453 3281 2507 3327 et
2538 3272 2679 3338 Erit;
2715 3272 2805 3327 sed
2836 3282 3058 3340 tantum,
3091 3276 3200 3331 Est.
3225 3275 3379 3334 Unde
3401 3279 3601 3339 dictum

2017 3375 2099 3422 est
2129 3384 2143 3433 ;
2184 3366 2292 3438 Ego
2317 3383 2426 3420 sum
2449 3366 2535 3436 qui
2583 3381 2727 3430 sum;
2753 3378 2825 3433 et,
2858 3366 2956 3434 Qui
2985 3376 3076 3430 est,
3100 3369 3233 3423 misit
3282 3388 3359 3425 me
3403 3372 3471 3426 ad
3517 3390 3603 3430 vos

2019 3458 2210 3528 (Exod.
2241 3474 2314 3521 ut,
2338 3456 2461 3529 14);
2489 3467 2561 3521 et,
2594 3457 2814 3512 Mutabis
2841 3475 2918 3520 ea,
2947 3468 2991 3512 et
3018 3462 3341 3519 mutabuntur
3363 3479 3383 3529 ;
3410 3473 3464 3518 tu
3504 3481 3601 3519 au-

2018 3564 2115 3606 tem
2143 3552 2275 3605 idem
2302 3551 2408 3622 ipse
2426 3567 2497 3617 es,
2521 3561 2566 3604 et
2594 3551 2715 3604 anni
2736 3551 2809 3604 tui
2834 3567 2935 3604 non
2961 3549 3192 3619 deﬁcient
3216 3554 3385 3637 (Ρειιιἶ
3412 3571 3480 3637 et,
3510 3555 3603 3637 27,

2005 3643 2051 3684 et
2075 3642 2191 3701 κδ).
2226 3640 2363 3683 hcce
2387 3643 2504 3699 qum
2539 3636 2809 3682 :etermtas
2862 3633 2994 3681 tacta
3021 3637 3103 3682 est
3127 3638 3281 3682 notus
3309 3630 3594 3699 relugium,

2007 3731 2064 3776 ut
2092 3722 2144 3778 in
2165 3738 2226 3777 ea
2254 3722 2510 3789 mansuri,
2538 3721 2605 3775 ad
2634 3736 2751 3776 eam
2791 3719 2857 3775 de
2884 3713 2984 3774 hac
3032 3721 3289 3791 temporis
3330 3723 3598 3780 mutabili-

2010 3822 2115 3868 tate
2145 3813 2423 3882 fugiamus.

2078 3907 2131 3960 t.
2165 3902 2315 3977 [vers.
2347 3902 2427 3975 5.]
2454 3902 2560 3959 Sed
2580 3902 2830 3973 quoniam
2883 3917 3002 3957 cum
3036 3902 3121 3957 hic
3166 3918 3373 3973 sumus,
3397 3890 3596 3962 in‘ma-

2007 3997 2194 4068 gniset
2222 3997 2403 4052 multis
2430 3994 2812 4075 tentationibus
2836 3995 3081 4061 vivimus,
3114 3997 3307 4066 quibus
3330 4012 3398 4053 ne
3439 4012 3596 4053 aver-

2010 4100 2187 4146 tamur
2239 4088 2308 4142 ab
2356 4092 2459 4142 isto
2502 4088 2705 4156 refugio
2736 4087 3085 4143 metuendum
3134 4096 3256 4153 est;
3296 4088 3600 4145 intueamur

2010 4182 2137 4254 quid
2191 4193 2580 4251 consequenter
2628 4181 2801 4235 oratio
2851 4188 3037 4250 poscat
3084 4180 3314 4236 hominis
3359 4181 3472 4237 Dei.
3517 4180 3599 4236 Ne

2011 4283 2208 4330 avertas
2234 4274 2485 4328 hominem
2503 4272 2556 4325 in
2582 4272 2916 4326 humilitatem
2940 4288 2960 4325 :
2982 4270 3031 4325 id
3055 4279 3157 4340 est,
3177 4286 3245 4326 ne
3269 4286 3296 4325 a
3320 4271 3424 4326 tuis
3438 4281 3599 4329 teter-

2013 4368 2096 4423 nis
2120 4374 2279 4435 atque
2299 4364 2613 4421 sublimibus
2654 4364 2814 4420 humo
2857 4379 3098 4429 aversus,
3128 4365 3438 4435 temporalia
3466 4379 3597 4421 con-

2014 4459 2271 4528 cupiscat,
2300 4459 2573 4526 sapiatque
2600 4464 2832 4511 terrena.
2873 4456 2941 4511 Et
2964 4454 3114 4511 baca
3144 4456 3254 4512 Deo
3280 4457 3414 4527 petit
3458 4457 3601 4529 quod

2018 4552 2156 4608 Deus
2176 4551 2291 4621 ipse
2316 4548 2606 4619 prtecepit;
2636 4549 2792 4604 simili
2834 4551 3053 4604 omnino
3104 4551 3367 4605 sententia
3394 4566 3497 4622 qua
3548 4551 3600 4608 in

2016 4645 2257 4700 oratione
2280 4643 2523 4705 dicimus,
2546 4640 2626 4696 Ne
2648 4658 2737 4696 nos
2757 4642 2947 4714 inferas
2971 4643 3024 4695 in
3048 4643 3371 4697 tentationem
3387 4642 3601 4716 (Matth.

2022 4754 2092 4803 v1,
2129 4738 2240 4807 15).
2273 4737 2514 4807 Denique
2543 4746 2599 4791 et
2630 4736 2714 4790 hic
2743 4735 2981 4806 adjungit
3012 4755 3023 4789 :
3053 4735 3119 4790 Et
3154 4737 3349 4806 dixisti,
3388 4737 3604 4794 Camer.

2018 4832 2198 4896 limini,
2231 4830 2326 4900 ﬁlii
2346 4830 2627 4883 hominum.
2653 4829 2925 4899 Tanquam
2952 4830 3170 4902 diceret,
3209 4831 3320 4887 Hoc
3350 4847 3378 4886 a
3404 4841 3456 4888 te
3484 4842 3606 4902 peto

2010 4926 2159 4996 quod
2187 4927 2302 4996 ipse
2338 4926 2543 4995 jussisti
2574 4942 2586 4978 :
2612 4925 2745 4979 dans
2773 4927 2888 4994 ejus
2934 4925 3121 4995 gratiae
3146 4926 3393 4996 gloriam,
3420 4934 3479 4981 ut
3514 4927 3606 5001 qui

2019 5020 2292 5088 gloriatur,
2345 5019 2398 5072 in
2451 5017 2674 5073 Domino
2722 5018 2977 5088 glorietur
3024 5017 3067 5090 (Ι
3101 5017 3218 5073 Cor.
3248 5017 3441 5088 1,3l);
3489 5020 3609 5076 sine

2020 5112 2173 5183 cujus
2196 5110 2485 5181 adjutorio,
2518 5126 2611 5180 per
2632 5110 2905 5166 arbitrium
2956 5110 3242 5164 voluntatis
3285 5108 3609 5167 tentationes

2023 5203 2177 5274 hujus
2222 5203 2345 5257 vitae
2397 5217 2646 5272 superare
2686 5218 2789 5257 non
2841 5216 3140 5272 possumus.
3178 5200 3260 5255 Ne
3285 5212 3499 5271 avertas,
3527 5203 3612 5259 in-

2021 5295 2166 5365 quit,
2223 5295 2474 5349 hominem
2517 5295 2571 5348 in
2624 5294 2950 5349 humilitatem
2980 5303 3073 5348 :et
3120 5300 3296 5348 tamen
3325 5303 3381 5350 tu
3410 5294 3607 5368 dixisti,

2023 5386 2398 5453 Convertimini,
2428 5387 2525 5457 ﬁlii
2544 5388 2819 5441 hominum.
2842 5386 2945 5443 Sed
2972 5385 3036 5441 da
3068 5385 3206 5455 quod
3232 5388 3458 5456 jussisti,
3489 5403 3610 5457 pre-
3636 5446 3645 5456 ,

2022 5494 2140 5537 cem
2186 5479 2416 5550 petentis
2462 5479 2813 5545 exaudiendo,
2842 5486 2896 5533 et
2938 5477 3239 5548 adjuvando
3267 5478 3495 5535 volentis
3546 5480 3610 5536 fi-

2022 5574 2167 5631 dem.

2094 5667 2148 5722 5.
2176 5665 2327 5740 [νοτε.
2357 5665 2437 5739 4.]
2461 5666 2711 5732 Quoniam
2755 5663 2895 5721 mille
2936 5666 3061 5723 anni
3103 5677 3222 5722 ante
3264 5665 3437 5722 oculos
3465 5670 3611 5733 tuos,
3634 5638 3650 5662 ’

2026 5767 2266 5829 tanquam
2292 5757 2397 5812 dies
2426 5758 2672 5824 hesterna,
2705 5773 2820 5825 qua:
2844 5760 3104 5831 prmeriit.
3134 5759 3257 5815 Ideo
3272 5755 3612 5818 debemus“

2028 5852 2293 5927 refugium
2322 5862 2469 5907 tuum
2495 5894 2509 5920 ,
2541 5850 2632 5907 ubi
2661 5852 2776 5929 sine
2822 5853 2930 5917 ulla
2974 5852 3327 5911 mutabilitate
3357 5860 3413 5911 tu
3436 5865 3516 5921 es,
3541 5849 3612 5908 ab
