4084 6474
495 347 634 405 1145

494 465 578 521 liis
603 461 1042 536 praetereuntibus
1079 461 1482 533 labentibusque
1519 462 1792 530 converti;
1829 463 2080 534 quoniam

497 557 884 628 quantumlibet
915 557 1036 612 huic
1059 556 1183 613 vita:
1211 557 1424 628 longum
1445 565 1656 628 tempus
1684 565 1916 629 optetur,
1947 559 2086 614 mille

495 650 616 704 anni
655 659 772 704 ante
806 649 978 704 oculos
998 657 1130 715 tuos,
1162 656 1398 719 tanquam
1439 649 1546 704 dies
1594 651 1852 705 hesternas
1875 659 1967 718 est,
1998 651 2087 722 qui

498 742 770 812 praeteriit;
809 755 916 797 non
967 741 1152 796 saltem
1201 748 1450 811 tanquam
1500 741 1614 797 dies
1665 743 1946 809 crastinus,
1993 742 2083 814 qui

496 841 753 888 venturus
773 842 854 888 est
885 849 900 886 :
933 831 1004 886 ita
1030 831 1205 885 omnia
1243 846 1363 902 qua:
1404 834 1654 903 temporis
1698 833 1804 890 ﬁne
1829 833 2082 891 claudunt

494 931 604 990 tur,
637 938 733 994 pro
771 922 1049 978 transactis
1100 921 1341 978 habenda
1387 932 1530 980 sunt.
1577 923 1728 982 Unde
1768 935 1818 982 et
1868 942 1931 982 ea
1984 925 2084 981 sibi

503 1014 742 1084 Apostoli
771 1013 1066 1084 postposuit
1108 1013 1505 1086 intentio,qu:e
1550 1025 1695 1073 retro
1733 1027 1857 1073 sunt
1900 1019 2086 1075 oblivi-

499 1107 713 1171 scentis,
738 1105 825 1160 ubi
858 1106 1166 1175 temporalia
1196 1117 1384 1180 cuncta
1427 1117 1636 1180 oportet
1662 1111 1917 1184 intelligi;
1948 1120 2002 1168 et
2030 1112 2083 1168 in

497 1214 559 1254 ea
589 1215 706 1267 qua:
734 1206 855 1254 ante
883 1209 1006 1254 sunt
1027 1202 1224 1256 extenti
1254 1202 1509 1273 (Philipp.
1537 1219 1617 1270 nt,
1646 1205 1753 1276 15),
1784 1221 1902 1276 qnze
1923 1222 2085 1277 appe-

499 1289 612 1344 titio
638 1299 720 1345 est
744 1292 1184 1348 mternorum.Ne
1226 1301 1476 1364 putarent
1517 1304 1692 1351 autem
1739 1297 1898 1368 aliqui
1939 1299 2086 1356 mille

495 1397 665 1439 annos
705 1385 783 1440 sic
811 1386 1106 1454 computari
1148 1387 1287 1458 apud
1329 1388 1490 1443 Deum
1547 1404 1643 1460 pro
1671 1406 1778 1447 uno
1799 1391 1908 1462 die,
1934 1393 2085 1464 quasi

498 1483 605 1529 tam
636 1476 822 1546 longos
848 1477 961 1531 dies
980 1477 1117 1532 Deus
1147 1478 1489 1546 habeat,cum
1512 1480 1612 1537 hoc
1641 1483 1705 1537 ad
1732 1491 2083 1540 contemnen-

496 1563 617 1620 dam
673 1568 926 1636 temporis
975 1569 1355 1640 longitudinem
1404 1571 1599 1627 dictum
1652 1575 1906 1631 sit:ideo
1933 1577 2084 1632 addi-

501 1655 600 1734 dit,
632 1657 698 1710 Et
724 1659 852 1712 sicut
900 1659 1071 1730 vigilia
1117 1662 1171 1714 in
1220 1672 1398 1728 nocte;
1426 1679 1545 1719 cum
1591 1667 1781 1738 vigilite
1806 1669 1822 1700 ί
1853 1670 2082 1740 spatium

497 1763 604 1803 non
621 1748 816 1805 habeat
832 1752 1055 1822 amplius
1072 1769 1226 1824 quam
1243 1765 1350 1809 tres
1368 1755 1545 1812 horas.
1563 1759 1627 1813 Et
1641 1769 1812 1816 tamen
1831 1763 1944 1817 ausi
1961 1771 2086 1818 sunt

493 1839 738 1897 homines
770 1858 1093 1912 praesumere
1117 1847 1390 1903 scientiam
1423 1859 1753 1922 temporum;
1783 1855 1924 1925 quod
1947 1857 2084 1913 scire

493 1933 831 2002 cupientibus
857 1935 1132 2006 discipulis
1179 1939 1436 1997 Dominus
1476 1943 1568 2008 ait,
1597 1942 1719 1998 Non
1759 1954 1830 2000 est
1867 1957 2084 2002 vestrum

493 2027 620 2081 scire
646 2035 890 2098 tempora,
915 2045 1028 2100 qua:
1061 2029 1214 2086 Pater
1235 2034 1400 2102 posuit
1425 2037 1477 2089 in
1503 2053 1595 2090 sua
1617 2039 2010 2110 potestate(Act.
2041 2056 2078 2109 ι,

492 2116 996 2187 7):etdeﬁnierunt
1042 2120 1144 2178 hoc
1174 2125 1427 2179 saeculum
1474 2142 1566 2181 sex
1619 2143 1880 2184 annorum
1920 2131 2081 2186 milli-

493 2208 612 2276 bus,
645 2217 893 2280 tanquam
943 2225 1034 2266 sex
1065 2212 1254 2268 diebus
1301 2230 1458 2284 posse
1499 2216 1656 2273 ﬁniri.
1688 2220 1798 2276 Nec
1841 2223 2084 2279 attende-

489 2312 615 2356 runt
643 2304 780 2373 quod
810 2303 1008 2358 dictum
1049 2313 1149 2372 est,
1198 2316 1436 2377 tanquam
1465 2310 1569 2365 dies
1593 2329 1744 2382 unus,
1767 2317 1853 2386 qui
1874 2327 2079 2383 praeter-

488 2394 548 2447 iit
575 2409 720 2448 :non
765 2395 905 2450 enim
931 2437 946 2462 ,
997 2397 1210 2468 quando
1255 2400 1455 2455 dictum
1505 2411 1608 2470 est,
1637 2406 1737 2460 soli
1780 2407 1924 2462 mille
1954 2410 2079 2465 anni

487 2487 874 2558 praeterieram.
906 2488 1013 2543 Et”
1041 2504 1137 2545 eos
1165 2492 1396 2547 maxime
1447 2493 1629 2549 debuit
1669 2496 1980 2566 admonere,
2011 2516 2080 2557 ne

492 2587 792 2650 temporum
819 2579 1127 2638 luderentur
1147 2583 1167 2614 ³
1194 2583 1414 2653 incerto,
1447 2588 1588 2657 quod
1636 2599 1735 2656 est,
1764 2593 1888 2645 sicut
1909 2595 2080 2664 vigilia

485 2671 540 2725 in
566 2680 706 2726 nocte
737 2689 755 2727 :
785 2688 957 2744 neque
1006 2675 1182 2743 enim,
1216 2677 1354 2733 sicut
1403 2679 1470 2734 de
1511 2695 1604 2736 sex
1649 2683 1837 2740 diebus
1878 2689 2078 2758 aliquid

488 2763 780 2820 verisimile
805 2765 1052 2822 videntur
1075 2768 1300 2837 opinati,
1330 2779 1547 2841 propter
1583 2787 1675 2828 sex
1715 2776 1830 2832 dies
1877 2780 2078 2848 primos

487 2855 680 2924 quibus
707 2858 848 2913 Deus
891 2858 1112 2929 perfecit
1137 2875 1300 2930 opera
1338 2877 1464 2929 sua;
1513 2865 1590 2920 sic
1635 2867 1792 2922 etiam
1823 2885 1916 2926 sex
1943 2873 2078 2942 vigi-

486 2947 620 3014 lias;
673 2949 725 3004 id
769 2959 850 3005 est
898 2951 1057 3008 horas
1086 2951 1272 3009 decem
1303 2962 1357 3010 et
1381 2964 1524 3025 octo,
1556 2970 1782 3029 possunt
1831 2962 1906 3017 illi
1956 2966 2074 3035 opi-

487 3043 690 3096 nationi
720 3053 990 3114 coaptare.

557 3128 610 3188 6.
636 3132 786 3206 [vers.
820 3137 872 3202 5,
903 3135 981 3210 6.]
1029 3137 1227 3194 Deinde
1272 3139 1372 3196 iste
1409 3141 1570 3198 homo
1610 3145 1723 3213 Dei,
1765 3147 1849 3202 vel
1900 3150 2074 3218 potius

481 3227 826 3297 propheticus
855 3230 1092 3301 spiritus,
1124 3230 1268 3286 velut
1292 3233 1384 3288 Dei
1431 3234 1600 3306 legem
1645 3238 1696 3292 in
1731 3250 1936 3296 secreta
1959 3243 2075 3313 ejus

485 3318 745 3387 sapientia
771 3322 1148 3390 conscriptam,
1179 3323 1267 3378 ubi
1295 3325 1416 3380 vita:
1445 3328 1745 3384 mortalium
1790 3334 2073 3402 peccatrici

487 3411 762 3466 constituit
813 3413 1158 3481 procurrendi
1202 3416 1417 3472 modum
1461 3433 1524 3473 ac
1559 3415 1898 3490 mortalitatis
1934 3441 2077 3480 acru-

483 3516 683 3568 mnam,
717 3501 923 3558 videtur
949 3505 1177 3575 quodam
1224 3508 1385 3564 modo
1433 3511 1700 3579 recitare,
1729 3529 1850 3570 cum
1901 3515 2070 3585 dicit,

487 3595 616 3663 Quae
633 3613 724 3666 pro
754 3597 911 3651 nihilo
939 3600 1204 3669 habentur,
1245 3604 1366 3658 anni
1405 3616 1551 3660 erunt
1574 3623 1768 3662 eorum.
1795 3609 1951 3666 Mane
1967 3614 2071 3667 sic-

482 3695 538 3740 ut
560 3687 713 3742 herba
741 3697 993 3759 transeat,
1025 3710 1171 3748 mane
1213 3697 1393 3764 ﬂoreat
1415 3740 1431 3765 ,
1464 3707 1511 3753 et
1545 3711 1844 3770 praetereat;
1873 3722 2074 3778 vespere

481 3780 702 3849 decidat,
731 3782 980 3850 durescat,
1001 3796 1047 3840 et
1075 3798 1287 3842 arescat.
1333 3789 1578 3847 Felicitas
1623 3810 1750 3866 ergo
1798 3796 2071 3857 haeredum

480 3871 690 3928 Veteris
717 3874 1063 3945 Tcstamenti,
1093 3895 1252 3949 quam
1284 3896 1381 3952 pro
1416 3899 1609 3956 magno
1638 3886 1780 3943 bono
1802 3892 2072 3960 expetive-

481 3974 610 4018 runt
635 3980 666 4019 a
686 3965 908 4022 Domino
927 3969 1034 4024 Deo
1054 3985 1170 4038 suo,
1200 3971 1339 4029 hanc
1356 3975 1526 4047 legem
1548 3979 1789 4051 accipere
1808 3985 2002 4040 meruit
2018 3986 2068 4042 in

477 4056 684 4111 occulta
709 4057 832 4128 ejus
854 4060 1207 4132 providentia,
1236 4081 1393 4136 quam
1423 4068 1632 4125 videtur
1671 4075 1898 4132 recitare
1925 4078 2070 4152 Moy-

479 4161 565 4202 ses
594 4166 606 4201 :
640 4150 765 4214 Qua:
792 4168 884 4220 pro
912 4153 1068 4208 nihilo
1097 4154 1361 4227 habentur,
1389 4161 1514 4215 anni
1533 4173 1679 4218 erunt
1726 4183 1917 4222 eorum.
1964 4150 2067 4226 Pro

482 4240 649 4295 nihilo
674 4243 815 4296 enim
847 4242 1130 4314 habentur,
1151 4265 1270 4318 quae
1321 4261 1602 4323 antequam
1634 4258 1866 4328 veniant,
1890 4261 2065 4320 adhuc

477 4350 581 4389 non
630 4345 786 4401 sunt;
809 4351 932 4404 cum.
975 4341 1238 4408 venerint,
1266 4343 1378 4413 jam
1409 4362 1515 4402 non
1564 4360 1720 4406 erunt
1749 4371 1762 4408 :
1787 4369 1890 4409 non
1919 4359 2061 4413 enim

474 4436 531 4482 ut
553 4427 728 4483 adsint
753 4429 990 4497 veniunt,
1019 4431 1112 4487 sed
1143 4442 1198 4488 ut
1223 4450 1329 4491 non
1357 4437 1482 4494 sint.
1503 4439 1677 4509 Mane,
1709 4443 1760 4499 id
1785 4449 2060 4519 estprius,

471 4519 601 4574 sicut
618 4519 770 4575 herba
793 4530 1034 4589 transeat,
1065 4541 1212 4580 mane
1235 4529 1434 4598 ﬂoreat,
1461 4541 1506 4586 et
1529 4543 1821 4605 praetereat;
1839 4556 2059 4611 vespere,

471 4611 524 4666 id
575 4622 678 4680 est,
710 4623 912 4684 postea,
946 4617 1164 4687 decidat,
1205 4622 1470 4692 durescat,
1503 4636 1547 4681 et
1584 4641 1796 4686 arescat.
1828 4633 2060 4705 Decidat,

470 4708 652 4778 utique
671 4709 721 4762 in
751 4719 953 4777 morte;
983 4711 1232 4781 durescat,
1252 4716 1302 4771 in
1333 4719 1628 4788 cadavere;
1654 4735 1846 4780 arescat
1867 4729 1916 4782 in
1947 4731 2065 4800 pul~

469 4813 616 4854 vere.
639 4800 791 4868 Qum,
823 4803 921 4856 nisi
944 4818 1090 4870 caro,
1119 4806 1206 4860 ubi
1237 4817 1320 4862 est
1345 4814 1770 4884 concupiscentia
1812 4819 2059 4879 damnata

469 4891 796 4946 carnalium?
816 4892 999 4950 Omnis
1029 4897 1170 4951 enim
1201 4914 1330 4954 caro
1347 4902 1547 4971 fenum,
1569 4915 1624 4962 et
1650 4908 1863 4967 claritas
1887 4911 2061 4968 homi-

467 4983 552 5038 nis
599 4993 655 5038 ut
695 4985 794 5040 llos
838 4985 982 5041 feni:
1014 4987 1191 5046 fenum
1235 4993 1396 5060 aruit,
1425 4995 1526 5052 llos
1564 4999 1796 5070 decidit;
1836 5006 2056 5064 verbum

465 5084 642 5133 autem
670 5077 881 5134 Domini
905 5091 1086 5138 manet
1110 5083 1161 5137 in
1198 5094 1455 5142 aeternum
1486 5088 1638 5160 (Isai.
1671 5109 1759 5162 χι,
1785 5096 1838 5163 6,
1866 5097 1946 5168 8).

538 5171 588 5224 7.
619 5168 770 5244 [vers.
799 5171 876 5245 7.]
907 5174 1054 5231 Hanc
1081 5185 1256 5235 autem
1280 5196 1490 5250 pmnam
1517 5185 1585 5242 de
1607 5200 1826 5256 peccato
1849 5195 2056 5253 venisse

463 5277 570 5317 non
599 5271 800 5333 tacens,
819 5267 1094 5333 continuo,
1123 5269 1346 5340 subjecit
1382 5292 1394 5328 :
1427 5274 1680 5341 Quoniam
1706 5280 1979 5353 defecimus
2001 5289 2054 5342 in

461 5355 542 5409 ira
567 5365 673 5420 tua,
701 5367 747 5410 et
773 5357 825 5411 in
847 5358 1192 5430 indignatione
1237 5372 1327 5418 tua
1370 5369 1657 5424 conturbati
1682 5388 1876 5429 sumus.
1906 5376 2057 5450 Defeo

463 5449 643 5513 cimus,
663 5449 714 5502 in
741 5448 1048 5508 inﬁrmitate
1072 5457 1383 5520 ;conturbati
1408 5477 1600 5525 sumus,
1622 5467 1810 5520 mortis
1837 5448 2047 5527 timore.

465 5541 665 5596 Inﬁrmi
711 5543 852 5598 enim
885 5543 1006 5600 facti
1039 5562 1245 5617 sumus,
1277 5558 1333 5605 et
1360 5552 1717 5611 inlirmitatem
1751 5559 1901 5616 linire
1940 5571 2050 5619 tre-

461 5636 728 5706 pidamtts.
756 5638 895 5692 Alter
916 5649 982 5706 to,
1013 5642 1201 5712 inquit,
1221 5645 1404 5717 cinget,
1439 5657 1484 5703 et
1508 5652 1634 5720 feret
1653 5668 1752 5724 quo
1772 5661 1824 5708 tu
1849 5671 1948 5711 non
1973 5658 2048 5713 vis

521 5750 539 5815 ξ
576 5747 801 5812 Plerique
836 5759 961 5812 Mss.,
987 5750 1168 5815 vigilia.

519 5811 540 5877 ξ
571 5815 645 5859 Ir.
672 5811 844 5863 Venet.
871 5811 998 5877 hev;
1028 5811 1079 5864 Et
1098 5816 1226 5877 quod
1246 5830 1342 5869 eos.
1432 5829 1486 5872 Μ.

521 5872 542 5904 ⁸
574 5879 648 5921 Er.
671 5881 868 5938 \'enet.,
893 5872 1246 5931 minuerentur.
1311 5887 1372 5932 Μ.

1729 345 1787 405 3.
1827 342 2196 405 AUGUSTINI
2243 347 2547 408 EPISCOPI

3563 345 3576 350 ’
3642 381 3781 439 tm

2197 464 2372 569 (Joan.
2406 485 2520 538 χχι,
2544 471 2656 540 18);
2698 477 2940 545 quamvis
2978 481 3233 555 martyrio
3276 499 3382 543 non
3424 491 3772 569 puniendum,

2191 559 2286 614 sed
2315 565 2676 620 coronandum
2699 567 2715 598 ¹
2749 586 2763 622 :
2811 578 2866 625 et
2894 573 3057 643 ipsius
3084 575 3290 636 Domini
3320 559 3497 641 anima
3523 603 3621 646 nos
3640 591 3695 647 in
3719 559 3782 653 se

2195 654 2598 727 transﬁgurans,
2633 661 2798 718 tristis
2826 675 2943 720 erat
2986 683 3151 740 usque
3196 674 3263 729 ad
3308 687 3534 736 mortem
3562 683 3774 755 (Matth.

2191 759 2335 814 sxw,
2366 747 2456 819 58)
2485 766 2499 816 ;
2529 753 2780 820 quoniam
2804 765 2859 811 et
2882 757 3092 817 Domini
3137 765 3311 824 exitus
3352 747 3578 830 nonnisi.
3591 782 3779 838 mortis

2191 837 2359 909 (Psal.
2393 857 2560 912 van,
2610 845 2722 917 2|).

2261 940 2314 996 8.
2347 939 2495 1014 [vers.
2527 945 2605 1018 8.]
2632 945 2858 1004 Posuisti
2884 952 3170 1025 iniquitates
3213 964 3410 1018 nostras
3430 966 3483 1020 in
3509 981 3780 1041 conspectu

2191 1039 2276 1086 tuo
2309 1034 2398 1088 :id
2417 1043 2517 1101 est,
2552 1053 2656 1094 non
2681 1040 2748 1096 ab
2767 1044 2844 1098 eis
2879 1045 3244 1106 dissimulasti.
3269 1053 3523 1112 Saeculum
3550 1034 3779 1120 nostrum

2190 1123 2244 1178 in
2262 1125 2628 1186 illuminatione
2642 1134 2806 1191 vultus
2821 1139 2895 1191 tui
2915 1155 2936 1194 :
2960 1141 3293 1213 subauditur,
3316 1151 3546 1216 posuisti.
3566 1152 3634 1209 In
3659 1157 3780 1212 illu-

2190 1218 2463 1276 minatione
2487 1233 2665 1281 autem
2712 1229 2878 1284 vultus
2916 1232 2992 1286 tui
3030 1233 3183 1302 dixit,
3212 1239 3354 1308 quod
3399 1245 3677 1315 superius,
3724 1250 3779 1304 in

2191 1324 2461 1380 conspectu
2504 1324 2622 1384 tuo,
2649 1327 2705 1374 et
2729 1322 2968 1378 saeculum
3006 1335 3235 1382 nostrum
3259 1370 3272 1396 ,
3321 1332 3464 1402 quod
3507 1338 3770 1408 superius,

2189 1404 2476 1477 iniquitates
2496 1420 2713 1467 nostras.

2261 1498 2314 1554 9.
2349 1498 2498 1573 [vers.
2524 1503 2577 1568 9,
2607 1503 2720 1579 10.]
2745 1506 2998 1576 Quoniam
3024 1526 3195 1568 omnes
3236 1513 3343 1570 dies
3385 1519 3544 1574 nostri
3580 1520 3777 1592 defece-

2189 1600 2323 1658 runt,
2357 1602 2403 1647 et
2427 1595 2481 1648 in
2507 1597 2584 1650 ira
2610 1608 2696 1652 tua
2721 1600 3014 1674 defecimus.
3040 1605 3182 1663 Satis
3203 1607 3255 1664 in
3285 1609 3368 1665 his
3393 1613 3570 1670 verbis
3591 1629 3775 1672 omen-

2188 1683 2330 1739 ditur
2357 1687 2579 1756 poenalis
2604 1705 2722 1747 esse
2759 1693 2860 1748 ista
2902 1697 3215 1754 mortalitas.
3246 1699 3512 1760 Defecisse
3547 1706 3663 1762 dies
3690 1708 3778 1763 di-

2187 1778 2279 1845 cit,
2308 1779 2425 1836 sive
2452 1782 2594 1852 quotl
2629 1784 2682 1839 in
2707 1786 2785 1840 eis
2813 1785 3059 1844 deﬁciant
3105 1791 3346 1850 homines
3388 1797 3616 1854 amando
3657 1817 3778 1872 qua:

2189 1878 2485 1942 transeunt,
2514 1875 2625 1932 sive
2643 1877 2785 1947 quod
2802 1879 2867 1934 ad
2890 1881 3206 1951 paucitatem
3237 1886 3436 1944 redacti
3465 1890 3605 1958 sint;
3635 1893 3777 1962 quod

2186 1964 2394 2020 videtur
2422 1966 2476 2022 in
2498 1972 2943 2042 consequentibus
2978 1975 3204 2046 aperire,
3229 1993 3349 2034 cum
3377 1980 3505 2037 dicit
3537 2000 3550 2037 :
3585 2002 3606 2037 ι
3636 1985 3776 2040 Anni

2188 2057 2355 2112 nostri
2409 2059 2547 2115 sicut
2599 2077 2794 2119 aranea
2827 2066 3219 2124 meditabantur
3243 2073 3287 2126 ⁸.
3341 2073 3467 2130 Dies
3517 2092 3778 2133 annorum

2187 2160 2494 2209 nostrorum
2526 2155 2579 2210 in
2602 2156 2732 2226 ipsis
2759 2162 3090 2233 septuaginta
3115 2165 3240 2220 anni
3269 2183 3283 2221 :
3320 2167 3366 2222 si
3405 2177 3581 2226 autem
3610 2171 3660 2226 in
3684 2188 3780 2242 po-

2187 2248 2478 2304 tentatibus
2527 2251 2794 2322 octoginta
2825 2256 2971 2324 anni,
3029 2264 3083 2313 et
3127 2261 3356 2331 amplius
3395 2279 3578 2320 eorum
3628 2267 3778 2324 labor

2187 2347 2242 2393 et
2278 2339 2450 2394 dolor.
2479 2361 2496 2394 ι
2543 2343 2668 2399 Haec
2711 2346 2923 2416 quidem
2973 2350 3133 2406 verba
3171 2351 3420 2410 videntur
3474 2359 3778 2430 exprimere

2185 2431 2494 2488 brevitatem
2535 2436 2910 2510 miseriamque
2953 2442 3074 2496 vita:
3123 2442 3316 2515 hujus;
3366 2448 3488 2516 quia
3547 2451 3774 2520 longaevi

2183 2526 2516 2594 appellantur
2549 2529 2648 2585 hoc
2685 2539 2924 2602 tempore
2939 2535 3098 2591 etiam
3126 2537 3215 2606 qui
3243 2542 3574 2612 septuaginta
3603 2558 3776 2599 annos

2183 2617 2451 2674 vixerunt.
2483 2619 2659 2691 Usque
2689 2623 2755 2678 ad
2784 2627 3050 2696 octoginta
3081 2637 3259 2684 autem
3298 2631 3548 2688 videntur
3571 2636 3776 2706 aliquas

2182 2710 2324 2766 vires
2355 2712 2550 2768 habere
2580 2731 2593 2767 :
2625 2715 2706 2770 his
2726 2731 2853 2772 vero
2881 2720 3109 2789 amplius
3149 2721 3195 2776 si
3241 2722 3491 2792 vixerint,
3518 2728 3776 2798 multipli-

2183 2803 2316 2858 catis
2364 2804 2542 2862 labore
2592 2806 2870 2867 doloribus
2899 2813 3100 2870 vivunt.
3148 2814 3254 2871 Sed
3299 2818 3452 2873 multi
3497 2829 3551 2874 et
3593 2821 3775 2877 intra'

2182 2897 2513 2968 septuaginta
2543 2913 2712 2956 annos
2750 2912 2942 2973 gerunt
2983 2905 3398 2964 inlirmissimam
3427 2919 3482 2966 et
3509 2927 3774 2969 aerumno-

2180 2991 2447 3048 sissimam
2493 3004 2844 3065 senectutem,
2875 3008 2932 3054 et
2960 3016 3103 3072 sa-pe
3131 3003 3271 3058 ultra
3311 3007 3577 3075 octoginta
3603 3023 3773 3064 annos

2179 3100 2339 3156 senes
2367 3087 2677 3146 mirabiliter
2703 3092 2881 3162 vigere
2904 3095 3115 3164 probati
3140 3105 3282 3152 sunt.
3311 3098 3495 3154 Melius
3522 3110 3603 3155 est
3645 3118 3773 3174 ergo

2179 3175 2234 3232 in
2275 3177 2359 3233 his
2383 3181 2619 3236 numeris
2647 3183 2923 3253 spiritualc
2962 3185 3184 3257 aliquid
3211 3192 3554 3258 perscrutari.
3588 3192 3773 3263 Neque

2178 3272 2319 3326 enim
2365 3287 2526 3342 super
2555 3272 2692 3329 ﬁlios
2737 3276 2927 3343 Adam,
2957 3293 3053 3349 per
3082 3295 3242 3350 quem
3288 3298 3448 3336 unum
3500 3282 3770 3340 hominem

2179 3374 2457 3435 peccatum
2485 3367 2699 3424 intravit
2719 3369 2770 3423 in
2794 3370 3073 3437 mundum,
3101 3381 3156 3428 et
3181 3389 3276 3443 per
3299 3387 3577 3445 peccatum
3601 3392 3768 3445 mors,

2177 3467 2231 3512 et
2257 3458 2328 3512 ita
2359 3459 2410 3514 in
2455 3475 2642 3515 omnes
2688 3460 2937 3518 homines
2977 3480 3122 3519 mors
3174 3469 3483 3535 pertransiit
3504 3469 3680 3540 (Itum.
3712 3487 3767 3538 v,

2177 3551 2294 3622 l2),
2338 3554 2507 3623 major
2545 3554 2619 3609 Era
2649 3563 2732 3611 est
2781 3557 2896 3624 Dei,
2942 3559 3064 3627 quia
3114 3560 3282 3614 multo
3338 3561 3550 3617 brevius
3587 3565 3768 3622 vivunt

2176 3659 2332 3714 quam
2360 3645 2606 3701 vixerunt
2630 3649 2863 3718 antiqui;
2893 3665 3011 3704 cum
3033 3658 3087 3705 et
3116 3651 3235 3705 vita:
3261 3653 3494 3722 ipsorum
3522 3655 3676 3711 irrisa
3699 3658 3767 3712 sit

2175 3737 2470 3808 longitudo,
2501 3739 2588 3794 ubi
2645 3741 2791 3796 mille
2832 3742 2956 3796 anni
3007 3745 3298 3813 comparati
3337 3755 3461 3801 sunt
3515 3746 3617 3803 diei
3670 3748 3767 3804 he-

2175 3837 2358 3885 sterno
2376 3841 2535 3902 atque
2555 3833 2846 3902 praeterito,
2877 3842 2932 3890 et
2951 3833 3096 3891 horis
3124 3837 3292 3892 tribus
3318 3855 3333 3894 :
3360 3849 3414 3894 et
3432 3840 3612 3911 utique
3639 3850 3764 3897 tunc

2174 3925 2398 3981 multum
2456 3927 2744 3995 vivebant,
2788 3930 3002 4001 quando
3051 3931 3186 3988 iram
3218 3934 3310 3989 Dei
3341 3948 3765 4006 provocaverunt

2172 4035 2342 4092 usque
2366 4022 2432 4077 ad
2459 4023 2714 4080 diluvium
2741 4041 2846 4098 quo
2876 4027 3171 4097 perierunt.

2245 4115 2332 4170 10.
2360 4115 2700 4188 Septuaginta
2727 4134 2887 4188 porro
2913 4120 3038 4174 anni
3064 4129 3118 4176 et
3159 4123 3448 4194 octoginta,
3478 4124 3609 4180 ﬁunt
3633 4141 3762 4182 cen-

2175 4216 2284 4263 tum
2310 4210 2721 4280 quinquaginta;
2750 4227 2907 4281 quem
2936 4223 3202 4269 sacratum
3228 4231 3347 4271 esse
3377 4233 3654 4272 numerum
3680 4236 3763 4275 εει-

2173 4301 2240 4356 tis
2268 4302 2500 4356 insinuat
2533 4302 2665 4358 liber
2695 4303 2798 4358 iste
2819 4304 3174 4360 Psalmorum.
3206 4306 3354 4362 Hanc
3396 4309 3534 4363 enim
3567 4308 3762 4368 habent

2169 4391 2222 4446 in
2245 4392 2628 4462 signiﬁcatione
2649 4394 2912 4449 rationem
2936 4406 3151 4452 centum
3173 4400 3575 4471 quinquaginta,
3601 4418 3758 4472 quam

2167 4484 2468 4554 quindecim
2503 4503 2517 4540 :
2549 4486 2636 4557 qui
2665 4501 2918 4542 numerus
2958 4489 3016 4543 ﬁt
3053 4499 3256 4560 septem
3289 4500 3344 4546 et
3382 4502 3502 4547 octo
3531 4494 3760 4563 coajun«

2168 4577 2305 4643 ctis;
2338 4593 2562 4648 quorum
2594 4579 2797 4648 primus
2825 4580 3058 4636 insinuat
3083 4593 3301 4652 prepter
3325 4585 3530 4639 sabbati
3573 4586 3756 4640 ohscr-

2171 4670 2436 4726 vationem
2488 4671 2884 4729 Testamentum
2912 4673 3099 4741 Vetus,
3128 4677 3394 4732 secundus
3439 4677 3757 4734 Testamen-

2167 4771 2277 4817 tum
2326 4762 2532 4818 Novum
2582 4775 2798 4835 propter
2838 4767 3047 4822 Domini
3090 4771 3558 4826 resurrectionem.
3621 4772 3757 4829 Hinc

2165 4865 2288 4911 sunt
2315 4856 2368 4911 in
2393 4857 2590 4927 templo
2618 4858 2916 4928 quindecim
2945 4860 3141 4931 gradus
3166 4879 3178 4927 ;
3211 4862 3334 4917 hinc
3363 4871 3487 4918 sunt
3517 4863 3570 4918 in
3607 4863 3778 4945 Psal:

2163 4951 2265 5005 mis
2284 4950 2585 5021 quindecim
2617 4953 2820 5008 cantica
2841 4954 3134 5024 graduum;
3169 4956 3293 5012 hinc
3321 4957 3624 5028 quindecim
3655 4973 3753 5013 cu-

2161 5043 2284 5099 bitis
2309 5059 2547 5100 summos
2575 5055 2781 5102 montes
2801 5061 2936 5116 aqua
2977 5047 3159 5103 diluvii
3183 5051 3456 5120 superavit
3476 5049 3628 5122 (Gen.
3655 5066 3751 5119 vn,

2160 5136 2289 5210 20);
2321 5145 2376 5192 et
2425 5138 2683 5209 siquibus
2731 5139 2852 5194 aliis
2893 5140 3024 5195 locis
3067 5151 3308 5197 sacratus
3346 5144 3754 5200 commendatur

2160 5228 2248 5284 hic
2279 5245 2550 5285 numerus.
2583 5229 2748 5303 Ergo,
2768 5231 2904 5285 Anni
2942 5235 3130 5300 nostri,
3157 5235 3326 5305 inquit
3352 5279 3365 5302 ,
3406 5237 3532 5291 sicut
3561 5255 3753 5293 aranea

2159 5322 2548 5377 meditabantur.
2608 5322 2665 5378 ln
2717 5323 2876 5380 rebus
2933 5328 3367 5397 corruptibilibus
3414 5331 3745 5402 laboramus,

2220 5520 2238 5552 ι
2272 5521 2345 5590 _Sic
2366 5519 2549 5590 aliquot
2565 5527 2671 5570 Mss.
2698 5521 2803 5590 Alii,
2837 5524 3044 5587 martyri
3065 5538 3158 5590 non
3184 5528 3453 5590 iptmiendo,
3492 5529 3578 5580 sed
3608 5542 3733 5581 coro-

2154 5581 2331 5649 ηίιῃίιθἶ
2350 5589 2414 5649 _At
2435 5581 2566 5649 ωτι,
2591 5581 2828 5649 martyrio
2848 5598 2941 5634 non
2965 5581 3237 5649 'pimiendb,
3261 5592 3347 5641 sed
3370 5581 3661 5642 coftmando.

2218 5643 2404 5716 inadd,
2435 5643 2824 5716 Ainetlttabwttur.
2861 5643 3138 5716 Legendum
3179 5643 3287 5700 eum
3327 5653 3571 5702 nonnullis
3611 5662 3744 5716 Mss.,

2151 5705 2521 5780 meditabantur,
2546 5709 2682 5780 juxta
2704 5705 3088 5780 l.xx',_enrcle_tbn-
3105 5725 3122 5760 :
3143 5727 3249 5780 nam
3267 5715 3313 5780 id
3338 5724 3504 5780 postea
3530 5705 3744 5780 exillicai

2151 5770 2318 5841 verbis
2339 5782 2433 5841 non
2459 5769 2602 5841 futuri
2642 5773 2894 5834 temporis,
2919 5773 3007 5821 sed
3036 5778 3274 5836 praeteriti
3296 5769 3583 5841 imperfecti,
3596 5769 3742 5829 ’ἀψο-

2151 5830 2710 5906 νιιςιίιῃιηδ,μελιηειὸιιηιιιξἶ
2745 5830 2781 5906 '_
2843 5830 2886 5906 _'
3000 5895 3012 5906 .
3038 5830 3075 5906 ’Δ
3156 5864 3157 5867 η

2214 5895 2235 5926 ³
2268 5900 2382 5953 Reg.
2404 5901 2468 5944 Ms
2531 5901 2656 5947 ante.
2682 5903 2821 5949 Forte
2843 5895 2964 5962 leg.,
2991 5895 3138 5962 inﬂa.
