4048 6492
269 350 408 408 1145

273 465 644 536 corruptibilia
679 479 836 536 opera
887 463 1196 520 texebamus
1226 482 1240 520 :
1267 477 1386 535 quae
1414 477 1534 528 nos,
1563 461 1860 518 secundum

273 560 461 615 Isaiam
495 557 832 630 prephetam,
858 556 1076 612 minime
1095 555 1444 628 contegebant
1471 554 1620 626 (Isai.
1650 571 1756 622 th,
1778 553 1858 627 6).

272 652 393 707 Dies
421 668 677 706 annorum
707 660 994 705 nostrorum
1021 650 1075 704 in
1123 651 1246 722 ipsis
1272 651 1591 722 septuaginta
1617 650 1740 704 anni
1771 665 1788 704 :
1817 650 1864 704 si

271 753 438 799 autem
461 744 514 796 in
535 743 875 813 potentatibus
897 744 1148 813 octoginta
1173 743 1314 796 anni.
1342 741 1500 797 Aliud
1528 743 1681 797 estin
1715 742 1858 811 ipsis,

208 897 212 900 ,
267 836 408 892 aliud
436 837 489 890 in
519 835 875 906 potentatibus.
917 833 984 888 In
1015 835 1174 905 ipsis,
1201 834 1304 890 hoc
1351 843 1434 890 est
1475 834 1527 888 in
1570 834 1724 888 annis
1775 831 1860 888 vel

268 929 459 983 diebus
493 929 625 998 ipsis
673 926 812 998 quod
861 926 1016 982 datur
1040 926 1262 996 intelligi
1294 925 1345 980 in
1377 925 1753 996 temporalibus
1774 939 1862 979 re-

266 1020 364 1075 bus
399 1039 411 1075 :
442 1020 567 1076 ideo
596 1020 957 1090 septuaginta;
985 1019 1108 1090 quia
1156 1017 1462 1088 temporalia
1494 1017 1729 1088 promitti
1777 1016 1858 1070 vi-

265 1113 462 1167 dentur
503 1112 556 1166 in
576 1111 771 1166 Vetere
792 1110 1150 1166 Testamento.
1196 1109 1256 1166 Si
1279 1119 1466 1176 autem,
1497 1125 1600 1163 non
1629 1109 1682 1164 in
1732 1109 1860 1179 ipsis

224 1242 230 1249 .
266 1206 442 1270 anuis,
469 1203 564 1259 sed
622 1203 676 1258 in
723 1202 1074 1274 potentatibus,
1107 1202 1158 1258 id
1176 1213 1276 1269 εει,
1303 1217 1408 1258 non
1446 1202 1498 1256 in
1538 1202 1699 1258 rebus
1729 1211 1860 1257 tem-

268 1295 567 1366 poralibus,
601 1294 695 1350 sed
745 1296 797 1349 in
836 1295 1072 1361 aeternis,
1101 1295 1356 1367 octoginta
1397 1295 1560 1360 anni;
1586 1294 1726 1365 quod
1751 1293 1856 1349 No-

267 1367 826 1442 vum'Testamentum
854 1387 905 1440 iu
937 1401 1033 1457 spe
1081 1395 1164 1442 est
1205 1385 1568 1441 renovationis
1596 1394 1648 1441 et
1675 1401 1858 1440 resur-

239 1475 249 1525 l
266 1481 523 1534 rectionis
554 1481 604 1534 in
633 1488 889 1534 aeternum
921 1497 934 1534 :
962 1487 1005 1534 et
1025 1477 1243 1550 amplius
1259 1493 1428 1532 eorum
1457 1477 1597 1531 labor
1623 1485 1668 1531 et
1689 1475 1857 1543 dolor;

267 1571 314 1625 id
343 1582 447 1637 est,
476 1572 721 1643 quisquis
758 1571 898 1627 hanc
933 1571 1092 1626 ﬁdem
1119 1569 1526 1642 transgreditur,
1559 1579 1612 1624 et
1631 1568 1859 1640 amplius

267 1665 463 1733 aliquid
496 1666 708 1734 qumrit,
744 1664 954 1720 labores
993 1663 1196 1718 invenit
1235 1671 1287 1718 et
1315 1661 1547 1716 dolores.
1578 1661 1760 1717 Potest
1805 1671 1861 1718 et

267 1757 339 1810 sic
370 1757 597 1826 intelligi
633 1774 644 1809 τ
676 1756 809 1825 Quia
841 1755 966 1811 licet
985 1756 1038 1810 in
1082 1755 1229 1810 Neve
1267 1755 1611 1812 Testamento
1658 1754 1860 1810 consti-

270 1848 362 1901 tuti
409 1848 614 1914 simus,
669 1847 810 1918 quod
856 1847 1234 1918 ectogenarius
1281 1845 1543 1917 signiﬁcat
1583 1862 1856 1912 numerus,

268 1939 495 2009 amplius
541 1939 702 1994 habet
754 1939 868 1994 lucc
893 1939 998 1994 vita
1046 1947 1227 1994 nostra
1261 1939 1500 1993 laborem
1520 1946 1572 1993 et
1593 1937 1854 2004 dolerem,

269 2034 386 2088 dum
413 2037 465 2088 in
496 2034 896 2104 nobismetipsis
941 2033 1357 2105 ingemiscimus,
1399 2033 1739 2105 adeptionem
1767 2049 1860 2088 cx-

269 2136 574 2198 spectantes
603 2127 1023 2198 redemptionem
1069 2128 1309 2198 corporis
1349 2127 1513 2181 nostri
1548 2145 1561 2183 ε
1593 2141 1689 2197 spe
1717 2127 1860 2180 enim

270 2219 395 2273 sdvi
420 2218 546 2274 facti
571 2234 785 2285 sumus;
813 2227 865 2274 et
889 2218 1029 2289 quod
1062 2219 1296 2276 nondum
1340 2219 1601 2279 videmus,
1653 2233 1749 2288 per
1771 2233 1862 2288 pa-

271 2313 506 2367 tientiam
537 2326 908 2384 exspectamus
948 2313 1122 2386 (Rom.
1156 2329 1268 2378 vm,
1297 2313 1508 2385 25-25).
1539 2313 1608 2367 Et
1651 2312 1752 2366 hoc
1795 2311 1862 2368 ad

274 2406 698 2461 misericordiam
732 2407 821 2462 Dei
854 2407 1080 2476 pertinet
1107 2424 1120 2459 :
1149 2404 1289 2460 unde
1318 2408 1577 2476 sequitur,
1610 2415 1658 2460 et
1691 2403 1819 2459 dicit
1841 2445 1857 2471 ,

273 2496 526 2562 Quoniam
552 2499 838 2567 supervenit
864 2514 1014 2569 super
1043 2514 1132 2551 nos
1161 2497 1512 2561 mansuetudo,
1542 2507 1590 2551 et
1616 2496 1860 2566 corripie-

273 2610 396 2646 mur.
419 2592 594 2661 Quem
618 2591 760 2646 enim
800 2592 968 2662 diligit
1022 2591 1277 2646 Dominus
1303 2633 1313 2653 ,
1342 2591 1560 2660 corripit
1586 2606 1600 2655 ;
1630 2589 1864 2658 ﬂagellat

274 2696 449 2742 autem
494 2701 711 2742 omnem
761 2685 948 2752 ﬁlium,
974 2700 1132 2756 quem
1160 2684 1344 2754 recipit
1363 2682 1546 2752 (Hebr.
1573 2699 1663 2746 xu,
1695 2681 1750 2750 6)
1779 2689 1865 2736 :et

276 2780 362 2835 dat
385 2781 550 2835 etiam
580 2778 787 2849 magnis
815 2777 1128 2849 quibusdam
1159 2777 1429 2831 stimulum
1470 2776 1666 2839 carnis,
1697 2790 1726 2829 a
1757 2789 1863 2844 quo

275 2871 694 2942 eolaphizentur,
720 2886 788 2926 ne
817 2870 1141 2925 extollantur
1167 2869 1218 2923 in
1249 2867 1608 2939 magnitudine
1651 2866 1862 2922 revela-

279 2965 473 3018 tionum
529 2979 770 3029 suarum,
819 2970 875 3017 ut
917 2963 1084 3017 virtus
1137 2963 1188 3016 in
1225 2961 1530 3016 inﬁrmitate
1562 2959 1864 3031 perﬁciatur

280 3057 336 3129 (11
364 3057 486 3113 Cor.
514 3073 611 3122 xu,
643 3057 695 3124 7,
724 3055 803 3127 9).
847 3055 1071 3124 Quidam
1109 3069 1239 3110 sane
1277 3053 1488 3110 codices
1510 3068 1615 3108 non
1646 3053 1860 3116 habent,

277 3149 758 3223 corripiemur;sed
813 3149 1119 3215 erudiemur,
1145 3147 1285 3218 quod
1315 3147 1381 3202 ad
1425 3146 1666 3203 eamdem
1711 3161 1862 3200 man-

277 3243 610 3299 suetudinem
667 3249 968 3298 revocatur.
1032 3239 1148 3296 Non
1216 3239 1358 3295 enim
1434 3248 1611 3310 potest
1664 3239 1865 3294 erudiri

279 3339 554 3410 quisquam
577 3337 694 3392 sine
724 3336 907 3393 labere
952 3344 1009 3392 et
1049 3333 1236 3392 dolore
1261 3351 1276 3402 ;
1299 3336 1419 3406 quia
1443 3334 1611 3390 virtus
1637 3335 1688 3390 in
1720 3335 1867 3390 infir-

278 3431 458 3486 mitate
487 3428 780 3500 perﬁcitur.

345 3525 433 3578 11.
466 3521 620 3595 [rers.
654 3523 740 3585 11,
774 3520 882 3596 12].
920 3521 1044 3589 Quis
1073 3522 1206 3575 novit
1236 3530 1528 3592 potestatem
1557 3523 1648 3576 irae
1676 3530 1792 3587 tute,
1821 3529 1869 3576 et

280 3615 577 3685 pretimore
605 3623 689 3668 tuo
704 3615 832 3667 iram
857 3621 992 3666 tuam
1019 3613 1372 3668 dinumerare?
1389 3611 1554 3667 Valde
1579 3628 1867 3684 paucorum

281 3707 550 3762 hominum
585 3715 686 3773 est,
717 3707 905 3778 inquit,
933 3721 1091 3761 nosse
1118 3706 1208 3760 irze
1235 3716 1339 3760 tuae
1370 3715 1712 3776 potestatem;
1745 3707 1868 3776 quia

283 3801 549 3872 plerisque
579 3801 649 3854 ita
677 3799 845 3868 magis
866 3842 878 3863 ,
904 3813 1024 3853 cum
1048 3799 1221 3868 parcis
1240 3838 1255 3864 ,
1286 3797 1532 3854 irasceris
1551 3840 1565 3864 ,
1597 3809 1650 3854 ut
1670 3815 1776 3854 non
1801 3799 1870 3854 ad

284 3895 412 3950 iram
433 3939 448 3959 ,
480 3893 575 3948 sed
622 3895 798 3964 potius
823 3892 888 3947 ad
932 3891 1390 3948 mansuetudinem
1423 3902 1562 3947 tuam
1603 3894 1871 3962 pertinere

283 3986 609 4056 intelligatur
629 3985 779 4040 labor
803 3993 856 4038 et
872 3984 1042 4049 dolor,
1061 3999 1166 4054 quo
1193 3985 1415 4054 corripis
1435 3984 1720 4055 crudisque
1738 3999 1872 4056 quos

282 4080 474 4151 diligis,
506 4094 573 4134 ne
599 4079 772 4149 poenis
795 4078 1167 4134 excrucientur
1193 4077 1404 4131 aeternis
1430 4093 1442 4128 :
1471 4077 1606 4131 sicut
1631 4077 1772 4131 enim
1797 4077 1871 4130 leo

282 4174 418 4242 gitur
445 4173 497 4226 in
525 4173 633 4225 alio
657 4171 861 4242 psalmo
882 4211 896 4236 ,
930 4167 1153 4223 Irritavit
1187 4167 1455 4222 Dominum
1486 4180 1751 4237 peccator;
1781 4184 1873 4240 pro

285 4265 628 4336 magnitudine
650 4265 740 4318 irae
764 4279 869 4318 sua:
892 4281 991 4318 non
1015 4263 1238 4333 exquiret
1262 4261 1430 4332 (Psal.
1463 4278 1516 4325 ι,
1535 4261 1612 4333 Δ).
1645 4262 1770 4328 Quis
1791 4279 1874 4316 er-

285 4375 348 4428 go
377 4360 548 4425 novit,
581 4357 632 4412 id
663 4366 745 4411 est
765 4399 780 4423 ,
812 4358 1228 4428 quotusquisque
1259 4355 1522 4426 reperitur
1547 4354 1639 4425 qui
1669 4354 1875 4410 noverit

287 4460 581 4520 potestatem
604 4450 696 4504 irae
721 4459 819 4504 tua:
837 4490 851 4516 ,
879 4457 921 4503 et
949 4464 1054 4519 prie
1083 4449 1257 4502 timore
1286 4457 1370 4501 tuo
1397 4448 1526 4500 iram
1554 4455 1692 4500 tuam
1721 4447 1874 4500 dinu-

289 4545 520 4598 merare?
544 4542 718 4598 Etiam
748 4542 834 4598 hic
859 4541 1189 4608 subauditur,
1219 4542 1328 4613 quis
1355 4541 1508 4595 novit.
1539 4541 1708 4609 Quam
1737 4540 1876 4596 difﬁ-

289 4637 385 4690 cile
413 4635 683 4690 invenitur
707 4634 796 4706 qui
826 4634 1031 4689 noverit
1059 4634 1130 4688 ita
1155 4649 1265 4704 pne
1295 4634 1483 4687 timore
1515 4641 1604 4687 tuo
1628 4632 1869 4688 dinume-

292 4743 409 4784 rare
435 4729 572 4783 iram
601 4737 766 4794 tuam,
795 4735 855 4781 ut
879 4727 1038 4782 etiam
1069 4724 1170 4779 hoc
1198 4724 1377 4790 addat,
1408 4735 1462 4779 et
1487 4724 1552 4779 ad
1579 4740 1695 4780 eam
1725 4724 1878 4780 intel-

291 4821 416 4891 ligat
443 4821 733 4888 pertinere,
763 4819 904 4890 quod
933 4817 1220 4882 nonnullis,
1249 4818 1440 4888 quibus
1466 4817 1582 4887 plus
1609 4817 1874 4883 irasceris,

292 4929 511 4984 parcere
539 4913 800 4979 videaris,
831 4923 885 4965 ut
915 4920 1256 4982 prosperetur
1283 4922 1530 4981 peccator
1557 4912 1607 4966 in
1630 4914 1714 4967 via
1742 4928 1834 4967 sua
1861 4954 1874 4979 ,

291 5020 340 5062 et
366 5010 570 5079 majora
599 5008 819 5078 recipiat
845 5007 896 5061 in
928 5007 1258 5062 novissimo?
1285 5006 1524 5062 Potestas
1551 5008 1746 5078 quippe
1777 5007 1876 5063 hu-

292 5119 461 5158 mana:
509 5103 604 5157 ira:
631 5117 750 5156 cum
778 5115 972 5170 corpus
1012 5098 1298 5166 occiderit,
1330 5099 1558 5169 amplius
1586 5116 1688 5153 non
1719 5098 1881 5155 habet

289 5197 413 5268 quid
441 5195 630 5262 faciat;
649 5195 794 5250 Deus
810 5209 936 5248 vero
964 5192 1122 5247 habet
1150 5202 1464 5261 potestatem
1491 5202 1545 5247 et
1561 5192 1646 5246 hic
1671 5193 1875 5262 punire,

257 5306 263 5312 ·
291 5300 341 5345 et
372 5297 494 5360 pest
509 5287 753 5358 corporis
783 5295 1007 5341 mortem
1035 5286 1246 5340 mittere
1269 5286 1320 5339 in
1351 5285 1647 5356 gehennam
1666 5285 1876 5355 (Matth.

291 5398 342 5447 ιι,
361 5381 476 5455 28).
511 5381 582 5437 Et
609 5396 640 5436 a
672 5381 853 5452 paucis
877 5379 1097 5435 eruditis
1125 5379 1294 5449 major
1321 5381 1438 5449 ejus
1467 5380 1544 5434 ira
1572 5381 1881 5451 intelligitur

291 5491 423 5531 vana
453 5484 508 5531 et
533 5472 836 5530 sedactoria
867 5471 1091 5527 felicitas
1135 5472 1435 5542 impiorum.
1468 5471 1616 5528 l‘lauc
1657 5473 1746 5528 ille
1775 5489 1879 5528 non

292 5578 528 5636 neverat,
555 5567 708 5638 cujus
739 5580 873 5636 pene
901 5565 1152 5619 commoti
1177 5574 1301 5619 sunt
1329 5564 1512 5635 pedes,
1535 5565 1657 5636 quia
1689 5566 1882 5620 zelavit

290 5660 344 5716 iu
370 5658 779 5731 peccatoribus,
810 5671 995 5727 pacem
1024 5665 1362 5728 peccatorum
1393 5657 1605 5712 intuens
1638 5675 1650 5712 :
1683 5657 1776 5713 sed
1802 5658 1885 5714 di-

291 5752 416 5810 dicit
440 5770 583 5823 cam,
616 5767 742 5810 cum
779 5750 1002 5807 intraret
1027 5751 1082 5806 in
1109 5751 1467 5806 sanctuarium
1498 5750 1610 5814 Dei,
1637 5759 1691 5807 et
1719 5751 1880 5806 intel-

296 5847 478 5920 ligeret
501 5851 556 5908 in
583 5846 880 5908 novissima
908 5843 1079 5919 (Psal.
1110 5862 1274 5918 usu,
1295 5847 1348 5917 2,
1373 5847 1427 5917 '5,
1459 5847 1546 5919 17)
1563 5863 1577 5915 ;
1595 5862 1702 5919 quo
1728 5849 1880 5918 pauci

1354 341 1750 404 ENARRATIO
1779 339 1844 399 IN
1882 337 2204 402 PSALMUM
2241 344 2529 403 LXXXIX.

3417 352 3560 412 1140

1973 457 2206 528 intrant,
2238 469 2296 515 ut
2324 460 2530 518 discant
2557 463 2883 535 praetimere
2927 462 3020 519 Dei
3059 461 3396 522 dinumerare
3422 468 3553 524 iram

1969 550 2105 620 ejus,
2124 562 2179 608 et
2199 557 2603 626 prosperitatem
2631 557 2906 614 hominum
2935 557 3196 614 malorum
3222 575 3444 616 numero
3460 577 3556 633 ap-

1969 644 2166 714 plicare
2193 663 2487 717 ptenarum.

2041 738 2127 793 19.
2163 739 2433 796 Dexteram
2461 752 2598 798 tuam
2623 744 2698 798 sic
2726 753 2897 800 notam
2925 744 3027 815 fac.
3060 743 3172 801 Hoc
3209 746 3351 802 enim
3382 747 3552 817 magis

1966 828 2165 886 habent
2193 833 2404 889 codices
2427 836 2620 905 graeci;
2651 852 2754 892 non
2781 839 2919 892 sicut
2941 837 3156 908 quidam
3181 836 3328 894 latini
3346 879 3361 903 ,
3409 837 3548 893 Dea:-

1967 931 2123 976 teram
2151 919 2287 978 tuam
2313 935 2482 979 notam
2523 930 2604 1000 {ac
2628 929 2769 983 mihi.
2798 929 2933 998 Quid
2977 939 3209 1001 estergo
3229 972 3245 998 ,
3275 928 3552 986 Dexteram

1967 1023 2106 1069 tuam
2128 1019 2200 1070 sic
2223 1027 2391 1071 notam
2416 1019 2500 1087 [ac
2519 1036 2537 1083 ;
2569 1019 2666 1075 uisi
2707 1019 2975 1076 Christum
3020 1031 3202 1087 tuum,
3242 1021 3308 1077 de
3333 1038 3439 1092 quo
3465 1021 3551 1076 di-

1965 1117 2107 1163 ctqu
2132 1119 2213 1165 est
2234 1152 2248 1176 ,
2281 1110 2346 1164 Et
2374 1112 2631 1166 brachium
2661 1111 2863 1167 Domini
2891 1115 2971 1168 cui
2995 1114 3268 1169 revelatum
3295 1126 3366 1170 est
3395 1114 3546 1186 (lsai.

1966 1216 2054 1256 un
2076 1244 2091 1268 ,
2125 1202 2178 1276 1)
2202 1245 2216 1268 ,
2247 1204 2324 1258 sic
2349 1213 2528 1258 uotum
2558 1203 2639 1258 fac
2659 1247 2673 1269 ,
2699 1214 2758 1260 ut
2779 1205 2830 1259 in
2855 1220 2919 1260 eo
2938 1205 3144 1261 discant
3173 1207 3356 1262 fideles
3384 1207 3454 1261 tui
3486 1222 3548 1262 ea

1965 1295 2133 1365 magis
2161 1309 2191 1350 a
2222 1303 2272 1351 te
2300 1311 2521 1366 poscere
2559 1305 2613 1352 et
2639 1312 2855 1368 Sperare
2883 1298 3097 1368 prtemia
3141 1298 3264 1354 ﬁdei
3291 1315 3409 1369 qua:
3441 1313 3548 1354 uen

1964 1395 2223 1458 apparent
2252 1388 2305 1442 in
2332 1387 2525 1444 Vetere
2546 1389 2908 1456 Testamento,
2933 1392 3024 1444 sed
3049 1391 3352 1446 revelantur
3373 1389 3426 1445 in
3446 1390 3553 1445 No-

1966 1492 2066 1544 vo;
2099 1495 2166 1534 ne
2207 1481 2533 1536 arbitrentur
2563 1497 2658 1552 pre
2684 1496 2874 1550 magno
2901 1480 3198 1537 habendam
3229 1490 3283 1536 et
3325 1484 3546 1552 cupien-

1964 1569 2086 1624 dam
2112 1571 2195 1625 vel
2213 1571 2561 1627 adamandam
2589 1589 2708 1629 esse
2734 1582 3064 1628 terrenorum
3091 1587 3154 1626 ac
3179 1573 3547 1641 temporalium

1964 1660 2224 1716 bonorum
2258 1661 2580 1728 felicitatem,
2614 1673 2668 1720 et
2692 1672 3128 1720 commoveantur
3152 1662 3315 1734 pedes
3339 1678 3548 1728 eorum,

1965 1771 2084 1811 cum
2110 1757 2485 1813 eamvidereut
2511 1768 2564 1813 et
2588 1759 2639 1814 in
2670 1759 2747 1814 eis
2774 1760 2862 1830 qui
2891 1767 2942 1814 te
2968 1773 3072 1813 non
3101 1757 3384 1820 colunt;et
3406 1771 3553 1827 gres-

1965 1864 2057 1904 sus
2086 1865 2268 1905 eerum
2296 1851 2635 1907 effundantur
2659 1852 2712 1907 in
2761 1853 2963 1923 lapsum
2986 1893 3000 1916 ,
3029 1851 3155 1907 dum
3184 1852 3428 1906 nesciunt
3467 1851 3552 1905 dio

1965 1957 2246 1997 munerare
2274 1942 2404 1996 iram
2449 1943 2633 1998 tuam?
2661 1943 2897 2014 Denique
2922 1942 3214 2018 secundum
3246 1941 3383 1996 hanc
3423 1955 3549 1996 ora-

1967 2033 2166 2090 tionem
2195 2033 2425 2088 hominis
2450 2034 2568 2101 sui,
2599 2035 2677 2089 sic
2700 2044 2881 2089 notum
2913 2033 3038 2090 fecit
3060 2033 3328 2089 Christum
3357 2048 3509 2087 suum
3536 2073 3552 2098 ,

1966 2137 2024 2182 ut
2048 2127 2155 2182 suis
2183 2127 2520 2196 passionihus
2541 2127 2954 2193 demonstraret,
2977 2142 3080 2181 non
3105 2141 3166 2180 ea
3193 2141 3410 2181 munera
3435 2141 3556 2195 qum

1965 2222 2212 2277 videntur
2235 2235 2426 2276 sonare
2457 2222 2506 2275 in
2537 2221 2730 2276 Vetere
2755 2221 3096 2275 Testamento
3115 2261 3130 2286 ,
3163 2219 3252 2274 ubi
3283 2227 3407 2274 sunt
3433 2235 3556 2274 um-

1966 2315 2076 2370 bra:
2101 2313 2400 2369 futurorum
2422 2355 2436 2380 ,
2467 2313 2559 2368 sed
2590 2321 2784 2367 :eterna
2815 2327 2934 2367 esse
2977 2311 3420 2381 concupiscenda.
3450 2311 3554 2366 Po-

1969 2416 2073 2464 test
2110 2409 2164 2464 in
2195 2408 2297 2464 isto
2339 2423 2497 2463 sensu
2523 2408 2682 2462 etiam
2710 2407 2802 2462 Dei
2831 2406 3052 2461 dextera
3082 2405 3300 2476 intelligi
3323 2445 3338 2470 ,
3372 2405 3422 2458 in
3449 2420 3554 2474 qua

1963 2503 2137 2574 justas
2178 2515 2304 2556 suos
2334 2501 2400 2556 ab
2430 2501 2606 2572 impiis
2650 2500 2948 2570 segregabit
2977 2517 2991 2552 :
3024 2498 3146 2568 quia
3176 2507 3229 2552 et
3277 2499 3388 2565 ipsa
3419 2497 3554 2553 boue

1965 2598 2044 2652 sic
2071 2595 2353 2652 inuetescit
2373 2636 2388 2660 ,
2421 2610 2540 2649 cum
2571 2593 2800 2664 ﬂagellat
2827 2607 3039 2648 omnem
3084 2592 3249 2647 lilium
3279 2606 3436 2661 quem
3467 2603 3554 2646 re-

1967 2689 2127 2758 cipit,
2159 2703 2260 2743 nee
2302 2687 2354 2742 in
2383 2685 2614 2757 peccatis
2642 2687 2752 2739 suis
2784 2685 3084 2755 prosperari
3129 2683 3256 2738 sinit
3298 2682 3415 2754 plus
3444 2683 3554 2737 ira-

1967 2781 2199 2846 scendo,
2233 2781 2326 2836 sed
2357 2780 2408 2835 in
2441 2778 2879 2843 mansuetudine,
2915 2778 3129 2833 sinistra
3157 2778 3174 2807 ί
3207 2775 3470 2846 ﬂagellat,
3501 2781 3559 2828 ut

1968 2873 2307 2930 emendatum
2352 2871 2418 2927 ad
2463 2872 2745 2927 dexteram
2791 2878 2954 2940 ponat
2986 2868 3212 2941 (Matth.
3248 2883 3363 2922 xxv
3389 2907 3404 2932 ,
3449 2865 3555 2931 5i,

1968 2969 2101 3038 55).
2155 2967 2222 3022 Ει
2251 2965 2380 3021 illud
2411 2965 2551 3036 quod
2603 2965 2840 3036 plerique
2869 2963 3083 3019 codices
3129 2962 3364 3027 habent,
3414 2960 3556 3016 Dea:-

1971 3072 2127 3115 teram
2177 3070 2315 3114 tuam
2363 3068 2532 3112 notam
2580 3062 2660 3128 [ac
2704 3057 2874 3120 mihi,
2924 3055 2989 3110 ad
3041 3065 3324 3125 utrumque
3371 3051 3558 3108 referri

1971 3160 2183 3226 potest,
2216 3152 2332 3207 sive
2378 3151 2444 3205 ad
2492 3150 2756 3205 Christum
2783 3192 2798 3216 ,
2831 3148 2947 3203 sive
2988 3147 3055 3202 ad
3085 3155 3339 3201 aeternam
3387 3143 3558 3198 felici-

1972 3255 2132 3302 tatem
2168 3264 2181 3300 :
2214 3259 2336 3300 nam
2365 3243 2503 3298 Deus
2553 3243 2622 3297 ita
2673 3257 2778 3296 non
2831 3239 2989 3294 habet
3034 3237 3326 3308 corporalis
3376 3236 3560 3290 format

1971 3338 2302 3402 dexteram,
2355 3334 2491 3390 sicut
2537 3349 2636 3390 nec
2687 3333 2823 3388 iram
2873 3329 3322 3400 commotionibus
3371 3327 3558 3384 turbuv

1971 3430 2193 3486 lentam.
2342 3427 2350 3435 '

2045 3525 2132 3578 15.
2164 3523 2316 3592 Quod
2346 3530 2472 3578 vero
2497 3520 2769 3593 adiungit,
2804 3519 2866 3574 Et
2895 3519 3201 3590 compeditos
3227 3517 3376 3572 corde
3398 3517 3450 3570 in
3479 3533 3562 3570 sa-

1975 3616 2161 3686 pientia
2181 3632 2200 3668 :
2223 3615 2310 3668 aiii
2333 3613 2544 3668 codices
2568 3628 2674 3668 non
2703 3611 2919 3674 habent,
2950 3610 3278 3679 compeditos,
3307 3607 3422 3670 sed.
3446 3623 3562 3661 eru-

1975 3709 2126 3763 ditos.
2158 3708 2391 3763 Verbum
2420 3707 2558 3761 enim
2585 3721 2818 3776 graecum
2849 3705 2916 3758 ita
2959 3704 3010 3757 in
3039 3713 3260 3772 utraque
3295 3701 3561 3771 significa-

1976 3802 2121 3856 tione
2150 3801 2396 3855 similiter
2419 3808 2593 3865 sonat,
2616 3808 2670 3852 ut
2692 3813 2795 3853 una
2823 3796 3025 3868 syllaba
3044 3796 3314 3866 paululum
3333 3794 3560 3850 differat.

1977 3894 2083 3950 Sed
2127 3909 2246 3948 cum
2280 3894 2352 3948 illi
2397 3892 2708 3947 erudiautur
2736 3891 2788 3944 in
2833 3889 3088 3959 sapientia
3109 3930 3123 3955 ,
3155 3888 3243 3958 qui
3275 3887 3519 3954 injiciuut
3542 3928 3558 3952 ,

1977 3987 2115 4042 sicut
2139 3985 2394 4054 scriptum
2424 3993 2528 4047 est,
2557 3984 2730 4054 pedem
2758 3983 2811 4036 in
2839 3980 3101 4052 compedes
3129 3981 3238 4049 ejus
3271 3977 3455 4049 (Eccli.
3489 3995 3560 4042 γι,

1975 4077 2068 4151 25)
2097 4078 2224 4150 (ηοη
2255 4077 2437 4147 utique
2465 4075 2651 4145 pedem
2677 4074 2916 4142 corporis
2937 4113 2953 4138 ,
2985 4072 3076 4126 sed
3109 4071 3294 4140 pedem
3320 4068 3520 4139 cordis)
3545 4111 3560 4134 ,

1977 4181 2031 4227 et
2059 4171 2174 4242 ejus
2191 4169 2336 4224 velut
2363 4169 2540 4223 aureis
2557 4165 2784 4222 vinculis
2810 4165 2994 4236 illigati
3011 4179 3038 4217 a
3059 4164 3139 4218 via
3161 4162 3251 4217 Dei
3279 4177 3381 4217 uou
3410 4177 3566 4216 exer-

1980 4263 2148 4318 bitant
2169 4303 2182 4326 ,
2211 4277 2310 4316 nec
2338 4261 2468 4314 ﬁunt
2493 4259 2674 4314 abillo
2700 4257 2935 4328 fugitivi;
2965 4255 3239 4326 quodlibet
3264 4254 3452 4309 herum
3484 4253 3562 4308 le-

1978 4368 2152 4430 gatur,
2171 4358 2312 4412 salva
2341 4366 2421 4410 est
2443 4353 2702 4409 sententia
2729 4351 2986 4407 veritatis.
3008 4349 3074 4404 Et
3104 4349 3248 4419 ipsos
3272 4347 3411 4403 enim
3429 4362 3567 4401 com-

1981 4449 2174 4522 peditos
2193 4490 2207 4514 ,
2234 4447 2319 4502 vel
2350 4445 2572 4500 eruditos
2599 4443 2748 4498 corde
2775 4443 2827 4496 in
2851 4441 3101 4512 sapientia
3129 4440 3206 4494 sic
3245 4448 3400 4493 notos
3428 4438 3567 4493 Deus

1982 4542 2106 4597 fecit
2149 4542 2200 4595 in
2227 4541 2374 4595 Novo
2404 4539 2746 4594 Testamento
2766 4577 2780 4602 ,
2809 4544 2867 4590 ut
2909 4550 3006 4606 pro
3035 4533 3138 4589 ﬁde
3165 4549 3322 4604 quam
3351 4531 3565 4587 Judaei»-

1983 4652 2100 4692 rum
2131 4644 2185 4689 et
2225 4634 2512 4690 Gentilium
2541 4631 2900 4688 detestabatur
2925 4627 3200 4698 impietas,
3229 4625 3404 4680 omnia
3434 4639 3565 4680 con-

1984 4734 2315 4791 temperent;
2346 4735 2400 4782 et
2428 4727 2505 4782 eis
2543 4740 2602 4780 se
2632 4723 2828 4794 privari
2857 4730 3193 4793 paterentur,
3227 4735 3344 4790 qua:
3375 4732 3564 4788 magna

1984 4834 2171 4894 putant
2201 4821 2460 4894 promissa
2492 4821 2544 4874 in
2575 4819 2766 4876 Vetere
2793 4817 3139 4872 Testamento
3166 4813 3256 4886 qui
3285 4811 3571 4869 carnaliter

1979 4917 2238 4988 judicant.
2895 4954 2908 4963 .

2057 5009 2144 5062 11.
2179 5006 2327 5078 (vers.
2362 5003 2472 5076 15.]
2508 5004 2572 5059 Ει
2600 5001 2848 5075 quoniam
2875 5015 2994 5056 eum
3022 4999 3100 5055 sic
3118 4997 3227 5054 noti
3255 4997 3477 5060 ﬁerent,
3510 5003 3568 5051 ut

1987 5099 2071 5154 illa
2115 5105 2548 5160 contemnerent,
2581 5103 2636 5150 et
2663 5092 3026 5149 desiderandis
3053 5089 3264 5145 :eternis
3306 5101 3400 5156 per
3442 5099 3568 5141 suas

1987 5191 2260 5262 passiones
2289 5189 2646 5244 testimonium
2675 5186 3018 5256 perhibet-ent
3046 5179 3209 5250 (unde
3227 5186 3280 5233 et
3307 5185 3468 5232 testes
3489 5177 3572 5232 di-

1984 5283 2056 5338 cti
2086 5292 2236 5342 sunt;
2261 5281 2339 5336 sic
2363 5281 2502 5335 enim
2529 5293 2701 5349 grreee
2727 5285 2987 5346 martyres
3012 5266 3386 5341 appellantur),
3407 5270 3571 5324 unilta

1987 5383 2041 5430 et
2069 5373 2291 5429 multum
2321 5371 2457 5426 mala
2476 5381 2527 5425 et
2552 5369 2742 5425 acerba
2769 5363 3075 5435 temporalia
3092 5363 3456 5432 pertulerunt;
3475 5359 3580 5421 hoc

1987 5468 2213 5524 attendit
2256 5467 2356 5522 iste
2385 5466 2548 5520 homo
2577 5463 2704 5524 Dei,
2749 5469 2803 5515 et
2830 5457 3045 5528 spiritus
3091 5454 3440 5529 propheticus
3488 5474 3583 5528 per

1987 5561 2152 5632 Moysi
2184 5560 2493 5614 vocabulum
2543 5560 2794 5627 ﬁguratus
2816 5594 2830 5616 ,
2858 5559 2912 5606 et
2951 5552 3030 5610 ait
3061 5572 3074 5609 :
3108 5555 3433 5620 Convertere,
3467 5551 3580 5606 Dot-

1987 5655 2154 5718 mine;
2188 5651 2481 5725 quousque?
2509 5658 2552 5703 ct
2582 5643 2911 5718 deprecebilis
2937 5657 3040 5704 esto
3068 5663 3220 5720 super
3246 5661 3414 5702 seruos
3442 5653 3578 5698 tuos.

2022 5791 2084 5862 ,³,
2283 5787 2544 5839 sinistram.
2586 5780 2779 5849 Aliquot.
2802 5791 2930 5850 Mss,
2955 5781 3206 5836 sin'utrutl
3229 5791 3250 5833 :
3281 5784 3334 5830 et
3369 5774 3583 5841 quidne.

2022 5866 2108 5903 11118
2155 5865 2203 5901 tt.

1990 5863 2203 5906 smtstru.
