4048 6500
465 359 604 418 1117

468 478 576 532 Vox
605 482 686 531 est
709 487 894 530 eorum
915 511 928 535 ,
959 471 1042 524 vel
1073 481 1168 538 pro
1193 465 1272 522 eis
1292 505 1306 531 ,
1351 463 1438 534 qui
1467 460 1630 516 multa
1651 501 1668 526 ,
1697 467 2046 530 persequente

466 571 567 626 isto
605 541 802 624 saeculo
821 607 836 632 ,
867 563 1008 620 mala
1035 561 1322 616 tolerantes
1341 597 1356 623 ,
1387 555 1730 610 innotescunt
1765 549 2049 620 compediti

467 659 630 716 corde
656 659 704 712 in
735 656 1086 726 sapientia,ut
1108 667 1205 706 nec
1234 649 1391 703 tantis
1419 645 1574 702 malis
1595 643 1766 700 coacti
1791 641 2053 712 refugiant

467 767 498 806 a
529 751 752 804 Domino
775 748 842 802 ad
871 746 1026 816 hujus
1049 741 1228 798 saeculi
1271 741 1432 796 bona.
1460 735 1762 796 Secundum
1783 743 1962 790 autem
1989 733 2050 786 il-

468 844 554 898 Iud
583 841 724 914 quod
767 841 892 896 alibi
927 839 1178 907 scriptum
1209 843 1320 900 est,
1357 833 1625 900 Quousque
1666 830 1848 884 avertis
1875 827 2055 896 [aciem

469 947 610 992 tuam
636 953 668 990 α
697 951 774 988 me
799 933 966 1004 (Psal.
999 947 1094 997 xii,
1125 928 1217 1001 l)?
1245 929 1418 984 Etiam
1445 926 1548 982 hoc
1567 923 1766 978 dictum
1789 931 1894 988 est,
1923 921 2055 974 Con—

469 1039 688 1095 vertere,
721 1026 968 1090 Domine;
1006 1022 1300 1096 quousque?
1331 1021 1396 1076 Et
1423 1029 1481 1074 ut
1509 1019 1678 1074 sciant
1705 1017 1796 1088 qui
1835 1015 2056 1070 multum

471 1121 792 1178 carnaliter1
825 1119 938 1174 Deo
979 1117 1218 1172 tribuunt
1259 1113 1473 1168 humani
1515 1111 1754 1180 corporis
1786 1109 2054 1174 formam,

471 1215 802 1270 eversionem
820 1211 996 1266 vultus
1020 1210 1136 1280 ejus
1161 1217 1214 1263 et
1242 1207 1646 1263 conversionem
1665 1219 1768 1258 non
1803 1202 1912 1256 fieri
1939 1216 2057 1256 [ηοε-

473 1317 528 1362 tu
555 1306 716 1362 simili
745 1305 976 1360 motibus
1001 1301 1240 1372 corporis
1271 1300 1467 1364 nostri;
1494 1300 1545 1354 in
1577 1299 1678 1353 hoc
1703 1295 1892 1352 eodem
1914 1295 2057 1366 psal-

474 1414 564 1454 mo
589 1397 826 1454 recolant
853 1396 1128 1466 superiora
1161 1412 1176 1448 :
1207 1391 1434 1447 Posuisti
1463 1391 1748 1458 iniquitates
1781 1399 1978 1442 nostras
2007 1388 2060 1442 in

473 1499 742 1560 conspectu
773 1498 876 1554 tuo,
908 1487 1148 1542 sarculum
1173 1495 1400 1540 nostrum
1427 1484 1479 1538 in
1505 1481 1874 1536 illuminatione
1897 1481 2061 1534 mutus

477 1587 569 1638 tui.
597 1583 874 1652 Quomodo
899 1597 1027 1652 ergo
1049 1581 1138 1634 hic
1158 1579 1286 1633 dicit
1304 1621 1318 1644 ,
1349 1577 1672 1640 Convertere,
1709 1583 1764 1628 ut
1789 1575 1858 1628 sit
1889 1573 2062 1643 propi-

479 1677 582 1730 tius
603 1717 617 1742 ,
651 1675 796 1746 quasi
827 1673 1012 1728 faciem
1041 1671 1322 1727 avertisset
1347 1670 1546 1732 iratus;
1575 1681 1694 1720 eum
1733 1665 1802 1718 ibi
1829 1665 1906 1718 sic
1933 1664 2061 1718 insi-

479 1777 606 1822 nuet
641 1767 832 1820 iratum
855 1809 867 1829 ,
896 1776 956 1819 ut
981 1780 1087 1820 non
1113 1762 1365 1818 averterit
1391 1760 1578 1815 faciem
1605 1759 1670 1814 ab
1699 1758 2063 1828 iniquitatibus

479 1869 534 1914 et
559 1859 754 1915 saaculo
783 1875 968 1914 eorum
993 1859 1186 1930 quibus
1217 1857 1538 1910 irasceretur
1556 1895 1571 1920 ,
1602 1851 1692 1908 sed
1719 1866 1782 1906 ea
1811 1851 1986 1921 potius
2011 1852 2064 1906 in

480 1961 766 2022 conspectu
791 1965 888 2006 suo
909 1961 963 2006 et
991 1952 1044 2006 in
1071 1949 1462 2004 illuminatione
1481 1947 1656 2001 vultus
1683 1945 1760 1999 sui
1791 1945 2064 2014 posuerit?

479 2047 628 2114 Quod
651 2057 826 2101 autem
851 2046 1064 2112 dicitur,
1097 2059 1368 2116 quousque.
1399 2041 1618 2096 verbum
1645 2049 1726 2094 est
1753 2040 1954 2094 orantis
1973 2038 2060 2108 jn-

479 2139 659 2205 stitiae,
681 2153 786 2192 non
817 2138 1135 2208 indignantis
1164 2136 1528 2207 impatientia}.
1547 2134 1686 2190 Sane
1703 2133 1842 2204 quod
1871 2133 1954 2186 lnic
1975 2147 2067 2201 po-

479 2231 638 2286 situm
665 2239 767 2297 est,
783 2229 1112 2300 deprecabilis
1135 2237 1268 2292 esto;
1287 2229 1376 2282 alii
1397 2227 1616 2282 verbum
1638 2241 1668 2281 e
1687 2225 1872 2292 verbo,
1889 2225 2065 2295 depre-

479 2337 614 2390 care,
635 2322 968 2391 interpretati
987 2329 1128 2376 sunt.
1151 2321 1254 2376 Sed
1272 2321 1360 2390 qui
1381 2319 1476 2385 ait,
1497 2319 1826 2388 deprecabilis
1845 2325 1968 2382 esto,
1989 2317 2058 2369 vi-

479 2415 612 2470 tavit
625 2415 928 2484 ambiguum
946 2430 960 2480 ;
979 2415 1098 2485 quia
1117 2413 1390 2483 deprecari
1411 2425 1694 2466 commune
1713 2423 1792 2465 vet
1809 2409 1930 2463 bum
1949 2418 2030 2462 est
2047 2425 2060 2462 :

479 2521 600 2561 nam
619 2515 672 2563 et
697 2507 784 2561 ille
802 2507 1118 2576 deprecatur
1133 2507 1220 2574 qui
1239 2502 1670 2573 deprecationem
1700 2500 1887 2565 fundit,
1907 2509 1960 2554 et
1977 2499 2064 2554 ille

476 2599 560 2652 cui
589 2597 854 2663 funditur;
883 2598 1110 2653 dicimus
1135 2595 1276 2651 enim
1299 2637 1314 2663 ,
1345 2595 1612 2665 Deprecor
1639 2603 1722 2658 te,
1755 2602 1806 2646 et
1827 2635 1842 2659 ,
1869 2592 2063 2662 deprc-

475 2704 570 2743 θοι·
597 2705 626 2743 a
659 2698 728 2744 ιη.

549 2780 638 2834 15.
671 2776 818 2850 [vers.
840 2777 1060 2850 14,155.]
1085 2778 1282 2832 Deinde
1309 2777 1396 2832 illa
1419 2777 1554 2832 bona
1573 2792 1688 2846 qum
1717 2775 1890 2832 futura
1917 2787 2060 2844 sunt,

475 2889 572 2942 spe
597 2873 928 2942 anticipans,
959 2883 1012 2927 et
1051 2872 1196 2926 velut
1217 2871 1328 2942 jam
1360 2871 1490 2925 facta
1521 2869 1780 2940 deputans
1817 2887 1831 2924 :
1867 2870 2064 2938 Repleti

477 2983 670 3030 sumus,
693 2966 881 3036 inquit,
902 2983 1046 3020 mane
1071 2965 1412 3020 misericordia
1438 2975 1541 3017 tua.
1571 2964 1710 3034 Ergo
1731 2962 1783 3018 in
1813 2963 1896 3018 bis
1921 2964 2065 3020 velut

477 3059 752 3112 nocturnis
789 3057 1062 3113 laboribus
1089 3068 1141 3112 ct
1167 3057 1438 3112 doloribus
1467 3055 1742 3126 prophetia
1773 3057 1926 3110 nobis
1971 3071 2062 3110 ac-

477 3163 638 3204 censa
663 3158 778 3216 est,
811 3150 947 3204 sicut
981 3151 1194 3204 lucerna
1225 3151 1278 3204 in
1305 3150 1532 3204 obscuro
1559 3149 1674 3204 loco
1695 3191 1709 3215 ,
1751 3149 1922 3204 donec
1949 3149 2064 3204 dies

477 3243 726 3308 lucescat,
752 3251 806 3296 et
831 3242 1020 3297 lucifer
1039 3243 1238 3296 oriatur
1267 3243 1318 3296 in
1345 3241 1594 3296 cordibus
1619 3241 1814 3296 nostris
1831 3241 1898 3310 (II
1917 3239 2062 3296 Petr.

477 3351 528 3400 ι,
559 3335 668 3406 19).
697 3335 846 3390 Beati
877 3335 1018 3389 enim
1063 3336 1244 3390 mundi
1275 3335 1470 3400 corde,
1501 3335 1622 3404 quia
1663 3334 1760 3403 ipsi
1790 3335 1954 3388 Deum
1981 3333 2062 3386 vi.

475 3429 696 3483 debunt.
743 3429 892 3484 'I‘unc
921 3430 1264 3499 replebmitur
1290 3445 1354 3484 eo
1381 3429 1520 3482 bono
1545 3429 1709 3498 justi,
1753 3429 1892 3498 quod
1923 3443 2064 3485 nunc

473 3522 714 3574 esuriant
737 3531 792 3575 et
833 3523 1016 3576 sitiunt
1044 3521 1256 3592 (Matth.
1291 3537 1356 3588 ν,
1389 3521 1423 3576 8
1444 3563 1456 3587 ,
1491 3520 1546 3590 6)
1567 3563 1580 3584 ,
1613 3535 1734 3574 cum
1764 3536 1858 3591 per
1903 3520 2062 3576 fidem

475 3613 808 3668 ambulantes
851 3613 1251 3683 peregrinantur
1279 3629 1306 3666 a
1341 3613 1564 3668 Domino
1597 3611 1680 3682 (Il
1709 3611 1827 3666 Cor.
1857 3629 1918 3674 ν.
1963 3611 2058 3684 6).

477 3703 627 3759 Unde
653 3714 704 3759 et
731 3705 854 3760 illud
883 3705 1094 3770 dicitur,
1125 3704 1356 3774 Replebis
1379 3721 1456 3758 me
1479 3705 1654 3758 (milia
1677 3721 1792 3758 cum
1811 3706 1950 3758 vultu
1975 3715 2060 3760 tuo

475 3797 494 3870 (
521 3797 662 3852 Psal.
710 3815 807 3863 xv,
842 3797 968 3868 11).
1003 3799 1150 3853 Mane
1193 3799 1442 3853 astabunt
1465 3807 1516 3852 et
1559 3799 2060 3868 contemplaliuntur

474 3890 642 3958 (Psal.
673 3908 704 3944 v
725 3935 738 3958 ,
771 3892 864 3959 5);
897 3900 982 3954 et,
1013 3893 1146 3946 sicut
1172 3891 1260 3946 alii
1299 3889 1547 3945 dixerunt
1573 3891 1924 3960 interpretes,
1953 3891 2058 3946 Sa-

371 4001 380 4008 '
473 3986 581 4037 tiali
612 4001 784 4039 sumus
809 4001 955 4039 inane
991 3985 1331 4042 misericordia
1359 3993 1477 4052 tua,
1527 3996 1652 4040 tunc
1677 3986 2010 4041 satiabuntur
2039 4006 2054 4042 :

471 4077 606 4130 sicut
630 4078 772 4132 enim
800 4078 924 4132 alibi
953 4079 1042 4140 ait,
1075 4079 1330 4141 Satiabor,
1363 4078 1484 4132 dum
1515 4077 1912 4148 manifestabitur
1941 4079 2056 4150 glo-

469 4175 546 4225 ria
577 4183 660 4225 tua
689 4173 706 4242 (
737 4172 877 4226 Psal.
921 4189 1004 4226 xvi
1025 4215 1038 4236 ,
1071 4174 1134 4227 l5
1160 4176 1196 4241 ).
1228 4173 1378 4228 Unde
1411 4172 1635 4234 dicitur,
1671 4173 1888 4226 Ostende
1917 4177 2057 4230 nobis

475 4263 699 4328 Patrem,
721 4273 764 4316 et
781 4264 958 4332 sumsit
985 4265 1123 4316 nobis
1139 4281 1154 4326 ;
1173 4273 1330 4333 atque
1359 4264 1468 4331 ipse
1489 4263 1742 4316 Iloininus
1759 4264 1852 4328 ait,
1875 4263 2056 4319 Osten—

469 4355 586 4407 dam
613 4355 853 4424 meipsum
881 4355 959 4408 illi
983 4353 1164 4423 (Joan.
1199 4370 1303 4420 xw,
1330 4355 1382 4420 8,
1405 4351 1498 4424 2|)
1533 4370 1544 4405 :
1579 4354 1720 4423 quod
1746 4355 1918 4410 donec
1941 4356 2052 4422 Iiat,

469 4445 596 4500 nillil
625 4445 748 4498 boni
777 4445 930 4499 nobis
963 4445 1190 4507 sufﬁcit;
1224 4459 1323 4498 nec
1351 4444 1594 4498 sufﬁcere
1621 4444 1811 4506 debet,
1861 4461 1929 4501 ne
1955 4447 2052 4501 de-

469 4537 720 4592 siderium
753 4545 994 4591 nostrum
1027 4537 1080 4590 in
1109 4537 1190 4590 via
1225 4545 1521 4598 remaneat,
1553 4535 1690 4604 quod
1719 4535 1889 4591 donec
1932 4553 2054 4607 per-

469 4629 642 4688 veniat
681 4627 1072 4683 extendendum
1103 4637 1202 4682 est.
1239 4627 1436 4697 Περιειὲ
1463 4643 1638 4682 smnus
1667 4643 1812 4682 mane
1855 4629 2053 4683 miseri-

465 4719 638 4773 cordia
662 4729 839 4784 tua;et
865 4720 1240 4784 exsultrmimus,
1263 4729 1310 4772 et
1333 4719 1600 4786 iucundati
1623 4731 1796 4773 suum
1816 4721 1835 4752 ²
1867 4721 1918 4774 in
1946 4737 2052 4774 om-

465 4811 610 4864 nibus
635 4809 806 4864 diebus
831 4811 1034 4864 nostris.
1063 4811 1182 4864 Dies
1209 4810 1314 4872 ille,
1335 4809 1452 4864 dies
1477 4818 1558 4864 est
1584 4811 1700 4864 sine
1725 4809 1831 4865 fine
1881 4810 2052 4868 Simul

465 4913 586 4958 sunt
631 4903 706 4958 illi
735 4917 922 4958 omnes
965 4902 1262 4966 dies;,idco
1289 4903 1498 4956 satiant.
1533 4902 1644 4956 Non
1691 4904 1831 4958 enim
1863 4919 2048 4961 succe-

462 4997 710 5052 dentibus
749 4995 978 5058 cedunt,
1025 4995 1109 5048 ubi
1141 5009 1244 5048 non
1273 5003 1354 5048 est
1393 4995 1588 5062 aliquid
1630 4995 1768 5064 quod
1817 5011 1920 5050 non
1953 5013 2046 5050 ve-

463 5087 660 5143 niendo
685 5085 919 5141 nondum
947 5085 1048 5146 sit,
1079 5093 1132 5140 et
1161 5083 1421 5138 veniendo
1457 5084 1566 5152 jam
1597 5101 1699 5138 non
1731 5086 1816 5140 sit.
1849 5087 2046 5142 Omnes

462 5180 620 5234 simul
647 5187 790 5246 sunt,
809 5177 930 5248 quia
963 5192 1096 5232 unus
1117 5175 1312 5244 estqui
1341 5183 1444 5228 stat
1469 5185 1522 5230 et
1549 5191 1652 5230 non
1683 5179 1870 5231 lt'tttisil.
1895 5197 1905 5230 :
1935 5180 2046 5247 ipsa

463 5282 544 5328 est
569 5272 856 5326 reternitas.
885 5271 946 5326 Hi
971 5279 1094 5324 sunt
1123 5269 1238 5324 dies
1263 5267 1329 5322 de
1353 5261 1544 5338 quibus
1573 5268 1764 5324 dicitur
1789 5287 1800 5321 :
1831 5271 1956 5337 Quis
1977 5282 2048 5326 est

465 5365 609 5418 homo
633 5365 718 5434 qui
751 5364 857 5419 uult
889 5365 1042 5418 vitam
1062 5404 1076 5430 ,
1106 5372 1160 5416 et
1182 5362 1346 5434 diligit
1371 5362 1537 5416 videre
1561 5363 1663 5418 dies
1689 5363 1844 5418 bonos
1873 5364 2044 5437 (Psal.

467 5473 645 5522 xxxiii,
681 5457 808 5526 ιδῃ
837 5457 898 5510 Ili
923 5457 1040 5512 dies
1066 5465 1118 5511 et
1147 5455 1254 5510 alio
1284 5455 1400 5510 loco
1421 5455 1545 5508 anni
1575 5458 1928 5526 appellantur,
1957 5459 2042 5512 ubi

463 5550 570 5604 Deo
594 5548 786 5604 dicitur
809 5565 822 5600 :
846 5547 926 5604 Tu
955 5559 1120 5604 autem
1141 5549 1273 5603 idem
1299 5548 1407 5616 ipse
1435 5565 1504 5612 es,
1527 5557 1571 5602 rt
1595 5551 1716 5604 anni
1745 5553 1812 5604 tui
1839 5567 1936 5604 non
1955 5551 2042 5604 de-

459 5643 648 5714 ﬁcient.
679 5641 793 5696 Non
821 5641 960 5696 enim
991 5643 1114 5697 anni
1141 5652 1266 5698 sunt
1291 5641 1382 5713 qui
1429 5656 1525 5711 pro
1553 5641 1714 5696 nihilo
1741 5641 2000 5696 habentur
2023 5681 2038 5707 ,

519 5803 536 5834 ι
575 5801 656 5850 Hic
677 5801 726 5848 in
755 5796 868 5848 Fdd.
893 5795 1098 5860 additur,
1120 5794 1389 5860 sapientes;
1409 5795 1536 5860 quod
1561 5809 1588 5846 a
1611 5803 1714 5846 Mss.
1741 5795 1896 5846 abest.

521 5865 538 5898 ³
577 5862 742 5914 rlures
761 5869 890 5922 Mss,
910 5857 1130 5910 delectati
1152 5869 1332 5909 suum.

1703 344 1762 400 S.
1806 339 2170 399 AUGUSTINI
2211 341 2512 402 EPISCOPI

3601 355 3743 414 H48

2157 467 2248 514 aut
2273 459 2388 516 dies
2412 470 2538 516 sunt
2561 461 2648 530 qui
2671 462 2808 517 sicut
2833 463 3016 519 umbra
3043 464 3444 524 declinaverunt
3465 467 3636 542 (Psal.
3669 487 3741 536 et.

2155 550 2224 606 38
2245 595 2260 618 ,
2295 553 2384 623 12)
2421 571 2432 608 :
2467 554 2560 608 sed
2603 555 2719 610 dies
2749 565 2872 610 sunt
2900 557 2988 626 qui
3017 567 3176 626 sunt,
3204 575 3428 630 quorum
3459 575 3742 620 numerum

2157 655 2342 702 notum
2385 648 2481 702 sibi
2519 649 2628 704 fieri
2671 650 2990 719 precabatur
3017 652 3104 721 qui
3142 653 3386 720 dicebat,
3437 633 3747 730 Notum'fac

2159 739 2302 804 milii,
2321 737 2556 804 Domine,
2578 741 2728 808 ﬁnem
2755 757 2920 796 meum
2941 742 3068 812 (quo
3091 746 3448 814 perveniendo
3477 763 3744 818 maneam,

2160 839 2214 884 et
2242 829 2374 886 nihil
2405 831 2626 886 ulterius
2664 833 2774 902 jam
2799 837 3126 906 requiram),
3155 848 3200 890 et
3244 855 3506 894 numerum
3551 843 3750 898 dierum

2161 939 2384 978 meorum
2407 925 2492 995 qui
2515 935 2621 991 est;
2649 928 2832 997 utique
2859 927 2946 999 qui
2973 939 3044 982 est
3065 971 3080 995 ,
3109 945 3212 984 non
3241 933 3330 1002 qui
3355 949 3457 988 non
3491 945 3591 989 est.
3615 937 3748 1004 Quia

2162 1015 2278 1072 dies
2307 1017 2427 1084 isti,
2469 1017 2534 1072 de
2565 1019 2756 1088 quibus
2785 1030 2838 1074 et
2864 1021 2970 1076 illic
3000 1033 3390 1094 consequenter
3413 1027 3574 1096 dicit,
3617 1030 3752 1086 Ecce

2163 1118 2346 1162 veteres
2371 1109 2579 1177 posuisti
2614 1110 2718 1163 dies
2745 1129 2879 1166 meos
2905 1113 2922 1183 (
2951 1112 3090 1168 Psal.
3127 1133 3324 1172 xxxv"!
3343 1161 3356 1182 ,
3390 1120 3422 1174 5
3443 1163 3456 1186 ,
3487 1121 3559 1192 6)
3583 1164 3597 1188 ,
3643 1138 3750 1180 non

2163 1209 2320 1266 sunt,
2349 1201 2469 1272 quia
2497 1218 2600 1258 non
2631 1211 2770 1258 stant
2791 1245 2804 1272 ,
2853 1221 2958 1260 non
2987 1218 3232 1274 manent,
3267 1211 3546 1267 celerrima
3574 1224 3750 1270 muta-

2165 1291 2368 1348 bililate
2399 1303 2794 1362 transcurrunt;
2817 1312 2916 1352 nec
2947 1315 3048 1353 una
3076 1301 3204 1354 hora
3231 1301 3282 1355 in
3314 1303 3390 1356 eis
3419 1304 3751 1364 inveniturin

2165 1400 2264 1452 qua
2313 1385 2382 1440 ita
2413 1385 2612 1454 simus,
2645 1397 2700 1442 ut
2745 1404 2852 1444 non
2881 1389 2982 1444 alia
3029 1407 3149 1455 pars
3179 1394 3293 1462 ejus
3325 1397 3622 1465 transierit,
3651 1400 3752 1455 alia

2167 1487 2387 1534 ventura
2415 1480 2516 1546 sit,
2549 1481 2690 1536 nulla
2717 1491 2823 1537 stet
2867 1491 2922 1538 nt
2965 1484 3053 1538 sit.
3087 1485 3162 1540 Illi
3191 1495 3364 1542 autem
3394 1491 3516 1544 anni
3559 1501 3611 1545 et
3637 1493 3753 1548 dies

2167 1588 2271 1626 non
2311 1573 2584 1638 deliciunt,
2617 1577 2668 1629 in
2693 1577 2882 1647 quibus
2909 1593 3007 1632 nee
3035 1594 3130 1632 nos
3158 1579 3484 1646 deficienms,
3515 1585 3606 1638 sed
3637 1589 3754 1643 sine

2167 1667 2372 1722 defectu
2393 1670 2709 1724 reliciemur.
2733 1673 3000 1726 Exzestuet
3018 1674 3390 1728 aniinaﬁiostra
3417 1677 3620 1732 illorum
3641 1681 3756 1734 die-

2168 1777 2282 1814 rum
2311 1762 2576 1818 desiderio
2596 1805 2610 1830 ,
2641 1765 2786 1818 sitiat
2813 1765 3064 1822 ardenter
3105 1777 3261 1838 atque
3291 1770 3664 1842 vehementer;
3699 1785 3756 1831 ut

2169 1853 2276 1906 illic
2295 1852 2615 1924 repleamur,
2635 1856 2704 1910 ibi
2723 1859 2994 1922 satiemur,
3015 1859 3084 1914 ibi
3103 1859 3341 1915 dicamus
3359 1864 3496 1932 quod
3519 1865 3600 1919 hic
3621 1881 3755 1936 prm-

2169 1943 2425 1999 dicimus:
2450 1947 2634 2000 Satiati
2661 1966 2834 2004 sumus
2851 1968 2996 2004 mane
3009 1953 3350 2006 misericordia
3381 1963 3558 2018 tua;et
3588 1957 3756 2010 msul-

2171 2037 2402 2104 tavimus,
2417 2049 2462 2091 et
2472 2039 2744 2109 jnrnndati
2758 2059 2930 2096 sumus
2942 2045 2994 2097 in
3005 2043 3232 2098 omnibus
3249 2046 3418 2100 diebus
3435 2048 3632 2100 nostris.
3651 2048 3757 2103 Lm-

2169 2131 2260 2182 tati
2287 2148 2458 2186 sumus
2487 2150 2579 2201 pro
2600 2133 2770 2188 diebus
2783 2135 2960 2204 quibus
2980 2153 3070 2190 nos
3103 2138 3396 2206 lmmiliasli,
3415 2142 3561 2194 annis
3577 2141 3756 2210 quibus

2170 2222 2382 2276 vidimus
2411 2226 2566 2278 mala.

2243 2317 2326 2370 16.
2363 2315 2510 2388 [rei-s.
2546 2319 2656 2392 16.]
2689 2319 2836 2375 Nune
2864 2330 3040 2376 autem
3071 2324 3122 2376 in
3171 2321 3358 2378 diebus
3385 2324 3558 2380 adhuc
3601 2327 3754 2380 mali-

2167 2409 2286 2477 guis
2313 2409 2550 2464 dicamus
2573 2412 2712 2483 quod
2745 2415 2982 2484 sequitur
3007 2435 3016 2466 :
3045 2414 3110 2468 Et
3139 2417 3328 2485 respice
3351 2433 3402 2470 in
3429 2434 3594 2472 servos
3621 2429 3756 2484 tuos,

2169 2509 2214 2552 et
2241 2501 2290 2552 in
2318 2518 2470 2571 opera
2499 2511 2601 2556 tua.
2623 2503 2724 2572 Ipsi
2755 2505 2894 2560 enim
2913 2508 3049 2559 servi
3081 2507 3151 2560 tui
3181 2521 3343 2576 opera
3375 2515 3460 2564 tua
3487 2519 3628 2574 sunt,
3651 2527 3758 2568 non

2167 2591 2340 2646 solum
2367 2602 2424 2646 ut
2451 2593 2694 2650 homines
2725 2598 2852 2662 sint,
2881 2599 2976 2653 sed
3002 2599 3162 2652 etiam
3187 2607 3246 2654 ut
3271 2600 3379 2654 sint
3408 2603 3548 2656 servi
3577 2603 3670 2668 tui,
3703 2605 3759 2660 id

2167 2689 2250 2736 est
2273 2683 2582 2741 obedientes
2603 2687 2766 2756 jussis
2797 2690 2916 2743 tuis.
2956 2691 3122 2760 Ipsius
3147 2691 3287 2746 enim
3317 2707 3502 2748 sumus
3531 2695 3758 2764 figmen-

2169 2782 2298 2836 tum,
2331 2790 2434 2828 non
2465 2777 2635 2831 solum
2669 2780 2718 2832 in
2747 2779 2934 2846 Adam,
2959 2781 3052 2836 sed
3083 2783 3240 2836 etiam
3269 2785 3436 2838 creati
3465 2787 3516 2840 in
3543 2787 3762 2844 Christo

2167 2867 2326 2932 .Iesu,
2359 2869 2410 2922 in
2450 2871 2700 2939 operibus
2727 2872 2908 2938 bonis,
2953 2890 3070 2944 qure
3103 2878 3419 2944 prmparavit
3451 2879 3588 2934 Deus
3617 2889 3676 2934 ut
3705 2881 3756 2935 in

2169 2959 2271 3012 illis
2293 2962 2626 3016 ambulemus
2642 2963 2858 3033 (Ephes.
2889 2981 2947 3030 ti,
2969 2963 3076 3037 10).
3101 2967 3239 3020 Deus
3257 2977 3342 3022 est
3365 2971 3504 3024 enim
3523 2972 3609 3041 qtti
3627 2987 3760 3042 ope-

2171 3059 2315 3104 ratur
2345 3053 2394 3106 in
2427 3054 2579 3108 nobis
2605 3063 2658 3109 et
2685 3056 2815 3111 velle
2844 3066 2896 3110 et
2922 3059 3166 3127 operari,
3193 3074 3291 3128 pro
3317 3059 3454 3114 bona
3485 3063 3760 3120 voluntate

2169 3143 2423 3214 (Philipp.
2457 3163 2492 3200 n
2513 3189 2525 3210 ,
2563 3147 2669 3218 l5).
2703 3148 2766 3202 Et
2793 3151 2954 3218 dirige
2983 3151 3115 3220 ﬁlios
3143 3169 3319 3206 eorum
3348 3170 3366 3206 :
3397 3163 3454 3208 tit
3483 3155 3588 3210 sint
3625 3156 3760 3214 recti

2168 3237 2349 3304 corde,
2369 3238 2558 3308 quibus
2577 3240 2748 3294 bonus
2769 3252 2848 3295 est
2871 3243 3032 3296 Deus.
3057 3245 3234 3299 Bonus
3251 3247 3393 3300 enim
3415 3247 3550 3300 Deus
3569 3247 3756 3316 Israel,

2115 3363 2130 3376 .
2167 3329 2262 3383 sed
2285 3331 2442 3386 rectis
2457 3333 2636 3386 corde.
2659 3332 2770 3387 Non
2789 3335 2928 3388 sicut
2949 3335 3038 3390 illc
3055 3337 3136 3389 cui
3157 3339 3410 3392 commoti
3428 3339 3756 3410 suntpedes,

2167 3419 2286 3488 quia
2339 3436 2519 3489 pacein
2569 3433 2906 3492 peccatorum
2940 3425 3159 3481 intuenti
3206 3427 3492 3498 displicere
3519 3439 3760 3500 cmperat

2173 3511 2308 3566 Deus
2328 3555 2342 3576 ,
2373 3515 2522 3582 quasi
2551 3515 2646 3568 ista
2687 3519 2930 3572 nesciens
2950 3561 2964 3584 ,
2997 3521 3146 3588 quasi
3189 3521 3286 3574 ista
3313 3535 3419 3576 non
3447 3537 3640 3576 curans
3659 3565 3674 3588 ,
3703 3531 3760 3580 et

2165 3604 2234 3658 ab
2261 3604 2474 3659 humani
2511 3609 2720 3676 generis
2745 3609 3166 3678 gulicrnatione‘
3199 3602 3541 3668 dissimulans
3579 3613 3751 3684 (Psal.

2167 3713 2304 3750 Lxxn
2329 3740 2341 3760 ,
2381 3699 2550 3768 1-11).

2238 3788 2322 3842 17.
2353 3787 2502 3860 [νει-ε.
2537 3788 2644 3862 17.]
2671 3791 2734 3846 Et
2753 3793 2818 3846 sit
2843 3793 3080 3861 splendor
3111 3793 3312 3848 Domini
3335 3793 3432 3850 Dei
3469 3800 3627 3852 nostri
3662 3815 3752 3853 su.

2167 3897 2254 3948 per
2283 3897 2394 3934 nos.
2425 3881 2576 3936 Unde
2602 3883 2792 3938 dicitur
2818 3925 2832 3949 ,
2864 3886 3134 3956 Signatum
3176 3897 3248 3942 est
3273 3905 3425 3959 super
3453 3906 3544 3944 nos
3582 3891 3755 3948 lumen

2163 3974 2329 4028 vultus
2350 3976 2442 4042 tui,
2478 3975 2688 4030 Domine
2716 3976 2884 4049 (Psal.
2919 3996 2986 4044 iv,
3013 3981 3086 4050 7).
3123 3980 3184 4033 Et
3207 3998 3361 4050 opera
3385 3999 3626 4036 manuum
3655 4001 3752 4038 uo-

2161 4075 2380 4119 strarum
2403 4067 2560 4138 dirige
2584 4085 2735 4138 super
2759 4087 2850 4124 nos
2872 4086 2889 4124 :
2909 4079 2964 4124 ut
2985 4085 3087 4124 non
3115 4085 3172 4126 ea
3197 4085 3292 4141 pro
3315 4087 3494 4126 rerum
3513 4081 3754 4130 terrena-

2163 4174 2278 4212 rum
2313 4159 2555 4216 mercede
2597 4160 2846 4216 faciamus
2881 4179 2894 4226 ;
2929 4171 3052 4216 tunc
3082 4164 3222 4218 enim
3251 4181 3354 4218 non
3381 4165 3580 4220 directa
3607 4209 3622 4230 ,
3655 4169 3752 4224 sed

2161 4266 2320 4308 curva
2361 4263 2501 4306 sunt.
2527 4253 2827 4322 ﬂuensque
2853 4256 3110 4324 psalmum
3141 4256 3296 4310 istum
3343 4259 3493 4312 multi
3537 4261 3752 4315 codices

2161 4343 2390 4408 habent;
2413 4346 2506 4400 sed
2531 4347 2582 4400 in
2609 4347 2878 4400 nonnullis
2909 4347 3099 4418 legitur
3133 4349 3268 4406 alius
3295 4351 3512 4406 ultimus
3537 4367 3748 4422 versus,

2163 4435 2230 4490 Et
2255 4455 2381 4507 opus
2415 4455 2653 4494 manuum
2679 4451 2964 4494 nostrarum
2992 4443 3167 4512 dirige.
3198 4441 3292 4496 Cui
3315 4445 3486 4499 versui
3526 4445 3752 4517 diligen-

2163 4538 2242 4584 tes
2279 4541 2332 4584 et
2367 4531 2507 4584 docti
2553 4541 2852 4600 prmnotant
2895 4534 3134 4600 stellam,
3167 4551 3300 4606 quos
3327 4537 3614 4592 asterisc’os
3646 4555 3750 4593 vo-

2160 4630 2282 4675 cant
2304 4665 2318 4686 ,
2349 4622 2537 4690 quibus
2585 4623 2883 4692 signiﬁcant
2920 4641 2980 4680 ea
3027 4643 3145 4696 qua:
3173 4628 3225 4682 in
3255 4627 3468 4684 ltebran
3513 4631 3596 4685 vel
3625 4633 3752 4690 aliis

2159 4712 2540 4782 interpretibus
2566 4716 2752 4784 grteeis
2781 4717 3138 4786 reperiuntur,
3173 4719 3224 4774 in
3249 4720 3586 4792 Septuaginta
3613 4740 3747 4780 vero

2161 4805 2592 4873 interpretatione
2625 4823 2729 4862 non
2779 4818 2921 4862 sunt.
2953 4809 3122 4875 Quem
3175 4825 3388 4866 versum
3419 4813 3462 4866 si
3519 4813 3751 4873 velimus

2158 4914 2444 4968 exponere,
2471 4901 2520 4954 id
2551 4901 2677 4956 milii
2702 4901 2910 4956 videtur
2929 4901 3123 4958 habere
3145 4905 3439 4966 sententim,
3469 4907 3606 4976 quod
3629 4924 3752 4962 om-

2158 4991 2243 5046 nia
2285 4992 2421 5046 I)0na
2465 5009 2623 5062 opera
2669 5005 2868 5060 nostra,
2903 5011 3064 5050 unitm
3112 5011 3246 5065 opus
3297 5007 3378 5052 est
3421 4997 3694 5056 charitatis
3731 5021 3745 5058 :

2157 5084 2428 5151 plenitudo
2459 5085 2598 5138 enim
2629 5085 2781 5155 Legis
2805 5086 3034 5140 cliaritas
3084 5087 3256 5158 (Itoni.
3291 5103 3380 5142 xui
3415 5131 3429 5151 ,
3467 5089 3576 5156 10).
3609 5090 3748 5149 Nam

2156 5177 2429 5245 superiore
2471 5193 2626 5232 versu
2661 5193 2779 5232 cum
2825 5177 3066 5240 dixisset,
3103 5177 3168 5230 Et
3196 5195 3350 5246 opera
3385 5197 3624 5234 manuum
3654 5199 3748 5234 no-

2154 5277 2368 5322 strarum
2399 5271 2561 5341 dirige
2585 5287 2735 5340 super
2777 5287 2908 5335 nos;
2941 5271 3042 5325 isto
3089 5272 3274 5326 ultimo
3307 5288 3410 5330 non
3441 5291 3618 5342 apera,
3645 5277 3746 5332 sed

2154 5377 2280 5432 opus
2317 5364 2446 5417 dixit
2473 5380 2710 5418 manuum
2735 5373 3022 5418 nostrarum
3047 5364 3209 5436 dirige
3237 5381 3254 5418 :
3278 5373 3526 5437 tanquam
3555 5369 3746 5426 ultimo

2155 5472 2308 5510 versu
2337 5457 2520 5512 volens
2549 5457 2830 5513 ostendere
2857 5459 2968 5529 ipsa
2991 5473 3154 5528 opera
3171 5475 3334 5516 unum
3361 5475 3496 5530 opus
3522 5476 3664 5528 esse,
3687 5463 3746 5518 id

2153 5559 2255 5614 est,
2285 5548 2348 5604 ad
2367 5565 2530 5604 unum
2555 5565 2688 5618 Opus
2703 5550 2876 5618 dirigi.
2908 5549 3054 5606 Tunc
3071 5551 3210 5606 enim
3233 5560 3376 5606 recta
3407 5560 3530 5606 sunt
3551 5567 3744 5622 opera,

2150 5657 2269 5698 cum
2293 5641 2357 5695 ad
2383 5641 2524 5696 hunc
2549 5657 2708 5696 unum
2741 5642 2899 5698 liuent
2923 5642 3222 5714 diriguntur
3245 5661 3258 5696 :
3289 5642 3407 5700 linis
3433 5646 3574 5698 enim
3597 5661 3743 5716 prro-

2150 5737 2287 5806 cepti
2317 5745 2398 5790 est
2422 5733 2652 5790 charitas
2673 5734 2740 5791 de
2765 5735 2930 5794 corde
2949 5751 3102 5807 puro,
3131 5745 3186 5790 et
3213 5736 3538 5792 conscientia
3573 5736 3738 5805 bona,

2215 5852 2230 5882 ι
2265 5849 2490 5914 Plerique
2506 5855 2634 5915 litis,
2655 5856 2700 5902 et
2717 5853 2777 5902 ab
2799 5851 3008 5902 humana
3029 5847 3332 5916 generatione
