4084 6478
291 419 437 478 1149

291 545 354 591 et
381 531 492 587 ﬁde
515 540 620 583 non
647 521 768 576 [icta
797 515 858 586 (1
881 512 1017 568 Tim.
1049 525 1102 576 ι,
1133 507 1165 562 5
1185 505 1228 578 ).
1255 501 1400 572 Opus
1425 509 1551 591 ergo
1579 503 1738 546 unum
1765 493 1848 540 est
1869 524 1884 548 ,

297 631 356 685 in
377 639 486 698 quo
513 627 636 678 sunt
660 613 840 672 omnia
863 651 878 676 ,
911 603 1042 661 lides
1071 615 1188 673 qum
1213 611 1308 669 per
1333 590 1666 649 dilectionem
1698 595 1887 652 opera-

997 697 1000 698 '
1117 694 1127 698 ‘
1243 691 1275 698 ·-
1377 685 1388 696 '
1476 697 1482 698 γ
1521 680 1567 698 εγμ
1605 671 1887 698 η-ωηωιιι...

467 671 639 771 Galat.
671 725 726 776 v,
754 704 789 760 6
813 705 832 774 )
899 697 1040 754 unde
1061 671 1219 750 etiam
1243 685 1496 742 Dominus
1519 680 1572 734 in
1605 671 1891 743 Evangelia

1264 783 1274 789 .
1335 782 1346 789 .
1411 780 1422 789 ,
1805 766 1891 789 2η,

297 766 452 876 (ἢείιὶ
497 807 617 863 Hoc
645 811 716 857 est
755 814 882 869 Opus
917 793 1029 856 Dei,
1056 797 1108 842 ut
1158 782 1372 840 credatis
1405 780 1458 832 in
1495 791 1608 830 eum
1635 786 1780 838 quem
1805 766 1892 820 ille

299 861 646 974 misit,(.loan.
677 911 754 960 vr,
781 861 914 963 (19).
941 885 1073 942 Cum
1101 895 1227 952 ergo
1253 879 1308 932 in
1331 877 1431 930 isto
1453 868 1680 942 psalmo,
1704 873 1758 918 et
1785 861 1892 914 vita

299 957 540 1054 vetus‘et
575 994 678 1046 vita
709 957 941 1046 nova,'et
973 979 1080 1034 vita
1109 970 1346 1029 mortalis
1383 974 1436 1023 et
1461 965 1564 1020 vita
1597 957 1790 1024 vitalis,
1839 961 1895 1009 et

301 1049 550 1158 ann—iuni
579 1097 674 1153 pro
701 1078 866 1136 nihilo
893 1072 1154 1128 habentur
1178 1073 1231 1120 et
1250 1063 1363 1118 dies
1389 1057 1644 1112 habentes
1669 1049 1894 1120 plenitu-

303 1185 486 1240 dinem
515 1169 898 1232 misericordia:
925 1174 1172 1232 verteque
1185 1155 1406 1216 ltctitizu,
1439 1149 1490 1202 id
1521 1153 1625 1208 est,
1655 1151 1712 1198 et
1739 1153 1894 1210 pmna

307 1275 470 1352 primi
485 1269 718 1328 hominis
734 1273 787 1322 et
811 1273 1030 1332 regnum
1061 1249 1299 1314 secundi,
1323 1246 1449 1300 satis
1475 1245 1762 1310 aperteque
1787 1230 1896 1284 dis-

1018 1350 1025 1352 ‘
1085 1348 1096 1352 ·
1225 1342 1236 1352 ·
1353 1340 1364 1350 ·
1409 1337 1439 1352 ’ν
1487 1333 1576 1352 “-2
1611 1325 1770 1352 u-.-...:
1798 1337 1893 1352 ,πμ

311 1325 476 1428 :incta
505 1367 650 1429 sint;
697 1359 762 1416 ad
803 1357 904 1410 hoc
946 1348 1192 1407 existimo
1225 1337 1454 1396 hominis
1487 1333 1580 1388 Dei
1611 1325 1772 1399 Moysi
1798 1337 1896 1377 no-

309 1479 436 1520 men
484 1427 645 1515 titulo
683 1455 798 1523 ejus
823 1445 1160 1514 inscriptum,
1210 1445 1267 1491 ut
1301 1434 1378 1488 eis
1405 1431 1491 1500 qui
1537 1427 1622 1496 pie
1646 1427 1898 1490 recteque

309 1558 622 1610 scrutantur
649 1545 972 1613 Scripturas,
996 1550 1061 1590 eo
1087 1529 1248 1586 modo
1279 1526 1612 1610 intimaretur
1634 1515 1792 1570 etiam
1825 1511 1900 1565 le-

310 1662 436 1720 gem
458 1642 579 1708 Dei,
610 1654 729 1711 qute
753 1651 848 1706 per
867 1631 1082 1703 Moysen
1113 1605 1406 1680 ministrata
1437 1623 1538 1680 est,
1565 1611 1652 1666 ubi
1682 1621 1778 1678 pro
1803 1605 1902 1658 bo-

312 1707 398 1794 uis
424 1707 679 1806 operibus
707 1727 819 1784 sola
863 1723 944 1778 vel
985 1733 1120 1790 pene
1158 1714 1268 1770 sola
1311 1707 1526 1780 prmmia
1573 1709 1904 1758 terrenorum

314 1789 580 1886 bonoi'um
631 1825 772 1878 Deus
814 1803 1052 1887 polliceri
1085 1808 1329 1874 videtur,
1361 1803 1474 1857 sine
1503 1795 1664 1851 dubio
1709 1789 1906 1844 habere

317 1923 416 1976 sub
443 1919 748 1974 velamento
777 1910 880 1965 tale
907 1902 1125 1974 aliquid,
1157 1898 1312 1970 quale
1339 1895 1439 1949 iste
1469 1889 1703 1960 psalmus
1730 1890 1908 1936 osten-

317 2013 416 2068 dit.
447 2009 554 2066 Sed
581 2022 700 2062 cum
729 2003 954 2072 quisque
985 1991 1256 2050 transierit
1275 1987 1340 2042 ad
1364 1984 1636 2040 Christ-um
1659 2019 1672 2044 ,
1697 1974 1908 2030 aufereo

320 2117 408 2160 tur
445 2104 685 2158 velamen
714 2065 798 2168 (il
822 2065 941 2150 ei».
969 2107 1047 2156 nt,
1079 2087 1149 2143 16
1169 2087 1186 2157 )
1209 2128 1221 2148 ,
1269 2091 1322 2137 et
1353 2076 1727 2134 revelabuntur
1769 2065 1911 2122 oculi

323 2198 468 2267 ejus,
495 2203 554 2250 ιιι
567 2160 864 2248 consideret
885 2181 1141 2240 mirabilia
1171 2181 1236 2232 de
1257 2175 1371 2246 lege
1403 2170 1533 2232 Dei;
1563 2168 1796 2220 donante
1823 2160 1912 2214 illo

321 2288 408 2344 cui
439 2287 684 2349 dicimus,
711 2281 896 2335 Revela
921 2275 1090 2332 oculos
1109 2286 1261 2336 meos,
1289 2279 1334 2322 et
1355 2261 1678 2320 considerabo
1707 2254 1916 2310 mirabi-

325 2382 396 2436 lia
418 2381 484 2434 de
501 2380 609 2448 lege
637 2387 724 2430 tua
749 2375 767 2446 (
791 2372 934 2426 Psal.
963 2383 1150 2433 cxvm,
1185 2361 1310 2434 i8).

321 2487 1851 2531 _____________...___..——-

777 2587 860 2648 IN
907 2575 1286 2646 PSALMUM
1327 2571 1438 2636 XC

905 2699 1322 2760 ENARRATIO.

1007 2831 1177 2872 εειιιο
1202 2829 1240 2868 1.

399 2943 452 2996 1.
481 2937 728 2995 Psalmus
755 2935 856 2989 iste
883 2939 966 2988 est
1007 2931 1072 2986 de
1097 2943 1201 3000 quo
1247 2923 1528 2981 Dominum
1565 2928 1804 2974 nostrum
1833 2915 1921 2971 Je-

329 3051 446 3092 sum
471 3032 748 3090 Christum
791 3025 1032 3083 diabolus
1060 3031 1263 3078 tentare
1303 3033 1466 3074 ausus
1493 3023 1595 3070 est.
1629 3011 1922 3068 Audiamus

331 3143 460 3199 ergo
485 3169 502 3192 ,
533 3133 594 3181 ut
621 3123 886 3194 possimus
927 3115 1170 3174 instructi
1216 3111 1466 3168 resistere
1498 3105 1769 3168 tentatori,
1815 3117 1920 3156 non

331 3223 723 3290 prtesumentes
751 3215 804 3268 in
831 3211 987 3267 nobis
1008 3252 1022 3274 ,
1055 3207 1148 3263 sed
1169 3206 1219 3260 in
1249 3207 1364 3274 ipso
1393 3201 1480 3274 qui
1514 3200 1660 3270 prior
1689 3203 1922 3252 tentatus

332 3323 438 3380 est,
477 3327 548 3368 ne
573 3326 672 3365 nos
697 3309 750 3364 in
775 3305 1065 3362 tentatione
1093 3301 1448 3355 vinceremur.
1477 3294 1554 3348 llli
1583 3293 1724 3348 enim
1752 3297 1920 3344 tenta-

333 3409 412 3462 tio
443 3421 547 3460 non
578 3410 694 3458 erat
717 3396 1017 3454 necessaria
1053 3413 1066 3450 :
1097 3392 1318 3449 tentatio
1345 3387 1540 3443 Christi
1568 3429 1581 3451 ,
1611 3391 1792 3438 nostra
1823 3381 1922 3436 do-

335 3501 506 3557 ctrina
529 3506 630 3554 est.
661 3495 717 3551 Si
749 3500 924 3547 autem
951 3487 1286 3544 attendamus
1303 3483 1426 3554 quid
1452 3477 1786 3549 responderit
1811 3473 1924 3528 dia-

337 3592 482 3654 bolo,
506 3597 566 3644 ut
596 3589 696 3642 hoc
719 3594 772 3641 et
817 3598 914 3638 nos
949 3578 1367 3652 respondeamus
1391 3617 1405 3639 ,
1437 3571 1649 3644 quando
1679 3569 1927 3624 similiter

339 3690 545 3746 tentat;
575 3680 832 3734 intramus
859 3690 958 3746 per
980 3673 1216 3742 januam,
1243 3669 1374 3722 sicut
1398 3663 1618 3720 audistis
1644 3661 1924 3716 lectionem

343 3772 642 3844 Evangelii.
659 3769 794 3840 Quid
817 3777 898 3824 est
923 3766 1064 3822 enim
1091 3765 1286 3818 intrare
1315 3776 1406 3829 per
1431 3753 1687 3828 januam?
1725 3753 1928 3806 lntrare

341 3883 442 3936 per
467 3842 761 3920 Christum.
793 3858 913 3930 Ipse
942 3856 1082 3913 enim
1109 3854 1260 3918 dixit,
1289 3849 1398 3922 Ego
1426 3848 1718 3916 sumjanua
1745 3842 1924 3914 (Joan.

347 3979 404 4026 x,
435 3964 468 4016 7
487 3959 690 4029 ).‘Quid
723 3965 804 4013 est
843 3963 1018 4010 autem
1056 3951 1252 4007 intrare
1279 3963 1374 4018 per
1397 3941 1706 4000 Christum?
1733 3939 1931 3995 Imitari

345 4057 458 4108 vias
482 4051 702 4108 Christi.
717 4049 773 4104 In
800 4064 904 4119 quo
931 4044 1182 4100 imitatnri
1201 4054 1384 4093 sumus
1399 4038 1510 4091 vias
1526 4033 1720 4090 Christi
1738 4033 1896 4086 ?num
1910 4061 1927 4069 -

345 4148 472 4219 quid
497 4149 550 4201 in
573 4161 636 4200 ea
667 4140 1050 4212 magnificentia
1076 4153 1176 4209 qua
1211 4136 1349 4190 Deus
1381 4141 1496 4186 erat
1524 4131 1577 4184 in
1616 4125 1818 4182 carne?
1843 4131 1933 4177 aut

346 4239 414 4294 ad
445 4239 546 4293 hoc
573 4251 670 4292 nos
691 4235 1020 4292 exhortatur.
1051 4240 1142 4284 aut
1165 4228 1266 4282 hoc
1295 4241 1323 4278 a
1362 4223 1514 4278 nobis
1558 4220 1738 4291 exigit,
1763 4225 1822 4272 ut
1854 4225 1935 4270 ta-

349 4334 422 4388 lia
468 4331 743 4394 miracula,
791 4328 960 4398 qualia
1005 4324 1122 4378 fecit
1169 4323 1298 4390 ipse,
1335 4314 1630 4372 faciamus?
1675 4314 1780 4366 Aut
1807 4325 1936 4365 vero

355 4427 618 4480 Dmnintts
644 4432 824 4476 noster
851 4417 1005 4473 Jcsus
1031 4415 1274 4470 Christus
1301 4425 1407 4466 non
1439 4417 1490 4462 et
1521 4405 1680 4461 modo
1707 4413 1759 4459 et
1787 4417 1935 4457 sem-

353 4535 452 4588 per
470 4533 591 4572 cum
610 4516 766 4570 Patre
792 4523 957 4568 totum
981 4509 1236 4564 mundum
1262 4505 1522 4576 gubernat
1542 4502 1565 4555 ?
1584 4501 1650 4555 Et
1675 4496 1936 4568 numquid

352 4610 438 4662 vel
482 4607 546 4662 ad
589 4607 690 4662 hoc
721 4614 872 4660 vocat
911 4603 1177 4656 hominem
1226 4598 1422 4653 faciens
1453 4609 1572 4649 eum
1617 4593 1938 4646 imitatorem

349 4717 530 4764 suum,
565 4707 624 4754 ut
642 4713 760 4753 cum
792 4697 882 4752 illo
905 4695 1164 4766 gubernet
1186 4691 1376 4745 cmlum
1406 4697 1456 4742 et
1496 4695 1708 4748 terram,
1738 4691 1793 4738 et
1821 4695 1942 4735 om-

357 4793 444 4847 nia
487 4807 606 4862 qnm
635 4791 688 4844 in
727 4789 805 4844 eis
851 4797 1004 4852 sunt;
1037 4793 1126 4838 aut
1152 4793 1207 4836 ut
1249 4783 1318 4836 sit
1353 4789 1405 4834 et
1431 4779 1545 4849 ipse
1579 4787 1806 4838 creator,
1849 4787 1942 4842 per

355 4901 517 4957 quem
549 4885 678 4938 fiant
699 4883 897 4947 omnia,
931 4881 1063 4934 sicut
1087 4893 1182 4946 per
1201 4875 1470 4930 Christum
1511 4871 1640 4924 facta
1673 4875 1794 4924 sunt
1831 4881 1946 4919 om-

357 4977 488 5034 nia?
515 4977 698 5047 Neque
740 4975 806 5029 ad
851 4975 946 5028 ista
988 4987 1144 5040 opera
1192 4979 1240 5021 te
1289 4965 1472 5020 invitat
1527 4963 1662 5016 Dens
1715 4959 1948 5012 salvator

359 5073 622 5127 Dominus
651 5079 830 5124 noster
853 5067 1005 5122 Jesus
1030 5065 1290 5127 Christus,
1315 5075 1431 5129 qua:
1451 5056 1575 5110 fecit
1603 5055 1668 5107 ab
1685 5052 1854 5110 initio.
1880 5051 1948 5106 de

359 5167 555 5236 quibus
584 5163 840 5234 scriptum
867 5169 967 5224 est,
993 5157 1176 5211 Omnia
1201 5171 1288 5223 per
1313 5154 1476 5222 ipsum
1509 5151 1642 5219 facta
1675 5153 1792 5198 sunt
1819 5144 1836 5213 (
1863 5143 1946 5197 Id.

359 5277 402 5327 ι,
431 5261 502 5330 5)
533 5299 550 5326 ,
583 5273 752 5327 neque
789 5255 855 5310 ad
883 5253 973 5308 illa
1002 5267 1118 5322 qum.
1151 5249 1273 5304 fecit
1303 5248 1353 5298 in
1387 5255 1544 5298 terra.
1581 5239 1696 5293 Non
1726 5237 1826 5290 hoc
1857 5235 1952 5288 tibi

361 5353 515 5421 dicit,
542 5353 658 5407 Non
687 5351 794 5406 eris
819 5347 1110 5416 discipulus
1149 5357 1316 5402 meus,
1351 5337 1447 5393 nisi
1480 5331 1831 5389 ambularetis
1859 5343 1950 5382 sn-

363 5461 463 5519 per
507 5459 658 5499 mare
700 5441 910 5514 (Matth.
965 5454 1078 5503 xw,
1129 5433 1279 5508 ἢεί),
1325 5441 1414 5484 aut.
1465 5429 1563 5482 nisi
1619 5421 1954 5480 suscitaveris

367 5549 640 5596 mortuum
677 5513 1083 5606 quatriduanunt
1118 5527 1311 5600 (Joan.
1336 5541 1409 5588 χι,
1443 5521 1607 5576 ’58-44
1631 5521 1647 5589 )
1675 5560 1688 5584 ,
1739 5523 1828 5570 ant
1855 5513 1954 5567 nisi

366 5635 556 5689 oculos
596 5628 726 5685 caeci
764 5629 872 5684 nati
904 5623 1175 5696 aperueris
1224 5619 1332 5689 (Id.
1382 5633 1452 5678 Ix,
1492 5615 1635 5682 1-7).
1683 5610 1790 5665 Nec
1833 5607 1953 5660 hoc.

369 5725 508 5794 Quid
535 5733 620 5780 est
646 5737 773 5794 ergo
801 5721 1000 5775 intrare
1045 5731 1140 5788 per
1171 5711 1425 5784 januam?
1457 5707 1643 5762 Discite
1676 5699 1710 5774 ’ᾳ
1737 5719 1816 5756 me
1839 5700 1958 5772 quia

335 5811 344 5892 ξ
371 5792 508 5874 mitis
537 5833 652 5873 sum
683 5792 728 5871 el
755 5814 956 5869 humilis
985 5809 1135 5866 corde
1161 5808 1178 5877 (
1205 5805 1390 5860 Matth.
1425 5818 1474 5856 xt
1495 5843 1508 5866 ,
1531 5799 1601 5854 29
1624 5799 1662 5864 ).
1704 5794 1855 5862 Quod
1885 5792 1960 5847 fa-

375 5925 496 5972 cms
543 5919 628 5967 est
677 5915 999 5982 propterte,
1049 5903 1153 5958 hoc
1195 5901 1247 5956 iu
1275 5913 1342 5955 eo
1367 5895 1532 5952 debes
1569 5889 1864 5956 attendere,
1899 5893 1960 5944 ut

1472 367 1860 438 ENARRATIO
1895 365 1964 424 IN
1999 365 2320 426 PSALMUM
2357 363 2470 424 ιο.

3438 360 3576 420 “30

1999 480 2237 536 imiteris.
2285 479 2532 536 Miracula
2579 477 2722 534 enim
2749 487 2800 530 et
2842 475 3076 532 nondum
3125 485 3278 532 natus
3303 477 3372 534 tle
3413 477 3572 532 Maria

1995 573 2116 630 fecit
2147 593 2159 630 :
2189 575 2308 646 quis
2337 575 2478 630 enim
2521 587 2756 643 unquam
2795 568 2940 637 fecit,
2975 571 3074 626 nisi
3105 571 3216 640 ipse
3245 570 3312 626 de
3347 585 3452 642 quo
3489 569 3568 624 di-

1994 676 2134 722 ctum
2163 675 2262 731 εει,
2299 665 2401 733 Qui
2428 663 2548 736 facit
2569 663 2820 718 mirabilia
2839 678 3022 733 magna
3049 660 3188 716 solus
3218 661 3238 735 (
3264 660 3404 716 Paul.
3429 676 3573 724 LxXI,

1995 759 2150 832 18)?
2189 761 2244 816 In
2278 759 2442 830 ipsius
2487 759 2626 818 enim
2656 759 2876 823 virtute,
2903 765 2958 812 et
2996 767 3150 812 antea
3193 757 3281 826 qui
3315 755 3576 821 fecerunt,

1992 862 2280 927 potuerunt
2327 853 2528 923 aliquid
2571 851 2744 908 facere
2788 869 2802 904 :
2843 851 2894 906 in
2943 851 3137 904 virtute
3185 848 3380 904 Christi
3431 849 3578 904 Elias

1993 957 2262 1003 mortuum
2287 943 2560 1002 suscitavit
2597 941 2702 1015 (Ill
2753 943 2879 1014 Reg.
2929 957 3058 1008 xvu,
3097 940 3228 1012 22).
3274 939 3386 996 Nisi
3440 939 3578 996 forte

1995 1041 2165 1109 major
2201 1048 2282 1096 est
2321 1039 2508 1092 Petrus
2531 1049 2687 1106 quam
2712 1033 2958 1090 Christus
2977 1075 2992 1100 ,
3033 1033 3152 1104 quia
3179 1032 3422 1090 Christus
3449 1047 3578 1086 voce

1997 1132 2266 1190 suscitavit
2291 1135 2636 1201 aegrotantem
2666 1124 2860 1198 (Joaa.
2887 1142 2939 1190 v,
2964 1125 3126 1196 5-9),
3159 1125 3348 1182 Petrus
3387 1133 3574 1180 autem

1997 1239 2117 1278 cum
2189 1221 2476 1284 transiret,
2549 1218 2736 1274 umbra
2808 1217 2974 1288 ipsius
3028 1217 3274 1288 tangendi
3340 1217 3581 1288 profere-

1999 1317 2189 1372 bantur
2232 1313 2416 1386 aegroti
2461 1313 2597 1383 (Act.
2629 1310 2788 1372 v.15
2820 1311 2860 1379 ).
2905 1309 3176 1364 Potentior
3219 1323 3345 1378 ergo
3395 1307 3584 1362 Petrus

2000 1425 2156 1480 quam
2207 1405 2491 1464 Christus?
2545 1405 2674 1470 Quis
2715 1403 2816 1458 hoc
2862 1400 3293 1456 dementissimus
3343 1397 3584 1452 dixerit?

2001 1501 2174 1570 Quare
2201 1515 2328 1568 ergo
2353 1489 2492 1552 tanta
2521 1495 2754 1566 potentia
2797 1495 2852 1550 in
2879 1493 3071 1546 Petro?
3096 1491 3226 1559 Quia
3264 1490 3506 1546 Christus
3533 1492 3584 1544 in

2005 1595 2177 1649 Petro.
2205 1592 2327 1646 ideo
2353 1591 2503 1656 dixit,
2535 1589 2718 1644 Omnes
2737 1588 2822 1659 qui
2848 1594 3106 1652 venerunt,
3133 1584 3268 1654 fures
3303 1591 3482 1638 suntet
3506 1583 3576 1634 ια.-

2007 1695 2169 1742 troues
2209 1683 2382 1755 (Joan.
2417 1700 2471 1748 x,
2500 1680 2556 1754 8)
2591 1697 2606 1738 :
2641 1680 2692 1736 id
2719 1690 2820 1746 cst,
2849 1679 2938 1748 qui
2967 1684 3228 1732 venerunt
3251 1689 3342 1728 sua
3377 1681 3586 1743 sponte,

2007 1795 2036 1834 a
2075 1795 2158 1834 me
2189 1795 2294 1832 non
2321 1787 2444 1832 sunt
2469 1775 2633 1846 missi,
2680 1773 2768 1843 qui
2797 1779 3056 1828 venerunt
3101 1769 3216 1824 sine
3246 1781 3330 1822 me
3350 1809 3364 1832 ,
3393 1765 3444 1820 in
3475 1764 3590 1836 qui—

2009 1877 2106 1930 bus
2142 1889 2240 1944 ego
2275 1887 2377 1926 non
2417 1870 2522 1936 fui,
2549 1884 2680 1940 quos
2703 1875 2817 1938 ‘ego
2857 1880 2964 1920 non
3009 1861 3294 1918 introduxi.
3323 1860 3592 1928 Quotquot
3621 1883 3638 1906 κ

2012 1982 2136 2038 ergo
2167 1965 2418 2022 miracula
2449 1962 2584 2018 facta
2613 1967 2756 2024 sunt,
2786 1959 2898 2014 sive
2935 1971 2967 2010 a
3002 1951 3444 2024 praecedentibus,
3485 1949 3594 2004 sive

2012 2073 2040 2112 a
2071 2055 2540 2126 consequentibus,
2563 2051 2704 2112 idem
2733 2049 2846 2119 ipse
2869 2047 3121 2104 Dominus
3153 2043 3280 2100 fecit
3304 2081 3319 2108 ,
3347 2041 3436 2110 qui
3469 2039 3594 2094 fecit

2013 2157 2066 2206 et
2093 2149 2372 2219 prmsentia
2401 2161 2514 2200 sua.
2547 2144 2654 2198 Nec
2674 2141 2740 2196 ad
2769 2143 2878 2210 ipsa
2903 2152 3030 2209 ergo
3050 2134 3300 2194 miracula
3329 2133 3596 2196 hortatur,

2014 2257 2132 2312 quae
2159 2241 2272 2311 ipse
2317 2237 2444 2294 fecit
2467 2247 2522 2294 et
2565 2233 2846 2304 antequam
2892 2239 3034 2284 esset
3061 2227 3221 2284 homo
3253 2244 3267 2281 :
3293 2223 3388 2282 sed
3412 2238 3519 2294 quo
3548 2229 3600 2278 te

2017 2331 2297 2394 hortatur?
2323 2329 2394 2386 Ut
2439 2327 2662 2384 imiteris
2695 2323 2836 2395 quod
2879 2336 2986 2378 non
3031 2327 3230 2390 posset,
3281 2315 3384 2372 nisi
3431 2315 3604 2370 factus

2019 2425 2202 2484 inemo.
2230 2423 2485 2478 Tolerare
2511 2419 2652 2474 enim
2677 2415 2953 2487 passiones
2977 2408 3234 2480 numquid
3273 2415 3470 2478 posset,
3498 2405 3602 2460 nisi

2021 2517 2220 2574 homo?
2245 2515 2375 2572 Mori
2403 2521 2456 2568 et
2485 2509 2722 2579 cruciligi
2761 2517 2814 2562 et
2839 2503 3108 2560 humiliari
3137 2515 3240 2556 non
3270 2505 3470 2572 posset,
3499 2496 3602 2554 nisi

2021 2611 2200 2676 homo.
2219 2608 2308 2664 Sic
2325 2608 2342 2640 ί
2361 2621 2490 2677 ergo
2508 2613 2562 2660 et
2575 2615 2630 2658 tu
2651 2599 2920 2656 molestias
2947 2595 3104 2666 hujus
3124 2591 3302 2648 saeculi
3319 2605 3440 2646 cum
3455 2597 3604 2660 pate-

2023 2706 2116 2774 ris,
2143 2717 2275 2772 quas
2305 2696 2708 2762 facitdiabolus,
2741 2694 2853 2746 sive
2877 2697 3060 2760 aperte
3083 2701 3176 2758 per
3202 2683 3464 2746 homines,
3492 2682 3606 2736 sive

2022 2798 2228 2856 occulte
2257 2798 2390 2850 sicut
2411 2792 2618 2860 Job,sis
2639 2789 2808 2852 fortis,
2827 2787 2900 2840 sis
2931 2781 3220 2846 tolerans’;
3245 2777 3490 2832 habitans
3510 2774 3530 2805 ³
3555 2774 3606 2828 in

2025 2889 2289 2962 adjutorio
2344 2883 2624 2948 Altissimi,
2659 2867 2946 2936 sicnt‘dicit
2968 2875 3070 2930 istc
3106 2871 3340 2942 psalmus
3371 2865 3526 2938 :quia
3559 2863 3606 2918 si

2023 2956 2246 3038 recedas
2277 2979 2344 3034 ab
2365 2975 2634 3048 adjutorio
2662 2967 2936 3034 Altissimi,
2985 2975 3038 3022 te
3077 2964 3252 3034 ipsum
3282 2975 3387 3018 non
3425 2956 3610 3020 valens

2025 3075 2298 3144 adjuvare,
2327 3068 2508 3126 cades.

2095 3140 2150 3221 ἒ.
2179 3162 2328 3220 Multi
2369 3161 2510 3216 enim
2553 3155 2722 3212 fortes
2761 3163 2886 3209 sunt
2911 3193 2926 3218 ,
2957 3147 3170 3221 quando
3213 3145 3281 3202 ab
3309 3140 3614 3200 hominibus

2026 3262 2295 3332 patiuntur
2317 3251 2764 3325 persecutionem,
2791 3255 2847 3302 et
2876 3244 3056 3300 vident
3088 3256 3182 3298 eos
3211 3247 3396 3310 aperte
3425 3235 3615 3290 saevire

2028 3325 2079 3406 in
2103 3367 2162 3406 se
2187 3367 2200 3414 ;
2231 3357 2286 3404 et
2307 3353 2498 3417 putant
2523 3343 2646 3414 quia
2675 3349 2802 3394 tunc
2833 3335 3109 3392 imitantur
3135 3331 3416 3402 passiones
3451 3325 3612 3382 Chri-

2027 3444 2115 3509 sti,
2161 3441 2207 3498 si
2257 3446 2441 3510 aperte
2488 3450 2582 3492 eos
2627 3431 2874 3488 homines
2903 3431 3326 3498 persequantur:
3361 3419 3406 3476 si
3433 3425 3616 3474 autem

2027 3533 2238 3592 occulta
2265 3529 2460 3586 diaboli
2490 3526 2862 3598 persecutione
2897 3519 3176 3582 feriantur,
3203 3517 3390 3586 putant
3419 3527 3480 3568 se
3505 3525 3612 3566 non

2028 3627 2272 3686 coronari
2295 3641 2326 3682 a
2351 3623 2582 3680 Christo.
2611 3618 2726 3676 Noli
2751 3618 2942 3672 timere
2969 3611 3187 3684 quando
3213 3607 3438 3664 imitaris
3463 3603 3618 3660 Chri-

2029 3735 2190 3778 stum.
2241 3719 2374 3774 Nam
2407 3725 2462 3772 et
2503 3712 2716 3786 quando
2757 3707 2978 3764 tentavit
3019 3703 3259 3762 diabolus
3313 3699 3614 3759 Dominum,

2031 3816 2204 3871 nullus
2227 3813 2388 3866 homo
2420 3807 2520 3864 fuit
2543 3807 2594 3860 in
2624 3816 2826 3868 eremo,
2849 3797 3053 3854 occulte
3073 3795 3218 3850 illum
3249 3789 3502 3856 tentavit;
3521 3785 3618 3842 sed

2031 3915 2307 3976 superatus
2329 3911 2429 3970 est,
2457 3909 2510 3956 et
2525 3905 2708 3968 aperte
2733 3893 2960 3949 stt-vicus
2980 3895 3260 3956 superatus
3281 3891 3364 3940 est
3385 3882 3405 3954 (
3429 3879 3618 3934 Matth.

2032 3974 2112 4064 tv,
2138 3997 2263 4054 1-H
2294 3996 2334 4066 ).
2361 3993 2450 4048 Sic
2477 3999 2532 4047 et
2563 3999 2617 4044 tu
2655 3989 2734 4042 fac
2763 3985 2806 4052 ",
2845 3985 2888 4038 si
2917 3983 2998 4036 vis
3023 3979 3223 4034 intrare
3253 3991 3346 4046 per
3371 3974 3614 4044 ianuam,

2033 4061 2246 4161 quando
2275 4061 2482 4141 occulte
2514 4083 2680 4136 tentat
2709 4075 2955 4132 inin‘iicus
2977 4113 2991 4138 ,
3021 4067 3233 4142 quando
3264 4063 3494 4136 postulat
3518 4061 3618 4116 ho-

2037 4184 2233 4238 minem
2261 4187 2316 4232 ut
2343 4175 2536 4245 aliquid
2561 4172 2612 4228 ei
2641 4175 2832 4224 noceat
2862 4181 2956 4237 per
2979 4159 3284 4232 corporales
3317 4153 3618 4220 molestias,

2037 4291 2132 4348 per
2151 4273 2344 4334 febres,
2377 4283 2471 4338 per
2495 4261 2856 4334 aegritudines,
2882 4273 2975 4327 per
3005 4255 3208 4324 aliquos
3247 4249 3462 4308 labores
3491 4261 3618 4302 cor-

2040 4334 2202 4438 poris,
2233 4334 2784 4420 sicut—laboravitlob.
2815 4348 3094 4404 Diabolum
3125 4359 3230 4412 non
3258 4340 3489 4404 videbat,
3521 4334 3618 4390 sed

2041 4429 2360 4529 potestatem
2409 4449 2503 4506 Dei
2551 4443 2895 4514 intelligebat.
2941 4439 3172 4494 Noverat
3211 4434 3338 4506 quia
3381 4429 3628 4486 diabolus

2042 4551 2096 4606 in
2125 4563 2245 4604 eum
2275 4543 2409 4600 nihil
2442 4547 2640 4612 posset,
2663 4536 2764 4592 nisi
2787 4535 2854 4590 ab
2875 4533 2966 4588 illo
2983 4531 3137 4602 cujus
3159 4541 3368 4586 summa
3389 4531 3626 4595 potestas

2044 4654 2146 4712 est,
2175 4640 2573 4713 permitteretur
2603 4649 2618 4685 :
2653 4639 2816 4686 totam
2845 4626 3068 4698 gloriam
3099 4623 3207 4678 Deo
3233 4619 3413 4686 dabat,
3443 4625 3630 4687 poten-

2047 4709 2414 4795 tiam—diabolo
2435 4745 2542 4787 non
2569 4726 2747 4782 dabat.
2781 4722 2913 4778 Nam
2943 4727 2996 4774 et
3025 4713 3241 4788 quando
3269 4711 3489 4768 abstulit
3513 4709 3628 4764 dia-

2045 4834 2214 4890 bolus
2233 4827 2432 4893 omnia,
2455 4824 2558 4878 hoc
2575 4821 2707 4878 dixit
2737 4835 2752 4874 :
2778 4815 3026 4870 Dominus
3048 4811 3212 4874 dedit,
3249 4808 3497 4862 Dominus
3517 4803 3634 4857 abs-

2049 4928 2182 4983 tulit.
2215 4923 2334 4979 Non
2383 4919 2552 4981 dixit,
2581 4913 2838 4970 Dominus
2887 4908 3064 4972 dedit,
3097 4902 3342 4960 diabolus
3367 4897 3584 4954 abstulit
3615 4915 3630 4950 :

2049 5020 2170 5091 quia
2201 5016 2331 5072 nihil
2357 5010 2664 5068 abstulisset
2679 5003 2943 5068 diabolus,
2969 4999 3070 5054 nisi
3099 4994 3423 5067 permisisset
3451 4988 3636 5044 Domi-

2051 5127 2170 5168 nus.
2201 5108 2323 5164 ldeo
2338 5113 2515 5160 autem
2537 5097 2780 5171 permisit
2801 5092 3076 5155 Dominus,
3107 5095 3166 5142 ut
3195 5087 3356 5140 homo
3381 5081 3638 5151 probare-

2055 5212 2158 5264 tur,
2177 5198 2418 5255 diaholus
2435 5194 2759 5250 vinceretur.
2783 5186 2850 5240 Et
2871 5181 3082 5254 quando
3097 5192 3216 5234 eum
3235 5175 3384 5246 plaga
3412 5185 3634 5243 percus-

2055 5296 2142 5358 sit,
2175 5291 2260 5346 ille
2286 5284 2540 5359 permisit.
2564 5281 2698 5352 Quia
2721 5293 2842 5334 cum
2866 5291 2898 5332 a
2915 5273 3086 5342 capite
3115 5281 3282 5336 usque
3305 5265 3372 5320 ad
3403 5264 3564 5334 pedes
3587 5264 3642 5328 in

2055 5356 2335 5458 putredine
2358 5382 2378 5413 ³
2411 5376 2668 5434 vermium
2694 5374 2902 5433 ﬂueret,
2929 5381 3026 5422 nec
3055 5371 3180 5418 tunc
3211 5359 3392 5422 tribuit
3429 5356 3644 5412 diabolo

2056 5455 2284 5552 aliquam
2307 5479 2617 5546 potestatem
2637 5468 2738 5524 Job
2767 5484 2780 5518 :
2808 5461 2901 5520 sed
2929 5475 3048 5516 cum
3071 5458 3118 5514 ei
3137 5455 3488 5528 suggessisset
3511 5465 3642 5508 uxor

2123 5577 2140 5607 ι
2175 5574 2248 5622 sic
2269 5565 2488 5620 nonnulli
2512 5562 2647 5613 editi.
2675 5566 2724 5622 In
2745 5565 2815 5622 13.,
2835 5553 2895 5606 si.
2982 5559 3039 5622 id:

2123 5639 2142 5668 ι
2173 5613 2424 5686 611031;;
2450 5613 2570 5677 sicut
2588 5621 2676 5672 Job
2697 5617 2952 5686 [ονιὶδδπηξ
2976 5613 3168 5664 ωίθνίδ·

2122 5702 2143 5732 δ
2175 5673 2590 5754 ἷιῖἶιξξῆἶιὸἱὶᾇὶιιίς.
2615 5673 2912 5754 Er_.'Ven.‘et
2933 5683 3043 5727 ιον.
3062 5675 3224 5754 secuti
3247 5683 3430 5754 sumus.
3481 5673 3554 5754 ιιιιέ

2125 5765 2144 5794 ι
2249 5735 2566 5808 inhibitum;
2582 5745 2804 5802 verbum,
2832 5741 2928 5806 fac,
2953 5739 3083 5804 quod
3108 5752 3170 5790 ex
3196 5744 3270 5786 Er.
3307 5743 3425 5784 ven.
3448 5736 3503 5782 et
3538 5735 3650 5782 ιον.

2060 5823 2380 5876 restituimus.
2449 5822 2502 5860 at.

2125 5863 2388 5934 Virdium
2409 5883 2538 5932 note
2567 5877 2698 5934 ω..
2719 5863 3044 5934 putrediaem.
