4048 6508
452 388 585 449 libi

450 507 571 576 ejus
600 544 617 572 ,
647 514 808 574 quam
834 499 1012 557 solam
1040 498 1327 567 reliquerat
1354 493 1631 561 diabolus,
1658 504 1765 547 non
1798 488 2046 546 consola-

459 599 644 655 trieem
689 594 887 660 mariti,
920 592 1015 649 sed
1046 590 1359 662 adjutricem
1392 587 1495 653 sui,
1527 595 1581 642 et
1608 584 1830 640 dixisset
1858 583 1928 651 ei,
1951 580 2050 636 Dic

454 690 665 763 aliquod
692 688 893 743 verbum
920 687 975 740 in
1012 684 1199 749 Deum,
1231 692 1278 737 et
1321 696 1549 747 morere;
1579 677 1712 733 dixit
1740 676 1790 732 ei
1812 719 1825 743 ,
1856 675 2049 730 Locuta

456 802 509 840 es
554 794 796 852 tanquam
855 797 959 835 una
1005 780 1066 833 de
1107 775 1456 848 insipientibus
1485 773 1780 829 mulieribus
1812 772 1892 826 :si
1917 770 2049 825 bona

458 881 771 945 suscepimus
811 872 873 927 de
920 886 1076 925 manu
1113 868 1340 937 Domini,
1383 868 1519 921 mala
1556 881 1657 920 non
1697 862 2051 920 sustinebimus

463 968 598 1040 (Job
626 986 680 1031 tt,
710 966 900 1039 9-10)?

528 1061 584 1117 ὅ.
612 1060 761 1133 iam.
800 1060 826 1114 ί
853 1100 867 1124 ,
888 1057 969 1131 2.]
990 1057 1131 1128 Ergo
1157 1056 1245 1128 qui
1276 1056 1352 1111 sic
1382 1053 1616 1109 imitatur
1639 1051 1910 1108 Christum
1943 1091 1958 1117 ,
1988 1056 2049 1105 ut

463 1153 653 1207 toleret
701 1166 887 1207 omnes
925 1149 1197 1206 molestias
1244 1147 1401 1217 hujus
1441 1146 1642 1214 saeculi,
1687 1160 1809 1216 Spes
1853 1143 1970 1214 ejus
1997 1143 2053 1198 in

465 1247 573 1302 Deo
602 1248 689 1310 sit,
723 1255 780 1301 ut
810 1261 911 1301 nec
940 1244 1190 1301 illecebra
1216 1241 1473 1312 capiatur,
1501 1255 1600 1296 nec
1624 1240 1814 1295 timore
1843 1238 2053 1309 franga-

462 1347 567 1403 tur,
594 1340 705 1408 ipse
722 1349 805 1394 est
824 1340 906 1409 qui
929 1337 1117 1391 habitat
1138 1337 1190 1389 in
1212 1335 1463 1407 adjutorio
1486 1333 1753 1399 Altissimi,
1784 1340 1830 1387 et
1854 1333 1908 1386 in
1937 1347 2057 1401 pro-

471 1433 680 1485 lectione
735 1430 831 1484 Dei
868 1429 978 1483 ειειὶ
1022 1428 1459 1484 commorabitur:
1499 1427 1632 1482 sicut
1659 1425 1879 1481 audistis
1909 1422 2054 1493 psal-

470 1540 641 1590 mum,
667 1522 995 1579 etcantastis
1019 1538 1033 1588 ;
1054 1536 1179 1576 nam
1208 1520 1328 1575 inde
1350 1519 1531 1589 incipit
1560 1518 1820 1574 Psalmus.
1852 1515 2056 1584 Quibus

464 1627 641 1670 autem
668 1615 843 1670 verbis
864 1614 1089 1669 tentavit
1111 1612 1390 1668 Dominum
1418 1611 1679 1677 diabolus,
1711 1625 1832 1665 cum
1858 1609 1922 1663 ad
1943 1609 2055 1680 ipsa

471 1707 797 1773 venerimus,
849 1706 1147 1777 agnoscetis
1182 1725 1193 1759 :
1225 1714 1348 1759 nota
1395 1713 1519 1760 sunt
1555 1703 1717 1759 enim.
1768 1701 1910 1755 Dicet
1953 1700 2056 1754 Do-

468 1801 624 1867 mino,
657 1798 930 1868 Susceptor
952 1816 1091 1853 meus
1118 1816 1172 1853 es
1194 1808 1245 1851 tu
1266 1840 1280 1865 ,
1308 1807 1353 1851 et
1382 1797 1632 1869 refugium
1670 1812 1835 1849 meum
1862 1838 1876 1861 ,
1917 1796 2057 1850 Deus

468 1908 627 1945 meus.
660 1892 790 1960 Quis
813 1890 915 1946 hoc
935 1890 1065 1946 dicit
1096 1890 1354 1944 Domino?
1378 1888 1475 1955 Qui
1506 1888 1695 1943 habitat
1720 1889 1772 1941 in
1799 1889 2056 1958 adjutorio

467 1984 731 2039 Altiss’itni.
748 1984 875 2053 Quis
892 1992 974 2039 est
993 1984 1078 2055 qui
1096 1983 1285 2037 habitat
1310 1983 1361 2036 in
1376 1981 1631 2052 adjutorio
1652 1980 1935 2034 Altissimi?
1956 1980 2057 2048 Qui

468 2092 573 2130 non
630 2076 829 2131 habitat
884 2076 936 2130 in
978 2076 1242 2146 adjutorio
1287 2089 1405 2130 suo.
1438 2073 1566 2141 Quis
1614 2081 1696 2127 cst
1738 2074 1823 2143 qui
1866 2072 2059 2135 habitat

466 2171 517 2224 in
539 2171 792 2241 adiutorio
821 2169 1104 2224 Altissimi?
1122 2168 1223 2236 Qui
1245 2184 1349 2224 non
1375 2176 1457 2223 est
1476 2167 1758 2237 superbus,
1788 2165 2057 2237 quomodo

466 2261 541 2315 illi
582 2263 666 2332 qui
698 2261 1150 2318 manducaverunt
1183 2270 1241 2315 ut
1270 2270 1449 2316 essent
1478 2260 1627 2331 quasi
1657 2258 1752 2325 dii,
1790 2268 1841 2314 et
1870 2257 2055 2329 perdi-

464 2355 655 2410 derunt
697 2355 837 2426 quod
865 2364 1016 2411 erant
1036 2354 1159 2410 facti
1182 2354 1427 2409 homines
1448 2352 1793 2407 immortales.
1821 2350 1879 2405 ln
1906 2350 2059 2422 adju-

467 2449 603 2503 torio
630 2449 771 2504 enim
817 2464 914 2504 suo
944 2448 1181 2504 habitare
1211 2448 1496 2501 voluerunt
1517 2487 1530 2511 ,
1572 2460 1678 2499 non
1710 2445 1762 2499 in
1790 2444 2057 2514 adjutorio

464 2540 721 2595 Altissimi
760 2558 772 2595 :
812 2540 933 2597 ideo
980 2539 1373 2611 suggestionem
1425 2538 1689 2608 serpentis
1741 2535 2055 2601 audierunt,

464 2644 786 2705 praeceptum
842 2635 935 2689 Dei
978 2642 1447 2703 contempserunt;
1496 2640 1550 2686 et
1596 2630 1911 2685 invenerunt
1956 2629 2060 2685 hoc

466 2725 714 2781 evenisse
738 2726 788 2779 in
819 2741 875 2781 se
897 2726 1037 2797 quod
1067 2726 1297 2780 minatus
1326 2732 1409 2779 est
1437 2723 1595 2791 Deus,
1630 2737 1734 2778 non
1759 2722 1899 2793 quod
1941 2736 2057 2792 pro-

466 2817 611 2870 misit
639 2817 881 2872 diabolus
912 2816 1061 2889 (Gen.
1092 2815 1205 2887 111).

537 2908 589 2962 4.
630 2906 780 2980 [vers.
836 2906 916 2982 3.]
951 2908 1089 2979 Ergo
1124 2909 1201 2963 sic
1240 2916 1293 2962 et
1318 2915 1373 2961 tu
1396 2906 1513 2975 dic,
1547 2904 1775 2977 Sperabo
1818 2906 1869 2959 in
1907 2921 2057 2972 eum;

464 2999 699 3069 quoniam
729 3002 838 3071 ipse
861 3011 996 3055 eruet
1026 3017 1123 3067 me,
1157 3015 1261 3055 non
1294 3014 1393 3070 ego
1422 3014 1527 3055 me.
1558 2998 1691 3052 Vide
1717 2998 1761 3053 si
1792 2996 1934 3052 aliud
1954 2997 2055 3051 ali-

464 3091 589 3161 quid
615 3091 804 3160 docet,
837 3093 940 3148 nisi
970 3102 1027 3147 ut
1050 3101 1160 3146 tota
1186 3106 1308 3161 spes
1339 3098 1520 3145 nostra
1548 3105 1655 3145 non
1686 3090 1755 3143 sit
1793 3089 1848 3143 in
1879 3088 2051 3155 nobis,

466 3198 571 3237 non
595 3184 663 3238 sit
690 3184 742 3238 in
768 3183 1002 3240 homine.
1034 3183 1187 3241 Unde
1210 3193 1259 3239 te
1277 3184 1460 3239 eruet?
1476 3182 1553 3236 De
1570 3183 1729 3236 nmsci
1733 3181 1854 3253 puta
1872 3198 2057 3237 venan-

466 3276 626 3342 tium,
680 3285 729 3330 et
772 3293 805 3330 a
856 3276 1002 3331 verba
1049 3293 1248 3346 aspero.
1297 3275 1376 3330 De
1410 3275 1699 3340 muscipula
1747 3275 2052 3340 venantium,

466 3381 716 3437 maguum
744 3368 944 3439 aliquid
983 3379 1064 3424 est
1096 3386 1109 3424 :
1141 3384 1172 3421 a
1202 3368 1348 3422 verbo
1370 3384 1572 3438 aspero,
1596 3366 1723 3438 quid
1765 3367 2058 3437 magnum?

464 3457 607 3514 Multi
667 3460 718 3514 in
766 3461 1114 3532 muscipulam
1154 3461 1457 3515 venantium
1507 3475 1603 3530 per
1645 3460 1865 3514 verbum
1903 3474 2059 3529 aspe-

465 3565 583 3605 rum
625 3551 953 3606 ceciderunt.
1005 3551 1140 3620 Quid
1172 3560 1252 3606 est
1280 3551 1421 3622 quod
1449 3551 1610 3607 dico?
1635 3551 1830 3605 Tendit
1868 3551 2057 3606 diabo-

466 3642 547 3697 lus
586 3650 641 3697 et
667 3644 837 3712 angeli
869 3643 1003 3713 ejus,
1036 3654 1286 3713 tanquam
1324 3651 1577 3698 venantes
1606 3642 1830 3698 tendunt
1856 3642 2059 3698 musci-

468 3733 651 3803 pulas;
684 3743 737 3789 et
759 3736 913 3806 longe
933 3735 999 3789 ab
1025 3736 1151 3806 ipsis
1174 3735 1483 3805 muscipulis
1508 3735 1783 3790 ambulant
1807 3735 2052 3792 homines

467 3827 557 3896 qui
588 3826 640 3880 in
668 3826 879 3881 Christo
908 3829 1218 3884 ambulant:
1250 3843 1355 3882 non
1387 3827 1548 3883 audet
1585 3829 1726 3882 enim
1756 3827 1807 3882 in
1841 3827 2058 3883 Christo

468 3918 687 3974 tendere
731 3920 1116 3990 muscipulam;
1159 3920 1299 3975 circa
1340 3921 1478 3974 viam
1521 3921 1701 3990 ponit,
1736 3920 1789 3974 in
1835 3919 1917 3974 via
1949 3934 2056 3975 non

468 4012 638 4083 ponit.
671 4012 767 4068 Via
795 4023 971 4069 autem
999 4024 1085 4069 tua
1111 4013 1357 4071 Christus
1383 4016 1484 4083 sit,
1514 4025 1569 4071 et
1596 4024 1651 4070 tu
1678 4030 1782 4069 non
1814 4014 1974 4071 cades
2005 4014 2059 4071 in

466 4108 820 4176 muscipulam
870 4107 1087 4165 diaboli.
1135 4109 1417 4163 Aberranti
1468 4122 1498 4163 a
1540 4109 1660 4176 via,
1703 4109 1815 4180 jam
1859 4109 1931 4163 ibi
1976 4116 2061 4165 est

468 4198 785 4265 muscipula.
812 4197 944 4251 Hine
971 4209 1130 4269 atque
1158 4199 1282 4254 hinc
1304 4201 1452 4268 ponit
1478 4200 1719 4269 laqueos,
1750 4199 1873 4255 hinc
1900 4208 2061 4269 atque

467 4285 593 4361 inde
625 4288 773 4356 ponit
806 4289 1185 4359 muscipulam;
1234 4290 1373 4343 inter
1404 4289 1622 4358 laqueos
1664 4290 1924 4343 ambulas.
1953 4288 2057 4345 Sed

467 4377 549 4431 vis
596 4390 817 4432 securus
853 4378 1157 4433 ambulare?
1199 4378 1317 4433 Noli
1366 4378 1635 4435 declinare
1682 4362 2059 4435 indexteram

470 4483 644 4538 neque
676 4469 727 4522 in
758 4469 1061 4535 sinistram;
1094 4479 1147 4525 et
1172 4471 1241 4525 sit
1270 4472 1360 4526 tibi
1391 4471 1473 4525 via
1498 4471 1586 4526 ille
1612 4473 1699 4541 qui
1732 4472 1825 4527 tibi
1851 4474 1867 4505 ⁸
1890 4472 2062 4530 iactus

470 4568 554 4613 est
574 4560 653 4612 via
685 4558 859 4630 (Joan.
889 4576 999 4627 xw,
1033 4560 1119 4631 6),
1154 4570 1209 4615 ut
1235 4562 1487 4632 perducat
1518 4572 1569 4618 te
1594 4564 1658 4618 ad
1687 4580 1745 4619 se
1772 4580 1867 4634 per
1889 4580 1980 4631 se;
2008 4576 2063 4623 et

470 4668 576 4707 non
611 4653 820 4707 timebis
851 4654 1064 4725 laqueos
1092 4658 1412 4710 venantium.
1443 4654 1547 4711 Sed
1571 4656 1696 4727 quid
1726 4666 1827 4724 est,
1857 4674 1889 4711 a
1916 4658 2062 4714 verbo

472 4747 686 4815 aspero?
712 4746 902 4802 Multos
924 4763 1015 4817 per
1035 4749 1253 4803 verbum
1282 4766 1528 4820 asperum
1558 4751 1698 4804 misit
1721 4752 1771 4804 in
1794 4754 2064 4823 muscipu-

472 4853 575 4893 iam
606 4837 849 4893 diabolus
875 4859 887 4894 :
919 4840 1065 4895 verbi
1094 4842 1257 4911 gratia
1283 4884 1298 4909 ,
1330 4844 1417 4913 qui
1451 4842 1712 4897 voluerint
1755 4859 1873 4898 esse
1910 4842 2064 4899 Chri-

470 4929 627 4983 stiani
659 4929 796 4984 inter
821 4929 1089 5001 Paganos,
1122 4932 1465 4989 insultatores
1493 4934 1761 5003 patiuntur
1785 4933 2059 5003 Paganos;

470 5020 796 5077 erubescunt
822 5021 960 5077 inter
984 5023 1362 5093 insultatorcs,
1395 5034 1449 5080 et
1481 5039 1511 5079 a
1539 5024 1704 5079 verbo
1741 5040 1931 5095 aspero
1971 5040 2062 5081 re-

473 5114 728 5171 cedentes
760 5114 826 5171 de
855 5116 937 5169 via
959 5158 973 5182 ,
1008 5116 1248 5171 incidunt
1288 5118 1340 5172 in
1392 5118 1611 5189 laqueos
1640 5120 1964 5173 venantium.
1997 5119 2064 5174 Et

473 5206 598 5276 quid
629 5208 720 5262 tibi
751 5206 1012 5262 facturum
1043 5218 1121 5263 est
1145 5208 1365 5263 verbum
1397 5208 1684 5280 asperum?
1707 5209 1866 5263 Nihil.
1894 5209 2063 5264 Num-

474 5297 599 5367 quid
627 5298 753 5353 nihil
787 5300 877 5355 tibi
911 5300 1142 5355 facturus
1168 5308 1252 5355 est
1293 5301 1541 5372 laqueus,
1584 5316 1689 5372 quo
1717 5310 1767 5357 te
1794 5303 2065 5372 compellit

476 5391 719 5446 inimicus
760 5408 859 5464 per
888 5395 1105 5450 verbum
1136 5395 1426 5466 asperum?
1463 5395 1739 5465 Quomodo
1778 5400 1909 5452 retia
1950 5398 2062 5467 ple-

477 5500 701 5555 rumque
729 5488 1033 5555 tenduntur,
1063 5490 1129 5545 ad
1158 5499 1315 5561 caput
1355 5491 1499 5561 sepis
1524 5492 1812 5548 tenduntur
1840 5494 2059 5563 avibus,

476 5586 528 5632 ct
554 5578 754 5648 lapides
793 5581 1073 5637 mittuntur
1112 5584 1165 5639 in
1208 5599 1389 5656 sepem
1424 5603 1436 5639 :
1468 5585 1668 5655 lapides
1707 5587 1781 5641 illi
1825 5588 1954 5641 nihil
1983 5588 2061 5643 fa-

476 5672 609 5726 cturi
641 5683 763 5727 sunt
788 5673 991 5729 avibus.
1021 5675 1243 5744 Quando
1273 5678 1414 5733 enim
1440 5677 1563 5734 {erit
1586 5695 1773 5746 avem,
1804 5680 1890 5750 qui
1925 5679 2059 5749 lapi-

476 5764 597 5821 dem
629 5765 789 5822 mittit
815 5767 867 5822 in
897 5770 1118 5839 sepem?
1146 5770 1364 5829 Timens
1390 5784 1565 5829 autem
1591 5773 1704 5830 avis
1728 5774 1937 5829 inanem
1968 5789 2060 5832 so-

540 5882 557 5912 ι
594 5882 676 5933 ttie
696 5880 807 5935 Md.
828 5882 1027 5948 ddunt,
1040 5898 1131 5951 pro
1152 5891 1233 5951 te;
1255 5888 1386 5951 quod
1406 5901 1436 5939 a
1458 5894 1564 5940 Mss.
1588 5888 1745 5940 abest.

1666 372 1721 430 S.
1763 362 2130 428 AUGUSTINI
2168 362 2472 421 EPISCOPI

3612 377 3752 435 H5!

2159 498 2286 538 num
2307 524 2323 552 ,
2354 483 2495 539 cadit
2524 482 2579 538 in
2605 483 2737 538 retia
2763 500 2777 539 :
2810 482 2888 539 sic
2916 481 3160 542 homines
3190 487 3441 547 timentes
3469 490 3752 554 insultato—

2155 592 2274 631 rum
2312 576 2473 632 verba
2513 591 2647 632 vana
2684 585 2738 631 et
2777 577 2984 645 inania,
3011 586 3065 633 et
3089 580 3466 639 erubescentes
3492 589 3751 647 conviciis

2156 668 2462 739 superﬂuis,
2492 667 2687 723 cadunt
2714 668 2766 723 in
2794 668 3012 740 laqueos
3037 674 3365 743 venantium,
3393 685 3447 732 et
3474 660 3749 749 captivan-

2158 772 2245 817 tur
2270 779 2300 817 a
2329 762 2559 819 diabolo.
2589 761 2693 818 Sed
2716 777 2811 817 cur
2836 780 2939 819 non
2966 763 3103 832 dico,
3132 766 3343 836 fratres,
3372 771 3511 841 quod
3540 789 3645 829 non
3669 786 3749 834 est

2157 855 2462 922 tacendum,
2495 855 2635 926 quod
2666 870 2752 910 me
2777 856 2917 927 cogit
2941 856 3079 912 Deus
3101 858 3311 915 dicere?
3335 862 3748 930 Qumnodolibet

2158 948 2260 1005 hoc
2283 950 2575 1020 accipiatis,
2600 952 2735 1020 cogit
2761 965 2847 1005 me
2870 950 3009 1006 Deus
3030 952 3245 1020 dicere;
3272 964 3327 1010 et
3346 958 3390 1012 si
3413 974 3516 1013 non
3538 960 3747 1031 dixero,

2157 1057 2257 1113 ego
2283 1042 2414 1097 cado
2442 1042 2493 1097 in
2521 1042 2737 1112 laqueos
2766 1045 3072 1100 venantium
3100 1064 3112 1098 :
3144 1048 3187 1101 si
3219 1049 3358 1104 enim
3387 1051 3751 1113 detractiones

2159 1133 2431 1188 hominum
2475 1136 2669 1199 timeo,
2718 1146 2774 1189 ut
2821 1151 2925 1191 non
2975 1137 3181 1204 dicam;
3228 1156 3327 1211 ego
3370 1143 3484 1213 ipse
3530 1150 3752 1207 averbo

2157 1240 2347 1295 aspero
2377 1225 2510 1281 cado
2540 1227 2592 1280 in
2621 1226 2839 1297 laqueos
2867 1232 3193 1299 venantium,
3226 1235 3315 1303 qui
3346 1252 3440 1291 vos
3468 1254 3664 1297 moneo
3695 1252 3753 1299 ut

2159 1333 2263 1371 non
2306 1318 2538 1373 timeatis
2577 1320 2737 1375 verba
2784 1320 3079 1377 hominum.
3124 1326 3261 1391 Quid
3310 1338 3391 1385 est
3436 1347 3564 1403 ergo
3609 1338 3752 1406 quod

2158 1408 2394 1464 dicturus
2445 1412 2599 1466 sum?
2648 1412 2927 1481 Quomodo
2982 1418 3119 1471 inter
3164 1419 3406 1491 Paganos
3453 1427 3541 1496 qui
3591 1428 3753 1486 fuerit

2161 1502 2524 1571 Christianus,
2554 1521 2581 1560 a
2624 1506 2850 1577 Pagauis
2879 1508 3025 1563 audit
3049 1511 3209 1566 verba
3236 1528 3454 1585 aspera,
3484 1521 3675 1589 quibus
3707 1524 3751 1579 si

2159 1594 2463 1660 erubuerit,
2496 1597 2638 1651 cadit
2666 1598 2715 1650 in
2744 1599 3092 1667 muscipulam
3123 1607 3431 1661 venantium
3458 1626 3471 1663 :
3504 1610 3581 1665 sic
3611 1613 3753 1668 inter

2162 1686 2493 1743 Christianos
2524 1691 2612 1760 qui
2642 1691 2908 1747 voluerint
2942 1709 3060 1749 esse
3089 1697 3454 1768 diligentiores
3478 1714 3532 1759 et
3560 1707 3751 1764 melio-

2158 1796 2279 1847 res,
2318 1782 2383 1836 ah
2423 1783 2548 1851 ipsis
2585 1783 2905 1840 Christianis
2934 1787 3163 1844 audituri
3194 1803 3316 1847 sunt
3359 1796 3748 1858 insultationes.

2159 1873 2224 1927 Et
2255 1874 2377 1942 quid
2409 1874 2653 1943 prodest,
2702 1876 2885 1945 frater,
2915 1880 3054 1949 quod
3081 1882 3365 1954 aliquando
3394 1888 3598 1945 invenis
3623 1894 3752 1949 civi-

2162 1974 2357 2032 tatem,
2405 1966 2495 2021 ubi
2540 1967 2719 2023 nullus
2766 1978 2847 2025 est
2890 1976 3165 2042 paganus?
3211 1975 3377 2032 Nemo
3424 1980 3492 2034 ibi
3536 1984 3753 2042 insultat

2158 2056 2447 2113 christiano
2473 2059 2613 2129 quod
2640 2061 2960 2118 christianus
2988 2075 3085 2131 est,
3116 2068 3235 2137 quia
3261 2085 3363 2123 non
3389 2072 3459 2127 ibi
3483 2073 3752 2134 invenitur

2160 2166 2396 2221 paganus
2420 2171 2433 2205 :
2463 2153 2555 2208 sed
2583 2163 2705 2209 sunt
2731 2157 2882 2211 multi
2910 2160 3046 2213 male
3071 2161 3311 2219 viventes
3330 2166 3602 2225 christiani
3626 2215 3639 2237 ,
3672 2174 3752 2228 in.

2161 2250 2244 2297 ter
2284 2259 2415 2312 quos
2456 2245 2543 2315 qui
2576 2246 2805 2302 voluerit
2832 2247 2968 2304 bene
2997 2250 3204 2320 vivere,
3251 2266 3305 2311 et
3344 2258 3482 2315 inter
3508 2263 3753 2321 ebriosos

2159 2335 2369 2391 sobrius
2396 2350 2535 2403 esse,
2563 2346 2618 2392 et
2644 2338 2783 2394 inter
2811 2340 3128 2399 foruicarios
3158 2357 3335 2403 castus
3361 2366 3499 2421 esse,
3529 2364 3583 2409 et
3610 2356 3752 2412 inter

2160 2428 2491 2483 consultores
2521 2428 3017 2488 mathematicorum
3050 2436 3214 2493 Deum
3258 2442 3536 2500 sinceriter
3570 2449 3751 2506 colere

2160 2527 2215 2574 et
2244 2519 2375 2572 nihil
2408 2519 2512 2575 tale
2540 2522 2830 2590 requirere,
2865 2534 2919 2579 et
2949 2526 3086 2582 inter
3111 2542 3438 2600 spectatores
3466 2543 3750 2609 nugacium

2161 2611 2490 2667 theatrorum
2522 2615 2539 2645 ί
2570 2615 2801 2671 noluerit
2844 2618 2922 2673 ire
2947 2621 3047 2675 nisi
3087 2623 3153 2677 ad
3196 2627 3503 2696 ecclesiam,
3553 2635 3752 2702 patitur

2160 2705 2501 2762 insultatores
2524 2708 2667 2777 ipsos
2692 2709 3031 2781 christianos,
3055 2726 3108 2770 et
3130 2718 3323 2786 patitur
3346 2722 3504 2778 verba
3529 2739 3749 2795 aSpera;

2161 2808 2212 2852 et
2242 2797 2444 2864 dicunt,
2471 2798 2687 2870 Magnus
2712 2810 2786 2864 tu,
2812 2802 3007 2871 justus,
3034 2814 3087 2859 tu
3110 2823 3167 2862 es
3191 2809 3351 2877 Elias,
3382 2821 3435 2866 tu
3457 2830 3513 2870 es
3535 2816 3750 2886 Petrus,

2160 2889 2227 2945 de.
2255 2890 2394 2945 cazlo
2424 2892 2634 2946 venisti.
2678 2892 2969 2962 lnsultant;
3014 2913 3349 2973 quocumque
3387 2921 3445 2960 se
3490 2911 3749 2980 verterit,

2160 2980 2308 3057 audit
2337 2982 2461 3038 hinc
2486 2992 2646 3055 atque
2671 2985 2794 3040 inde
2820 2988 3039 3043 verbum
3066 3006 3333 3062 asperum.
3361 2996 3513 3065 Quod
3535 3002 3576 3055 si
3602 3004 3753 3063 timet

2160 3082 2214 3129 ct
2243 3075 2447 3130 recedit
2483 3092 2513 3131 a
2547 3077 2625 3130 via
2654 3077 2883 3145 Christi,
2914 3081 3054 3137 cadit
3094 3085 3144 3138 in
3178 3086 3394 3157 laqueos
3419 3095 3751 3154 venantium.

2160 3166 2438 3234 Quomodo
2466 3178 2645 3223 autem
2688 3184 2806 3224 cum
2835 3172 3122 3229 audiuntur
3151 3180 3265 3233 haec
3292 3182 3451 3236 verba
3471 3224 3484 3247 ,
3529 3201 3633 3241 non
3660 3204 3754 3243 re-

2160 3260 2365 3314 ccditur
2393 3275 2421 3313 a
2451 3260 2573 3314 via?
2600 3260 2734 3329 Quid
2766 3272 2847 3317 est
2867 3306 2880 3328 ,
2912 3280 3015 3320 non
3045 3269 3292 3325 recedere
3321 3287 3350 3325 a
3384 3274 3503 3329 via?
3528 3278 3753 3343 Quando

2160 3355 2309 3409 audit
2337 3353 2498 3409 verba
2532 3370 2741 3424 aspera,
2773 3357 2916 3413 unde
2947 3359 3045 3414 sibi
3075 3360 3232 3417 habet
3264 3363 3436 3421 facere
3464 3369 3751 3440 solatium,

2162 3454 2219 3501 ut
2246 3461 2352 3501 non
2382 3455 2533 3501 curet
2562 3446 2720 3501 verba
2752 3462 2972 3518 aspera,
3017 3467 3112 3507 nec
3136 3455 3351 3510 recedat
3378 3474 3404 3511 a
3439 3461 3518 3513 via
3538 3502 3552 3524 ,
3585 3471 3638 3517 et
3675 3463 3756 3518 in-

2162 3548 2266 3594 tret
2295 3554 2389 3609 per
2414 3538 2669 3609 januam?
2699 3540 2850 3596 Dicat
2875 3558 2890 3596 ε
2920 3543 3091 3613 qualia
3125 3547 3283 3602 verba
3311 3549 3497 3619 audio,
3528 3568 3713 3610 servus
3734 3598 3748 3621 ,

2160 3633 2440 3703 peccator?
2487 3632 2740 3689 Dominus
2770 3651 2919 3690 meus
2957 3638 3201 3695 audivit:
3240 3641 3560 3699 Dwmonium
3601 3651 3755 3706 [tabes

2161 3723 2339 3796 (Joan.
2372 3740 2485 3790 vni,
2509 3724 2622 3793 48).
2655 3725 2812 3780 Modo
2841 3727 3060 3784 audistis
3090 3731 3309 3787 verbum
3339 3750 3589 3805 asperum
3612 3742 3752 3810 quod

2160 3821 2356 3875 dictum
2386 3828 2467 3874 est
2497 3819 2547 3873 in
2591 3819 2872 3875 Dominum
2903 3839 2915 3875 :
2946 3839 3050 3877 non
3092 3839 3225 3894 opus
3260 3838 3375 3882 erat
3408 3839 3463 3884 ut
3496 3833 3753 3901 Dominus

2160 3912 2259 3968 hoc
2290 3911 2514 3976 audiret,
2550 3912 2642 3968 sed
2674 3920 2725 3967 te
2753 3913 2955 3968 monuit
2986 3915 3249 3973 adversus
3278 3921 3435 3977 verba
3464 3937 3653 3995 aspera
3684 3942 3755 3984 ne

2161 4004 2363 4061 incidas
2390 4006 2442 4060 in
2475 4004 2691 4075 laqueos
2719 4006 3048 4061 venantium.

2232 4098 2285 4153 5.
2329 4096 2479 4168 [vers.
2512 4095 2589 4168 4.]
2633 4094 2777 4150 Inter
2802 4098 3037 4165 scapulas
3075 4115 3195 4153 suas
3221 4103 3531 4161 obumbrabit
3556 4108 3673 4176 tibi,
3706 4120 3757 4183 et

2160 4192 2251 4247 sub
2276 4192 2373 4247 alis
2397 4192 2507 4261 ejus
2533 4190 2775 4260 sperabis.
2812 4190 2923 4245 Hoc
2949 4191 3106 4256 dicit,
3142 4209 3207 4249 ne
3240 4203 3325 4250 tua
3355 4200 3613 4267 protectio
3642 4217 3671 4256 a
3701 4212 3755 4260 te

2162 4286 2256 4342 tibi
2286 4285 2383 4350 sit,
2418 4298 2486 4338 ne
2514 4293 2665 4352 putes
2694 4284 2814 4350 quia
2854 4292 2908 4337 tu
2953 4293 3004 4339 te
3044 4295 3193 4355 potes
3234 4300 3545 4361 protegere:
3579 4294 3671 4350 ille
3702 4304 3756 4352 te

2161 4384 2425 4449 proteget,
2454 4383 2511 4429 ut
2535 4384 2720 4440 eruat;
2750 4384 2802 4428 et
2830 4384 2983 4431 eruet
3009 4375 3076 4431 de
3105 4379 3399 4449 muscipula
3422 4385 3755 4455 venantium,

2161 4478 2217 4526 et
2242 4485 2274 4525 a
2303 4467 2470 4524 verbo
2500 4482 2710 4537 aspero.
2738 4466 2882 4521 Inter
2904 4470 3140 4541 scapulas
3162 4488 3282 4526 suas
3306 4474 3617 4532 obumbrabit
3641 4480 3759 4552 tibi,

2161 4570 2221 4617 et
2254 4576 2285 4616 a
2315 4568 2464 4631 tergo
2510 4568 2661 4630 potes
2708 4559 3035 4630 intelligere,
3080 4570 3133 4616 et
3162 4578 3191 4616 a
3238 4575 3490 4633 pectore:
3520 4573 3761 4640 scapulae

2162 4657 2304 4713 enim
2345 4656 2486 4709 circa
2525 4661 2685 4725 caput
2719 4662 2860 4707 sunt.
2901 4653 3005 4709 Sed
3033 4656 3153 4725 quia
3182 4656 3343 4725 dicit,
3378 4662 3467 4715 sub
3504 4664 3601 4718 alis
3643 4666 3762 4735 ejus

2162 4749 2419 4818 sperabis,
2459 4745 2797 4801 manifestum
2837 4757 2918 4800 cst
2956 4746 3077 4816 quia
3119 4750 3378 4817 protectio
3416 4752 3616 4809 alarum
3656 4772 3761 4813 ex-

2164 4857 2450 4913 pansarum
2482 4840 2605 4895 facit
2633 4850 2682 4894 te
2710 4854 2829 4895 esse
2857 4840 2994 4894 inter
3019 4842 3261 4910 scapulas
3291 4844 3407 4913 Dei,
3440 4856 3499 4901 ut
3521 4846 3645 4903 hinc
3674 4860 3762 4906 at-

2164 4950 2267 5006 que
2295 4935 2417 4989 hinc
2446 4932 2545 4987 alae
2572 4932 2666 4986 Dei
2696 4942 2746 4986 te
2776 4940 2977 5002 ponant
3002 4934 3052 4987 in
3083 4934 3261 4990 medio
3286 4953 3298 4990 :
3328 4945 3382 4992 et
3409 4953 3514 4993 non
3541 4942 3762 5001 timebis

2165 5043 2231 5083 ne
2256 5028 2374 5098 quis
2398 5027 2491 5082 tibi
2516 5034 2735 5092 noceat;
2769 5034 2969 5081 tantum
2994 5036 3049 5081 tu
3071 5028 3176 5082 noli
3200 5028 3323 5085 inde
3344 5033 3618 5101 recedere,
3647 5052 3762 5107 quo

2164 5119 2341 5175 nullus
2383 5118 2627 5173 inimicus
2668 5116 2826 5172 audet
2868 5117 3145 5173 accedere.
3195 5117 3249 5174 Si
3293 5122 3488 5193 gallina
3527 5133 3763 5198 protegit

2165 5213 2339 5284 pullos
2381 5226 2506 5266 suos
2550 5210 2650 5266 sub
2678 5210 2776 5265 alis
2817 5211 2956 5277 suis;
2986 5219 3185 5281 quanto
3210 5216 3380 5285 magis
3423 5225 3476 5270 tu
3517 5217 3617 5273 sub
3656 5220 3763 5278 alis

2165 5307 2259 5361 Dei
2289 5314 2431 5361 tutus
2459 5305 2595 5368 eris,
2626 5313 2679 5359 et
2702 5303 2957 5358 adversus
2984 5303 3251 5361 diabolum
3283 5317 3338 5364 et
3362 5311 3580 5380 angelos
3605 5313 3723 5383 ejus
3742 5358 3761 5385 ,

2165 5416 2284 5471 qua:
2315 5415 2485 5454 aerea:
2526 5406 2817 5467 potestates
2846 5406 3098 5468 tanquam
3142 5401 3421 5472 accipitres
3459 5405 3763 5463 circumvo-

2166 5492 2348 5559 litaut,
2394 5499 2451 5545 ut
2490 5490 2758 5544 inﬁrmum
2800 5487 3005 5558 pullum
3049 5488 3333 5547 auferant?
3378 5493 3561 5565 Neque
3610 5499 3760 5556 enim

2165 5586 2281 5641 sine
2308 5600 2465 5640 causa
2496 5589 2800 5652 comparata
2828 5590 2913 5637 est
2936 5582 3128 5654 gallina
3156 5584 3255 5654 ipsi
3298 5585 3583 5658 Sapientiae
3621 5592 3756 5662 Dei;

2165 5694 2286 5733 nam
2312 5673 2555 5730 Christus
2577 5675 2688 5744 ipse
2711 5674 2964 5730 Dominus
2981 5684 3164 5730 noster
3180 5686 3235 5731 et
3252 5679 3487 5737 salvator
3504 5692 3757 5756 tanquam

2164 5769 2409 5842 gallinam
2438 5782 2495 5823 se
2518 5766 2652 5821 dixit
2680 5785 2693 5822 :
2722 5766 3035 5837 Jerusalem,
3066 5767 3371 5841 Jerusalem,
3404 5778 3591 5847 quoties
3620 5778 3759 5836 volui

2226 5892 2245 5924 ⁸
2274 5889 2409 5944 Alter
2428 5900 2457 5943 e
2478 5885 2614 5940 corb.
2631 5890 2759 5949 Mss,
2780 5896 3021 5948 nugarum
3049 5885 3392 5940 theatricarum
