4084 6474
339 411 484 468 1155

340 527 582 598 colligere
604 524 738 595 ﬁlios
761 531 893 590 tuos,
923 531 1162 594 tanquam
1187 524 1376 596 gallina
1401 525 1566 596 pullos
1589 543 1726 593 suos,
1755 535 1802 582 et
1829 543 1925 583 no-

343 620 480 674 luisti
525 617 739 690 (Matth.
779 633 906 673 xxtn
925 658 941 685 ,
974 617 1104 688 37)?
1132 617 1311 673 Noluit
1336 618 1422 674 illa
1446 618 1770 686 Jerusalem;
1801 620 1931 676 veli-

341 726 466 766 mus
491 727 609 766 nos.
640 710 734 766 llla
763 721 912 780 rapta
950 718 1033 765 est
1060 709 1128 764 ab
1152 711 1321 767 aereis
1350 712 1700 781 potestatibus
1729 713 1931 784 fugiens

341 805 460 860 alas
484 805 725 876 gallinae,
767 820 1097 876 praesumens
1136 805 1203 861 de
1233 806 1432 862 viribus
1458 807 1596 875 suis,
1639 823 1760 863 cum
1789 819 1931 865 esset

343 895 599 951 inﬁrma:
635 911 734 952 nos
772 895 1091 951 conﬁtentes
1129 895 1487 952 inﬁrmitatem
1528 907 1798 966 nostram,
1831 897 1930 953 sub

339 990 458 1043 alas
493 989 586 1044 Dei
614 989 909 1060 fugiamus;
954 989 1056 1044 erit
1081 988 1236 1044 nobis
1277 989 1417 1045 enim
1461 998 1708 1061 tanquam
1736 991 1931 1061 gallina

340 1089 630 1151 protegens
669 1081 837 1150 pullos
864 1097 1012 1137 suos.
1042 1081 1158 1136 Non
1203 1091 1285 1138 est
1308 1083 1448 1138 enim
1490 1083 1803 1154 injuriosum
1833 1098 1930 1139 no-

340 1187 466 1226 men
500 1172 732 1242 gallinae.
763 1172 1036 1228 Attendite
1060 1182 1281 1228 caeteras
1307 1189 1451 1240 aves,
1482 1173 1676 1249 fratres
1705 1193 1717 1229 :
1749 1175 1929 1230 multae

338 1280 470 1320 aves
510 1274 635 1319 ante
676 1281 772 1320 nos
804 1265 1004 1332 fetant,
1048 1265 1361 1320 calefaciunt
1391 1266 1562 1336 pullos
1590 1281 1749 1333 suos;
1787 1266 1929 1322 nulla

339 1355 418 1411 sic
447 1357 564 1412 avis
593 1357 888 1412 inﬁrmatur
919 1373 1038 1411 cum
1067 1357 1252 1427 pullis,
1297 1357 1562 1428 quomodo
1587 1358 1801 1428 gallina.
1836 1358 1930 1413 At-

342 1448 526 1505 tendat
554 1449 796 1504 Charitas
823 1458 998 1504 vestra
1024 1469 1038 1505 :
1083 1449 1421 1518 hirundines,
1462 1466 1706 1521 passeres
1733 1453 1750 1483 ¹
1777 1461 1831 1507 et
1854 1452 1930 1507 ci-

340 1542 526 1598 conias
568 1542 811 1598 videmus
847 1550 998 1598 extra
1025 1542 1178 1599 nidos
1218 1558 1372 1610 suos,
1421 1558 1520 1598 nec
1559 1545 1930 1614 cognoscimus

339 1646 518 1690 utrum
555 1634 694 1690 fetus
737 1635 993 1702 habeant;
1037 1645 1092 1690 at
1117 1650 1246 1691 vero
1273 1636 1521 1706 gallinam
1560 1638 1928 1707 cognoscimus

339 1731 392 1784 in
439 1729 747 1784 inﬁrmitate
769 1729 946 1794 vocis,
982 1729 1034 1784 in
1077 1729 1404 1786 relaxatione
1445 1730 1741 1800 plumarum
1771 1748 1785 1785 :
1821 1739 1927 1786 tota

338 1831 574 1875 mutatur
608 1820 801 1875 affectu
832 1821 1130 1890 pullorum;
1160 1822 1280 1891 quia
1315 1821 1389 1876 illi
1430 1822 1621 1876 inﬁrmi
1650 1830 1803 1889 sunt,
1838 1823 1925 1877 in-

339 1913 550 1967 ﬁrmam
573 1928 634 1968 se
659 1913 806 1968 facit.
837 1913 966 1981 Quia
992 1928 1122 1983 ergo
1149 1921 1204 1969 et
1231 1930 1329 1970 nos
1356 1915 1553 1969 infirmi
1579 1930 1810 1983 eramus,
1842 1915 1924 1970 in-

337 2003 546 2058 ﬁrmam
590 2018 650 2058 se
692 2003 817 2059 fecit
863 2004 1130 2074 Sapientia
1174 2005 1299 2071 Dei;
1346 2007 1468 2076 quia
1519 2006 1752 2062 Verbum
1800 2022 1925 2062 caro

339 2094 538 2151 factum
561 2106 662 2162 est,
691 2104 745 2151 et
773 2095 1028 2151 habitavit
1053 2097 1108 2152 in
1140 2097 1296 2153 nobis
1323 2097 1500 2170 (Joan.
1533 2114 1571 2167 ι,
1604 2097 1711 2171 14),
1747 2108 1803 2155 ιιι
1827 2099 1925 2156 sub

338 2191 444 2246 alis
468 2191 583 2261 ejus
607 2205 898 2260 speremus.

409 2286 462 2340 6.
497 2284 643 2358 [vers;
666 2285 720 2351 5,
747 2283 825 2357 6.]
849 2285 1005 2340 Scuto
1026 2285 1354 2339 circumdabit
1375 2295 1422 2340 te
1441 2287 1621 2342 veritas
1642 2287 1771 2358 ejus.
1795 2287 1924 2356 Quae

333 2386 461 2433 sunt
487 2377 620 2443 alae,
665 2377 766 2432 hoc
809 2386 891 2433 est
933 2387 1170 2444 scutum;
1212 2379 1334 2448 quia
1378 2393 1478 2434 nec
1507 2379 1604 2434 alm
1643 2389 1794 2446 sunt,
1825 2394 1925 2435 nec

332 2479 567 2528 scutum.
616 2468 671 2525 Si
702 2469 902 2540 aliquid
948 2470 1138 2525 horum
1189 2471 1402 2541 proprie
1444 2479 1612 2537 esset,
1663 2472 1920 2543 numquid

331 2564 431 2617 alae
455 2572 664 2618 scutum
693 2579 812 2618 esse
843 2575 1089 2633 possent,
1123 2564 1204 2619 vel
1238 2574 1444 2619 scutum
1486 2565 1622 2619 alte?
1656 2564 1759 2621 Sed
1800 2566 1920 2636 quia

330 2657 560 2729 ﬁgurate
601 2673 699 2728 per
743 2657 1116 2713 similitudines
1161 2657 1262 2714 dici
1311 2658 1488 2713 omnia
1518 2659 1614 2713 ista
1663 2668 1918 2729 possunt,

331 2752 452 2808 ideo
478 2762 536 2808 et
575 2753 675 2808 alae
720 2763 772 2808 et
801 2761 1006 2808 scutum
1051 2768 1168 2807 esse
1211 2761 1515 2822 potuerunt.
1547 2753 1601 2808 Si
1635 2769 1757 2809 vere
1786 2753 1920 2823 lapis

328 2854 473 2901 esset
516 2845 767 2902 Christus
786 2888 800 2911 ,
832 2846 918 2902 leo
947 2861 1052 2902 non
1084 2854 1263 2910 esset;
1295 2854 1349 2900 et
1377 2846 1419 2900 si
1448 2846 1532 2900 leo
1562 2855 1722 2908 esset,
1752 2860 1920 2916 agnus

329 2956 435 2996 non
461 2948 643 2995 esset:
678 2939 796 2995 ideo
825 2947 880 2994 et
900 2935 983 2994 leo
1013 2939 1194 3008 (Apoc.
1219 2955 1271 3004 v,
1299 2938 1373 3008 5),
1407 2947 1460 2993 et
1485 2954 1651 3008 agnus
1677 2937 1851 3008 (John.
1877 2953 1914 3007 ι,

327 3031 442 3100 29),
471 3041 528 3086 et
564 3031 699 3100 lapis
726 3031 862 3101 (Act.
889 3046 960 3097 tv,
1002 3030 1087 3094 10,
1123 3030 1234 3100 ll),
1268 3038 1322 3084 et
1349 3030 1578 3096 vitulus,
1621 3039 1674 3084 et
1702 3030 1746 3084 si
1791 3028 1917 3099 quid

327 3125 667 3195 hujusmodi;
699 3125 821 3196 quia
849 3140 946 3180 nec
978 3124 1144 3194 lapis,
1177 3139 1278 3180 nec
1304 3125 1387 3178 leo
1407 3166 1419 3190 ,
1465 3139 1564 3178 nec
1591 3139 1784 3193 agnus,
1820 3110 1918 3180 nec

325 3221 558 3287 vitulus,
605 3220 698 3274 sed
737 3219 968 3273 salvator
1013 3217 1250 3273 omnium
1292 3217 1448 3272 Jesus
1491 3215 1752 3272 Christus.
1797 3217 1916 3272 Istae

323 3315 469 3369 enim
515 3313 893 3368 similitudines
933 3319 1091 3378 sunt,
1141 3329 1245 3366 non
1290 3312 1663 3382 proprietates.
1719 3309 1915 3366 Veritas

325 3408 456 3477 ejus,
485 3406 692 3476 inquit,
731 3404 1059 3459 circumdabit
1087 3411 1152 3457 te.
1179 3403 1455 3472 Tanquam
1484 3412 1691 3458 scutum
1716 3403 1914 3460 veritas

322 3498 440 3567 ejus
471 3506 586 3562 est;
630 3505 817 3552 utnon
849 3480 1190 3551 misceat'eos
1231 3496 1319 3564 qui
1351 3496 1402 3549 in
1440 3495 1629 3565 seipsis
1659 3504 1909 3565 sperant,

321 3605 446 3644 eum
471 3589 552 3644 eis
575 3589 665 3658 qui
692 3590 743 3642 in
770 3589 877 3642 Deo
895 3595 1131 3658 sperant.
1153 3587 1407 3643 Peccator
1431 3597 1527 3654 est,
1552 3599 1606 3643 et
1631 3597 1910 3657 peccator:

321 3682 416 3737 sed
429 3682 492 3735 da
510 3689 842 3752 peccatorem
860 3680 925 3736 de
938 3696 995 3736 se
1008 3689 1436 3750 praesumentem,
1455 3691 1906 3748 contemnentem,

320 3783 539 3844 peccata
560 3787 654 3828 sua
682 3788 784 3828 non
811 3773 1168 3835 conﬁtentem,
1193 3782 1245 3827 et
1269 3771 1429 3836 dicet,
1458 3773 1511 3827 Si
1533 3773 1641 3827 Deo
1658 3773 1910 3843 displice—

319 3877 440 3922 rent
479 3874 696 3936 peceata
734 3880 882 3930 mea,
915 3879 1021 3919 non
1056 3866 1386 3934 permitteret
1409 3880 1494 3919 me
1521 3865 1717 3921 vivere.
1760 3867 1910 3921 Alius

319 3967 497 4013 autem
528 3958 712 4012 oculos
733 3971 838 4010 non
866 3955 1094 4010 audebat
1119 3956 1316 4022 levare,
1349 3956 1441 4010 sed
1462 3958 1785 4026 percntiebat
1813 3974 1909 4027 pc-

319 4060 436 4106 ctus
478 4065 634 4106 suum
655 4091 670 4117 ,
699 4048 910 4113 dicens,
943 4048 1189 4115 Domine,
1221 4049 1472 4120 propitius
1501 4059 1602 4103 esto
1631 4050 1754 4103 mihi
1788 4067 1908 4121 pec-

319 4145 478 4199 catori
503 4143 652 4217 (Luc.
680 4159 828 4208 xvnt,
851 4143 963 4212 15).
986 4143 1158 4198 Etille
1182 4152 1446 4212 peccator,
1478 4151 1531 4198 et
1551 4144 1638 4198 ille
1661 4161 1674 4196 :
1704 4143 1797 4198 sed
1820 4144 1908 4200 ille

320 4237 544 4292 irridens
565 4279 579 4301 ,
623 4237 722 4291 iste
750 4235 1039 4306 plangens;
1072 4235 1160 4290 ille
1197 4244 1552 4306 contemptor,
1583 4236 1668 4291 hic
1693 4236 1904 4292 confes-

317 4344 410 4384 sor
441 4336 782 4399 peccatorum
813 4343 1052 4383 suorum.
1083 4327 1294 4383 Veritas
1319 4337 1498 4383 autem
1526 4328 1619 4382 Dei
1653 4344 1772 4398 quae
1797 4343 1902 4383 non

319 4435 576 4492 personas
603 4420 812 4490 accipit,
845 4420 1102 4476 discernit
1130 4421 1478 4490 poenitentem
1505 4436 1534 4474 a
1562 4419 1900 4489 defendente,

317 4513 572 4569 discernit
601 4513 856 4569 humilem
877 4530 905 4569 a
934 4513 1184 4587 superbo,
1214 4513 1467 4569 discernit
1492 4524 1902 4584 praesumentem

317 4606 384 4661 de
422 4606 600 4677 seipso
644 4622 672 4660 a
716 4614 1073 4676 przesumente
1119 4606 1187 4662 de
1219 4605 1346 4662 Deo.
1382 4605 1523 4677 Ergo
1569 4608 1750 4662 veritas
1795 4609 1901 4679 ejus

319 4708 569 4770 tanquam
591 4705 732 4753 scuto
759 4698 1086 4752 circumdabit
1109 4707 1173 4751 te.
1472 4681 1481 4688 ’

278 4795 293 4848 ι
387 4793 439 4846 7.
476 4791 600 4846 Non
631 4791 820 4846 tintebis
849 4808 879 4845 a
907 4792 1084 4844 timore
1117 4798 1360 4844 nocturno
1380 4831 1394 4856 ,
1438 4806 1469 4842 a
1498 4789 1679 4861 sagitta
1704 4791 1902 4845 volante

316 4903 406 4954 per
429 4885 600 4952 diem,
642 4901 673 4937 a
700 4885 900 4955 negotio
930 4882 1307 4954 perambulante
1331 4883 1383 4936 in
1415 4883 1626 4936 tenebris
1646 4923 1660 4949 ,
1691 4899 1723 4936 a
1752 4882 1900 4936 ruina

314 4990 358 5033 et
381 4979 634 5034 daemonio
660 4978 958 5032 meridiano.
990 4977 1204 5032 Duobus
1233 4992 1350 5047 quae
1377 4990 1534 5045 supra
1571 4975 1742 5040 dixit,
1773 4975 1899 5030 red-

313 5071 512 5126 duntur
547 5070 655 5126 duo
696 5088 813 5142 qua:
859 5069 992 5125 infra
1034 5070 1190 5124 dixit.
1240 5067 1362 5122 Non
1410 5067 1600 5122 timebis
1647 5085 1680 5121 a
1726 5069 1902 5124 timore

313 5176 582 5229 nocturno,
613 5182 645 5218 a
665 5167 848 5237 sagitta
878 5165 1076 5219 volante
1107 5181 1192 5234 per
1219 5164 1350 5217 diem
1380 5180 1398 5216 :
1427 5174 1480 5218 et
1505 5172 1722 5233 propter
1747 5164 1903 5220 timo-

314 5278 426 5314 rem
455 5269 798 5326 nocturnum,
821 5276 852 5312 a
879 5259 1077 5330 negotio
1106 5256 1482 5328 perambulante
1501 5256 1555 5310 in
1581 5257 1822 5324 tenebris;
1848 5267 1903 5314 et

315 5362 538 5423 propter
567 5353 815 5422 sagittam
844 5351 1114 5406 volantem
1148 5364 1242 5420 per
1271 5348 1410 5404 diem
1431 5391 1443 5413 ,
1477 5365 1509 5401 a
1538 5349 1687 5402 ruina
1716 5359 1762 5402 et
1792 5349 1901 5404 dte-

313 5444 484 5496 monio
509 5443 808 5496 meridiano.
839 5441 974 5509 Quid
997 5449 1078 5496 est
1100 5439 1388 5494 timendum
1418 5439 1468 5494 in
1491 5448 1668 5507 nocte,
1700 5439 1902 5511 etquid

311 5534 365 5588 in
409 5534 536 5590 die?
566 5533 700 5588 Cum
738 5533 964 5603 quisque
1008 5533 1260 5603 ignorans
1304 5541 1521 5603 peccat,
1568 5541 1816 5603 tanquam
1847 5533 1904 5588 in

315 5635 476 5682 nocte
505 5634 691 5695 peccat
723 5643 737 5679 :
767 5640 887 5680 cum
919 5633 1095 5678 autem
1122 5624 1298 5679 sciens
1326 5634 1540 5696 peccat,
1574 5633 1821 5695 tanquam
1848 5624 1903 5680 in

313 5717 404 5774 die
430 5726 635 5789 peccat.
669 5717 786 5773 Duo
814 5732 943 5788 ergo
974 5716 1064 5772 illa
1086 5714 1320 5781 leviora;
1355 5717 1466 5787 ipsa
1491 5726 1614 5773 sunt
1638 5717 1902 5789 graviora,

315 5828 436 5885 quae
476 5812 706 5884 repetita
750 5819 896 5869 sunt.
927 5809 1222 5878 lntendite,
1257 5818 1316 5868 ut
1355 5807 1636 5882 diligenter
1679 5809 1810 5880 hoc,
1857 5809 1905 5867 si

299 6001 301 6006 1
381 5923 406 5960 ³
434 5933 566 5992 κει..
581 5938 772 5982 me.

1473 408 1866 468 ENARRATIO
1891 409 1959 469 IN
1987 410 2310 473 PSALMUM
2345 414 2456 472 XC.

3479 423 3615 479 1154

2041 527 2296 584 Dominus
2339 528 2611 597 annuerit,
2656 541 2950 599 exponetur
2990 530 3176 586 vobis:
3210 531 3492 589 obscurum
3531 545 3615 591 est

2036 619 2214 687 enim,
2246 629 2300 676 et
2325 623 2424 677 erit
2453 637 2674 692 magnus
2704 622 2903 678 fructus
2927 623 2970 678 si
2997 623 3385 680 intellexeritis.
3417 626 3614 682 Teuta—

2038 711 2235 768 tionem
2263 729 2378 782 qua:
2405 715 2461 768 lit
2488 715 2538 769 in
2562 715 2923 786 ignorantibus
2946 717 3099 784 levis,
3130 718 3373 775 timorem
3397 732 3613 776 noctur-

2037 817 2163 856 num
2197 804 2509 873 appellavit;
2541 813 2595 859 et
2629 808 2975 862 tentationem
3005 824 3124 880 qua:
3155 809 3211 864 ﬁt
3239 810 3293 865 in
3318 811 3607 869 scientibus

2035 891 2201 962 levis,
2244 895 2488 965 sagittam
2528 897 2792 954 volantem
2837 917 2929 970 per
2953 900 3093 955 diem
3132 902 3436 972 appellavit.
3479 903 3609 971 Quas

2034 996 2160 1042 sunt
2183 987 2329 1043 leves
2353 989 2703 1045 tentationes?
2729 991 2858 1059 Qua:
2887 987 2992 1048 no'n
3026 995 3104 1048 sic
3130 995 3360 1062 instant,
3392 1011 3494 1050 non
3534 996 3612 1051 sic

2034 1088 2243 1149 urgent,
2275 1089 2334 1135 ut
2361 1091 2588 1151 cogant,
2617 1082 2711 1136 sed
2741 1094 2959 1153 possunt
2986 1085 3091 1140 cito
3118 1085 3382 1142 declinata
3439 1095 3612 1141 trans-

2032 1166 2133 1224 ire.
2163 1169 2360 1225 Eadem
2385 1185 2570 1226 rursus
2599 1171 2682 1227 fac
2704 1174 2906 1244 gravia.
2945 1174 3003 1230 Si
3030 1187 3337 1246 persecutor
3366 1176 3613 1241 instat,et

2033 1258 2381 1316 vehementer
2408 1269 2570 1317 terret
2605 1262 2940 1333 ignorantes,
2981 1264 3033 1318 id
3059 1276 3139 1320 est
3164 1266 3398 1321 nondum
3429 1266 3610 1322 firmos

2033 1348 2086 1404 in
2114 1351 2218 1407 title
2239 1393 2252 1416 ,
2287 1367 2385 1407 nec
2426 1353 2656 1408 scientes
2682 1353 2824 1424 quod
2847 1353 2914 1408 ad
2939 1353 3040 1408 hoc
3065 1365 3188 1409 sunt
3214 1355 3520 1422 christiani,
3554 1367 3614 1412 ut

2033 1441 2260 1499 futuram
2291 1445 2451 1500 vitam
2478 1454 2726 1515 sperent;
2757 1461 2875 1500 cum
2906 1447 3166 1517 coeperint
3193 1449 3377 1503 terreri
3407 1449 3474 1504 de
3498 1465 3613 1504 ma-

2032 1533 2100 1590 lis
2131 1537 2528 1606 temporalibus,
2558 1547 2742 1607 putant
2771 1539 2914 1609 quod
2943 1539 3177 1594 deseruit
3199 1539 3319 1596 illos
3345 1538 3607 1610 Christus,

2031 1637 2085 1683 et
2109 1629 2226 1684 sine
2254 1645 2413 1685 causa
2457 1641 2580 1686 sunt
2608 1631 2914 1699 christiani;
2967 1648 3070 1686 non
3101 1641 3296 1687 norunt
3333 1634 3474 1688 enim
3498 1673 3513 1698 ,
3557 1643 3614 1688 ut

2029 1720 2163 1787 dixi,
2207 1723 2327 1793 quia
2359 1723 2424 1778 ad
2467 1725 2568 1779 hoc
2609 1733 2733 1780 sunt
2772 1725 3082 1791 christiani,
3126 1734 3182 1780 ut
3212 1727 3494 1796 prtesentia
3526 1743 3612 1782 su-

2030 1824 2250 1883 perent,
2301 1824 2358 1870 et
2396 1816 2572 1872 futura
2613 1825 2874 1888 sperent:
2922 1819 3126 1873 invenit
3173 1819 3295 1874 illos
3341 1819 3612 1888 negotium

2030 1907 2405 1975 perambulans
2436 1909 2490 1964 in
2537 1910 2797 1975 tenebris,
2841 1918 2897 1966 et
2938 1911 3081 1980 capit
3115 1926 3228 1967 eos.
3259 1911 3394 1968 Sunt
3433 1921 3612 1969 autem

2029 1998 2244 2068 quidam
2284 2001 2373 2071 qui
2417 2011 2682 2057 noverunt
2721 2018 2779 2058 se
2808 2003 2873 2057 ad
2907 2005 3136 2059 futuram
3179 2019 3330 2074 apem
3358 2015 3610 2075 vocatos;

2028 2090 2149 2159 quia
2180 2091 2320 2160 quod
2349 2092 2504 2147 nobis
2533 2093 2778 2164 promisit
2805 2095 2967 2163 Deus,
2995 2110 3102 2150 non
3123 2105 3207 2153 est
3225 2096 3294 2152 de
3320 2099 3420 2152 ista
3448 2106 3610 2165 terra,

2029 2199 2134 2237 non
2159 2193 2240 2239 est
2264 2185 2331 2240 de
2362 2187 2458 2240 ista
2485 2187 2626 2252 vita;
2650 2189 2771 2257 quia
2792 2187 2907 2243 ista),
2929 2204 3117 2245 omnes
3145 2190 3464 2246 tentationes
3482 2190 3613 2246 tole~

2026 2277 2206 2332 randte
2247 2288 2399 2347 sunt,
2443 2287 2502 2332 ut
2544 2279 2669 2333 illud
2713 2279 3065 2349 accipiamus,
3104 2281 3234 2336 illud
3275 2283 3612 2352 acquiramus

2026 2371 2165 2441 quod
2195 2372 2350 2427 nobis
2380 2373 2622 2442 promisit
2657 2374 2799 2428 Deus
2830 2373 2884 2428 in
2914 2383 3207 2441 aeternum;
3243 2386 3436 2430 norunt
3465 2376 3565 2432 ista
3591 2395 3608 2433 :

2026 2465 2118 2520 sed
2150 2466 2360 2535 quando
2389 2466 2616 2536 coeperit
2645 2476 2954 2537 persecutor
2981 2467 3180 2523 instare
3208 2467 3606 2537 vehementius,

2024 2574 2181 2628 agere
2205 2560 2361 2615 minis
2380 2601 2394 2626 ,
2425 2561 2627 2631 ptenis,
2657 2561 2968 2629 tormentis,
2998 2561 3283 2632 aliquando
3308 2563 3526 2634 cedunt,
3556 2571 3610 2621 et

2025 2652 2254 2707 scientes
2285 2663 2531 2723 tanquam
2563 2655 2614 2710 in
2641 2653 2728 2710 die
2749 2653 2966 2710 cadunt.

2094 2745 2146 2799 8.
2183 2745 2359 2813 Quare
2386 2756 2567 2804 autem
2611 2747 2667 2802 in
2715 2748 2975 2804 meridie?
3004 2749 3136 2818 Quia
3178 2749 3402 2806 multum
3444 2750 3610 2810 fervet

2024 2839 2326 2907 persecutio
2357 2857 2370 2893 :
2405 2839 2639 2909 majores
2674 2850 2834 2895 arstus
2861 2840 2994 2896 dixit
3026 2840 3328 2897 meridiem.
3355 2843 3610 2900 Attendat

2023 2928 2123 2985 hoc
2168 2931 2413 2988 Charitas
2455 2941 2631 2989 vestra
2681 2935 2748 2990 de
2799 2935 3091 3006 Scripturis
3140 2951 3228 2992 me
3272 2937 3605 3007 probantem.

2021 3023 2244 3090 Quando
2274 3026 2341 3081 de
2381 3027 2681 3083 seminante
2726 3028 2939 3084 dicebat
2983 3029 3271 3098 Dominus,
3317 3031 3438 3102 quia
3482 3032 3609 3087 exiit

2021 3119 2295 3173 seminans
2322 3123 2608 3186 seminare,
2640 3132 2691 3176 et
2714 3121 2856 3176 aliud
2887 3121 3078 3176 cecidit
3104 3122 3354 3191 inviam,
3385 3123 3527 3178 aliud
3554 3123 3608 3180 in

2020 3219 2257 3280 petrosa,
2276 3212 2419 3268 aliud
2443 3213 2582 3267 inter
2599 3214 2778 3285 spinas
2799 3231 2814 3280 ;
2838 3213 3086 3285 dignatus
3103 3223 3184 3270 est
3204 3215 3318 3285 ipse
3339 3230 3609 3286 exponere

2019 3303 2440 3371 similitudinem,
2463 3315 2516 3359 et
2537 3321 2656 3360 eum
2678 3306 2915 3362 venisset
2936 3306 3000 3361 ad
3023 3315 3255 3376 petrosa,
3281 3307 3380 3362 hoc
3401 3310 3509 3362 ait:
3533 3307 3606 3364 Hi

2018 3395 2241 3464 suntqui
2266 3396 2478 3449 audiunt
2508 3396 2742 3464 verbum,
2773 3408 2819 3451 et
2845 3399 2913 3452 ad
2947 3399 3123 3454 horam
3152 3399 3374 3471 gaudent
3399 3401 3467 3454 ad
3493 3415 3606 3455 ver-

2018 3484 2173 3551 bum;
2204 3499 2248 3540 et
2271 3488 2321 3541 in
2349 3488 2669 3543 tribulatione
2693 3505 2805 3560 qua:
2825 3491 2882 3558 fit
2902 3501 3104 3562 propter
3123 3492 3344 3557 verbum,
3368 3494 3605 3548 continuo

2019 3577 2448 3633 scandalizentur.
2475 3579 2610 3647 Quid
2640 3581 2783 3635 enim
2809 3579 3016 3636 dixerat
3036 3582 3102 3638 de
3124 3583 3207 3638 his
3227 3600 3346 3655 quae
3366 3585 3603 3641 exierant

2017 3668 2069 3723 in
2098 3671 2361 3738 petrosis?
2387 3669 2582 3726 Exorto
2603 3672 2727 3739 sole,
2753 3673 2939 3744 inquit,
2968 3661 3227 3741 aruerunt,
3255 3678 3372 3747 quia
3392 3694 3492 3732 non
3512 3678 3605 3732 ha-

2015 3760 2193 3817 bebant
2223 3764 2378 3817 altam
2408 3765 2627 3819 radicem
2658 3763 2870 3836 (Matth.
2897 3781 3013 3834 xnt,
3045 3766 3213 3837 5-23).
3240 3767 3312 3822 Hi
3332 3779 3449 3823 sunt
3474 3784 3604 3841 ergo

2013 3856 2100 3924 qui
2135 3855 2202 3908 ad
2227 3856 2401 3910 horam
2435 3856 2652 3926 gaudent
2677 3856 2744 3909 ad
2764 3843 2995 3922 verbum,
3024 3868 3071 3912 et
3095 3875 3208 3912 cum
3228 3862 3501 3928 persecutio
3522 3863 3604 3932 fa—

2015 3957 2093 4000 cta
2123 3949 2275 4019 fuerit
2315 3959 2520 4020 prepter
2549 3951 2779 4018 verbum,
2813 3961 3063 4006 arescunt.
3109 3953 3283 4020 Quare
3312 3956 3603 4010 arescunt?

2018 4040 2151 4106 Quia
2179 4057 2280 4095 non
2318 4041 2562 4096 habebant
2606 4044 2808 4111 firmam
2835 4045 3078 4101 radicem.
3123 4046 3251 4113 Qua:
3280 4056 3362 4102 est
3403 4047 3603 4104 radix?

2011 4131 2254 4189 Charitas
2287 4150 2300 4187 :
2335 4133 2436 4190 hoc
2467 4136 2610 4190 enim
2641 4136 2771 4191 dicit
2799 4139 3107 4208 Apostolus,
3157 4138 3224 4194 Ut
3265 4141 3318 4196 in
3355 4141 3601 4198 charitate

2010 4225 2229 4279 radicati
2255 4234 2300 4280 et
2328 4226 2527 4295 fundati
2552 4225 2764 4300 (Ep/tes.
2791 4245 2868 4297 ιιι,
2899 4231 3010 4302 l7).
3035 4231 3314 4300 Quomodo
3343 4235 3484 4289 enim
3510 4250 3600 4289 ra-

2010 4320 2098 4376 dix
2139 4321 2373 4376 omnium
2417 4321 2677 4376 malorum
2709 4323 2970 4394 cupiditas
3011 4325 3067 4397 (ι
3112 4325 3241 4380 Tim.
3271 4343 3344 4394 vt,
3379 4326 3490 4397 10),
3521 4328 3599 4383 sic

2010 4414 2162 4469 radix
2206 4414 2442 4470 omnium
2475 4414 2736 4471 bonorum
2763 4416 2994 4472 charitas
3031 4427 3133 4473 est.
3163 4419 3344 4475 Nostis
3380 4419 3516 4485 hoc,
3546 4429 3601 4476 et

2009 4522 2151 4576 saepe
2173 4507 2370 4563 dictum
2395 4519 2476 4564 est
2501 4529 2513 4566 :
2541 4509 2633 4564 sed
2657 4525 2821 4580 quare
2854 4511 2954 4566 hoc
2983 4511 3122 4567 volui
3147 4515 3600 4572 commemorare?

2007 4599 2077 4656 Ut
2106 4600 2410 4672 intelligatis
2438 4601 2725 4668 Psalmum,
2751 4603 2872 4673 quia
2901 4603 3220 4660 daemonium
3243 4606 3594 4662 meridianum

2007 4701 2226 4763 propter
2255 4702 2446 4748 aestum
2476 4693 2807 4750 vehementis
2829 4696 3214 4764 persecutionis
3243 4697 3474 4768 positum
3495 4707 3593 4755 est.

2005 4784 2095 4842 Sic
2121 4787 2262 4842 enim
2291 4787 2546 4842 Dominus
2575 4787 2704 4842 dicit
2733 4805 2746 4842 :
2783 4787 2938 4842 Ortus
2969 4796 3040 4843 cst
3062 4789 3160 4857 sol,
3192 4800 3240 4844 et
3263 4791 3398 4845 aruit
3421 4791 3592 4858 herba,
3628 4839 3634 4850 .

2006 4880 2126 4950 quia
2153 4879 2376 4933 radicem
2398 4895 2498 4934 non
2520 4877 2750 4935 habebat.
2775 4878 2844 4934 Et
2871 4894 3145 4950 exponens
3176 4882 3334 4937 nobis
3363 4881 3488 4952 quid
3515 4891 3598 4937 est

2005 4987 2036 5026 a
2064 4973 2175 5027 sole
2205 4971 2426 5027 herbam
2453 4986 2719 5040 arescere,
2741 4972 2895 5042 dixit,
2919 4974 3040 5044 quia
3068 4976 3435 5044 persecutione
3460 4974 3596 5030 facta

2007 5081 2114 5120 non
2141 5073 2358 5119 manent
2387 5064 2459 5118 illi
2493 5065 2510 5096 ί
2535 5105 2551 5131 ,
2583 5065 2702 5135 quia
2728 5065 2885 5119 altam
2930 5065 3150 5120 radicem
3195 5084 3297 5121 non
3325 5064 3594 5122 habebant.

2006 5157 2172 5213 Recte
2201 5157 2288 5212 hic
2319 5157 2663 5229 intelligimus
2691 5159 3014 5214 daemonium
3039 5159 3387 5214 meridianum
3416 5175 3598 5229 perse-

2007 5250 2273 5306 cutionem
2303 5249 2700 5305 vehementem.
2729 5251 2912 5318 Qualis
2934 5250 3033 5306 fuit
3061 5251 3145 5306 illa
3176 5251 3475 5320 persecutio
3499 5252 3600 5308 ali-

2008 5341 2242 5412 quando,
2289 5342 2494 5408 fratres,
2529 5357 2967 5407 commemorem,
2997 5341 3136 5396 unde
3167 5341 3420 5399 Dominus
3460 5343 3596 5400 libe-

2008 5437 2145 5492 ravit
2186 5435 2480 5494 Ecclesiam
2511 5451 2660 5491 suam
2686 5478 2702 5504 ,
2748 5435 2993 5506 dignetur
3031 5435 3308 5492 attendere
3352 5435 3596 5495 Charitas

2009 5537 2206 5584 vestra.
2239 5527 2442 5594 Primo,
2468 5527 2610 5599 quod
2641 5527 2992 5598 imperatores
3027 5535 3080 5581 et
3106 5541 3258 5598 reges
3285 5527 3466 5584 saeculi
3495 5542 3596 5598 pu-

2012 5627 2254 5676 taverunt
2282 5634 2340 5674 se
2362 5618 2731 5689 persequendo
2755 5615 2942 5672 tollere
2963 5631 3118 5686 posse
3143 5617 3210 5674 de
3236 5626 3374 5674 terra
3399 5633 3596 5675 nomen

2009 5712 2212 5769 Christi
2254 5720 2309 5767 et
2335 5725 2532 5767 nomen
2557 5709 2984 5766 Christianorum
3015 5753 3031 5779 ,
3058 5711 3332 5782 jusserunt
3360 5720 3420 5768 ut
3446 5711 3597 5782 quis-

2012 5805 2133 5878 quis
2144 5819 2203 5861 se
2218 5802 2561 5859 conﬁteretur
2581 5800 2949 5871 christianum,
2971 5801 3240 5862 feriretur.
3265 5804 3597 5875 Quicumque

2079 5919 2195 5970 ίιιιο
2223 5916 2335 5969 Edd.
2361 5914 2570 5980 addunt,
2588 5914 2641 5970 in
2661 5913 2762 5983 ﬁde
2785 5927 2796 5944 ·
2817 5914 2948 5979 quod
2969 5927 2998 5970 a
3019 5923 3125 5969 uss.
3151 5913 3399 5982 plerisque
3438 5915 3592 5970 abest.
