4084 6468
553 407 691 466 “35

549 525 720 580 noluit
743 521 912 588 feriri,
937 519 1148 591 negavit
1174 531 1233 573 se
1255 513 1624 578 christianum,
1651 511 1826 566 sciens
1851 509 1978 581 quid
2001 509 2130 564 mali

551 618 784 681 faceret;
818 609 1060 686 pervenit
1099 609 1167 666 ad
1193 609 1340 664 illum
1383 607 1572 676 sagitta
1612 605 1797 660 volans
1835 619 1929 674 per
1963 603 2126 660 diem.

551 708 882 778 Quicumque
909 715 1086 760 autem
1109 717 1214 756 non
1247 699 1455 754 curavit
1483 705 1799 768 praesentem
1821 697 2008 764 vitam,
2035 695 2127 751 sed

552 809 728 856 certus
753 797 984 869 speravit
1007 795 1256 854 futuram.
1283 790 1569 846 declinavit
1589 789 1832 859 sagittam
1863 789 2128 843 volantem

555 906 650 964 per
692 889 833 945 diem
858 927 874 954 ,
921 884 1196 941 confessus
1223 890 1304 938 est
1343 896 1400 936 se
1427 879 1772 935 christianum
1803 895 1818 932 :
1849 891 2130 948 percussus

555 999 734 1046 carne,
765 981 1020 1034 liberatus
1041 985 1123 1032 est
1151 975 1374 1046 spiritu;
1399 981 1712 1043 exspectare
1739 972 1902 1040 cmpit
1931 971 2131 1072 positus

555 1073 694 1143 apud
737 1072 904 1125 Deum
937 1071 987 1123 in
1019 1069 1216 1139 quiete,
1259 1067 1418 1121 etiam
1445 1063 1867 1162 redemptionem
1893 1063 2131 1162 corporis

555 1165 638 1218 sui
665 1164 716 1216 in
743 1161 1136 1217 resurrectione
1171 1165 1502 1212 mortuorum
1533 1171 1546 1207 :
1577 1153 1747 1208 evasit
1782 1167 1814 1206 a
1843 1153 2132 1206 tentatione

557 1257 665 1320 illa,
693 1271 722 1309 a
765 1255 956 1324 sagitta
983 1253 1194 1306 volante
1217 1265 1312 1320 per
1339 1249 1499 1303 dicm.
1533 1247 1694 1317 Ergo,
1723 1245 2051 1315 Quicumque
2073 1257 2132 1298 se

557 1347 834 1401 confessus
872 1343 1032 1399 fuerit
1055 1341 1404 1397 christianum
1430 1381 1444 1406 ,
1473 1338 1722 1403 feriatur;
1753 1336 2019 1406 quomodo
2042 1349 2130 1390 sa-

557 1438 684 1506 gitta
711 1437 898 1490 volans
943 1449 1038 1503 per
1063 1433 1208 1488 diem
1235 1431 1352 1486 fuit.
1386 1430 1630 1485 Nondum
1671 1437 1786 1484 erat
1811 1428 2132 1484 daemonium

556 1527 923 1590 meridianum,
951 1524 1180 1594 ﬂagrans
1206 1521 1508 1577 vehementi
1539 1521 1928 1590 persecutione,
1961 1529 2014 1574 et
2051 1517 2130 1571 fa-

557 1623 705 1676 ciens
731 1631 951 1688 maguos
971 1623 1134 1671 metus
1162 1615 1321 1670 etiam
1353 1613 1594 1668 fortibus.
1617 1612 1810 1666 Audite
1839 1612 1980 1666 enim
2007 1611 2133 1681 quid

555 1719 794 1768 secutum
823 1709 892 1766 sit
921 1729 934 1765 :
967 1724 1086 1764 cum
1115 1707 1371 1762 vidissent
1401 1706 1598 1760 inimici
1623 1705 1764 1774 quod
1807 1705 1956 1759 multi
1985 1704 2133 1759 festi-

556 1813 744 1858 narent
783 1803 848 1856 ad
885 1800 1194 1872 martyrium
1219 1841 1233 1865 ,
1283 1807 1337 1854 et
1375 1807 1521 1852 tanto
1558 1799 1736 1866 plures
1765 1797 2046 1853 crederent
2079 1798 2132 1853 in

555 1895 846 1958 Christum,
865 1900 1062 1964 quanto
1079 1892 1252 1961 plures
1269 1889 1619 1960 patiebantur,
1641 1889 1889 1944 dixerunt
1903 1889 2042 1959 apud
2053 1905 2130 1956 se,

557 1986 664 2042 Nos
701 1986 926 2040 occisuri
957 1997 1141 2038 sumus
1168 1979 1354 2053 genus'
1379 1981 1692 2046 humanum,
1725 1989 1803 2036 tot
1827 1981 1988 2036 millia
2016 1996 2134 2050 qua:

557 2079 784 2135 credunt
809 2079 860 2132 in
893 2077 996 2133 hoc
1021 2077 1263 2140 nomine,
1295 2076 1338 2129 si
1367 2075 1716 2129 oceiderimns
1735 2089 1938 2139 omnes,
1970 2089 2135 2143 prope

557 2175 735 2228 nulltts
779 2174 831 2226 in
863 2179 1000 2226 terra
1033 2169 1343 2224 remanebit.
1379 2167 1554 2238 Ctepit
1593 2167 1799 2222 fervere
1843 2169 1946 2234 sol,
1972 2169 2136 2238 coepit

557 2267 762 2320 fervere
787 2273 968 2318 testas.
999 2261 1189 2316 Audite
1213 2260 1354 2314 enim
1379 2259 1505 2329 quid
1542 2259 1798 2328 iusserint
1825 2276 1837 2311 :
1867 2259 2134 2330 quomodo

556 2364 707 2409 antea
731 2355 1020 2422 iusserant,
1049 2351 1378 2420 Quicumque
1407 2350 1681 2406 confessus
1707 2365 1766 2406 se
1788 2348 1950 2405 fuerit
1989 2351 2133 2406 chri-

555 2445 806 2509 stianum,
829 2441 1084 2505 feriatur;
1115 2441 1387 2510 iusserunt
1413 2448 1616 2510 postea,
1647 2439 1990 2510 Quicumque
2007 2455 2136 2494 con-

555 2535 726 2590 fessus
754 2549 812 2588 se
857 2533 1015 2590 fuerit
1042 2531 1390 2587 christianum
1415 2571 1429 2595 ,
1477 2539 1809 2600 torqueatur,
1840 2540 1896 2586 et
1935 2531 2134 2586 tamdiu

555 2634 880 2696 torqueatur,
903 2625 1073 2678 donec
1091 2632 1248 2692 neget
1267 2638 1325 2678 se
1347 2637 1465 2678 esse
1486 2622 1834 2678 christianum
1856 2623 1954 2694 (a).
1977 2621 2135 2678 Com-

563 2729 744 2789 parate
791 2717 1030 2788 sagittam‘
1077 2717 1342 2770 volantem
1387 2731 1481 2783 per
1518 2715 1690 2778 diem,
1731 2725 1788 2771 et
1811 2716 2130 2771 daemonium

561 2808 932 2864 meridianum.
963 2807 1163 2876 Sagitta
1195 2806 1384 2860 volans
1409 2821 1503 2874 per
1529 2805 1669 2860 diem
1701 2807 1828 2876 quid
1849 2808 2004 2862 erat?
2029 2808 2134 2875 Qui

559 2916 618 2956 se
646 2898 1110 2954 conlessus‘fuerit
1139 2897 1506 2962 christianum,
1534 2897 1770 2952 feriatur.
1802 2899 1930 2965 Quis
1965 2898 2133 2954 lidelis

561 3005 677 3044 eam
720 2989 906 3043 mortis
935 2988 1207 3042 celeritate
1236 3003 1340 3040 non
1369 2985 1660 3044 declinaret
1686 2987 1740 3041 ‘?
1773 2987 1902 3042 Illud
1931 2997 2127 3054 autem,

557 3081 612 3138 Si
642 3097 699 3137 se
725 3081 1007 3136 conﬁtetur
1027 3079 1399 3144 christianum,
1431 3093 1536 3132 non
1565 3078 1869 3144 occidatur;
1900 3080 1994 3134 sed
2024 3090 2132 3135 tor-

555 3181 796 3244 queatur,
819 3171 988 3226 donec
1005 3179 1191 3239 neget;
1219 3169 1262 3223 si
1287 3184 1344 3223 se
1365 3169 1654 3238 negaverit,
1671 3168 1964 3224 dimittatur
1986 3187 1998 3223 :
2019 3171 2130 3226 dac-

555 3267 790 3320 monium
821 3263 1174 3316 meridianum
1215 3269 1351 3315 erat.
1381 3259 1530 3314 Multi
1555 3275 1680 3330 ergo
1720 3276 1822 3315 non
1857 3269 2132 3332 negantes,

554 3357 604 3410 iu
640 3352 921 3409 tormentis
951 3349 1296 3417 deﬁciebant;
1319 3350 1520 3406 tamdiu
1548 3352 1690 3406 enim
1733 3354 2128 3422 torquebantur,

555 3447 726 3502 donec
763 3453 1037 3514 negarent.
1081 3442 1552 3498 Perseverantibus
1578 3452 1755 3498 autem
1797 3444 1850 3498 in
1892 3459 1998 3498 non
2040 3459 2132 3500 no-

553 3536 728 3607 gaudo
748 3535 1040 3601 Christum,
1073 3533 1200 3603 quid
1227 3531 1466 3588 facturus
1491 3543 1608 3588 erat
1630 3533 1854 3602 gladius,
1889 3549 1994 3589 uno
2023 3536 2130 3590 ictu

553 3626 844 3682 occidendo
874 3641 1088 3695 corpus.
1131 3625 1360 3679 animam
1391 3624 1459 3679 ad
1489 3625 1654 3680 Deum
1697 3627 1994 3680 mittendo?
2019 3627 2130 3684 Hoc

553 3719 818 3774 faciebant
845 3727 900 3772 et
929 3718 1176 3772 diuturna
1209 3726 1473 3772 tormenta
1502 3735 1514 3772 :
1539 3717 1632 3772 sed
1659 3721 1776 3787 quis
1804 3721 2016 3774 tandem
2044 3721 2128 3776 in-

553 3809 821 3864 veniretur
850 3809 940 3878 qui
969 3809 1187 3864 duraret
1213 3807 1472 3864 adversus
1518 3817 1692 3864 tantos
1729 3819 1783 3865 et
1808 3819 1912 3864 tam
1943 3811 2128 3884 longos

550 3901 851 3956 cruciatus?
871 3901 1018 3960 Multi
1046 3899 1357 3956 defecerunt
1381 3919 1392 3953 :
1418 3909 1490 3968 et,
1515 3901 1696 3966 credo,
1721 3903 1792 3955 illi
1820 3902 2130 3962 defecerunt

550 3994 639 4063 qui
668 3993 733 4047 de
771 4008 828 4047 se
863 4001 1337 4062 prmsumpseruut,
1365 3993 1452 4062 qui
1493 4007 1596 4045 non
1625 3991 1929 4048 habitabant
1959 3995 2010 4050 in
2035 3996 2128 4050 ad-

547 4085 744 4153 iutorio
775 4085 1056 4152 Altissimi,
1090 4093 1144 4140 et
1173 4085 1223 4138 in
1251 4085 1580 4154 protectiouc
1602 4086 1692 4139 Dei
1723 4087 1840 4141 cceli
1863 4105 1875 4152 ;
1897 4089 1988 4158 qui
2017 4103 2122 4144 non

550 4175 798 4230 dixerunt
829 4176 1054 4230 Domino
1078 4217 1093 4240 ,
1139 4175 1415 4244 Susceptor
1458 4192 1597 4229 meus
1637 4193 1719 4242 es;
1749 4179 1836 4247 qui
1882 4194 1987 4234 non
2027 4181 2126 4236 sub

549 4267 732 4320 tunbra
762 4267 964 4321 alarum
992 4265 1106 4335 ejus
1127 4275 1494 4336 speraverunt,
1519 4267 1612 4321 sed
1633 4268 1832 4324 viribus
1858 4272 1968 4326 suis
1992 4273 2127 4327 mul-

551 4369 658 4414 tum
691 4357 966 4414 dederunt.
1012 4359 1210 4428 Dejecti
1240 4367 1362 4412 sunt
1391 4373 1420 4412 a
1449 4359 1576 4426 Deo,
1611 4369 1665 4414 ut
1695 4363 1994 4418 ostenderet
2025 4365 2126 4420 illis

547 4453 668 4521 quia
693 4451 802 4520 ipse
829 4453 1075 4521 protegit,
1093 4451 1220 4520 ipse
1249 4461 1504 4520 temperat
1524 4453 1860 4521 tet‘ttationes,
1883 4457 1993 4526 ipse
2011 4465 2127 4511 tan-

548 4549 656 4594 tunt
679 4539 858 4593 venire
881 4539 1154 4607 permittit,
1179 4551 1432 4610 quantum
1461 4550 1636 4612 poteSt
1663 4543 1802 4598 ferre
1841 4547 1924 4600 cui
1959 4548 2120 4602 venit.

615 4627 666 4684 9.
701 4627 851 4700 [vers.
883 4627 960 4701 7.]
991 4629 1136 4683 Multi
1161 4645 1288 4700 ergo
1315 4631 1620 4686 ceciderunt
1647 4649 1676 4686 a
1702 4635 1965 4690 daemonio
2005 4653 2122 4694 me—

544 4717 766 4774 ridiano.
795 4717 964 4785 Quam
995 4719 1165 4785 multi,
1188 4721 1349 4774 vultis
1374 4723 1568 4776 nosse?
1593 4721 1861 4794 Sequitur,
1881 4735 1934 4780 et
1953 4727 2118 4784 dicit:

544 4809 733 4865 Cadent
753 4829 783 4864 a
802 4811 956 4865 latere
983 4820 1065 4864 tuo
1099 4811 1254 4878 mille,
1279 4821 1322 4866 et
1349 4811 1478 4866 dena
1503 4815 1666 4868 millia
1691 4833 1720 4868 α
1751 4817 1938 4872 dextris
1981 4821 2078 4875 tuis
2099 4837 2120 4878 :

540 4905 608 4958 ad
623 4913 678 4960 te
703 4913 869 4958 autem
896 4921 994 4958 non
1018 4905 1460 4974 appropittqttabll.
1497 4907 1590 4960 Cui
1616 4906 1810 4962 dicitur
1839 4908 1981 4964 hoc?
2012 4911 2115 4980 cui,

540 4994 752 5062 fratres,
802 4997 900 5049 nisi
947 4995 1170 5049 Domino
1211 4995 1338 5050 Jesu
1379 4991 1636 5050 Christo?
1693 5001 1946 5056 Dominus
1975 5005 2116 5058 enim

537 5085 711 5152 Jcsus,
743 5102 846 5141 non
874 5086 1044 5140 solum
1069 5087 1117 5139 in
1152 5103 1227 5152 se,
1257 5085 1348 5141 sed
1373 5096 1423 5140 et
1453 5087 1504 5140 in
1533 5089 1706 5144 nobis.
1741 5091 2116 5150 Recordamim

537 5177 692 5231 verba
725 5175 812 5231 illa
843 5177 1051 5241 :Saule,
1081 5176 1258 5244 Saule,
1296 5179 1416 5248 quid
1439 5195 1515 5232 me
1543 5185 1848 5250 persequeris
1873 5181 2008 5256 (Act.
2037 5201 2111 5255 ix,

535 5269 632 5339 4)?
660 5267 882 5334 Quando
909 5269 1080 5337 ipsum
1123 5283 1280 5323 nemo
1301 5269 1570 5338 tangebat,
1614 5281 1667 5326 et
1705 5273 1932 5340 dicebat,
1977 5275 2116 5342 Quid

534 5375 611 5412 me
639 5359 984 5428 persequeris?
1019 5358 1273 5428 numquid
1297 5373 1399 5414 non
1428 5359 1480 5413 in
1509 5361 1661 5415 nobis
1687 5362 1920 5431 seipsum
1961 5381 2112 5421 com-

535 5449 783 5522 putabat?
825 5451 1048 5518 Quando
1095 5451 1322 5516 dicebat,
1383 5451 1482 5520 Qui
1512 5455 1628 5524 fecit
1657 5455 1744 5508 uni
1785 5474 1846 5511 ea:
1891 5460 2110 5518 minimis

534 5544 693 5610 meis,
719 5543 844 5598 mihi
883 5545 993 5599 Γεείι
1018 5543 1228 5618 (Matth.
1285 5561 1411 5612 xxv,
1441 5543 1566 5618 40);
1625 5563 1800 5605 nonne
1850 5552 1902 5607 in
1957 5555 2110 5614 nobis

589 5682 605 5712 ί
643 5687 773 5739 t.ov.,
800 5679 1088 5744 celeritatem
1112 5679 1390 5734 declinaret.
1419 5689 1511 5744 Ern,
1537 5681 1826 5738 celeritatem
1845 5701 1939 5740 non
1959 5691 2109 5744 decli-

530 5749 678 5792 narrt.
708 5750 761 5791 At
799 5741 1027 5812 meliores
1065 5751 1191 5812 Mss,
1217 5745 1455 5795 celeritate
1490 5741 1581 5795 non
1618 5746 1898 5812 declinaret,
1923 5741 2106 5807 mille-et

525 5811 747 5866 saginatur
770 5803 1012 5866 volantem
1037 5819 1124 5866 per
1145 5807 1290 5855 diem.

607 5869 660 5928 α)
685 5867 783 5916 vid.
811 5865 1156 5916 't'ertullianum
1181 5872 1228 5918 iu
1252 5869 1574 5934 Apologctico,
1599 5885 1644 5923 c.
1667 5873 1714 5922 2.

1749 393 1807 451 8.
1848 389 2214 450 AUCUSTINI
2251 387 2550 449 EPISCOPI

3675 405 3808 467 "56

2233 511 2850 582 scipsumeomputabat?
2873 513 2987 570 Non
3009 517 3152 571 enim
3169 517 3338 574 divisa
3359 529 3482 576 sunt
3501 523 3570 576 ab
3587 523 3810 583 Invicem

2233 603 2494 671 membra,
2519 613 2678 674 caput
2706 615 2760 664 et
2795 619 3006 677 corpus.
3037 609 3173 676 Quid
3199 621 3282 667 est
3299 623 3456 684 caput
3489 625 3544 670 et
3579 623 3812 686 corpus?

2233 691 2474 748 Salvator
2494 703 2548 750 et
2561 695 2816 751 Ecclesia.
2835 699 3112 764 Quomodo
3131 716 3260 772 ergo
3273 703 3470 760 dictum
3493 717 3593 775 est,
3623 709 3813 766 Cadent

2233 802 2268 838 a
2293 785 2446 840 latere
2469 797 2552 842 tuo
2581 789 2738 856 mille,
2769 797 2814 844 et
2838 791 2970 845 dena
2995 793 3156 846 millia
3173 811 3204 847 a
3229 795 3422 852 dextris
3447 799 3546 854 tuis
3562 801 3588 855 ἲ
3609 801 3814 860 Cadent

2233 875 2376 930 enim
2393 893 2420 928 ει
2439 877 2702 934 ἀεθηιοηίο
2719 881 3030 938 meridiano.
3073 883 3292 956 Magnus
3317 897 3513 958 terror,
3541 892 3752 960 fratres,
3781 913 3812 952 a

2235 966 2402 1024 latere
2414 969 2605 1025 Christi
2619 971 2828 1040 cadere,
2845 989 2878 1029 a
2893 973 3092 1032 dextris
3105 975 3305 1034 Christi
3321 981 3815 1052 oadere.Quomodo

2235 1059 2428 1114 cadent
2453 1079 2481 1113 ει
2501 1061 2666 1116 latere
2685 1064 2895 1131 ?Quare
2913 1067 3032 1122 illia
3051 1067 3233 1137 latere,
3251 1071 3326 1126 illi
3345 1087 3377 1128 a
3397 1073 3624 1132 dextris?
3639 1078 3816 1146 Quare

2237 1150 2382 1206 mille
2398 1167 2426 1204 a
2457 1153 2643 1218 latere,
2677 1165 2730 1210 et
2749 1155 2888 1212 dena
2913 1159 3074 1214 millia
3101 1161 3541 1234 adextris?Quid
3557 1177 3659 1237 est,
3675 1185 3706 1225 a
3733 1171 3814 1226 Ia-

2239 1251 2352 1298 tere
2371 1243 2516 1300 mille
2535 1245 2558 1298 ?
2574 1247 2704 1314 Quia
2727 1250 3006 1317 pauciores
3024 1263 3148 1307 sunt
3175 1255 3340 1323 mille,
3359 1273 3517 1328 quam
3541 1260 3678 1317 dena
3691 1263 3814 1317 mil-

2236 1333 2308 1388 lia
2329 1349 2445 1404 quac
2470 1351 2500 1389 a
2525 1336 2727 1394 dextris
2755 1339 2964 1395 cadent.
2995 1342 3097 1410 Qui
3111 1354 3236 1400 sunt
3252 1346 3386 1403 isti?
3413 1347 3569 1407 Modo
3597 1352 3816 1422 planum

2237 1424 2342 1478 erit
2372 1425 2422 1478 in
2447 1427 2662 1482 nomine
2691 1427 2914 1498 Christi,
2963 1433 3125 1488 modo
3151 1445 3392 1504 apertum
3421 1442 3540 1495 erit.
3587 1443 3818 1510 Quibus~

2239 1516 2362 1572 dam
2414 1520 2660 1588 promisit
2707 1522 2952 1580 Christus
3001 1528 3123 1597 quia
3173 1545 3294 1585 cum
3341 1532 3430 1588 illo
3468 1533 3814 1604 judicabant;

2239 1610 2514 1680 Apostolis
2569 1613 2791 1680 scilicet,
2831 1617 2922 1686 qui
2957 1618 3272 1678 dimiserunt
3311 1626 3510 1692 omnia,
3559 1638 3613 1682 et
3647 1633 3816 1686 secuti

2238 1709 2523 1757 suntcum.
2563 1703 2700 1759 Nam
2729 1705 2922 1764 Petrus
2963 1710 3036 1765 ait
3078 1711 3174 1777 illi,
3226 1713 3358 1770 Ecce
3401 1733 3492 1771 nos
3535 1719 3819 1778 dimisimus

2238 1795 2428 1860 nuntia,
2451 1805 2498 1850 et
2527 1799 2682 1852 secuti
2708 1811 2880 1855 sumus
2909 1811 2990 1869 te;
3021 1813 3074 1859 et
3100 1805 3202 1861 hoc
3227 1806 3330 1863 illis
3361 1811 3622 1880 promisit,
3653 1813 3815 1869 Sede-

2239 1885 2354 1940 bitis
2393 1903 2544 1957 super
2570 1889 2836 1946 duodecim
2855 1894 3016 1960 sedes,
3061 1895 3344 1958 iudicantes
3366 1902 3632 1958 duodecim
3659 1906 3820 1962 tribus

2240 1974 2405 2032 Israel
2452 1977 2562 2050 (Id.
2618 1993 2730 2048 xix,
2779 1983 2868 2049 27,
2919 1985 3032 2056 28).
3075 1986 3252 2044 Nolite
3297 2001 3485 2060 putare
3517 1996 3638 2065 quia
3687 1999 3822 2068 ipsis

2239 2067 2368 2122 solis
2410 2071 2654 2138 promisit
2707 2073 2986 2130 Dmninus.
3041 2076 3138 2134 Ubi
3182 2081 3322 2135 enim
3371 2084 3578 2142 sedebit
3621 2067 3822 2146 Paulus

2239 2161 2532 2228 apostolus,
2561 2164 2648 2233 qui
2684 2165 2798 2232 plus
2820 2169 3064 2222 omnibus
3093 2171 3195 2226 illis
3223 2173 3482 2231 laboravit
3513 2179 3555 2250 (I
3577 2179 3696 2239 Cor.
3723 2197 3819 2250 xv,

2242 2251 2358 2321 t0),
2396 2252 2570 2308 sinon
2609 2255 2681 2310 ibi
2723 2255 2986 2314 sedebunt
3027 2262 3129 2317 nisi
3167 2263 3490 2324 duodecim?
3538 2271 3631 2328 Ille
3673 2277 3822 2346 enim

2241 2343 2432 2398 tertius
2457 2343 2694 2402 decimus
2719 2359 2820 2403 est.
2844 2349 2977 2406 Nam
3002 2351 3070 2408 de
3095 2353 3380 2414 duodecim
3403 2363 3598 2420 cecidit
3615 2343 3820 2433 ludas;

2240 2431 2294 2487 in
2317 2433 2491 2488 locum
2536 2445 2714 2492 autem
2757 2439 2908 2496 Judm
2939 2443 3212 2502 traditoris
3251 2448 3500 2510 Matthiae
3541 2431 3823 2516 ordinatus

2239 2532 2322 2578 est
2352 2542 2364 2578 :
2393 2525 2446 2578 in
2478 2527 2706 2582 Actibus
2725 2529 3106 2600 Apostolorum
3133 2536 3356 2608 legimus
3379 2543 3512 2611 (Act.
3538 2561 3578 2613 ι,
3601 2549 3822 2623 15-26).

2238 2615 2480 2694 lmplctae
2509 2628 2636 2674 sunt
2671 2620 2952 2680 duodecim
3005 2627 3180 2684 sedes.
3235 2631 3354 2688 Non
3378 2635 3449 2691 ibi
3481 2638 3686 2697 sedebit
3729 2615 3824 2714 qui

2238 2709 2358 2777 plus
2401 2711 2649 2767 omnibus
2697 2713 2804 2770 illis
2851 2716 3149 2776 laboravit?
3197 2723 3282 2778 An
3335 2727 3616 2788 duodecim
3661 2709 3823 2794 sedes

2239 2801 2495 2870 perfectio
2525 2815 2608 2858 est
2647 2807 2926 2866 tribunalis
2973 2811 3096 2885 (a)?
3125 2815 3256 2872 Nam
3285 2820 3452 2876 millia
3481 2826 3748 2884 sedebant
3771 2831 3822 2888 in

2236 2891 2516 2950 duodecim
2540 2897 2773 2954 sedibus.
2813 2901 2916 2958 Sed
2939 2905 3081 2962 unde
3107 2909 3236 2964 mihi
3267 2915 3484 2984 probas,
3515 2920 3822 2994 aitaliquis,

2215 2985 2356 3053 quia
2387 2995 2441 3042 et
2466 2987 2661 3046 Paulus
2707 2992 2844 3048 inter
2864 2995 3070 3065 judiees
3100 3002 3250 3056 erit?
3287 3007 3424 3064 Audi
3443 3011 3595 3067 illum
3625 2985 3822 3074 dicen;

2237 3085 2342 3132 tem
2362 3095 2375 3132 :
2395 3078 2612 3136 Nescitis
2651 3085 2772 3154 quia
2799 3089 3004 3160 angelos
3031 3094 3374 3164 judicabimus
3407 3102 3449 3174 (Ι
3471 3105 3588 3162 Ger.
3613 3126 3688 3179 vt,
3719 3113 3823 3185 5)?

2233 3169 2605 3243 Judicubimus,
2657 3177 2844 3249 inquit.
2899 3183 2968 3238 Et
2987 3185 3104 3255 ipse
3143 3206 3248 3246 non
3277 3169 3540 3256 dubitavit
3579 3203 3632 3258 in
3675 3169 3822 3276 prie-

2235 3267 2557 3334 sumptione,
2591 3285 2692 3338 qua
2736 3273 2982 3346 credidit,
3029 3293 3343 3352 computare
3369 3290 3385 3320 ¹
3415 3305 3476 3347 se
3519 3293 3656 3350 inter
3681 3267 3822 3358 illos

2235 3357 2322 3426 qui
2347 3358 2660 3428 iudicabunt
2729 3380 2847 3420 cum
2895 3369 3128 3428 Christo.
3187 3377 3286 3442 Qui
3341 3395 3468 3452 ergo
3500 3386 3823 3454 judicahunt

2235 3461 2354 3501 eum
2385 3448 2618 3514 Christo,
2655 3455 2921 3526 principes
2951 3460 3206 3520 Ecclesiae
3241 3481 3386 3539 sunt,
3403 3448 3640 3543 “perfecti
3668 3448 3819 3538 sunt.

2235 3539 2450 3596 Talibus
2479 3543 2609 3598 dixit
2635 3561 2649 3598 :
2679 3546 2742 3601 Si
2761 3549 2832 3604 uis
2856 3566 2964 3606 esse
2989 3557 3258 3627 perfectus,
3287 3539 3440 3630 vade,
3471 3569 3626 3624 vende
3645 3578 3822 3630 omnia

2235 3639 2408 3699 tua,et
2433 3633 2502 3686 da
2534 3640 2854 3706 pauperibus.
2902 3642 3038 3709 Quid
3078 3659 3181 3716 est,
3243 3650 3330 3708 Vis
3375 3671 3480 3712 esse
3517 3665 3822 3734 perfectus?

2237 3722 2327 3776 Vis
2353 3739 2559 3778 mecum
2589 3727 2848 3797 judicare,
2881 3743 2935 3788 et
2961 3739 3325 3808 non’judicari.
3359 3745 3454 3803 Ille
3469 3722 3820 3814 contristatus

2233 3813 2492 3870 abscessit
2535 3817 2748 3890 (Matth.
2783 3839 2894 3890 xu,
2925 3826 3016 3896 2i,
3041 3829 3173 3903 22);
3219 3835 3313 3890 sed
3353 3841 3506 3896 multi
3531 3843 3632 3900 hoc
3673 3813 3820 3906 feces

2233 3918 2375 3974 runt,
2404 3921 2457 3965 et
2483 3913 2634 3968 multi
2676 3915 2775 3972 hoc
2815 3919 3058 3977 faciunt:
3091 3941 3220 3997 ergo
3245 3930 3332 3986 isti
3375 3949 3496 3990 cum
3542 3938 3632 3994 illo
3663 3941 3818 4011 judi-

2233 4005 2446 4060 cabunt.
2503 4007 2606 4063 Sed
2648 4013 2800 4068 multi
2841 4019 3158 4084 promittunt
3207 4024 3308 4080 sibi
3343 4029 3464 4098 quia
3497 4005 3817 4102 judicabant

2233 4107 2352 4148 cum
2382 4096 2615 4166 Christo,
2657 4103 2778 4172 quia
2805 4105 3077 4164 dimittunt
3103 4115 3282 4170 omnia
3309 4096 3404 4174 sua
3425 4131 3480 4176 et
3497 4096 3818 4197 'scquuntur

2231 4183 2496 4244 Christum
2517 4231 2531 4256 ,
2555 4193 2649 4248 sed
2675 4193 2874 4252 habent
2905 4209 3374 4276 praesumptionem
3403 4214 3471 4272 de
3497 4183 3818 4286 se,.habcn—t

2230 4282 2512 4348 quemdam
2555 4285 2772 4355 typhum
2815 4299 2870 4345 et
2909 4297 3236 4367 superbiam,
3280 4319 3438 4374 quam
3479 4282 3620 4366 Deus
3663 4315 3816 4376 solus

2233 4379 2404 4438 potest
2431 4388 2609 4442 nosse,
2651 4386 2706 4432 et
2731 4395 2834 4435 non
2859 4397 3080 4452 possunt
3113 4391 3314 4448 evitare
3341 4395 3662 4458 daemonium
3699 4422 3816 4463 mc-

2229 4463 2515 4534 ridianum,
2547 4469 2600 4524 id
2622 4480 2724 4538 est,
2767 4487 2950 4530 casum
2983 4477 3236 4541 ferventis
3263 4488 3456 4546 caloris
3482 4494 3660 4552 nimia:
3691 4515 3814 4570 per-

2229 4557 2534 4612 secutionis.
2565 4561 2720 4618 Tales
2749 4569 2901 4642 multi
2929 4587 3048 4626 cum
3089 4587 3272 4633 essent
3309 4579 3401 4636 illo
3423 4557 3812 4662 tempora-qui

2227 4647 2612 4710 distribuerant
2637 4660 2812 4713 omnia
2845 4677 2938 4716 sua
2967 4669 3306 4740 pauperibus,
3347 4685 3400 4730 et
3431 4647 3811 4754 sibi‘jam'pro-

2227 4741 2508 4800 mittebant
2534 4749 2656 4817 quia
2679 4755 2880 4808 sessuri
2907 4767 3060 4813 erant
3085 4776 3207 4816 cum
3236 4763 3470 4834 Christo,
3521 4741 3576 4826 et
3596 4741 3807 4842 judica-

2229 4837 2330 4890 turi
2357 4847 2564 4906 gentes,
2600 4841 2838 4901 fervente
2880 4849 3057 4906 calore
3089 4860 3472 4922 persecutionis
3500 4873 3748 4935 tauquam
3775 4885 3807 4926 a

2225 4929 2488 4984 daemonio
2517 4933 2814 4996 meridiano
2843 4937 3157 4999 defecerunt
3185 4947 3237 5001 in
3280 4955 3581 5022 tormentis,
3621 4967 3676 5013 et
3707 4975 3804 5015 ne-

2159 5083 2172 5095 .
2221 5031 2479 5088 gaverunt
2507 5023 2792 5082 Christum.
2825 5031 2927 5100 Ipsi
2945 5046 3065 5090 sunt
3091 5039 3178 5106 qui
3205 5055 3234 5094 a
3267 5042 3431 5101 latere
3459 5049 3802 5108 ceciderunt:

2225 5119 2468 5178 tanquam
2513 5120 2713 5174 sessuri
2751 5135 2872 5178 cum
2909 5120 3121 5184 Christo
3165 5132 3232 5186 ad
3273 5149 3526 5194 tnunaum
3553 5141 3802 5211 judican-

2220 5205 2367 5274 dum,
2397 5209 2720 5268 ceciderunt.

2295 5297 2377 5352 I0.
2407 5301 2680 5358 Adextris
2705 5315 2880 5362 autem
2911 5307 3082 5366 dicam
3112 5317 3199 5385 qui
3227 5321 3441 5378 cadunt.
3471 5324 3652 5384 Nostis
3683 5333 3800 5401 quia

2217 5403 2338 5442 cum
2361 5395 2665 5460 apparuerit
2689 5397 2862 5466 ipsum
2897 5401 3148 5488 tribunal,
3191 5411 3277 5466 ubi
3303 5429 3424 5470 cum
3453 5416 3668 5476 Christo
3691 5395 3799 5478 ὗσ-

2217 5480 2360 5534 mino
2391 5481 2700 5552 judicabunt
2749 5493 2836 5560 qui
2867 5485 3146 5555 voluerunt
3175 5517 3295 5561 esse
3335 5517 3386 5563 et
3421 5525 3546 5569 vere
3581 5513 3800 5573 fuerunt

2278 5639 2900 5726 ἴηῗίξὲἓὲιέῖξὲίέἓῑφιὲα
2915 5655 3418 5726 ρνεςιίαεέροηιριιιανί
3444 5681 3512 5720 ει.

2367 5698 2961 5786 ξξΒ-(ξιὲἓὲξειρξιέᾇὴίἶις
2975 5698 3423 5786 dis-{2'57
3440 5698 3598 5781 :u'tem
3619 5745 3668 5782 τι
3685 5745 3794 5784 Per-

2187 5760 2636 5859 .ﬁf‘tioc‘firgggnatff,
2661 5770 2706 5859 id
2725 5760 2810 5822 ’ρει
2822 5760 3792 5859 ,Γὶιιξίῗνθῐ-εξιἰιθέῑῦᾆὶἓέδιῗιὲπῖἷιίέιίίὲἒ-

2213 5827 2305 5878 tur,
2332 5823 2514 5875 scilicet
2533 5823 2702 5880 ouines

2213 5838 2305 5878 tur,
2332 5838 2514 5896 scutcet
2533 5841 2702 5880 clunes
2749 5838 2966 5900 perfecti,
2994 5844 3102 5904 qui,
3145 5838 3326 5900 relictis
3350 5838 3790 5918 ornatiusf'sé'éﬁn

2211 5893 2324 5933 sunt
2345 5886 2596 5939 Christum.
2623 5909 2644 5936 ν
