4084 6476
309 364 451 421 1157

308 479 553 549 perfecti,
582 479 805 535 radicati
827 489 882 537 et
911 479 1113 537 fundati
1145 480 1199 536 in
1219 481 1497 548 charitate,
1526 492 1584 538 ut
1624 497 1731 537 non
1775 496 1893 537 arc-

302 580 525 627 scerent
548 570 615 628 de
634 572 749 628 sole
773 578 831 628 et
853 571 1120 629 daemonio
1146 574 1463 641 meridiano,
1492 574 1592 629 hoc
1613 573 1686 631 ait
1714 574 1898 629 Domi-

304 682 433 732 nus,
462 664 912 738 Congregabstntur
938 676 1053 721 ante
1075 684 1187 721 eum
1207 684 1377 722 omnes
1404 677 1595 738 gentes,
1632 678 1680 723 et
1715 668 1900 724 dividet

305 759 426 812 illos
455 757 517 810 ab
541 758 769 823 invicem,
799 758 927 817 sicut
961 767 1133 828 pastor
1152 758 1329 813 dividit
1352 775 1465 814 oves
1505 759 1567 813 ab
1606 759 1806 823 haedis;
1855 768 1901 813 et

304 865 424 902 ores
456 858 609 918 ponet
633 867 665 903 a
687 850 901 916 dextris,
932 848 1104 904 hcedos
1134 861 1300 913 autem
1328 867 1359 903 a
1379 850 1595 906 sinistris
1620 867 1637 917 ;
1679 861 1733 906 et
1757 850 1900 920 judi-

304 941 595 996 cabuntur.
625 941 773 996 Multi
810 950 969 997 erunt
1006 942 1092 1011 qui
1114 941 1445 1012 judicabunt,
1492 942 1587 997 sed
1621 942 1899 1014 pauciores

303 1041 465 1086 erunt
506 1047 665 1103 quam
712 1031 789 1087 illi
833 1032 922 1102 qui
962 1040 1085 1088 ante
1127 1032 1358 1087 tribunal
1401 1032 1649 1088 stabunt:
1679 1033 1800 1104 quia
1827 1032 1900 1087 illi
1942 1108 1948 1113 η

307 1134 563 1195 tanquam
606 1124 774 1193 mille,
817 1124 894 1180 illi
930 1135 1178 1196 tanquam
1211 1125 1350 1182 dena
1380 1124 1564 1181 millia.
1612 1127 1653 1180 A
1697 1125 1898 1182 dextris

306 1217 501 1287 positis
547 1216 673 1288 quid
705 1216 944 1273 dicturus
984 1218 1109 1274 est?
1162 1218 1387 1287 Esurivi,
1430 1229 1477 1274 et
1521 1219 1732 1274 dedistis
1777 1220 1901 1275 mihi

307 1310 659 1377 manducare;
687 1309 867 1382 hospes
894 1311 991 1383 fui,
1017 1321 1063 1365 et
1097 1313 1386 1382 suscepistis
1420 1329 1517 1367 me.
1564 1313 1897 1369 Manifestum

306 1410 388 1456 est
415 1402 543 1471 quia
572 1401 654 1458 his
682 1401 821 1458 dicet
849 1404 939 1474 qui
969 1404 1165 1460 habent
1204 1405 1557 1461 substantiam
1599 1405 1755 1476 hujus
1799 1424 1899 1460 ste-

305 1491 436 1557 culi,
477 1490 617 1548 unde
664 1480 762 1548 ista
805 1494 1033 1548 humana
1074 1494 1284 1551 faciant.
1314 1494 1512 1552 Tamen
1552 1507 1604 1552 et
1637 1497 1735 1569 ipsi
1778 1514 1898 1554 eum

309 1582 413 1636 illis
460 1583 761 1654 regnabunt
790 1603 801 1637 :
830 1583 951 1655 quia
993 1584 1066 1640 illi
1100 1595 1351 1657 tanquam
1404 1587 1618 1656 milites,
1658 1588 1731 1643 illi
1779 1599 1898 1644 tan-

308 1690 470 1740 quam
496 1690 762 1730 annonam
791 1676 1090 1748 przebentes
1134 1677 1495 1734 Provinciales
1526 1679 1599 1750 (a)
1621 1722 1635 1746 ,
1670 1680 1766 1734 sub
1794 1695 1900 1735 uno

311 1780 491 1824 tamen
519 1769 844 1840 imperatore
885 1782 938 1826 et
979 1771 1136 1826 miles
1161 1781 1216 1826 et
1257 1771 1598 1843 provincialis
1638 1772 1689 1826 in
1736 1789 1898 1844 regno

310 1871 414 1917 est.
462 1858 614 1917 Miles
654 1861 825 1927 fortis,
878 1862 1219 1933 provincialis
1261 1862 1482 1918 devotus
1511 1882 1524 1919 :
1556 1863 1706 1919 miles
1749 1864 1897 1919 fortis

309 1951 644 2008 orationibus
678 1936 876 2023 pugnat
904 1952 1159 2009 adversus
1185 1952 1473 2020 diabolum,
1515 1953 1744 2009 dovotus
1778 1969 1899 2023 pro.

311 2042 557 2100 vincialis
588 2061 854 2119 annonam
882 2042 1064 2101 tribuit
1105 2045 1380 2102 militibus.
1419 2046 1683 2118 intelligat
1708 2048 1896 2103 Chari-

311 2146 398 2192 tas
427 2147 623 2193 vestra.
664 2137 728 2192 Et
764 2137 981 2193 audient
1027 2138 1077 2192 in
1126 2138 1230 2194 ﬁne
1260 2137 1327 2193 ad
1376 2138 1647 2195 dexteram
1695 2140 1892 2211 positi:

327 2229 529 2296 Venite,
565 2230 804 2289 benedicti
827 2228 997 2286 Patris
1027 2232 1142 2299 mei,
1173 2233 1411 2303 percipite
1430 2250 1638 2305 regnum
1656 2233 1790 2304 quod
1812 2248 1897 2288 vo—

307 2320 385 2376 bis
415 2332 650 2391 paratum
669 2332 741 2376 est
760 2323 823 2377 ab
848 2323 1039 2394 origine
1069 2324 1265 2379 mundi.
1301 2324 1464 2379 Erant
1491 2340 1619 2396 ergo
1643 2322 1734 2380 illo
1767 2336 1898 2380 tem-

311 2428 440 2484 pore
462 2414 646 2478 multi,
689 2414 901 2486 quando
924 2416 1156 2486 graviter
1186 2412 1511 2472 inierbuerat
1538 2418 1615 2472 sol
1645 2433 1896 2488 persecu.

309 2504 470 2560 tionis
487 2515 542 2560 et
568 2504 889 2561 diumonium
931 2507 1302 2575 meridianum,
1332 2518 1483 2565 erant
1518 2518 1605 2580 qui
1638 2498 1737 2564 sibi
1770 2526 1895 2580 pro-

308 2597 595 2653 mittebant
634 2600 755 2670 quia
795 2600 1082 2671 judicaturi
1118 2610 1269 2657 erant
1321 2618 1441 2658 cum
1484 2602 1736 2670 Christo;
1790 2621 1893 2658 non

310 2698 602 2759 potuerunt
630 2690 767 2747 ferre
792 2702 979 2747 aestum
1009 2693 1414 2763 persecutionis,
1459 2705 1513 2751 et
1532 2696 1838 2751 ceciderunt
1866 2708 1896 2751 a

311 2781 479 2838 latere
511 2784 717 2855 ipsius:
746 2794 898 2840 erant
952 2786 1023 2842 ibi
1062 2786 1174 2848 alii.
1203 2786 1291 2857 qui
1326 2802 1428 2841 non
1471 2786 1568 2842 sibi
1616 2790 1894 2858 promitte-

310 2872 436 2928 bant
458 2873 619 2930 sedes
645 2872 1039 2946 iudicantium;
1087 2876 1180 2932 sed
1216 2892 1311 2947 per
1353 2877 1723 2949 eleemosynas
1766 2893 1895 2949 pro-

309 2967 593 3023 mittebam
623 2968 720 3023 sibi
746 2967 868 3040 quia
893 2966 957 3024 ad
978 2966 1251 3023 dexteram
1288 2967 1448 3023 futuri
1489 2978 1661 3037 erant,
1704 2969 1897 3039 quibus

309 3056 555 3113 dicturus
580 3066 697 3113 erat
725 3057 988 3127 Christus,
1036 3057 1231 3125 Venite,
1277 3058 1519 3114 benedicti
1542 3056 1740 3114 Patris
1775 3062 1892 3125 mei,

310 3152 556 3223 percipite
600 3166 807 3222 regnum
847 3152 981 3221 quod
1021 3151 1155 3206 vobis
1200 3163 1434 3223 paratum
1484 3162 1555 3208 est
1598 3154 1661 3207 ab
1708 3154 1899 3225 origine

308 3245 505 3299 mundi.
557 3244 623 3299 Et
648 3244 768 3315 quia
809 3244 959 3300 multi
989 3246 1055 3300 de
1093 3259 1188 3314 Spe
1232 3246 1319 3300 illa
1365 3244 1637 3316 iudicandi
1684 3246 1893 3303 cecide-

310 3347 453 3402 runt,
488 3336 642 3391 multi
673 3348 846 3392 autem
866 3347 918 3393 et
938 3338 1103 3393 multo
1129 3338 1307 3408 plures
1333 3339 1401 3394 de
1430 3348 1525 3409 spe
1548 3338 1636 3393 illa
1662 3339 1896 3407 dexteras

308 3427 639 3494 ceciderunt,
675 3429 795 3484 ideo
824 3429 1022 3485 dictum
1053 3440 1135 3486 est
1172 3431 1415 3487 Christo:
1441 3429 1632 3487 Cadent
1676 3449 1708 3487 a
1744 3432 1898 3488 latere

309 3530 397 3575 tuo
423 3523 580 3585 mitte,
632 3531 675 3576 et
695 3523 825 3576 dena
849 3523 1009 3577 millia
1050 3540 1082 3576 a
1110 3524 1297 3578 dextris
1330 3525 1447 3578 tuis.
1479 3523 1546 3579 Et
1589 3526 1708 3596 quia
1744 3526 1894 3581 multi

309 3622 469 3667 erunt
514 3629 637 3669 cum
679 3613 791 3680 illo,
823 3615 911 3684 qui
962 3617 1137 3669 omnia
1181 3615 1268 3670 illa
1317 3633 1421 3671 non
1467 3626 1739 3682 curarunt,
1771 3633 1892 3673 cum

310 3705 507 3775 quibus
546 3715 793 3777 tanquam
841 3707 1095 3762 membris
1142 3724 1277 3762 unus
1308 3719 1388 3763 est
1431 3708 1674 3764 Christus
1704 3728 1715 3762 :
1746 3711 1825 3763 Ad
1852 3722 1897 3764 te

310 3807 497 3863 autem,
530 3797 716 3868 inquit,
742 3800 1305 3872 nonappropinquabit.
1338 3799 1601 3873 Numquid
1627 3802 1691 3872 ad
1723 3805 1895 3857 solum

312 3902 472 3959 caput
499 3891 655 3953 dixit,
684 3908 786 3946 non
806 3894 1269 3962 appropinquabit?
1293 3894 1407 3949 Non
1430 3896 1609 3965 utique
1632 3913 1646 3961 ;
1677 3896 1769 3950 sed
1796 3911 1896 3952 nec

312 3984 378 4038 ad
404 3984 646 4052 Petrum,
676 3999 777 4041 nec
803 3985 869 4039 ad
900 3985 1140 4051 Paulum,
1166 4001 1267 4042 nec
1287 3987 1350 4040 ad
1375 4002 1561 4042 omnes
1582 3988 1888 4058 Apostolos,

312 4091 413 4131 nec
436 4075 505 4130 ad
536 4090 722 4132 omnes
751 4065 1028 4148 martyres,
1073 4079 1165 4148 qui
1192 4078 1245 4133 in
1277 4078 1555 4134 tormentis
1602 4094 1707 4135 non
1749 4079 1899 4135 deie-

311 4179 524 4224 cerunt.
569 4168 848 4236 Quomodo
876 4186 1005 4241 ergo
1049 4188 1148 4225 non
1182 4171 1647 4243 appropinquabit?
1685 4187 1781 4227 cur
1820 4174 1899 4229 sic

314 4262 443 4315 torti
472 4270 617 4317 sunt.
664 4262 1044 4335 Propinquavit
1086 4266 1232 4319 carni
1265 4275 1607 4333 tormentum,
1654 4267 1749 4323 sed
1791 4284 1897 4323 non

313 4354 558 4423 pervenit
595 4355 662 4410 ad
689 4356 860 4411 locum
891 4356 1037 4411 ﬁdei.
1065 4357 1245 4427 itaque
1272 4359 1429 4430 longe
1454 4369 1566 4416 erat
1598 4360 1731 4417 ﬁdes
1756 4362 1901 4431 ipso-

316 4460 436 4500 rum
476 4461 508 4499 a
561 4456 765 4523 terrore
798 4448 1174 4516 torquentium.
1209 4449 1532 4519 Torqueant,
1580 4466 1678 4507 nec
1697 4467 1897 4523 appro-

315 4537 596 4609 pinquabit
620 4522 824 4606 terror;
867 4550 1184 4610 torqueant,
1213 4541 1304 4595 sed
1337 4542 1632 4597 irridebunt
1658 4522 1896 4598 tormen-

315 4640 457 4697 tum,
515 4641 898 4700 praesumentes
928 4635 978 4685 in
1013 4632 1104 4685 illo
1129 4635 1218 4702 qui
1250 4634 1394 4701 prior
1422 4634 1582 4702 vicit,
1634 4645 1691 4689 ut
1715 4636 1895 4691 creteri

318 4722 621 4777 vincerent.
667 4718 737 4777 Et
767 4722 854 4792 qui
879 4724 1120 4788 vincunt,
1154 4724 1252 4777 nisi
1300 4726 1387 4795 qui
1413 4726 1479 4781 de
1519 4741 1577 4781 se
1625 4743 1729 4781 non
1760 4743 1899 4797 pra:-

314 4814 707 4885 sumpserunti
746 4812 987 4871 intendat
1013 4816 1255 4871 Charitas
1276 4827 1487 4883 vestra;
1533 4820 1598 4874 ad
1629 4820 1728 4875 hoc
1757 4822 1897 4876 enim

313 4904 449 4960 dixit
478 4905 658 4960 omnia
686 4907 986 4976 superiora.
1007 4905 1154 4961 Dicet
1177 4905 1417 4973 Domino,
1458 4909 1733 4981 Susceptor
1760 4928 1901 4968 meus

316 5005 487 5073 αλια,
516 5005 563 5050 et
585 4997 836 5069 refugiunt
864 5013 1026 5051 meum
1050 5016 1069 5063 ;
1098 5006 1169 5063 et,
1206 4998 1433 5068 Sperabo
1479 5000 1531 5054 in
1564 5017 1729 5073 cum;
1771 5019 1895 5072 quo—

317 5070 460 5140 niam
485 5087 598 5158 ipse
625 5096 759 5143 eruet
776 5104 854 5143 me
883 5091 945 5143 de
967 5090 1249 5161 muscipula
1274 5070 1578 5146 venantium.
1619 5091 1741 5161 Ipse
1766 5070 1903 5148 eruet

316 5194 419 5241 me,
455 5193 559 5233 non
591 5193 691 5250 ego
720 5194 823 5237 me.
858 5181 1001 5235 Inter
1027 5182 1261 5252 scapulas
1289 5198 1408 5238 suas
1434 5183 1743 5238 obumbrabit
1765 5185 1851 5240 tibi
1882 5201 1901 5240 :

315 5270 416 5326 sed
450 5268 706 5341 quando?
756 5271 982 5339 Quando
1027 5273 1120 5327 sub
1166 5273 1264 5328 alis
1300 5276 1411 5345 ejus
1445 5274 1692 5344 sperabis.
1741 5274 1902 5331 Scuto

314 5361 653 5417 circumdabit
671 5371 718 5417 te
738 5364 919 5419 veritas
948 5366 1074 5435 ejus.
1114 5362 1248 5432 Quia
1276 5379 1403 5436 ergo
1430 5364 1483 5419 in
1509 5365 1600 5419 illo
1632 5381 1895 5435 praesum-

319 5454 496 5523 psisti,
529 5461 586 5509 et
609 5462 775 5511 totam
796 5470 947 5527 spem
975 5465 1119 5511 tuam
1145 5456 1198 5511 in
1235 5456 1326 5512 illo
1348 5456 1593 5528 posuisti.
1638 5459 1901 5530 sequitur,

315 5547 486 5618 quid?
536 5545 660 5603 Non
702 5548 893 5604 timebis
939 5566 972 5603 a
1008 5550 1185 5605 timore
1224 5560 1492 5615 nocturno,
1533 5567 1566 5605 a
1600 5553 1784 5625 sagitta
1818 5568 1907 5608 vo-

318 5640 459 5695 lante
484 5657 579 5712 per
601 5641 757 5707 diem,
802 5658 835 5695 a
874 5642 1075 5712 negotio
1095 5642 1473 5711 perambulante
1504 5643 1558 5698 in
1588 5644 1823 5711 tenebris,
1871 5662 1906 5699 a

381 5752 458 5817 (a)
481 5754 657 5821 confer
676 5762 946 5821 Tractatum
970 5753 1062 5821 122
1080 5757 1131 5821 in
1151 5762 1402 5821 Joannem,
1420 5769 1470 5806 n.
1496 5755 1544 5818 5,
1571 5759 1653 5807 ubi
1692 5764 1907 5821 Evange-

317 5812 776 5882 ’
806 5816 987 5867 milites
1019 5818 1215 5879 Christi;
1243 5812 1415 5882 ﬁdeles
1447 5812 1567 5869 vero
1593 5812 1907 5882 aquibusfiili

307 5877 619 5943 eapullum
640 5878 860 5932 debitqu
874 5881 1132 5944 accipiunt,
1148 5877 1464 5944 provinciales
1482 5877 1901 5947 christi'appeiiat.

1414 364 1807 425 ENARRATIO
1845 365 1911 419 ΙΝ
1948 364 2271 423 PSALMUM
2309 365 2419 423 XC.

3448 364 3587 426 H58

2004 482 2153 535 ruina
2172 489 2217 535 et
2247 481 2496 537 dwmonio
2524 481 2825 538 meridiano.
2872 481 3003 552 Quis
3054 498 3159 539 non
3188 483 3438 539 timebit?
3482 486 3584 551 Qui

2005 587 2112 626 non
2143 573 2195 627 in
2220 588 2298 638 se,
2322 573 2415 631 sed
2442 573 2496 628 in
2522 572 2737 629 Christo
2763 576 3053 646 praesumit.
3103 576 3204 645 Qui
3226 586 3405 632 autem
3432 577 3498 632 de
3524 595 3583 635 se

2003 674 2349 734 praesumunt,
2380 666 2479 720 etsi
2500 666 2610 736 jam
2644 667 2745 723 sibi
2772 666 3221 737 sperabantlatus
3241 666 3438 722 Christi
3463 678 3580 723 tau-

2004 771 2161 825 quam
2178 756 2486 827 judicaturi,
2518 758 2617 813 etsi
2645 757 2849 814 futuros
2871 774 2929 814 se
2946 758 3057 828 jam
3080 756 3369 839 sperabant
3395 775 3423 813 a
3450 759 3584 817 dex-

2007 849 2102 903 tris
2128 847 2348 914 Christi,
2370 849 2523 920 quasi
2552 849 2755 905 diceret
2780 852 2904 917 illis,
2946 850 3141 917 Venite,
3186 850 3434 907 benedicti
3472 850 3584 909 Pa.

2006 946 2095 997 tris
2124 942 2241 1005 mei,
2273 942 2513 1013 percipite
2543 960 2753 1014 regnum
2785 946 2922 1015 quod
2950 946 3086 1001 vobis
3133 956 3367 1017 paratum
3409 958 3480 1003 est
3523 948 3587 1002 ab

2005 1032 2197 1103 origine
2220 1033 2395 1087 mundi
2418 1052 2436 1098 ;
2463 1032 2609 1088 venit
2637 1033 2959 1089 daemonium
2989 1034 3364 1105 meridianum,
3406 1034 3456 1092 id
3483 1045 3587 1105 est,

2004 1121 2217 1179 fervens
2247 1134 2409 1181 cestus
2439 1124 2847 1195 persecutionis,
2892 1125 3238 1183 vehementer
3269 1138 3500 1195 terrens,
3532 1137 3590 1185 et

2005 1213 2312 1271 ceciderunt
2360 1216 2511 1270 multi
2543 1231 2573 1270 a
2615 1232 2710 1285 spe
2741 1214 2886 1271 sedis
2922 1215 3239 1287 judiciariae,
3282 1218 3350 1276 de
3395 1220 3588 1291 quibus

2004 1306 2206 1362 dictum
2227 1318 2330 1373 est,
2361 1308 2552 1363 Cadent
2582 1325 2612 1362 a
2641 1310 2799 1364 latere
2826 1319 2912 1363 tuo
2942 1309 3116 1377 mille;
3162 1323 3217 1367 et
3256 1312 3405 1368 multi
3435 1329 3463 1367 a
3484 1330 3589 1385 spe

2003 1401 2457 1457 remunerationis
2484 1402 2861 1473 obsequiorum
2897 1419 3137 1469 suorum,
3180 1398 3247 1460 de
3286 1407 3476 1476 quibus
3502 1407 3586 1462 di-

2004 1502 2147 1546 ctum
2178 1500 2257 1547 est
2280 1535 2294 1559 ,
2327 1490 2396 1546 Et
2417 1493 2547 1547 dena
2587 1492 2750 1547 millia
2771 1511 2803 1547 a
2831 1495 3020 1549 dextris
3065 1496 3182 1549 tuis.
3216 1496 3295 1550 Ad
3324 1507 3370 1551 te
3397 1509 3587 1565 autem,

2005 1580 2059 1636 id
2085 1590 2185 1647 est,
2218 1582 2285 1637 ad
2313 1594 2469 1653 caput
2499 1594 2552 1640 ct
2575 1600 2790 1655 corpus,
2819 1603 2918 1640 non
2942 1588 3389 1658 apprOpinquabit,
3436 1590 3589 1645 ruina

2005 1680 2061 1727 et
2082 1671 2403 1728 dannonium
2434 1674 2827 1740 meridianum;
2871 1677 3121 1747 quoniam
3154 1679 3299 1735 novit
3330 1679 3590 1737 Dominus

2003 1765 2091 1836 qui
2121 1777 2246 1821 sunt
2270 1770 2386 1837 ejus
2415 1766 2481 1840 (ll
2515 1767 2648 1825 Tim.
2680 1785 2736 1836 ιι,
2762 1769 2875 1840 19).

2077 1856 2163 1911 11.
2197 1855 2345 1929 [vers.
2378 1856 2456 1932 8.]
2490 1857 2838 1915 Verumtamen
2864 1862 3021 1916 oculis
3046 1862 3143 1917 tuis
3162 1863 3520 1933 considerabis,
3544 1875 3591 1921 et

2002 1948 2375 2004 retributionem
2402 1961 2721 2021 peccatorum
2745 1953 2951 2010 videbis.
2990 1953 3125 2022 Quid
3154 1964 3236 2011 est
3262 1954 3401 2013 hoc?
3424 1973 3592 2029 quare

2002 2042 2384 2096 verumtamen?
2409 2042 2543 2109 Quia
2574 2043 2723 2099 licuit
2769 2045 2944 2115 impiis
2989 2046 3266 2118 superbire
3310 2050 3363 2105 in
3407 2066 3593 2108 servos

2004 2137 2121 2185 tuos
2142 2174 2155 2198 ,
2189 2132 2334 2187 licuit
2362 2133 2538 2204 impiis
2566 2137 2814 2207 persequi
2842 2138 3024 2192 servos
3053 2147 3188 2194 tuos.
3219 2138 3436 2213 Impune
3466 2154 3592 2212 ergo

2002 2223 2103 2279 erit
2129 2224 2323 2294 impiis,
2356 2226 2476 2296 quia
2510 2227 2771 2296 persecuti
2800 2237 2925 2283 sunt
2952 2244 3136 2285 servos
3159 2232 3320 2285 tuos?
3350 2232 3461 2286 Non
3488 2233 3593 2289 erit

2002 2316 2235 2388 impune.
2266 2316 2516 2387 Quamvis
2548 2319 2687 2374 enim
2718 2329 2770 2375 tu
2804 2322 3146 2391 permiseris,
3179 2332 3233 2377 et
3272 2326 3437 2394 magis
3467 2324 3591 2381 inde

2001 2409 2075 2462 tui
2106 2412 2343 2466 coronati
2370 2411 2475 2467 sint
2493 2426 2523 2478 ;'
2544 2409 2898 2467 Verumtamen
2930 2412 3087 2468 oculis
3114 2414 3212 2468 tuis
3230 2416 3587 2483 considerabis,

2001 2508 2049 2554 et
2074 2501 2446 2557 retributionem
2478 2512 2795 2573 peccatorum
2818 2506 3023 2560 videbis.
3052 2502 3244 2561 Malum
3273 2507 3413 2562 enim
3443 2507 3588 2579 quod

2002 2591 2309 2658 voluerunt,
2327 2609 2432 2647 non
2462 2592 2658 2648 bonum
2683 2595 2823 2665 quod
2845 2610 2941 2666 per
2960 2598 3259 2658 nescientes
3284 2608 3459 2653 actum
3485 2607 3585 2667 est,

2002 2685 2079 2740 eis
2110 2685 2448 2741 retribuetur.
2478 2686 2633 2742 Modo
2658 2703 2790 2757 Opus
2819 2698 2900 2743 est
2937 2696 2996 2743 ut
3033 2688 3215 2744 oculos
3241 2688 3361 2745 ﬁdei
3393 2691 3591 2748 habea-

2002 2794 2141 2844 mus,
2167 2788 2220 2835 et
2243 2779 2518 2837 videamus
2538 2782 2657 2851 quia
2690 2782 2991 2838 exaltantur
3015 2783 3081 2839 ad
3113 2790 3339 2855 tempus,
3363 2794 3417 2840 et
3446 2786 3592 2856 plan-

2000 2881 2130 2943 gent
2157 2873 2209 2927 in
2241 2883 2537 2940 internum;
2569 2883 2624 2930 et
2650 2860 2841 2946 quibus
2871 2876 3028 2932 datur
3059 2887 3291 2947 potestas
3330 2879 3381 2933 in
3408 2894 3592 2936 servos

2002 2961 2095 3017 Dei
2129 2966 2513 3035 temporaliter,
2548 2966 2754 3022 dicetur
2779 2966 2856 3021 eis
2891 2986 2904 3022 :
2935 2967 3015 3023 Ite
3044 2969 3096 3022 in
3123 2970 3285 3040 ignem
3311 2981 3553 3024 (sternunt
3572 3013 3588 3038 ,

2000 3054 2087 3125 qui
2113 3065 2318 3125 paratus
2341 3065 2410 3110 est
2437 3055 2638 3111 diabolo
2667 3067 2714 3111 et
2741 3059 2933 3129 angelis
2959 3060 3068 3130 ejus
3097 3056 3308 3131 (Matth.
3338 3077 3465 3127 xxv,
3493 3061 3591 3117 52-

2001 3143 2115 3214 41).
2148 3144 2253 3200 Sed
2285 3145 2328 3201 si
2360 3145 2551 3202 iiabeat
2580 3146 2804 3219 quisque
2834 3149 3036 3212 oculos,
3068 3139 3204 3204 sicut
3230 3150 3402 3219 dixit,
3430 3153 3591 3207 oculis

2001 3236 2099 3291 tuis
2126 3237 2488 3305 considerabis;
2505 3254 2607 3293 non
2625 3247 2707 3295 est
2734 3240 2847 3296 leve
2870 3240 3047 3295 videre
3069 3242 3288 3312 impium
3314 3243 3590 3300 florentem

2000 3326 2056 3381 in
2086 3326 2188 3383 hoc
2213 3330 2431 3397 saeculo,
2464 3340 2514 3385 et
2540 3328 2736 3385 habere
2765 3330 2831 3386 ad
2859 3330 3006 3385 illum
3035 3330 3237 3398 oculos,
3269 3341 3321 3387 ut
3349 3335 3591 3390 conside-

2000 3432 2088 3473 res
2115 3418 2218 3473 ﬁde
2254 3420 2379 3489 quid
2410 3418 2495 3475 ille
2526 3434 2779 3490 passurus
2805 3431 2890 3477 est
2918 3421 2971 3477 in
2998 3422 3101 3478 fine
3124 3465 3137 3488 ,
3168 3424 3211 3477 si
3251 3436 3311 3479 se
3337 3423 3440 3478 non
3468 3430 3590 3479 eor-

2000 3508 2199 3564 rexerit
2231 3527 2243 3563 :
2274 3510 2394 3579 quia
2424 3513 2513 3581 qui
2542 3511 2702 3567 modo
2731 3524 2917 3568 tonare
2959 3513 3174 3578 volunt,
3206 3524 3386 3584 postea
3417 3515 3591 3570 fulmi-

2000 3609 2213 3655 nantur.
2250 3598 2602 3656 Verumtamen
2628 3604 2787 3658 oculis
2811 3604 2912 3658 tuis
2934 3601 3292 3671 considerabis,
3318 3615 3365 3659 et
3383 3606 3590 3661 retribu-

2002 3690 2185 3745 tionem
2214 3701 2530 3762 peccatorum
2556 3693 2763 3749 videbis.

2073 3780 2159 3836 i2.
2198 3779 2359 3853 [vers.
2386 3780 2480 3854 9.]
2511 3782 2759 3849 Quoniam
2807 3792 2861 3838 tu
2904 3800 2955 3838 es
2982 3826 2997 3849 ,
3028 3784 3242 3839 Domine
3264 3827 3278 3851 ,
3308 3800 3421 3855 spes
3460 3803 3588 3842 mea.

2003 3874 2139 3929 Ecce
2170 3876 2312 3929 venit
2341 3875 2406 3930 ad
2436 3875 2562 3930 illud
2585 3918 2599 3940 ,
2631 3892 2796 3947 quare
2824 3892 2929 3931 non
2961 3877 3115 3932 cadat
3144 3892 3173 3932 a
3202 3877 3351 3932 ruina
3396 3888 3449 3933 et
3477 3878 3592 3934 dte-

2004 3967 2185 4020 monio
2215 3968 2511 4021 meridiano
2536 3986 2547 4020 :
2573 3968 2821 4034 Quoniam
2847 3978 2900 4022 tu
2928 3986 2978 4024 es
3002 4012 3017 4035 ,
3042 3968 3255 4024 Domine
3275 4011 3289 4035 ,
3313 3982 3426 4041 spes
3449 3984 3589 4034 mea;

2005 4056 2306 4111 altissimum
2352 4059 2567 4128 posuisti
2602 4060 2855 4131 refugium
2894 4070 3053 4114 tuum.
3080 4059 3216 4128 Quid
3241 4068 3321 4116 est
3350 4061 3494 4131 quod
3537 4063 3590 4117 in

2004 4150 2113 4205 alto
2132 4159 2213 4205 est
2240 4148 2496 4220 refugium
2522 4148 2703 4205 tuum?
2731 4151 2873 4206 Multi
2895 4152 3035 4207 enim
3063 4154 3140 4207 sic
3163 4153 3262 4209 sibi
3288 4153 3489 4210 faciunt
3508 4172 3592 4211 re.

2005 4240 2203 4313 fugiunt
2234 4240 2323 4295 Dei
2350 4282 2365 4308 ,
2395 4256 2502 4311 quo
2529 4241 2732 4312 fugiant
2758 4256 2788 4296 a
2836 4241 3222 4312 temporalibus
3267 4245 3504 4301 testibus.
3534 4247 3590 4302 In

2006 4333 2113 4390 aito
2132 4341 2215 4389 est
2242 4334 2384 4388 enim
2414 4333 2669 4404 refugium
2699 4333 2828 4399 Dei,
2859 4334 3012 4389 valde
3039 4336 3090 4389 in
3116 4334 3326 4391 occuito
3345 4346 3427 4391 est
3445 4378 3459 4404 ,
3487 4352 3592 4409 quo

1947 4462 1970 4481 .
2004 4421 2175 4495 fugias
2206 4424 2274 4479 ab
2300 4424 2377 4478 ira
2401 4436 2643 4479 ventura.
2669 4423 2815 4479 intus
2846 4443 2865 4477 ι
2900 4425 3215 4481 altissimum
3247 4428 3469 4496 posuisti
3502 4444 3589 4484 re-

2006 4514 2204 4586 fugium
2239 4525 2406 4569 tuum.
2435 4515 2550 4570 Non
2581 4515 2834 4570 accedent
2858 4515 2925 4571 ad
2953 4525 3005 4572 te
3034 4518 3171 4571 mala
3192 4559 3207 4583 ,
3238 4528 3293 4573 et
3320 4518 3590 4589 ﬂagellum

2007 4623 2111 4661 non
2143 4609 2584 4679 appropinquabit
2614 4608 2956 4663 tabernaculo
2987 4619 3096 4664 tuo.
3125 4604 3386 4678 Quoniam
3414 4611 3591 4684 Ange-

2006 4698 2140 4771 geiis
2165 4699 2274 4752 suis
2298 4699 2568 4754 mandavit
2591 4698 2659 4755 de
2684 4707 2756 4768 te,
2785 4709 2844 4755 ut
2870 4701 3171 4756 custodiant
3195 4710 3248 4756 te
3269 4702 3321 4758 in
3348 4700 3594 4760 omnibus

2009 4792 2111 4846 viis
2138 4792 2259 4846 tuis.
2284 4790 2344 4846 in
2374 4792 2614 4847 manibus
2641 4792 2828 4847 tollent
2850 4801 2921 4855 te,
2954 4793 3237 4863 nequando
3264 4794 3502 4849 offendas
3524 4794 3592 4848 ad

2008 4884 2453 4955 lapidem'pedem
2483 4894 2650 4939 tuum.
2687 4903 2706 4937 ι
2742 4884 2845 4940 ista
2874 4895 2999 4940 sunt
3024 4886 3183 4941 verba
3204 4902 3324 4957 qua:
3349 4886 3595 4941 diabolus

2007 4974 2138 5029 dixit
2164 4975 2390 5030 Domino
2408 4975 2532 5031 Jesu
2556 4974 2789 5043 Christo,
2817 4976 3028 5047 quando
3052 4976 3196 5033 illum
3220 4978 3459 5034 tentavit.
3486 4977 3594 5037 Sed

2009 5067 2127 5137 quia
2153 5066 2455 5137 diligentius
2482 5066 2869 5123 consideranda
2899 5077 3042 5133 sunt,
3072 5084 3143 5125 ne
3167 5082 3262 5123 vos
3290 5067 3590 5139 fatigemus,

2009 5156 2316 5213 diiicramus
2361 5159 2413 5212 in
2454 5161 2741 5213 crastinum
2772 5159 2791 5229 (
2826 5160 2945 5229 quia
2991 5169 3046 5216 et
3077 5160 3328 5215 crastino
3372 5160 3594 5216 debetur

2009 5249 2159 5305 vobis
2185 5264 2361 5305 sermo
2389 5252 2405 5282 ί
2443 5251 2483 5321 ),
2510 5258 2566 5306 ut
2594 5251 2660 5307 ab
2682 5252 2784 5308 isto
2809 5252 2928 5309 loco
2948 5253 3144 5308 Psalmi
3164 5264 3351 5309 rursus
3376 5253 3595 5324 incipia-

2010 5354 2149 5408 mus,
2173 5350 2390 5411 propter
2414 5342 2627 5398 ttedium
2656 5352 2913 5410 vestrum;
2937 5360 3004 5399 ne
3026 5359 3149 5400 cum
3173 5343 3419 5400 volumus
3440 5346 3595 5403 finire

2010 5448 2099 5489 res
2140 5434 2392 5490 obscuras
2417 5476 2431 5501 ,
2462 5437 2879 5507 prtccipitemus,
2914 5446 2969 5492 et
3022 5452 3128 5494 non
3172 5439 3485 5509 perveniant
3527 5442 3595 5497 ad

2012 5526 2410 5597 intelligentiam
2440 5537 2691 5584 vestram.

2667 5632 2841 5676 SBRIO
2878 5634 2935 5674 11.

2086 5714 2137 5767 1.
2167 5712 2313 5769 Sicut
2333 5729 2439 5769 non
2466 5714 2650 5769 dubito
2674 5715 2981 5771 meminisse
2999 5715 3324 5773 Cbaritatem
3344 5726 3593 5785 vestram,

2082 5826 2098 5856 ί
2125 5824 2444 5899 Sic‘potiores
2454 5830 2501 5873 et
2528 5822 2748 5899 plerique
2892 5824 2978 5899 Alii
3002 5828 3192 5899 quidam
3213 5839 3322 5899 cum
3338 5824 3468 5885 Edd..
3483 5837 3595 5888 qua

2020 5892 2066 5937 et
2089 5885 2319 5949 crastino.
2339 5886 2381 5939 si
2403 5885 2633 5939 Bantinos
2650 5885 2866 5949 vblsserit,
2886 5889 3005 5942 unde
3019 5885 3152 5941 vobis
3167 5890 3259 5941 erit
3278 5900 3450 5941 sermo.
