  <div class='ocr_page' id='page_1' title='image "/cluster/home/n/w/nwhite01/storage/ocr_20150623/37/hvd.32044015471477/073.png"; bbox 0 0 4048 6476; ppageno 0'>
   <div class='ocr_carea' id='block_1_1' title="bbox 528 386 666 444">
    <p class='ocr_par' dir='ltr' id='par_1_1' title="bbox 528 386 666 444">
     <span class='ocr_line' id='line_1_1' title="bbox 528 386 666 444; baseline 0.007 -1"><span class='ocrx_word' id='word_1_1' title='bbox 528 386 666 444; x_wconf 79' lang='lat' dir='ltr'><strong>H59</strong></span> 
     </span>
    </p>
   </div>
   <div class='ocr_carea' id='block_1_2' title="bbox 523 493 2109 577">
    <p class='ocr_par' dir='ltr' id='par_1_2' title="bbox 523 493 2109 577">
     <span class='ocr_line' id='line_1_2' title="bbox 523 493 2109 577; baseline -0.011 -18"><span class='ocrx_word' id='word_1_2' title='bbox 523 506 615 577; x_wconf 86' lang='lat' dir='ltr'><strong>qui</strong></span> <span class='ocrx_word' id='word_1_3' title='bbox 656 504 909 560; x_wconf 88' lang='lat' dir='ltr'><strong>hesterno</strong></span> <span class='ocrx_word' id='word_1_4' title='bbox 949 500 1037 557; x_wconf 89' lang='lat' dir='ltr'><strong>die</strong></span> <span class='ocrx_word' id='word_1_5' title='bbox 1077 497 1311 556; x_wconf 86' lang='lat' dir='ltr'><strong>sermoni</strong></span> <span class='ocrx_word' id='word_1_6' title='bbox 1350 493 1631 563; x_wconf 79' lang='lat' dir='ltr'><strong>adfuistis,</strong></span> <span class='ocrx_word' id='word_1_7' title='bbox 1661 495 1923 565; x_wconf 86' lang='lat' dir='ltr'><strong>psalmum</strong></span> <span class='ocrx_word' id='word_1_8' title='bbox 1953 505 2109 562; x_wconf 84' lang='lat' dir='ltr'><strong>quem</strong></span> 
     </span>
    </p>
   </div>
   <div class='ocr_carea' id='block_1_3' title="bbox 523 586 2115 669">
    <p class='ocr_par' dir='ltr' id='par_1_3' title="bbox 523 586 2115 669">
     <span class='ocr_line' id='line_1_3' title="bbox 523 586 2115 669; baseline -0.013 -12"><span class='ocrx_word' id='word_1_9' title='bbox 523 612 858 669; x_wconf 72' lang='lat' dir='ltr'><strong>cmperamus</strong></span> <span class='ocrx_word' id='word_1_10' title='bbox 884 608 1171 665; x_wconf 81' lang='lat' dir='ltr'><strong>exponere,</strong></span> <span class='ocrx_word' id='word_1_11' title='bbox 1196 607 1261 648; x_wconf 88' lang='lat' dir='ltr'><strong>ne</strong></span> <span class='ocrx_word' id='word_1_12' title='bbox 1281 589 1347 646; x_wconf 88' lang='lat' dir='ltr'><strong>ad</strong></span> <span class='ocrx_word' id='word_1_13' title='bbox 1370 590 1651 645; x_wconf 93' lang='lat' dir='ltr'><strong>terminum</strong></span> <span class='ocrx_word' id='word_1_14' title='bbox 1675 586 1996 659; x_wconf 88' lang='lat' dir='ltr'><strong>perveniret,</strong></span> <span class='ocrx_word' id='word_1_15' title='bbox 2019 598 2115 637; x_wconf 85' lang='lat' dir='ltr'><strong>an-</strong></span> 
     </span>
    </p>
   </div>
   <div class='ocr_carea' id='block_1_4' title="bbox 523 673 2111 765">
    <p class='ocr_par' dir='ltr' id='par_1_4' title="bbox 523 673 2111 765">
     <span class='ocr_line' id='line_1_4' title="bbox 523 673 2111 765; baseline -0.014 -15"><span class='ocrx_word' id='word_1_16' title='bbox 523 694 694 765; x_wconf 85' lang='lat' dir='ltr'><strong>gustia</strong></span> <span class='ocrx_word' id='word_1_17' title='bbox 736 689 991 760; x_wconf 87' lang='lat' dir='ltr'><strong>temporis</strong></span> <span class='ocrx_word' id='word_1_18' title='bbox 1020 684 1297 756; x_wconf 75' lang='lat' dir='ltr'><strong>impedivit</strong></span> <span class='ocrx_word' id='word_1_19' title='bbox 1322 700 1335 751; x_wconf 93' lang='lat'><strong>;</strong></span> <span class='ocrx_word' id='word_1_20' title='bbox 1365 689 1420 737; x_wconf 85' lang='lat' dir='ltr'><strong>et</strong></span> <span class='ocrx_word' id='word_1_21' title='bbox 1444 680 1610 736; x_wconf 87' lang='lat' dir='ltr'><strong>dilata</strong></span> <span class='ocrx_word' id='word_1_22' title='bbox 1636 688 1716 735; x_wconf 86' lang='lat' dir='ltr'><strong>est</strong></span> <span class='ocrx_word' id='word_1_23' title='bbox 1754 694 1875 749; x_wconf 88' lang='lat' dir='ltr'><strong>pars</strong></span> <span class='ocrx_word' id='word_1_24' title='bbox 1903 676 2020 746; x_wconf 84' lang='lat' dir='ltr'><strong>ejus</strong></span> <span class='ocrx_word' id='word_1_25' title='bbox 2058 673 2111 728; x_wconf 79' lang='lat' dir='ltr'><strong>in</strong></span> 
     </span>
    </p>
   </div>
   <div class='ocr_carea' id='block_1_5' title="bbox 523 765 2108 847">
    <p class='ocr_par' dir='ltr' id='par_1_5' title="bbox 523 765 2108 847">
     <span class='ocr_line' id='line_1_5' title="bbox 523 765 2108 847; baseline -0.014 -7"><span class='ocrx_word' id='word_1_26' title='bbox 523 784 839 842; x_wconf 87' lang='lat' dir='ltr'><strong>hodiernum</strong></span> <span class='ocrx_word' id='word_1_27' title='bbox 863 781 1025 837; x_wconf 90' lang='lat' dir='ltr'><strong>diem.</strong></span> <span class='ocrx_word' id='word_1_28' title='bbox 1055 778 1168 833; x_wconf 82' lang='lat' dir='ltr'><strong>Hoc</strong></span> <span class='ocrx_word' id='word_1_29' title='bbox 1193 776 1280 847; x_wconf 87' lang='lat' dir='ltr'><strong>qui</strong></span> <span class='ocrx_word' id='word_1_30' title='bbox 1306 774 1418 830; x_wconf 88' lang='lat' dir='ltr'><strong>heri</strong></span> <span class='ocrx_word' id='word_1_31' title='bbox 1445 771 1708 835; x_wconf 79' lang='lat' dir='ltr'><strong>adfuistis,</strong></span> <span class='ocrx_word' id='word_1_32' title='bbox 1734 765 2108 831; x_wconf 78' lang='lat' dir='ltr'><strong>recordamini,</strong></span> 
     </span>
    </p>
   </div>
   <div class='ocr_carea' id='block_1_6' title="bbox 523 858 2111 949">
    <p class='ocr_par' dir='ltr' id='par_1_6' title="bbox 523 858 2111 949">
     <span class='ocr_line' id='line_1_6' title="bbox 523 858 2111 949; baseline -0.014 -14"><span class='ocrx_word' id='word_1_33' title='bbox 523 877 614 949; x_wconf 89' lang='lat' dir='ltr'><strong>qui</strong></span> <span class='ocrx_word' id='word_1_34' title='bbox 669 892 774 932; x_wconf 90' lang='lat' dir='ltr'><strong>non</strong></span> <span class='ocrx_word' id='word_1_35' title='bbox 836 870 1116 937; x_wconf 78' lang='lat' dir='ltr'><strong>adfuistis,</strong></span> <span class='ocrx_word' id='word_1_36' title='bbox 1161 866 1484 939; x_wconf 80' lang='lat' dir='ltr'><strong>cognoscite.</strong></span> <span class='ocrx_word' id='word_1_37' title='bbox 1539 862 1827 932; x_wconf 85' lang='lat' dir='ltr'><strong>Pr0pterea</strong></span> <span class='ocrx_word' id='word_1_38' title='bbox 1892 858 2111 915; x_wconf 84' lang='lat' dir='ltr'><strong>fecimus</strong></span> 
     </span>
    </p>
   </div>
   <div class='ocr_carea' id='block_1_7' title="bbox 522 953 2086 1041">
    <p class='ocr_par' dir='ltr' id='par_1_7' title="bbox 522 953 2086 1041">
     <span class='ocr_line' id='line_1_7' title="bbox 522 953 2086 1041; baseline -0.015 -14"><span class='ocrx_word' id='word_1_39' title='bbox 522 969 696 1041; x_wconf 87' lang='lat' dir='ltr'><strong>ipsam</strong></span> <span class='ocrx_word' id='word_1_40' title='bbox 719 966 1002 1024; x_wconf 86' lang='lat' dir='ltr'><strong>lectionem</strong></span> <span class='ocrx_word' id='word_1_41' title='bbox 1028 958 1301 1031; x_wconf 81' lang='lat' dir='ltr'><strong>Evangelii</strong></span> <span class='ocrx_word' id='word_1_42' title='bbox 1324 955 1572 1021; x_wconf 88' lang='lat' dir='ltr'><strong>recitari,</strong></span> <span class='ocrx_word' id='word_1_43' title='bbox 1595 955 1685 1010; x_wconf 90' lang='lat' dir='ltr'><strong>ubi</strong></span> <span class='ocrx_word' id='word_1_44' title='bbox 1713 953 1967 1008; x_wconf 89' lang='lat' dir='ltr'><strong>Dominus</strong></span> <span class='ocrx_word' id='word_1_45' title='bbox 1996 958 2086 1005; x_wconf 91' lang='lat' dir='ltr'><strong>ten</strong></span> 
     </span>
    </p>
   </div>
   <div class='ocr_carea' id='block_1_8' title="bbox 524 1044 2113 1131">
    <p class='ocr_par' dir='ltr' id='par_1_8' title="bbox 524 1044 2113 1131">
     <span class='ocr_line' id='line_1_8' title="bbox 524 1044 2113 1131; baseline -0.01 -13"><span class='ocrx_word' id='word_1_46' title='bbox 524 1070 663 1118; x_wconf 85' lang='lat' dir='ltr'><strong>tatus</strong></span> <span class='ocrx_word' id='word_1_47' title='bbox 683 1068 766 1117; x_wconf 88' lang='lat' dir='ltr'><strong>est</strong></span> <span class='ocrx_word' id='word_1_48' title='bbox 792 1072 888 1131; x_wconf 86' lang='lat' dir='ltr'><strong>per</strong></span> <span class='ocrx_word' id='word_1_49' title='bbox 906 1072 969 1114; x_wconf 90' lang='lat' dir='ltr'><strong>ea</strong></span> <span class='ocrx_word' id='word_1_50' title='bbox 992 1053 1156 1112; x_wconf 89' lang='lat' dir='ltr'><strong>verba</strong></span> <span class='ocrx_word' id='word_1_51' title='bbox 1170 1052 1387 1116; x_wconf 87' lang='lat' dir='ltr'><strong>Psalmi,</strong></span> <span class='ocrx_word' id='word_1_52' title='bbox 1411 1065 1531 1122; x_wconf 65' lang='lat' dir='ltr'><strong>qua:</strong></span> <span class='ocrx_word' id='word_1_53' title='bbox 1549 1048 1635 1105; x_wconf 91' lang='lat' dir='ltr'><strong>hic</strong></span> <span class='ocrx_word' id='word_1_54' title='bbox 1652 1047 1873 1104; x_wconf 88' lang='lat' dir='ltr'><strong>audistis</strong></span> <span class='ocrx_word' id='word_1_55' title='bbox 1895 1044 2113 1117; x_wconf 81' lang='lat' dir='ltr'><strong>(Matth.</strong></span> 
     </span>
    </p>
   </div>
   <div class='ocr_carea' id='block_1_9' title="bbox 523 1140 2109 1222">
    <p class='ocr_par' dir='ltr' id='par_1_9' title="bbox 523 1140 2109 1222">
     <span class='ocr_line' id='line_1_9' title="bbox 523 1140 2109 1222; baseline -0.013 -13"><span class='ocrx_word' id='word_1_56' title='bbox 523 1169 595 1220; x_wconf 83' lang='lat' dir='ltr'><strong>tv,</strong></span> <span class='ocrx_word' id='word_1_57' title='bbox 627 1152 705 1222; x_wconf 87' lang='lat'><strong>6).</strong></span> <span class='ocrx_word' id='word_1_58' title='bbox 736 1148 862 1205; x_wconf 84' lang='lat' dir='ltr'><strong>Ideo</strong></span> <span class='ocrx_word' id='word_1_59' title='bbox 892 1153 1123 1204; x_wconf 89' lang='lat' dir='ltr'><strong>tentatus</strong></span> <span class='ocrx_word' id='word_1_60' title='bbox 1154 1153 1238 1200; x_wconf 89' lang='lat' dir='ltr'><strong>est</strong></span> <span class='ocrx_word' id='word_1_61' title='bbox 1263 1141 1545 1209; x_wconf 87' lang='lat' dir='ltr'><strong>Christus,</strong></span> <span class='ocrx_word' id='word_1_62' title='bbox 1569 1155 1637 1196; x_wconf 90' lang='lat' dir='ltr'><strong>ne</strong></span> <span class='ocrx_word' id='word_1_63' title='bbox 1665 1140 1905 1194; x_wconf 83' lang='lat' dir='ltr'><strong>vincatur</strong></span> <span class='ocrx_word' id='word_1_64' title='bbox 1928 1152 1958 1191; x_wconf 91' lang='lat' dir='ltr'><strong>a</strong></span> <span class='ocrx_word' id='word_1_65' title='bbox 1988 1145 2109 1191; x_wconf 90' lang='lat' dir='ltr'><strong>ten-</strong></span> 
     </span>
    </p>
   </div>
   <div class='ocr_carea' id='block_1_10' title="bbox 523 1228 2111 1307">
    <p class='ocr_par' dir='ltr' id='par_1_10' title="bbox 523 1228 2111 1307">
     <span class='ocr_line' id='line_1_10' title="bbox 523 1228 2111 1307; baseline -0.011 -7"><span class='ocrx_word' id='word_1_66' title='bbox 523 1253 695 1301; x_wconf 90' lang='lat' dir='ltr'><strong>tatore</strong></span> <span class='ocrx_word' id='word_1_67' title='bbox 727 1241 1068 1298; x_wconf 88' lang='lat' dir='ltr'><strong>christianus.</strong></span> <span class='ocrx_word' id='word_1_68' title='bbox 1119 1237 1216 1293; x_wconf 91' lang='lat' dir='ltr'><strong>llle</strong></span> <span class='ocrx_word' id='word_1_69' title='bbox 1258 1235 1456 1307; x_wconf 85' lang='lat' dir='ltr'><strong>quippe</strong></span> <span class='ocrx_word' id='word_1_70' title='bbox 1488 1234 1739 1304; x_wconf 83' lang='lat' dir='ltr'><strong>magister</strong></span> <span class='ocrx_word' id='word_1_71' title='bbox 1768 1232 1821 1287; x_wconf 91' lang='lat' dir='ltr'><strong>in</strong></span> <span class='ocrx_word' id='word_1_72' title='bbox 1864 1228 2111 1285; x_wconf 90' lang='lat' dir='ltr'><strong>omnibus</strong></span> 
     </span>
    </p>
   </div>
   <div class='ocr_carea' id='block_1_11' title="bbox 522 1320 2112 1404">
    <p class='ocr_par' dir='ltr' id='par_1_11' title="bbox 522 1320 2112 1404">
     <span class='ocr_line' id='line_1_11' title="bbox 522 1320 2112 1404; baseline -0.011 -12"><span class='ocrx_word' id='word_1_73' title='bbox 522 1335 715 1394; x_wconf 86' lang='lat' dir='ltr'><strong>tentari</strong></span> <span class='ocrx_word' id='word_1_74' title='bbox 741 1334 927 1402; x_wconf 89' lang='lat' dir='ltr'><strong>voluit,</strong></span> <span class='ocrx_word' id='word_1_75' title='bbox 954 1332 1075 1404; x_wconf 88' lang='lat' dir='ltr'><strong>quia</strong></span> <span class='ocrx_word' id='word_1_76' title='bbox 1108 1338 1409 1393; x_wconf 84' lang='lat' dir='ltr'><strong>tentamnr;</strong></span> <span class='ocrx_word' id='word_1_77' title='bbox 1439 1327 1575 1382; x_wconf 88' lang='lat' dir='ltr'><strong>sicut</strong></span> <span class='ocrx_word' id='word_1_78' title='bbox 1600 1324 1733 1380; x_wconf 90' lang='lat' dir='ltr'><strong>mori</strong></span> <span class='ocrx_word' id='word_1_79' title='bbox 1756 1322 1959 1389; x_wconf 89' lang='lat' dir='ltr'><strong>voluit,</strong></span> <span class='ocrx_word' id='word_1_80' title='bbox 1989 1320 2112 1392; x_wconf 82' lang='lat' dir='ltr'><strong>quia</strong></span> 
     </span>
    </p>
   </div>
   <div class='ocr_carea' id='block_1_12' title="bbox 525 1415 2114 1493">
    <p class='ocr_par' dir='ltr' id='par_1_12' title="bbox 525 1415 2114 1493">
     <span class='ocr_line' id='line_1_12' title="bbox 525 1415 2114 1493; baseline -0.009 -10"><span class='ocrx_word' id='word_1_81' title='bbox 525 1429 802 1493; x_wconf 63' lang='lat' dir='ltr'><strong>n‘iorimur;</strong></span> <span class='ocrx_word' id='word_1_82' title='bbox 836 1427 973 1481; x_wconf 88' lang='lat' dir='ltr'><strong>sicut</strong></span> <span class='ocrx_word' id='word_1_83' title='bbox 998 1436 1275 1493; x_wconf 83' lang='lat' dir='ltr'><strong>resurgere</strong></span> <span class='ocrx_word' id='word_1_84' title='bbox 1300 1420 1484 1486; x_wconf 86' lang='lat' dir='ltr'><strong>voluit,</strong></span> <span class='ocrx_word' id='word_1_85' title='bbox 1506 1418 1628 1490; x_wconf 84' lang='lat' dir='ltr'><strong>quia</strong></span> <span class='ocrx_word' id='word_1_86' title='bbox 1656 1415 2004 1472; x_wconf 88' lang='lat' dir='ltr'><strong>resurrecturi</strong></span> <span class='ocrx_word' id='word_1_87' title='bbox 2024 1429 2114 1469; x_wconf 77' lang='lat' dir='ltr'><strong>su-</strong></span> 
     </span>
    </p>
   </div>
   <div class='ocr_carea' id='block_1_13' title="bbox 524 1506 2115 1589">
    <p class='ocr_par' dir='ltr' id='par_1_13' title="bbox 524 1506 2115 1589">
     <span class='ocr_line' id='line_1_13' title="bbox 524 1506 2115 1589; baseline -0.011 -10"><span class='ocrx_word' id='word_1_88' title='bbox 524 1539 661 1579; x_wconf 90' lang='lat' dir='ltr'><strong>mus.</strong></span> <span class='ocrx_word' id='word_1_89' title='bbox 695 1520 785 1575; x_wconf 89' lang='lat' dir='ltr'><strong>llla</strong></span> <span class='ocrx_word' id='word_1_90' title='bbox 817 1520 960 1576; x_wconf 91' lang='lat' dir='ltr'><strong>enim</strong></span> <span class='ocrx_word' id='word_1_91' title='bbox 980 1534 1098 1589; x_wconf 75' lang='lat' dir='ltr'><strong>qua:</strong></span> <span class='ocrx_word' id='word_1_92' title='bbox 1119 1515 1353 1572; x_wconf 86' lang='lat' dir='ltr'><strong>ostendit</strong></span> <span class='ocrx_word' id='word_1_93' title='bbox 1382 1515 1434 1568; x_wconf 92' lang='lat' dir='ltr'><strong>in</strong></span> <span class='ocrx_word' id='word_1_94' title='bbox 1464 1513 1700 1578; x_wconf 90' lang='lat' dir='ltr'><strong>homine,</strong></span> <span class='ocrx_word' id='word_1_95' title='bbox 1723 1506 1812 1581; x_wconf 88' lang='lat' dir='ltr'><strong>qni</strong></span> <span class='ocrx_word' id='word_1_96' title='bbox 1838 1510 2007 1565; x_wconf 80' lang='lat' dir='ltr'><strong>factus</strong></span> <span class='ocrx_word' id='word_1_97' title='bbox 2032 1515 2115 1563; x_wconf 88' lang='lat' dir='ltr'><strong>est</strong></span> 
     </span>
    </p>
   </div>
   <div class='ocr_carea' id='block_1_14' title="bbox 526 1601 2115 1688">
    <p class='ocr_par' dir='ltr' id='par_1_14' title="bbox 526 1601 2115 1688">
     <span class='ocr_line' id='line_1_14' title="bbox 526 1601 2115 1688; baseline -0.011 -17"><span class='ocrx_word' id='word_1_98' title='bbox 526 1624 742 1688; x_wconf 88' lang='lat' dir='ltr'><strong>pr0pter</strong></span> <span class='ocrx_word' id='word_1_99' title='bbox 770 1628 868 1668; x_wconf 89' lang='lat' dir='ltr'><strong>nos</strong></span> <span class='ocrx_word' id='word_1_100' title='bbox 893 1613 1073 1676; x_wconf 90' lang='lat' dir='ltr'><strong>homo,</strong></span> <span class='ocrx_word' id='word_1_101' title='bbox 1097 1624 1219 1665; x_wconf 90' lang='lat' dir='ltr'><strong>cum</strong></span> <span class='ocrx_word' id='word_1_102' title='bbox 1246 1616 1389 1663; x_wconf 86' lang='lat' dir='ltr'><strong>esset</strong></span> <span class='ocrx_word' id='word_1_103' title='bbox 1406 1607 1547 1661; x_wconf 91' lang='lat' dir='ltr'><strong>Deus</strong></span> <span class='ocrx_word' id='word_1_104' title='bbox 1568 1621 1664 1676; x_wconf 89' lang='lat' dir='ltr'><strong>per</strong></span> <span class='ocrx_word' id='word_1_105' title='bbox 1688 1618 1844 1673; x_wconf 85' lang='lat' dir='ltr'><strong>quem</strong></span> <span class='ocrx_word' id='word_1_106' title='bbox 1874 1601 1997 1656; x_wconf 83' lang='lat' dir='ltr'><strong>facti</strong></span> <span class='ocrx_word' id='word_1_107' title='bbox 2024 1616 2115 1654; x_wconf 89' lang='lat' dir='ltr'><strong>sn-</strong></span> 
     </span>
    </p>
   </div>
   <div class='ocr_carea' id='block_1_15' title="bbox 525 1695 2112 1779">
    <p class='ocr_par' dir='ltr' id='par_1_15' title="bbox 525 1695 2112 1779">
     <span class='ocr_line' id='line_1_15' title="bbox 525 1695 2112 1779; baseline -0.01 -14"><span class='ocrx_word' id='word_1_108' title='bbox 525 1727 662 1775; x_wconf 87' lang='lat' dir='ltr'><strong>mus,</strong></span> <span class='ocrx_word' id='word_1_109' title='bbox 694 1717 914 1779; x_wconf 87' lang='lat' dir='ltr'><strong>propter</strong></span> <span class='ocrx_word' id='word_1_110' title='bbox 941 1721 1041 1760; x_wconf 89' lang='lat' dir='ltr'><strong>nos</strong></span> <span class='ocrx_word' id='word_1_111' title='bbox 1075 1702 1329 1759; x_wconf 85' lang='lat' dir='ltr'><strong>ostendit.</strong></span> <span class='ocrx_word' id='word_1_112' title='bbox 1361 1702 1426 1755; x_wconf 85' lang='lat' dir='ltr'><strong>Et</strong></span> <span class='ocrx_word' id='word_1_113' title='bbox 1454 1715 1597 1769; x_wconf 79' lang='lat' dir='ltr'><strong>sa-pc</strong></span> <span class='ocrx_word' id='word_1_114' title='bbox 1625 1695 2112 1753; x_wconf 85' lang='lat' dir='ltr'><strong>commendavimus</strong></span> 
     </span>
    </p>
   </div>
   <div class='ocr_carea' id='block_1_16' title="bbox 523 1791 2115 1868">
    <p class='ocr_par' dir='ltr' id='par_1_16' title="bbox 523 1791 2115 1868">
     <span class='ocr_line' id='line_1_16' title="bbox 523 1791 2115 1868; baseline -0.009 -11"><span class='ocrx_word' id='word_1_115' title='bbox 523 1802 778 1857; x_wconf 88' lang='lat' dir='ltr'><strong>Charitati</strong></span> <span class='ocrx_word' id='word_1_116' title='bbox 800 1808 1011 1864; x_wconf 72' lang='lat' dir='ltr'><strong>vestrae,</strong></span> <span class='ocrx_word' id='word_1_117' title='bbox 1043 1797 1183 1868; x_wconf 92' lang='lat' dir='ltr'><strong>quod</strong></span> <span class='ocrx_word' id='word_1_118' title='bbox 1212 1812 1310 1851; x_wconf 89' lang='lat' dir='ltr'><strong>nos</strong></span> <span class='ocrx_word' id='word_1_119' title='bbox 1337 1810 1479 1865; x_wconf 67' lang='lat' dir='ltr'><strong>sarpe</strong></span> <span class='ocrx_word' id='word_1_120' title='bbox 1509 1797 1700 1847; x_wconf 88' lang='lat' dir='ltr'><strong>iterare</strong></span> <span class='ocrx_word' id='word_1_121' title='bbox 1726 1808 1828 1845; x_wconf 91' lang='lat' dir='ltr'><strong>non</strong></span> <span class='ocrx_word' id='word_1_122' title='bbox 1860 1791 2032 1860; x_wconf 87' lang='lat' dir='ltr'><strong>piget;</strong></span> <span class='ocrx_word' id='word_1_123' title='bbox 2059 1796 2115 1843; x_wconf 87' lang='lat' dir='ltr'><strong>ut</strong></span> 
     </span>
    </p>
   </div>
   <div class='ocr_carea' id='block_1_17' title="bbox 524 1882 2112 1967">
    <p class='ocr_par' dir='ltr' id='par_1_17' title="bbox 524 1882 2112 1967">
     <span class='ocr_line' id='line_1_17' title="bbox 524 1882 2112 1967; baseline -0.009 -18"><span class='ocrx_word' id='word_1_124' title='bbox 524 1896 643 1967; x_wconf 88' lang='lat' dir='ltr'><strong>quia</strong></span> <span class='ocrx_word' id='word_1_125' title='bbox 670 1895 804 1949; x_wconf 87' lang='lat' dir='ltr'><strong>forte</strong></span> <span class='ocrx_word' id='word_1_126' title='bbox 826 1892 975 1946; x_wconf 87' lang='lat' dir='ltr'><strong>multi</strong></span> <span class='ocrx_word' id='word_1_127' title='bbox 998 1900 1232 1947; x_wconf 88' lang='lat' dir='ltr'><strong>vestrum</strong></span> <span class='ocrx_word' id='word_1_128' title='bbox 1258 1889 1434 1959; x_wconf 85' lang='lat' dir='ltr'><strong>legere</strong></span> <span class='ocrx_word' id='word_1_129' title='bbox 1463 1902 1567 1940; x_wconf 88' lang='lat' dir='ltr'><strong>non</strong></span> <span class='ocrx_word' id='word_1_130' title='bbox 1590 1890 1829 1955; x_wconf 87' lang='lat' dir='ltr'><strong>possunt,</strong></span> <span class='ocrx_word' id='word_1_131' title='bbox 1859 1882 1979 1952; x_wconf 86' lang='lat' dir='ltr'><strong>quia</strong></span> <span class='ocrx_word' id='word_1_132' title='bbox 2006 1896 2112 1934; x_wconf 89' lang='lat' dir='ltr'><strong>non</strong></span> 
     </span>
    </p>
   </div>
   <div class='ocr_carea' id='block_1_18' title="bbox 450 1974 2112 2057">
    <p class='ocr_par' dir='ltr' id='par_1_18' title="bbox 450 1974 2112 2057">
     <span class='ocr_line' id='line_1_18' title="bbox 450 1974 2112 2057; baseline -0.011 -12"><span class='ocrx_word' id='word_1_133' title='bbox 450 2024 457 2029; x_wconf 68' lang='grc'><em>»</em></span> <span class='ocrx_word' id='word_1_134' title='bbox 524 1989 601 2045; x_wconf 90' lang='lat' dir='ltr'><strong>eis</strong></span> <span class='ocrx_word' id='word_1_135' title='bbox 628 1996 778 2042; x_wconf 90' lang='lat' dir='ltr'><strong>vacat</strong></span> <span class='ocrx_word' id='word_1_136' title='bbox 803 1986 981 2057; x_wconf 79' lang='lat' dir='ltr'><strong>legere</strong></span> <span class='ocrx_word' id='word_1_137' title='bbox 1001 2026 1015 2048; x_wconf 89' lang='lat'><strong>,</strong></span> <span class='ocrx_word' id='word_1_138' title='bbox 1042 1992 1133 2038; x_wconf 91' lang='lat' dir='ltr'><strong>aut</strong></span> <span class='ocrx_word' id='word_1_139' title='bbox 1162 1983 1362 2037; x_wconf 85' lang='lat' dir='ltr'><strong>litteras</strong></span> <span class='ocrx_word' id='word_1_140' title='bbox 1390 1996 1496 2035; x_wconf 92' lang='lat' dir='ltr'><strong>non</strong></span> <span class='ocrx_word' id='word_1_141' title='bbox 1522 1988 1736 2043; x_wconf 90' lang='lat' dir='ltr'><strong>norunt,</strong></span> <span class='ocrx_word' id='word_1_142' title='bbox 1761 1975 1948 2031; x_wconf 88' lang='lat' dir='ltr'><strong>saltem</strong></span> <span class='ocrx_word' id='word_1_143' title='bbox 1975 1974 2112 2028; x_wconf 85' lang='lat' dir='ltr'><strong>assi-</strong></span> 
     </span>
    </p>
   </div>
   <div class='ocr_carea' id='block_1_19' title="bbox 522 2068 2109 2137">
    <p class='ocr_par' dir='ltr' id='par_1_19' title="bbox 522 2068 2109 2137">
     <span class='ocr_line' id='line_1_19' title="bbox 522 2068 2109 2137; baseline -0.011 0"><span class='ocrx_word' id='word_1_144' title='bbox 522 2081 626 2137; x_wconf 88' lang='lat' dir='ltr'><strong>due</strong></span> <span class='ocrx_word' id='word_1_145' title='bbox 654 2079 918 2135; x_wconf 89' lang='lat' dir='ltr'><strong>audiendo</strong></span> <span class='ocrx_word' id='word_1_146' title='bbox 946 2094 1051 2133; x_wconf 92' lang='lat' dir='ltr'><strong>non</strong></span> <span class='ocrx_word' id='word_1_147' title='bbox 1071 2076 1450 2132; x_wconf 78' lang='lat' dir='ltr'><strong>obliviscantur</strong></span> <span class='ocrx_word' id='word_1_148' title='bbox 1470 2071 1733 2126; x_wconf 86' lang='lat' dir='ltr'><strong>salubrem</strong></span> <span class='ocrx_word' id='word_1_149' title='bbox 1760 2068 1914 2122; x_wconf 83' lang='lat' dir='ltr'><strong>fidem</strong></span> <span class='ocrx_word' id='word_1_150' title='bbox 1938 2082 2109 2121; x_wconf 90' lang='lat' dir='ltr'><strong>suam.</strong></span> 
     </span>
    </p>
   </div>
   <div class='ocr_carea' id='block_1_20' title="bbox 520 2158 2111 2243">
    <p class='ocr_par' dir='ltr' id='par_1_20' title="bbox 520 2158 2111 2243">
     <span class='ocr_line' id='line_1_20' title="bbox 520 2158 2111 2243; baseline -0.013 -12"><span class='ocrx_word' id='word_1_151' title='bbox 520 2176 677 2231; x_wconf 85' lang='lat' dir='ltr'><strong>Certe</strong></span> <span class='ocrx_word' id='word_1_152' title='bbox 696 2189 757 2229; x_wconf 88' lang='lat' dir='ltr'><strong>ea</strong></span> <span class='ocrx_word' id='word_1_153' title='bbox 786 2170 1074 2243; x_wconf 91' lang='lat' dir='ltr'><strong>repetendo</strong></span> <span class='ocrx_word' id='word_1_154' title='bbox 1098 2166 1412 2239; x_wconf 85' lang='lat' dir='ltr'><strong>quibusdam</strong></span> <span class='ocrx_word' id='word_1_155' title='bbox 1441 2162 1654 2219; x_wconf 86' lang='lat' dir='ltr'><strong>molesti</strong></span> <span class='ocrx_word' id='word_1_156' title='bbox 1673 2161 1964 2223; x_wconf 72' lang='lat' dir='ltr'><strong>videamur,</strong></span> <span class='ocrx_word' id='word_1_157' title='bbox 1985 2158 2111 2213; x_wconf 90' lang='lat' dir='ltr'><strong>dum</strong></span> 
     </span>
    </p>
   </div>
   <div class='ocr_carea' id='block_1_21' title="bbox 521 2253 2112 2338">
    <p class='ocr_par' dir='ltr' id='par_1_21' title="bbox 521 2253 2112 2338">
     <span class='ocr_line' id='line_1_21' title="bbox 521 2253 2112 2338; baseline -0.009 -15"><span class='ocrx_word' id='word_1_158' title='bbox 521 2277 700 2324; x_wconf 90' lang='lat' dir='ltr'><strong>tamen</strong></span> <span class='ocrx_word' id='word_1_159' title='bbox 747 2266 1004 2338; x_wconf 87' lang='lat' dir='ltr'><strong>quosdam</strong></span> <span class='ocrx_word' id='word_1_160' title='bbox 1048 2262 1394 2319; x_wconf 72' lang='lat' dir='ltr'><strong>mdiiicemus.</strong></span> <span class='ocrx_word' id='word_1_161' title='bbox 1426 2258 1681 2314; x_wconf 84' lang='lat' dir='ltr'><strong>Novimus</strong></span> <span class='ocrx_word' id='word_1_162' title='bbox 1725 2256 1866 2311; x_wconf 90' lang='lat' dir='ltr'><strong>enim</strong></span> <span class='ocrx_word' id='word_1_163' title='bbox 1914 2253 2112 2309; x_wconf 92' lang='lat' dir='ltr'><strong>multos</strong></span> 
     </span>
    </p>
   </div>
   <div class='ocr_carea' id='block_1_22' title="bbox 520 2347 2112 2428">
    <p class='ocr_par' dir='ltr' id='par_1_22' title="bbox 520 2347 2112 2428">
     <span class='ocr_line' id='line_1_22' title="bbox 520 2347 2112 2428; baseline -0.012 -12"><span class='ocrx_word' id='word_1_164' title='bbox 520 2375 639 2416; x_wconf 85' lang='lat' dir='ltr'><strong>esse</strong></span> <span class='ocrx_word' id='word_1_165' title='bbox 661 2368 715 2415; x_wconf 87' lang='lat' dir='ltr'><strong>et</strong></span> <span class='ocrx_word' id='word_1_166' title='bbox 740 2358 995 2414; x_wconf 89' lang='lat' dir='ltr'><strong>memoria</strong></span> <span class='ocrx_word' id='word_1_167' title='bbox 1022 2355 1398 2428; x_wconf 64' lang='lat' dir='ltr'><strong>pra-valentes,</strong></span> <span class='ocrx_word' id='word_1_168' title='bbox 1426 2360 1481 2406; x_wconf 90' lang='lat' dir='ltr'><strong>et</strong></span> <span class='ocrx_word' id='word_1_169' title='bbox 1511 2348 1754 2405; x_wconf 87' lang='lat' dir='ltr'><strong>lectionis</strong></span> <span class='ocrx_word' id='word_1_170' title='bbox 1780 2347 1974 2400; x_wconf 73' lang='lat' dir='ltr'><strong>divina:</strong></span> <span class='ocrx_word' id='word_1_171' title='bbox 1999 2353 2112 2398; x_wconf 91' lang='lat' dir='ltr'><strong>stu-</strong></span> 
     </span>
    </p>
   </div>
   <div class='ocr_carea' id='block_1_23' title="bbox 518 2437 2112 2523">
    <p class='ocr_par' dir='ltr' id='par_1_23' title="bbox 518 2437 2112 2523">
     <span class='ocr_line' id='line_1_23' title="bbox 518 2437 2112 2523; baseline -0.011 -14"><span class='ocrx_word' id='word_1_172' title='bbox 518 2452 719 2521; x_wconf 87' lang='lat' dir='ltr'><strong>diosos,</strong></span> <span class='ocrx_word' id='word_1_173' title='bbox 750 2453 838 2523; x_wconf 88' lang='lat' dir='ltr'><strong>qui</strong></span> <span class='ocrx_word' id='word_1_174' title='bbox 867 2468 927 2507; x_wconf 88' lang='lat' dir='ltr'><strong>ea</strong></span> <span class='ocrx_word' id='word_1_175' title='bbox 958 2468 1075 2522; x_wconf 75' lang='lat' dir='ltr'><strong>qua:</strong></span> <span class='ocrx_word' id='word_1_176' title='bbox 1114 2448 1305 2504; x_wconf 84' lang='lat' dir='ltr'><strong>dicturi</strong></span> <span class='ocrx_word' id='word_1_177' title='bbox 1342 2460 1524 2499; x_wconf 89' lang='lat' dir='ltr'><strong>sumus</strong></span> <span class='ocrx_word' id='word_1_178' title='bbox 1564 2448 1862 2503; x_wconf 89' lang='lat' dir='ltr'><strong>noverunt;</strong></span> <span class='ocrx_word' id='word_1_179' title='bbox 1889 2449 1940 2491; x_wconf 91' lang='lat' dir='ltr'><strong>et</strong></span> <span class='ocrx_word' id='word_1_180' title='bbox 1978 2437 2112 2492; x_wconf 80' lang='lat' dir='ltr'><strong>forte</strong></span> 
     </span>
    </p>
   </div>
   <div class='ocr_carea' id='block_1_24' title="bbox 518 2529 2111 2612">
    <p class='ocr_par' dir='ltr' id='par_1_24' title="bbox 518 2529 2111 2612">
     <span class='ocr_line' id='line_1_24' title="bbox 518 2529 2111 2612; baseline -0.012 -10"><span class='ocrx_word' id='word_1_181' title='bbox 518 2562 619 2603; x_wconf 92' lang='lat' dir='ltr'><strong>nos</strong></span> <span class='ocrx_word' id='word_1_182' title='bbox 645 2561 707 2601; x_wconf 85' lang='lat' dir='ltr'><strong>ea</strong></span> <span class='ocrx_word' id='word_1_183' title='bbox 736 2547 920 2599; x_wconf 86' lang='lat' dir='ltr'><strong>volunt</strong></span> <span class='ocrx_word' id='word_1_184' title='bbox 948 2544 1126 2597; x_wconf 86' lang='lat' dir='ltr'><strong>dicere</strong></span> <span class='ocrx_word' id='word_1_185' title='bbox 1165 2556 1284 2612; x_wconf 76' lang='lat' dir='ltr'><strong>qua:</strong></span> <span class='ocrx_word' id='word_1_186' title='bbox 1322 2554 1425 2592; x_wconf 90' lang='lat' dir='ltr'><strong>non</strong></span> <span class='ocrx_word' id='word_1_187' title='bbox 1458 2542 1740 2591; x_wconf 88' lang='lat' dir='ltr'><strong>noverunt.</strong></span> <span class='ocrx_word' id='word_1_188' title='bbox 1773 2530 1877 2586; x_wconf 88' lang='lat' dir='ltr'><strong>Sed</strong></span> <span class='ocrx_word' id='word_1_189' title='bbox 1904 2530 1946 2584; x_wconf 91' lang='lat' dir='ltr'><strong>si</strong></span> <span class='ocrx_word' id='word_1_190' title='bbox 1973 2529 2111 2583; x_wconf 88' lang='lat' dir='ltr'><strong>cele-</strong></span> 
     </span>
    </p>
   </div>
   <div class='ocr_carea' id='block_1_25' title="bbox 517 2622 2111 2703">
    <p class='ocr_par' dir='ltr' id='par_1_25' title="bbox 517 2622 2111 2703">
     <span class='ocr_line' id='line_1_25' title="bbox 517 2622 2111 2703; baseline -0.012 -8"><span class='ocrx_word' id='word_1_191' title='bbox 517 2640 690 2695; x_wconf 86' lang='lat' dir='ltr'><strong>riores</strong></span> <span class='ocrx_word' id='word_1_192' title='bbox 717 2647 862 2701; x_wconf 87' lang='lat' dir='ltr'><strong>sunt,</strong></span> <span class='ocrx_word' id='word_1_193' title='bbox 886 2639 1189 2691; x_wconf 87' lang='lat' dir='ltr'><strong>intueantur</strong></span> <span class='ocrx_word' id='word_1_194' title='bbox 1212 2632 1335 2703; x_wconf 92' lang='lat' dir='ltr'><strong>quia</strong></span> <span class='ocrx_word' id='word_1_195' title='bbox 1356 2646 1475 2685; x_wconf 91' lang='lat' dir='ltr'><strong>cum</strong></span> <span class='ocrx_word' id='word_1_196' title='bbox 1497 2626 1818 2683; x_wconf 87' lang='lat' dir='ltr'><strong>tardioribus</strong></span> <span class='ocrx_word' id='word_1_197' title='bbox 1839 2622 2111 2678; x_wconf 89' lang='lat' dir='ltr'><strong>ambulant</strong></span> 
     </span>
    </p>
   </div>
   <div class='ocr_carea' id='block_1_26' title="bbox 518 2718 2110 2796">
    <p class='ocr_par' dir='ltr' id='par_1_26' title="bbox 518 2718 2110 2796">
     <span class='ocr_line' id='line_1_26' title="bbox 518 2718 2110 2796; baseline -0.011 -10"><span class='ocrx_word' id='word_1_198' title='bbox 518 2732 679 2786; x_wconf 83' lang='lat' dir='ltr'><strong>viam.</strong></span> <span class='ocrx_word' id='word_1_199' title='bbox 708 2728 934 2796; x_wconf 85' lang='lat' dir='ltr'><strong>Quando</strong></span> <span class='ocrx_word' id='word_1_200' title='bbox 969 2735 1146 2782; x_wconf 88' lang='lat' dir='ltr'><strong>autem</strong></span> <span class='ocrx_word' id='word_1_201' title='bbox 1175 2725 1280 2779; x_wconf 90' lang='lat' dir='ltr'><strong>duo</strong></span> <span class='ocrx_word' id='word_1_202' title='bbox 1307 2722 1531 2778; x_wconf 90' lang='lat' dir='ltr'><strong>comites</strong></span> <span class='ocrx_word' id='word_1_203' title='bbox 1557 2735 1717 2775; x_wconf 88' lang='lat' dir='ltr'><strong>unam</strong></span> <span class='ocrx_word' id='word_1_204' title='bbox 1749 2719 1887 2772; x_wconf 89' lang='lat' dir='ltr'><strong>viam</strong></span> <span class='ocrx_word' id='word_1_205' title='bbox 1918 2718 2110 2770; x_wconf 87' lang='lat' dir='ltr'><strong>ambu-</strong></span> 
     </span>
    </p>
   </div>
   <div class='ocr_carea' id='block_1_27' title="bbox 518 2808 2113 2889">
    <p class='ocr_par' dir='ltr' id='par_1_27' title="bbox 518 2808 2113 2889">
     <span class='ocr_line' id='line_1_27' title="bbox 518 2808 2113 2889; baseline -0.011 -12"><span class='ocrx_word' id='word_1_206' title='bbox 518 2819 648 2886; x_wconf 90' lang='lat' dir='ltr'><strong>lant,</strong></span> <span class='ocrx_word' id='word_1_207' title='bbox 677 2835 902 2889; x_wconf 88' lang='lat' dir='ltr'><strong>quorum</strong></span> <span class='ocrx_word' id='word_1_208' title='bbox 932 2826 1013 2872; x_wconf 90' lang='lat' dir='ltr'><strong>est</strong></span> <span class='ocrx_word' id='word_1_209' title='bbox 1042 2830 1177 2871; x_wconf 91' lang='lat' dir='ltr'><strong>unus</strong></span> <span class='ocrx_word' id='word_1_210' title='bbox 1200 2813 1444 2876; x_wconf 89' lang='lat' dir='ltr'><strong>celerior,</strong></span> <span class='ocrx_word' id='word_1_211' title='bbox 1473 2810 1608 2864; x_wconf 86' lang='lat' dir='ltr'><strong>alter</strong></span> <span class='ocrx_word' id='word_1_212' title='bbox 1639 2808 1860 2873; x_wconf 87' lang='lat' dir='ltr'><strong>tardior,</strong></span> <span class='ocrx_word' id='word_1_213' title='bbox 1881 2808 1931 2861; x_wconf 92' lang='lat' dir='ltr'><strong>in</strong></span> <span class='ocrx_word' id='word_1_214' title='bbox 1962 2814 2113 2876; x_wconf 81' lang='lat' dir='ltr'><strong>pote—</strong></span> 
     </span>
    </p>
   </div>
   <div class='ocr_carea' id='block_1_28' title="bbox 519 2901 2109 2968">
    <p class='ocr_par' dir='ltr' id='par_1_28' title="bbox 519 2901 2109 2968">
     <span class='ocr_line' id='line_1_28' title="bbox 519 2901 2109 2968; baseline -0.009 0"><span class='ocrx_word' id='word_1_215' title='bbox 519 2922 657 2968; x_wconf 89' lang='lat' dir='ltr'><strong>state</strong></span> <span class='ocrx_word' id='word_1_216' title='bbox 684 2910 961 2967; x_wconf 89' lang='lat' dir='ltr'><strong>celerioris</strong></span> <span class='ocrx_word' id='word_1_217' title='bbox 986 2917 1067 2963; x_wconf 90' lang='lat' dir='ltr'><strong>cst</strong></span> <span class='ocrx_word' id='word_1_218' title='bbox 1098 2916 1157 2962; x_wconf 90' lang='lat' dir='ltr'><strong>ut</strong></span> <span class='ocrx_word' id='word_1_219' title='bbox 1185 2922 1305 2961; x_wconf 92' lang='lat' dir='ltr'><strong>cum</strong></span> <span class='ocrx_word' id='word_1_220' title='bbox 1338 2905 1431 2959; x_wconf 90' lang='lat' dir='ltr'><strong>illo</strong></span> <span class='ocrx_word' id='word_1_221' title='bbox 1460 2902 1696 2957; x_wconf 90' lang='lat' dir='ltr'><strong>ambulet</strong></span> <span class='ocrx_word' id='word_1_222' title='bbox 1732 2901 1932 2955; x_wconf 86' lang='lat' dir='ltr'><strong>tardior</strong></span> <span class='ocrx_word' id='word_1_223' title='bbox 1957 2941 1970 2963; x_wconf 91' lang='lat'><strong>,</strong></span> <span class='ocrx_word' id='word_1_224' title='bbox 2002 2915 2109 2953; x_wconf 83' lang='lat' dir='ltr'><strong>non</strong></span> 
     </span>
    </p>
   </div>
   <div class='ocr_carea' id='block_1_29' title="bbox 517 2994 2109 3074">
    <p class='ocr_par' dir='ltr' id='par_1_29' title="bbox 517 2994 2109 3074">
     <span class='ocr_line' id='line_1_29' title="bbox 517 2994 2109 3074; baseline -0.009 -14"><span class='ocrx_word' id='word_1_225' title='bbox 517 3004 573 3060; x_wconf 79' lang='lat' dir='ltr'><strong>in</strong></span> <span class='ocrx_word' id='word_1_226' title='bbox 613 3011 873 3074; x_wconf 85' lang='lat' dir='ltr'><strong>potestate</strong></span> <span class='ocrx_word' id='word_1_227' title='bbox 914 2999 1197 3066; x_wconf 89' lang='lat' dir='ltr'><strong>tardioris;</strong></span> <span class='ocrx_word' id='word_1_228' title='bbox 1227 2998 1347 3069; x_wconf 88' lang='lat' dir='ltr'><strong>quia</strong></span> <span class='ocrx_word' id='word_1_229' title='bbox 1394 2996 1437 3050; x_wconf 91' lang='lat' dir='ltr'><strong>si</strong></span> <span class='ocrx_word' id='word_1_230' title='bbox 1483 2995 1613 3050; x_wconf 85' lang='lat' dir='ltr'><strong>velit</strong></span> <span class='ocrx_word' id='word_1_231' title='bbox 1640 2994 1866 3049; x_wconf 88' lang='lat' dir='ltr'><strong>celerior</strong></span> <span class='ocrx_word' id='word_1_232' title='bbox 1907 3002 2109 3047; x_wconf 88' lang='lat' dir='ltr'><strong>tantum</strong></span> 
     </span>
    </p>
   </div>
   <div class='ocr_carea' id='block_1_30' title="bbox 517 3088 2105 3167">
    <p class='ocr_par' dir='ltr' id='par_1_30' title="bbox 517 3088 2105 3167">
     <span class='ocr_line' id='line_1_30' title="bbox 517 3088 2105 3167; baseline -0.008 -15"><span class='ocrx_word' id='word_1_233' title='bbox 517 3097 694 3152; x_wconf 83' lang='lat' dir='ltr'><strong>facere</strong></span> <span class='ocrx_word' id='word_1_234' title='bbox 736 3103 991 3167; x_wconf 92' lang='lat' dir='ltr'><strong>quantum</strong></span> <span class='ocrx_word' id='word_1_235' title='bbox 1039 3102 1256 3165; x_wconf 89' lang='lat' dir='ltr'><strong>potest,</strong></span> <span class='ocrx_word' id='word_1_236' title='bbox 1287 3091 1487 3145; x_wconf 80' lang='lat' dir='ltr'><strong>tardior</strong></span> <span class='ocrx_word' id='word_1_237' title='bbox 1513 3089 1661 3143; x_wconf 90' lang='lat' dir='ltr'><strong>illum</strong></span> <span class='ocrx_word' id='word_1_238' title='bbox 1710 3104 1813 3142; x_wconf 90' lang='lat' dir='ltr'><strong>non</strong></span> <span class='ocrx_word' id='word_1_239' title='bbox 1848 3088 2105 3157; x_wconf 86' lang='lat' dir='ltr'><strong>sequitur.</strong></span> 
     </span>
    </p>
   </div>
   <div class='ocr_carea' id='block_1_31' title="bbox 516 3184 2106 3263">
    <p class='ocr_par' dir='ltr' id='par_1_31' title="bbox 516 3184 2106 3263">
     <span class='ocr_line' id='line_1_31' title="bbox 516 3184 2106 3263; baseline -0.009 -15"><span class='ocrx_word' id='word_1_240' title='bbox 516 3192 663 3263; x_wconf 89' lang='lat' dir='ltr'><strong>Opus</strong></span> <span class='ocrx_word' id='word_1_241' title='bbox 692 3202 773 3247; x_wconf 89' lang='lat' dir='ltr'><strong>est</strong></span> <span class='ocrx_word' id='word_1_242' title='bbox 799 3207 925 3261; x_wconf 84' lang='lat' dir='ltr'><strong>ergo</strong></span> <span class='ocrx_word' id='word_1_243' title='bbox 955 3199 1012 3245; x_wconf 92' lang='lat' dir='ltr'><strong>ut</strong></span> <span class='ocrx_word' id='word_1_244' title='bbox 1037 3188 1264 3244; x_wconf 89' lang='lat' dir='ltr'><strong>celerior</strong></span> <span class='ocrx_word' id='word_1_245' title='bbox 1290 3185 1525 3242; x_wconf 87' lang='lat' dir='ltr'><strong>refrenet</strong></span> <span class='ocrx_word' id='word_1_246' title='bbox 1554 3184 1881 3240; x_wconf 87' lang='lat' dir='ltr'><strong>celeritatem</strong></span> <span class='ocrx_word' id='word_1_247' title='bbox 1915 3198 2064 3237; x_wconf 89' lang='lat' dir='ltr'><strong>suam</strong></span> <span class='ocrx_word' id='word_1_248' title='bbox 2090 3225 2106 3248; x_wconf 91' lang='lat'><strong>,</strong></span> 
     </span>
    </p>
   </div>
   <div class='ocr_carea' id='block_1_32' title="bbox 516 3276 2110 3355">
    <p class='ocr_par' dir='ltr' id='par_1_32' title="bbox 516 3276 2110 3355">
     <span class='ocr_line' id='line_1_32' title="bbox 516 3276 2110 3355; baseline -0.006 -14"><span class='ocrx_word' id='word_1_249' title='bbox 516 3293 572 3342; x_wconf 87' lang='lat' dir='ltr'><strong>et</strong></span> <span class='ocrx_word' id='word_1_250' title='bbox 591 3300 694 3340; x_wconf 92' lang='lat' dir='ltr'><strong>non</strong></span> <span class='ocrx_word' id='word_1_251' title='bbox 715 3285 979 3355; x_wconf 91' lang='lat' dir='ltr'><strong>relinquat</strong></span> <span class='ocrx_word' id='word_1_252' title='bbox 1001 3283 1250 3338; x_wconf 90' lang='lat' dir='ltr'><strong>comitem</strong></span> <span class='ocrx_word' id='word_1_253' title='bbox 1268 3280 1573 3335; x_wconf 89' lang='lat' dir='ltr'><strong>tardiorem.</strong></span> <span class='ocrx_word' id='word_1_254' title='bbox 1594 3278 1707 3334; x_wconf 83' lang='lat' dir='ltr'><strong>Hoc</strong></span> <span class='ocrx_word' id='word_1_255' title='bbox 1726 3286 1806 3332; x_wconf 88' lang='lat' dir='ltr'><strong>est</strong></span> <span class='ocrx_word' id='word_1_256' title='bbox 1824 3292 1950 3347; x_wconf 90' lang='lat' dir='ltr'><strong>ergo</strong></span> <span class='ocrx_word' id='word_1_257' title='bbox 1965 3276 2110 3347; x_wconf 92' lang='lat' dir='ltr'><strong>quod</strong></span> 
     </span>
    </p>
   </div>
   <div class='ocr_carea' id='block_1_33' title="bbox 516 3370 2112 3447">
    <p class='ocr_par' dir='ltr' id='par_1_33' title="bbox 516 3370 2112 3447">
     <span class='ocr_line' id='line_1_33' title="bbox 516 3370 2112 3447; baseline -0.008 -13"><span class='ocrx_word' id='word_1_258' title='bbox 516 3378 641 3435; x_wconf 81' lang='lat' dir='ltr'><strong>dixi&#39;</strong></span> <span class='ocrx_word' id='word_1_259' title='bbox 668 3394 754 3434; x_wconf 88' lang='lat' dir='ltr'><strong>me</strong></span> <span class='ocrx_word' id='word_1_260' title='bbox 794 3393 937 3447; x_wconf 82' lang='lat' dir='ltr'><strong>saepe</strong></span> <span class='ocrx_word' id='word_1_261' title='bbox 984 3376 1221 3441; x_wconf 84' lang='lat' dir='ltr'><strong>dixisse,</strong></span> <span class='ocrx_word' id='word_1_262' title='bbox 1249 3383 1299 3429; x_wconf 88' lang='lat' dir='ltr'><strong>et</strong></span> <span class='ocrx_word' id='word_1_263' title='bbox 1342 3388 1484 3427; x_wconf 91' lang='lat' dir='ltr'><strong>nunc</strong></span> <span class='ocrx_word' id='word_1_264' title='bbox 1532 3372 1722 3426; x_wconf 87' lang='lat' dir='ltr'><strong>iterum</strong></span> <span class='ocrx_word' id='word_1_265' title='bbox 1762 3370 1880 3424; x_wconf 90' lang='lat' dir='ltr'><strong>dico</strong></span> <span class='ocrx_word' id='word_1_266' title='bbox 1920 3388 1933 3424; x_wconf 89' lang='lat'><strong>:</strong></span> <span class='ocrx_word' id='word_1_267' title='bbox 1976 3370 2112 3423; x_wconf 87' lang='lat' dir='ltr'><strong>sicut</strong></span> 
     </span>
    </p>
   </div>
   <div class='ocr_carea' id='block_1_34' title="bbox 516 3462 2111 3540">
    <p class='ocr_par' dir='ltr' id='par_1_34' title="bbox 516 3462 2111 3540">
     <span class='ocr_line' id='line_1_34' title="bbox 516 3462 2111 3540; baseline -0.008 -14"><span class='ocrx_word' id='word_1_268' title='bbox 516 3464 647 3526; x_wconf 81' lang='lat' dir='ltr'><strong>dicit</strong></span> <span class='ocrx_word' id='word_1_269' title='bbox 674 3471 983 3540; x_wconf 82' lang='lat' dir='ltr'><strong>Apostolus,</strong></span> <span class='ocrx_word' id='word_1_270' title='bbox 1006 3468 1199 3521; x_wconf 85' lang='lat' dir='ltr'><strong>Eadem</strong></span> <span class='ocrx_word' id='word_1_271' title='bbox 1224 3466 1434 3520; x_wconf 80' lang='lat' dir='ltr'><strong>scribere</strong></span> <span class='ocrx_word' id='word_1_272' title='bbox 1454 3463 1609 3529; x_wconf 80' lang='lat' dir='ltr'><strong>vobis,</strong></span> <span class='ocrx_word' id='word_1_273' title='bbox 1640 3462 1763 3515; x_wconf 84' lang='lat' dir='ltr'><strong>mihi</strong></span> <span class='ocrx_word' id='word_1_274' title='bbox 1788 3462 1985 3531; x_wconf 79' lang='lat' dir='ltr'><strong>quidem</strong></span> <span class='ocrx_word' id='word_1_275' title='bbox 2010 3477 2111 3514; x_wconf 82' lang='lat' dir='ltr'><strong>non</strong></span> 
     </span>
    </p>
   </div>
   <div class='ocr_carea' id='block_1_35' title="bbox 518 3553 2111 3634">
    <p class='ocr_par' dir='ltr' id='par_1_35' title="bbox 518 3553 2111 3634">
     <span class='ocr_line' id='line_1_35' title="bbox 518 3553 2111 3634; baseline -0.007 -17"><span class='ocrx_word' id='word_1_276' title='bbox 518 3563 750 3634; x_wconf 84' lang='lat' dir='ltr'><strong>pigrum,</strong></span> <span class='ocrx_word' id='word_1_277' title='bbox 781 3560 916 3615; x_wconf 78' lang='lat' dir='ltr'><strong>vobis</strong></span> <span class='ocrx_word' id='word_1_278' title='bbox 941 3570 1106 3613; x_wconf 86' lang='lat' dir='ltr'><strong>autem</strong></span> <span class='ocrx_word' id='word_1_279' title='bbox 1132 3568 1291 3612; x_wconf 87' lang='lat' dir='ltr'><strong>tutum</strong></span> <span class='ocrx_word' id='word_1_280' title='bbox 1319 3556 1338 3628; x_wconf 94' lang='lat'><strong>(</strong></span> <span class='ocrx_word' id='word_1_281' title='bbox 1366 3555 1596 3627; x_wconf 81' lang='lat' dir='ltr'><strong>Philipp.</strong></span> <span class='ocrx_word' id='word_1_282' title='bbox 1620 3570 1697 3620; x_wconf 85' lang='lat' dir='ltr'><strong>tn,</strong></span> <span class='ocrx_word' id='word_1_283' title='bbox 1731 3554 1752 3607; x_wconf 87' lang='lat' dir='ltr'><strong>l</strong></span> <span class='ocrx_word' id='word_1_284' title='bbox 1783 3554 1820 3622; x_wconf 91' lang='lat'><strong>).</strong></span> <span class='ocrx_word' id='word_1_285' title='bbox 1854 3553 2111 3607; x_wconf 88' lang='lat' dir='ltr'><strong>Dominus</strong></span> 
     </span>
    </p>
   </div>
   <div class='ocr_carea' id='block_1_36' title="bbox 519 3646 2111 3719">
    <p class='ocr_par' dir='ltr' id='par_1_36' title="bbox 519 3646 2111 3719">
     <span class='ocr_line' id='line_1_36' title="bbox 519 3646 2111 3719; baseline -0.008 -8"><span class='ocrx_word' id='word_1_286' title='bbox 519 3664 704 3711; x_wconf 91' lang='lat' dir='ltr'><strong>noster</strong></span> <span class='ocrx_word' id='word_1_287' title='bbox 732 3654 887 3710; x_wconf 87' lang='lat' dir='ltr'><strong>Jesus</strong></span> <span class='ocrx_word' id='word_1_288' title='bbox 914 3653 1178 3717; x_wconf 75' lang='lat' dir='ltr'><strong>Christus,</strong></span> <span class='ocrx_word' id='word_1_289' title='bbox 1201 3660 1448 3719; x_wconf 89' lang='lat' dir='ltr'><strong>tanquam</strong></span> <span class='ocrx_word' id='word_1_290' title='bbox 1478 3657 1619 3702; x_wconf 91' lang='lat' dir='ltr'><strong>totus</strong></span> <span class='ocrx_word' id='word_1_291' title='bbox 1648 3646 1911 3717; x_wconf 84' lang='lat' dir='ltr'><strong>perfectus</strong></span> <span class='ocrx_word' id='word_1_292' title='bbox 1928 3647 2027 3709; x_wconf 88' lang='lat' dir='ltr'><strong>vir,</strong></span> <span class='ocrx_word' id='word_1_293' title='bbox 2058 3655 2111 3700; x_wconf 88' lang='lat' dir='ltr'><strong>et</strong></span> 
     </span>
    </p>
   </div>
   <div class='ocr_carea' id='block_1_37' title="bbox 518 3739 2103 3819">
    <p class='ocr_par' dir='ltr' id='par_1_37' title="bbox 518 3739 2103 3819">
     <span class='ocr_line' id='line_1_37' title="bbox 518 3739 2103 3819; baseline -0.008 -16"><span class='ocrx_word' id='word_1_294' title='bbox 518 3756 705 3819; x_wconf 89' lang='lat' dir='ltr'><strong>caput,</strong></span> <span class='ocrx_word' id='word_1_295' title='bbox 730 3754 785 3802; x_wconf 90' lang='lat' dir='ltr'><strong>et</strong></span> <span class='ocrx_word' id='word_1_296' title='bbox 804 3760 1000 3817; x_wconf 83' lang='lat' dir='ltr'><strong>corpus</strong></span> <span class='ocrx_word' id='word_1_297' title='bbox 1032 3763 1045 3800; x_wconf 88' lang='lat'><strong>:</strong></span> <span class='ocrx_word' id='word_1_298' title='bbox 1074 3752 1233 3814; x_wconf 89' lang='lat' dir='ltr'><strong>caput</strong></span> <span class='ocrx_word' id='word_1_299' title='bbox 1261 3743 1312 3795; x_wconf 91' lang='lat' dir='ltr'><strong>in</strong></span> <span class='ocrx_word' id='word_1_300' title='bbox 1344 3742 1437 3795; x_wconf 90' lang='lat' dir='ltr'><strong>illo</strong></span> <span class='ocrx_word' id='word_1_301' title='bbox 1468 3740 1685 3794; x_wconf 88' lang='lat' dir='ltr'><strong>homine</strong></span> <span class='ocrx_word' id='word_1_302' title='bbox 1713 3739 2054 3808; x_wconf 76' lang='lat' dir='ltr'><strong>agnoscimus</strong></span> <span class='ocrx_word' id='word_1_303' title='bbox 2088 3780 2103 3805; x_wconf 97' lang='lat'><strong>,</strong></span> 
     </span>
    </p>
   </div>
   <div class='ocr_carea' id='block_1_38' title="bbox 519 3831 2107 3912">
    <p class='ocr_par' dir='ltr' id='par_1_38' title="bbox 519 3831 2107 3912">
     <span class='ocr_line' id='line_1_38' title="bbox 519 3831 2107 3912; baseline -0.007 -17"><span class='ocrx_word' id='word_1_304' title='bbox 519 3841 607 3912; x_wconf 89' lang='lat' dir='ltr'><strong>qui</strong></span> <span class='ocrx_word' id='word_1_305' title='bbox 640 3849 793 3895; x_wconf 91' lang='lat' dir='ltr'><strong>natus</strong></span> <span class='ocrx_word' id='word_1_306' title='bbox 821 3848 905 3895; x_wconf 88' lang='lat' dir='ltr'><strong>est</strong></span> <span class='ocrx_word' id='word_1_307' title='bbox 928 3839 993 3892; x_wconf 87' lang='lat' dir='ltr'><strong>de</strong></span> <span class='ocrx_word' id='word_1_308' title='bbox 1020 3838 1181 3891; x_wconf 80' lang='lat' dir='ltr'><strong>Maria</strong></span> <span class='ocrx_word' id='word_1_309' title='bbox 1204 3834 1406 3903; x_wconf 81' lang='lat' dir='ltr'><strong>virgine</strong></span> <span class='ocrx_word' id='word_1_310' title='bbox 1426 3876 1439 3898; x_wconf 92' lang='lat'><strong>,</strong></span> <span class='ocrx_word' id='word_1_311' title='bbox 1465 3848 1657 3903; x_wconf 90' lang='lat' dir='ltr'><strong>passus</strong></span> <span class='ocrx_word' id='word_1_312' title='bbox 1681 3832 1780 3886; x_wconf 92' lang='lat' dir='ltr'><strong>sub</strong></span> <span class='ocrx_word' id='word_1_313' title='bbox 1802 3832 1987 3885; x_wconf 89' lang='lat' dir='ltr'><strong>Pontio</strong></span> <span class='ocrx_word' id='word_1_314' title='bbox 2019 3831 2107 3885; x_wconf 87' lang='lat' dir='ltr'><strong>Pi-</strong></span> 
     </span>
    </p>
   </div>
   <div class='ocr_carea' id='block_1_39' title="bbox 518 3925 2111 4005">
    <p class='ocr_par' dir='ltr' id='par_1_39' title="bbox 518 3925 2111 4005">
     <span class='ocr_line' id='line_1_39' title="bbox 518 3925 2111 4005; baseline -0.006 -15"><span class='ocrx_word' id='word_1_315' title='bbox 518 3934 656 4001; x_wconf 89' lang='lat' dir='ltr'><strong>lato,</strong></span> <span class='ocrx_word' id='word_1_316' title='bbox 680 3935 917 4005; x_wconf 90' lang='lat' dir='ltr'><strong>sepultus</strong></span> <span class='ocrx_word' id='word_1_317' title='bbox 941 3973 956 3997; x_wconf 97' lang='lat'><strong>,</strong></span> <span class='ocrx_word' id='word_1_318' title='bbox 984 3930 1277 3987; x_wconf 80' lang='lat' dir='ltr'><strong>resurrexit</strong></span> <span class='ocrx_word' id='word_1_319' title='bbox 1296 3969 1309 3991; x_wconf 89' lang='lat'><strong>,</strong></span> <span class='ocrx_word' id='word_1_320' title='bbox 1338 3926 1583 3983; x_wconf 89' lang='lat' dir='ltr'><strong>ascendit</strong></span> <span class='ocrx_word' id='word_1_321' title='bbox 1614 3927 1664 3981; x_wconf 92' lang='lat' dir='ltr'><strong>in</strong></span> <span class='ocrx_word' id='word_1_322' title='bbox 1709 3926 1902 3981; x_wconf 63' lang='lat' dir='ltr'><strong>caelum</strong></span> <span class='ocrx_word' id='word_1_323' title='bbox 1920 3968 1934 3992; x_wconf 93' lang='lat'><strong>,</strong></span> <span class='ocrx_word' id='word_1_324' title='bbox 1962 3925 2111 3980; x_wconf 89' lang='lat' dir='ltr'><strong>sedet</strong></span> 
     </span>
    </p>
   </div>
   <div class='ocr_carea' id='block_1_40' title="bbox 520 4017 2108 4092">
    <p class='ocr_par' dir='ltr' id='par_1_40' title="bbox 520 4017 2108 4092">
     <span class='ocr_line' id='line_1_40' title="bbox 520 4017 2108 4092; baseline -0.008 -6"><span class='ocrx_word' id='word_1_325' title='bbox 520 4030 585 4086; x_wconf 91' lang='lat' dir='ltr'><strong>ad</strong></span> <span class='ocrx_word' id='word_1_326' title='bbox 614 4030 886 4085; x_wconf 79' lang='lat' dir='ltr'><strong>dexteram</strong></span> <span class='ocrx_word' id='word_1_327' title='bbox 917 4026 1120 4091; x_wconf 87' lang='lat' dir='ltr'><strong>Patris,</strong></span> <span class='ocrx_word' id='word_1_328' title='bbox 1151 4023 1274 4080; x_wconf 89' lang='lat' dir='ltr'><strong>inde</strong></span> <span class='ocrx_word' id='word_1_329' title='bbox 1302 4022 1449 4077; x_wconf 90' lang='lat' dir='ltr'><strong>illum</strong></span> <span class='ocrx_word' id='word_1_330' title='bbox 1476 4028 1849 4092; x_wconf 82' lang='lat' dir='ltr'><strong>exspectamus</strong></span> <span class='ocrx_word' id='word_1_331' title='bbox 1874 4017 2108 4088; x_wconf 90' lang='lat' dir='ltr'><strong>jndicem</strong></span> 
     </span>
    </p>
   </div>
   <div class='ocr_carea' id='block_1_41' title="bbox 518 4112 2111 4192">
    <p class='ocr_par' dir='ltr' id='par_1_41' title="bbox 518 4112 2111 4192">
     <span class='ocr_line' id='line_1_41' title="bbox 518 4112 2111 4192; baseline -0.008 -13"><span class='ocrx_word' id='word_1_332' title='bbox 518 4124 761 4179; x_wconf 88' lang='lat' dir='ltr'><strong>vivorum</strong></span> <span class='ocrx_word' id='word_1_333' title='bbox 805 4132 964 4192; x_wconf 90' lang='lat' dir='ltr'><strong>atque</strong></span> <span class='ocrx_word' id='word_1_334' title='bbox 1011 4117 1507 4184; x_wconf 90' lang='lat' dir='ltr'><strong>mortuorum;hoc</strong></span> <span class='ocrx_word' id='word_1_335' title='bbox 1534 4124 1616 4171; x_wconf 90' lang='lat' dir='ltr'><strong>est</strong></span> <span class='ocrx_word' id='word_1_336' title='bbox 1644 4124 1802 4183; x_wconf 90' lang='lat' dir='ltr'><strong>caput</strong></span> <span class='ocrx_word' id='word_1_337' title='bbox 1860 4112 2111 4167; x_wconf 67' lang='lat' dir='ltr'><strong>Ecclesia:</strong></span> 
     </span>
    </p>
   </div>
   <div class='ocr_carea' id='block_1_42' title="bbox 522 4206 2109 4286">
    <p class='ocr_par' dir='ltr' id='par_1_42' title="bbox 522 4206 2109 4286">
     <span class='ocr_line' id='line_1_42' title="bbox 522 4206 2109 4286; baseline -0.008 -16"><span class='ocrx_word' id='word_1_338' title='bbox 522 4216 736 4286; x_wconf 79' lang='lat' dir='ltr'><strong>(Ep/tes.</strong></span> <span class='ocrx_word' id='word_1_339' title='bbox 771 4230 828 4281; x_wconf 74' lang='grc' dir='ltr'>ν,</span> <span class='ocrx_word' id='word_1_340' title='bbox 850 4213 971 4282; x_wconf 66' lang='lat'><strong>23).</strong></span> <span class='ocrx_word' id='word_1_341' title='bbox 990 4212 1195 4281; x_wconf 87' lang='lat' dir='ltr'><strong>Corpus</strong></span> <span class='ocrx_word' id='word_1_342' title='bbox 1210 4210 1367 4278; x_wconf 88' lang='lat' dir='ltr'><strong>hujus</strong></span> <span class='ocrx_word' id='word_1_343' title='bbox 1395 4208 1583 4277; x_wconf 89' lang='lat' dir='ltr'><strong>capitis</strong></span> <span class='ocrx_word' id='word_1_344' title='bbox 1604 4206 1838 4261; x_wconf 88' lang='lat' dir='ltr'><strong>Ecclesia</strong></span> <span class='ocrx_word' id='word_1_345' title='bbox 1870 4213 1972 4271; x_wconf 87' lang='lat' dir='ltr'><strong>est,</strong></span> <span class='ocrx_word' id='word_1_346' title='bbox 2004 4220 2109 4258; x_wconf 89' lang='lat' dir='ltr'><strong>non</strong></span> 
     </span>
    </p>
   </div>
   <div class='ocr_carea' id='block_1_43' title="bbox 523 4298 2111 4377">
    <p class='ocr_par' dir='ltr' id='par_1_43' title="bbox 523 4298 2111 4377">
     <span class='ocr_line' id='line_1_43' title="bbox 523 4298 2111 4377; baseline -0.005 -18"><span class='ocrx_word' id='word_1_347' title='bbox 523 4323 642 4377; x_wconf 73' lang='lat' dir='ltr'><strong>qua:</strong></span> <span class='ocrx_word' id='word_1_348' title='bbox 685 4306 785 4360; x_wconf 92' lang='lat' dir='ltr'><strong>hoc</strong></span> <span class='ocrx_word' id='word_1_349' title='bbox 825 4304 945 4359; x_wconf 93' lang='lat' dir='ltr'><strong>loco</strong></span> <span class='ocrx_word' id='word_1_350' title='bbox 967 4312 1082 4369; x_wconf 89' lang='lat' dir='ltr'><strong>est,</strong></span> <span class='ocrx_word' id='word_1_351' title='bbox 1112 4302 1206 4357; x_wconf 89' lang='lat' dir='ltr'><strong>sed</strong></span> <span class='ocrx_word' id='word_1_352' title='bbox 1241 4309 1294 4355; x_wconf 92' lang='lat' dir='ltr'><strong>et</strong></span> <span class='ocrx_word' id='word_1_353' title='bbox 1320 4315 1438 4369; x_wconf 84' lang='lat' dir='ltr'><strong>quae</strong></span> <span class='ocrx_word' id='word_1_354' title='bbox 1468 4298 1570 4352; x_wconf 90' lang='lat' dir='ltr'><strong>hoc</strong></span> <span class='ocrx_word' id='word_1_355' title='bbox 1593 4298 1710 4352; x_wconf 92' lang='lat' dir='ltr'><strong>loco</strong></span> <span class='ocrx_word' id='word_1_356' title='bbox 1740 4306 1793 4351; x_wconf 90' lang='lat' dir='ltr'><strong>et</strong></span> <span class='ocrx_word' id='word_1_357' title='bbox 1822 4311 1915 4365; x_wconf 91' lang='lat' dir='ltr'><strong>per</strong></span> <span class='ocrx_word' id='word_1_358' title='bbox 1941 4304 2111 4351; x_wconf 90' lang='lat' dir='ltr'><strong>totum</strong></span> 
     </span>
    </p>
   </div>
   <div class='ocr_carea' id='block_1_44' title="bbox 522 4386 2112 4460">
    <p class='ocr_par' dir='ltr' id='par_1_44' title="bbox 522 4386 2112 4460">
     <span class='ocr_line' id='line_1_44' title="bbox 522 4386 2112 4460; baseline -0.008 -7"><span class='ocrx_word' id='word_1_359' title='bbox 522 4399 706 4453; x_wconf 85' lang='lat' dir='ltr'><strong>orbem</strong></span> <span class='ocrx_word' id='word_1_360' title='bbox 740 4406 999 4451; x_wconf 87' lang='lat' dir='ltr'><strong>terrarum</strong></span> <span class='ocrx_word' id='word_1_361' title='bbox 1035 4412 1048 4447; x_wconf 88' lang='lat'>:</span> <span class='ocrx_word' id='word_1_362' title='bbox 1082 4407 1182 4448; x_wconf 91' lang='lat' dir='ltr'><strong>nec</strong></span> <span class='ocrx_word' id='word_1_363' title='bbox 1221 4391 1309 4445; x_wconf 90' lang='lat' dir='ltr'><strong>illa</strong></span> <span class='ocrx_word' id='word_1_364' title='bbox 1338 4405 1457 4460; x_wconf 83' lang='lat' dir='ltr'><strong>quae</strong></span> <span class='ocrx_word' id='word_1_365' title='bbox 1486 4387 1589 4443; x_wconf 91' lang='lat' dir='ltr'><strong>hoc</strong></span> <span class='ocrx_word' id='word_1_366' title='bbox 1619 4396 1859 4457; x_wconf 88' lang='lat' dir='ltr'><strong>tempore</strong></span> <span class='ocrx_word' id='word_1_367' title='bbox 1880 4427 1894 4453; x_wconf 94' lang='lat'><strong>,</strong></span> <span class='ocrx_word' id='word_1_368' title='bbox 1920 4386 2011 4441; x_wconf 87' lang='lat' dir='ltr'><strong>sed</strong></span> <span class='ocrx_word' id='word_1_369' title='bbox 2045 4386 2112 4441; x_wconf 87' lang='lat' dir='ltr'><strong>ab</strong></span> 
     </span>
    </p>
   </div>
   <div class='ocr_carea' id='block_1_45' title="bbox 525 4481 2111 4561">
    <p class='ocr_par' dir='ltr' id='par_1_45' title="bbox 525 4481 2111 4561">
     <span class='ocr_line' id='line_1_45' title="bbox 525 4481 2111 4561; baseline -0.006 -16"><span class='ocrx_word' id='word_1_370' title='bbox 525 4492 640 4561; x_wconf 72' lang='lat' dir='ltr'><strong>ipso</strong></span> <span class='ocrx_word' id='word_1_371' title='bbox 668 4490 800 4545; x_wconf 90' lang='lat' dir='ltr'><strong>Abel</strong></span> <span class='ocrx_word' id='word_1_372' title='bbox 829 4502 999 4557; x_wconf 90' lang='lat' dir='ltr'><strong>usque</strong></span> <span class='ocrx_word' id='word_1_373' title='bbox 1034 4487 1100 4541; x_wconf 89' lang='lat' dir='ltr'><strong>ad</strong></span> <span class='ocrx_word' id='word_1_374' title='bbox 1131 4501 1225 4541; x_wconf 91' lang='lat' dir='ltr'><strong>eos</strong></span> <span class='ocrx_word' id='word_1_375' title='bbox 1254 4484 1343 4554; x_wconf 88' lang='lat' dir='ltr'><strong>qui</strong></span> <span class='ocrx_word' id='word_1_376' title='bbox 1382 4481 1638 4538; x_wconf 89' lang='lat' dir='ltr'><strong>nascituri</strong></span> <span class='ocrx_word' id='word_1_377' title='bbox 1682 4490 1806 4537; x_wconf 91' lang='lat' dir='ltr'><strong>sunt</strong></span> <span class='ocrx_word' id='word_1_378' title='bbox 1845 4495 2015 4547; x_wconf 89' lang='lat' dir='ltr'><strong>usque</strong></span> <span class='ocrx_word' id='word_1_379' title='bbox 2058 4481 2111 4535; x_wconf 90' lang='lat' dir='ltr'><strong>in</strong></span> 
     </span>
    </p>
   </div>
   <div class='ocr_carea' id='block_1_46' title="bbox 526 4574 2111 4645">
    <p class='ocr_par' dir='ltr' id='par_1_46' title="bbox 526 4574 2111 4645">
     <span class='ocr_line' id='line_1_46' title="bbox 526 4574 2111 4645; baseline -0.008 -5"><span class='ocrx_word' id='word_1_380' title='bbox 526 4588 685 4640; x_wconf 88' lang='lat' dir='ltr'><strong>tinem</strong></span> <span class='ocrx_word' id='word_1_381' title='bbox 713 4593 767 4640; x_wconf 91' lang='lat' dir='ltr'><strong>et</strong></span> <span class='ocrx_word' id='word_1_382' title='bbox 791 4581 1042 4640; x_wconf 89' lang='lat' dir='ltr'><strong>credituri</strong></span> <span class='ocrx_word' id='word_1_383' title='bbox 1066 4581 1120 4637; x_wconf 91' lang='lat' dir='ltr'><strong>in</strong></span> <span class='ocrx_word' id='word_1_384' title='bbox 1150 4577 1418 4635; x_wconf 88' lang='lat' dir='ltr'><strong>Christum</strong></span> <span class='ocrx_word' id='word_1_385' title='bbox 1435 4617 1451 4643; x_wconf 93' lang='lat'><strong>,</strong></span> <span class='ocrx_word' id='word_1_386' title='bbox 1482 4584 1623 4631; x_wconf 91' lang='lat' dir='ltr'><strong>totus</strong></span> <span class='ocrx_word' id='word_1_387' title='bbox 1643 4574 1869 4645; x_wconf 91' lang='lat' dir='ltr'><strong>populus</strong></span> <span class='ocrx_word' id='word_1_388' title='bbox 1896 4582 2111 4629; x_wconf 86' lang='lat' dir='ltr'><strong>sancto-</strong></span> 
     </span>
    </p>
   </div>
   <div class='ocr_carea' id='block_1_47' title="bbox 527 4664 2112 4738">
    <p class='ocr_par' dir='ltr' id='par_1_47' title="bbox 527 4664 2112 4738">
     <span class='ocr_line' id='line_1_47' title="bbox 527 4664 2112 4738; baseline -0.007 -6"><span class='ocrx_word' id='word_1_389' title='bbox 527 4692 643 4732; x_wconf 89' lang='lat' dir='ltr'><strong>rum</strong></span> <span class='ocrx_word' id='word_1_390' title='bbox 688 4675 756 4730; x_wconf 89' lang='lat' dir='ltr'><strong>ad</strong></span> <span class='ocrx_word' id='word_1_391' title='bbox 803 4688 962 4729; x_wconf 90' lang='lat' dir='ltr'><strong>unam</strong></span> <span class='ocrx_word' id='word_1_392' title='bbox 1006 4671 1272 4727; x_wconf 89' lang='lat' dir='ltr'><strong>civitatem</strong></span> <span class='ocrx_word' id='word_1_393' title='bbox 1320 4666 1734 4738; x_wconf 86' lang='lat' dir='ltr'><strong>pertinentium;</strong></span> <span class='ocrx_word' id='word_1_394' title='bbox 1767 4680 1885 4736; x_wconf 81' lang='lat' dir='ltr'><strong>quae</strong></span> <span class='ocrx_word' id='word_1_395' title='bbox 1927 4664 2112 4721; x_wconf 85' lang='lat' dir='ltr'><strong>civitas</strong></span> 
     </span>
    </p>
   </div>
   <div class='ocr_carea' id='block_1_48' title="bbox 526 4756 2113 4839">
    <p class='ocr_par' dir='ltr' id='par_1_48' title="bbox 526 4756 2113 4839">
     <span class='ocr_line' id='line_1_48' title="bbox 526 4756 2113 4839; baseline -0.007 -16"><span class='ocrx_word' id='word_1_396' title='bbox 526 4782 720 4839; x_wconf 89' lang='lat' dir='ltr'><strong>corpus</strong></span> <span class='ocrx_word' id='word_1_397' title='bbox 747 4775 830 4831; x_wconf 84' lang='lat' dir='ltr'><strong>est</strong></span> <span class='ocrx_word' id='word_1_398' title='bbox 853 4764 1083 4829; x_wconf 85' lang='lat' dir='ltr'><strong>Christi,</strong></span> <span class='ocrx_word' id='word_1_399' title='bbox 1113 4763 1198 4818; x_wconf 89' lang='lat' dir='ltr'><strong>cui</strong></span> <span class='ocrx_word' id='word_1_400' title='bbox 1227 4768 1383 4831; x_wconf 89' lang='lat' dir='ltr'><strong>caput</strong></span> <span class='ocrx_word' id='word_1_401' title='bbox 1407 4767 1485 4815; x_wconf 88' lang='lat' dir='ltr'><strong>est</strong></span> <span class='ocrx_word' id='word_1_402' title='bbox 1514 4757 1779 4813; x_wconf 89' lang='lat' dir='ltr'><strong>Christus.</strong></span> <span class='ocrx_word' id='word_1_403' title='bbox 1811 4756 1887 4812; x_wconf 91' lang='lat' dir='ltr'><strong>lbi</strong></span> <span class='ocrx_word' id='word_1_404' title='bbox 1908 4765 2032 4813; x_wconf 92' lang='lat' dir='ltr'><strong>sunt</strong></span> <span class='ocrx_word' id='word_1_405' title='bbox 2060 4766 2113 4813; x_wconf 91' lang='lat' dir='ltr'><strong>et</strong></span> 
     </span>
    </p>
   </div>
   <div class='ocr_carea' id='block_1_49' title="bbox 528 4848 2111 4931">
    <p class='ocr_par' dir='ltr' id='par_1_49' title="bbox 528 4848 2111 4931">
     <span class='ocr_line' id='line_1_49' title="bbox 528 4848 2111 4931; baseline -0.008 -16"><span class='ocrx_word' id='word_1_406' title='bbox 528 4859 715 4931; x_wconf 82' lang='lat' dir='ltr'><strong>Angeli</strong></span> <span class='ocrx_word' id='word_1_407' title='bbox 742 4857 886 4913; x_wconf 87' lang='lat' dir='ltr'><strong>cives</strong></span> <span class='ocrx_word' id='word_1_408' title='bbox 911 4855 1076 4911; x_wconf 89' lang='lat' dir='ltr'><strong>nostri</strong></span> <span class='ocrx_word' id='word_1_409' title='bbox 1108 4873 1120 4909; x_wconf 87' lang='lat'>:</span> <span class='ocrx_word' id='word_1_410' title='bbox 1152 4853 1245 4909; x_wconf 90' lang='lat' dir='ltr'><strong>sed</strong></span> <span class='ocrx_word' id='word_1_411' title='bbox 1275 4851 1395 4923; x_wconf 89' lang='lat' dir='ltr'><strong>quia</strong></span> <span class='ocrx_word' id='word_1_412' title='bbox 1440 4865 1538 4907; x_wconf 87' lang='lat' dir='ltr'><strong>nos</strong></span> <span class='ocrx_word' id='word_1_413' title='bbox 1570 4848 1997 4919; x_wconf 82' lang='lat' dir='ltr'><strong>peregrinamur,</strong></span> <span class='ocrx_word' id='word_1_414' title='bbox 2031 4848 2111 4903; x_wconf 88' lang='lat' dir='ltr'><strong>la-</strong></span> 
     </span>
    </p>
   </div>
   <div class='ocr_carea' id='block_1_50' title="bbox 528 4939 2110 5016">
    <p class='ocr_par' dir='ltr' id='par_1_50' title="bbox 528 4939 2110 5016">
     <span class='ocr_line' id='line_1_50' title="bbox 528 4939 2110 5016; baseline -0.01 -7"><span class='ocrx_word' id='word_1_415' title='bbox 528 4953 813 5016; x_wconf 86' lang='lat' dir='ltr'><strong>boramus;</strong></span> <span class='ocrx_word' id='word_1_416' title='bbox 848 4949 921 5004; x_wconf 90' lang='lat' dir='ltr'><strong>illi</strong></span> <span class='ocrx_word' id='word_1_417' title='bbox 948 4958 1129 5002; x_wconf 89' lang='lat' dir='ltr'><strong>autem</strong></span> <span class='ocrx_word' id='word_1_418' title='bbox 1161 4946 1212 4999; x_wconf 92' lang='lat' dir='ltr'><strong>in</strong></span> <span class='ocrx_word' id='word_1_419' title='bbox 1243 4943 1456 4998; x_wconf 82' lang='lat' dir='ltr'><strong>civitate</strong></span> <span class='ocrx_word' id='word_1_420' title='bbox 1484 4948 1798 5011; x_wconf 85' lang='lat' dir='ltr'><strong>exspectant</strong></span> <span class='ocrx_word' id='word_1_421' title='bbox 1825 4939 2110 4994; x_wconf 85' lang='lat' dir='ltr'><strong>adventum</strong></span> 
     </span>
    </p>
   </div>
   <div class='ocr_carea' id='block_1_51' title="bbox 526 5034 2112 5106">
    <p class='ocr_par' dir='ltr' id='par_1_51' title="bbox 526 5034 2112 5106">
     <span class='ocr_line' id='line_1_51' title="bbox 526 5034 2112 5106; baseline -0.01 -3"><span class='ocrx_word' id='word_1_422' title='bbox 526 5057 787 5103; x_wconf 88' lang='lat' dir='ltr'><strong>nostrum.</strong></span> <span class='ocrx_word' id='word_1_423' title='bbox 815 5044 883 5099; x_wconf 87' lang='lat' dir='ltr'><strong>Et</strong></span> <span class='ocrx_word' id='word_1_424' title='bbox 920 5040 987 5097; x_wconf 91' lang='lat' dir='ltr'><strong>de</strong></span> <span class='ocrx_word' id='word_1_425' title='bbox 1034 5040 1122 5095; x_wconf 91' lang='lat' dir='ltr'><strong>illa</strong></span> <span class='ocrx_word' id='word_1_426' title='bbox 1147 5038 1360 5094; x_wconf 88' lang='lat' dir='ltr'><strong>civitate</strong></span> <span class='ocrx_word' id='word_1_427' title='bbox 1388 5036 1529 5092; x_wconf 89' lang='lat' dir='ltr'><strong>unde</strong></span> <span class='ocrx_word' id='word_1_428' title='bbox 1558 5034 1961 5106; x_wconf 89' lang='lat' dir='ltr'><strong>peregrinamur</strong></span> <span class='ocrx_word' id='word_1_429' title='bbox 1984 5076 1997 5098; x_wconf 89' lang='lat'><strong>,</strong></span> <span class='ocrx_word' id='word_1_430' title='bbox 2026 5034 2112 5089; x_wconf 89' lang='lat' dir='ltr'><strong>lit-</strong></span> 
     </span>
    </p>
   </div>
   <div class='ocr_carea' id='block_1_52' title="bbox 527 5127 2112 5201">
    <p class='ocr_par' dir='ltr' id='par_1_52' title="bbox 527 5127 2112 5201">
     <span class='ocr_line' id='line_1_52' title="bbox 527 5127 2112 5201; baseline -0.009 -7"><span class='ocrx_word' id='word_1_431' title='bbox 527 5149 655 5195; x_wconf 73' lang='lat' dir='ltr'><strong>terte</strong></span> <span class='ocrx_word' id='word_1_432' title='bbox 688 5138 838 5193; x_wconf 89' lang='lat' dir='ltr'><strong>nobis</strong></span> <span class='ocrx_word' id='word_1_433' title='bbox 864 5139 1125 5190; x_wconf 87' lang='lat' dir='ltr'><strong>venerunt</strong></span> <span class='ocrx_word' id='word_1_434' title='bbox 1152 5149 1167 5185; x_wconf 88' lang='lat'><strong>:</strong></span> <span class='ocrx_word' id='word_1_435' title='bbox 1197 5130 1324 5201; x_wconf 84' lang='lat' dir='ltr'><strong>ipsae</strong></span> <span class='ocrx_word' id='word_1_436' title='bbox 1357 5136 1482 5183; x_wconf 93' lang='lat' dir='ltr'><strong>sunt</strong></span> <span class='ocrx_word' id='word_1_437' title='bbox 1515 5127 1803 5196; x_wconf 74' lang='lat' dir='ltr'><strong>Scripturze</strong></span> <span class='ocrx_word' id='word_1_438' title='bbox 1828 5167 1841 5190; x_wconf 90' lang='lat'><strong>,</strong></span> <span class='ocrx_word' id='word_1_439' title='bbox 1869 5140 1988 5195; x_wconf 82' lang='lat' dir='ltr'><strong>quae</strong></span> <span class='ocrx_word' id='word_1_440' title='bbox 2015 5139 2112 5180; x_wconf 91' lang='lat' dir='ltr'><strong>nos</strong></span> 
     </span>
    </p>
   </div>
   <div class='ocr_carea' id='block_1_53' title="bbox 527 5217 2112 5288">
    <p class='ocr_par' dir='ltr' id='par_1_53' title="bbox 527 5217 2112 5288">
     <span class='ocr_line' id='line_1_53' title="bbox 527 5217 2112 5288; baseline -0.009 -2"><span class='ocrx_word' id='word_1_441' title='bbox 527 5232 806 5287; x_wconf 86' lang='lat' dir='ltr'><strong>hortantur</strong></span> <span class='ocrx_word' id='word_1_442' title='bbox 832 5238 890 5283; x_wconf 94' lang='lat' dir='ltr'><strong>ut</strong></span> <span class='ocrx_word' id='word_1_443' title='bbox 918 5229 1053 5284; x_wconf 90' lang='lat' dir='ltr'><strong>bene</strong></span> <span class='ocrx_word' id='word_1_444' title='bbox 1080 5224 1337 5279; x_wconf 85' lang='lat' dir='ltr'><strong>vivamus.</strong></span> <span class='ocrx_word' id='word_1_445' title='bbox 1366 5220 1503 5288; x_wconf 83' lang='lat' dir='ltr'><strong>Quid</strong></span> <span class='ocrx_word' id='word_1_446' title='bbox 1530 5219 1701 5274; x_wconf 87' lang='lat' dir='ltr'><strong>dicam</strong></span> <span class='ocrx_word' id='word_1_447' title='bbox 1734 5219 1943 5274; x_wconf 82' lang='lat' dir='ltr'><strong>venisse</strong></span> <span class='ocrx_word' id='word_1_448' title='bbox 1968 5217 2112 5273; x_wconf 83' lang='lat' dir='ltr'><strong>litte-</strong></span> 
     </span>
    </p>
   </div>
   <div class='ocr_carea' id='block_1_54' title="bbox 526 5311 2113 5393">
    <p class='ocr_par' dir='ltr' id='par_1_54' title="bbox 526 5311 2113 5393">
     <span class='ocr_line' id='line_1_54' title="bbox 526 5311 2113 5393; baseline -0.009 -14"><span class='ocrx_word' id='word_1_449' title='bbox 526 5326 648 5379; x_wconf 81' lang='lat' dir='ltr'><strong>ras?</strong></span> <span class='ocrx_word' id='word_1_450' title='bbox 674 5325 790 5393; x_wconf 88' lang='lat' dir='ltr'><strong>ipse</strong></span> <span class='ocrx_word' id='word_1_451' title='bbox 816 5339 911 5379; x_wconf 90' lang='lat' dir='ltr'><strong>rex</strong></span> <span class='ocrx_word' id='word_1_452' title='bbox 939 5318 1236 5383; x_wconf 88' lang='lat' dir='ltr'><strong>descendit,</strong></span> <span class='ocrx_word' id='word_1_453' title='bbox 1264 5325 1317 5370; x_wconf 90' lang='lat' dir='ltr'><strong>et</strong></span> <span class='ocrx_word' id='word_1_454' title='bbox 1344 5315 1509 5368; x_wconf 88' lang='lat' dir='ltr'><strong>factus</strong></span> <span class='ocrx_word' id='word_1_455' title='bbox 1538 5322 1619 5367; x_wconf 90' lang='lat' dir='ltr'><strong>est</strong></span> <span class='ocrx_word' id='word_1_456' title='bbox 1646 5311 1797 5366; x_wconf 83' lang='lat' dir='ltr'><strong>nobis</strong></span> <span class='ocrx_word' id='word_1_457' title='bbox 1821 5311 1901 5365; x_wconf 89' lang='lat' dir='ltr'><strong>via</strong></span> <span class='ocrx_word' id='word_1_458' title='bbox 1922 5311 1972 5364; x_wconf 91' lang='lat' dir='ltr'><strong>in</strong></span> <span class='ocrx_word' id='word_1_459' title='bbox 1992 5325 2113 5380; x_wconf 88' lang='lat' dir='ltr'><strong>per-</strong></span> 
     </span>
    </p>
   </div>
   <div class='ocr_carea' id='block_1_55' title="bbox 529 5406 2114 5488">
    <p class='ocr_par' dir='ltr' id='par_1_55' title="bbox 529 5406 2114 5488">
     <span class='ocr_line' id='line_1_55' title="bbox 529 5406 2114 5488; baseline -0.011 -15"><span class='ocrx_word' id='word_1_460' title='bbox 529 5416 879 5488; x_wconf 84' lang='lat' dir='ltr'><strong>egrinatione;</strong></span> <span class='ocrx_word' id='word_1_461' title='bbox 906 5425 965 5470; x_wconf 93' lang='lat' dir='ltr'><strong>ut</strong></span> <span class='ocrx_word' id='word_1_462' title='bbox 990 5414 1042 5469; x_wconf 93' lang='lat' dir='ltr'><strong>in</strong></span> <span class='ocrx_word' id='word_1_463' title='bbox 1094 5411 1186 5467; x_wconf 92' lang='lat' dir='ltr'><strong>illo</strong></span> <span class='ocrx_word' id='word_1_464' title='bbox 1214 5406 1567 5471; x_wconf 88' lang='lat' dir='ltr'><strong>ambulantes,</strong></span> <span class='ocrx_word' id='word_1_465' title='bbox 1601 5419 1701 5459; x_wconf 87' lang='lat' dir='ltr'><strong>nec</strong></span> <span class='ocrx_word' id='word_1_466' title='bbox 1725 5416 1986 5468; x_wconf 88' lang='lat' dir='ltr'><strong>erremus,</strong></span> <span class='ocrx_word' id='word_1_467' title='bbox 2015 5416 2114 5457; x_wconf 88' lang='lat' dir='ltr'><strong>nec</strong></span> 
     </span>
    </p>
   </div>
   <div class='ocr_carea' id='block_1_56' title="bbox 528 5495 2114 5572">
    <p class='ocr_par' dir='ltr' id='par_1_56' title="bbox 528 5495 2114 5572">
     <span class='ocr_line' id='line_1_56' title="bbox 528 5495 2114 5572; baseline -0.01 -6"><span class='ocrx_word' id='word_1_468' title='bbox 528 5508 837 5566; x_wconf 81' lang='lat' dir='ltr'><strong>deﬁciamus</strong></span> <span class='ocrx_word' id='word_1_469' title='bbox 870 5548 885 5572; x_wconf 87' lang='lat'><strong>,</strong></span> <span class='ocrx_word' id='word_1_470' title='bbox 928 5520 1028 5561; x_wconf 91' lang='lat' dir='ltr'><strong>nec</strong></span> <span class='ocrx_word' id='word_1_471' title='bbox 1083 5505 1135 5559; x_wconf 90' lang='lat' dir='ltr'><strong>in</strong></span> <span class='ocrx_word' id='word_1_472' title='bbox 1188 5499 1566 5557; x_wconf 84' lang='lat' dir='ltr'><strong>latrocinantes</strong></span> <span class='ocrx_word' id='word_1_473' title='bbox 1619 5495 1919 5551; x_wconf 88' lang='lat' dir='ltr'><strong>incidamus</strong></span> <span class='ocrx_word' id='word_1_474' title='bbox 1948 5535 1965 5563; x_wconf 93' lang='lat'><strong>,</strong></span> <span class='ocrx_word' id='word_1_475' title='bbox 2014 5508 2114 5550; x_wconf 86' lang='lat' dir='ltr'><strong>nec</strong></span> 
     </span>
    </p>
   </div>
   <div class='ocr_carea' id='block_1_57' title="bbox 528 5586 2113 5668">
    <p class='ocr_par' dir='ltr' id='par_1_57' title="bbox 528 5586 2113 5668">
     <span class='ocr_line' id='line_1_57' title="bbox 528 5586 2113 5668; baseline -0.009 -13"><span class='ocrx_word' id='word_1_476' title='bbox 528 5598 583 5657; x_wconf 89' lang='lat' dir='ltr'><strong>in</strong></span> <span class='ocrx_word' id='word_1_477' title='bbox 613 5599 830 5668; x_wconf 88' lang='lat' dir='ltr'><strong>laqueos</strong></span> <span class='ocrx_word' id='word_1_478' title='bbox 856 5594 1135 5661; x_wconf 89' lang='lat' dir='ltr'><strong>irruamus,</strong></span> <span class='ocrx_word' id='word_1_479' title='bbox 1169 5592 1257 5665; x_wconf 91' lang='lat' dir='ltr'><strong>qui</strong></span> <span class='ocrx_word' id='word_1_480' title='bbox 1279 5600 1545 5663; x_wconf 89' lang='lat' dir='ltr'><strong>ponuntur</strong></span> <span class='ocrx_word' id='word_1_481' title='bbox 1559 5590 1709 5660; x_wconf 81' lang='lat' dir='ltr'><strong>juxta</strong></span> <span class='ocrx_word' id='word_1_482' title='bbox 1737 5588 1897 5642; x_wconf 90' lang='lat' dir='ltr'><strong>viam.</strong></span> <span class='ocrx_word' id='word_1_483' title='bbox 1929 5586 2113 5641; x_wconf 89' lang='lat' dir='ltr'><strong>Talem</strong></span> 
     </span>
    </p>
   </div>
   <div class='ocr_carea' id='block_1_58' title="bbox 527 5679 2114 5765">
    <p class='ocr_par' dir='ltr' id='par_1_58' title="bbox 527 5679 2114 5765">
     <span class='ocr_line' id='line_1_58' title="bbox 527 5679 2114 5765; baseline -0.009 -15"><span class='ocrx_word' id='word_1_484' title='bbox 527 5709 655 5765; x_wconf 82' lang='lat' dir='ltr'><strong>ergo</strong></span> <span class='ocrx_word' id='word_1_485' title='bbox 685 5691 914 5748; x_wconf 83' lang='lat' dir='ltr'><strong>scientes</strong></span> <span class='ocrx_word' id='word_1_486' title='bbox 937 5688 1205 5746; x_wconf 89' lang='lat' dir='ltr'><strong>Christum</strong></span> <span class='ocrx_word' id='word_1_487' title='bbox 1237 5696 1405 5742; x_wconf 88' lang='lat' dir='ltr'><strong>totum</strong></span> <span class='ocrx_word' id='word_1_488' title='bbox 1430 5693 1589 5754; x_wconf 86' lang='lat' dir='ltr'><strong>atque</strong></span> <span class='ocrx_word' id='word_1_489' title='bbox 1627 5681 1931 5737; x_wconf 88' lang='lat' dir='ltr'><strong>universum</strong></span> <span class='ocrx_word' id='word_1_490' title='bbox 1956 5679 2114 5735; x_wconf 86' lang='lat' dir='ltr'><strong>simul</strong></span> 
     </span>
    </p>
   </div>
   <div class='ocr_carea' id='block_1_59' title="bbox 524 5771 2111 5850">
    <p class='ocr_par' dir='ltr' id='par_1_59' title="bbox 524 5771 2111 5850">
     <span class='ocr_line' id='line_1_59' title="bbox 524 5771 2111 5850; baseline -0.009 -7"><span class='ocrx_word' id='word_1_491' title='bbox 524 5802 647 5843; x_wconf 89' lang='lat' dir='ltr'><strong>cum</strong></span> <span class='ocrx_word' id='word_1_492' title='bbox 677 5782 941 5847; x_wconf 83' lang='lat' dir='ltr'><strong>Ecclesia;</strong></span> <span class='ocrx_word' id='word_1_493' title='bbox 974 5781 1147 5850; x_wconf 88' lang='lat' dir='ltr'><strong>ipsum</strong></span> <span class='ocrx_word' id='word_1_494' title='bbox 1176 5786 1351 5835; x_wconf 87' lang='lat' dir='ltr'><strong>autem</strong></span> <span class='ocrx_word' id='word_1_495' title='bbox 1378 5777 1551 5833; x_wconf 88' lang='lat' dir='ltr'><strong>solum</strong></span> <span class='ocrx_word' id='word_1_496' title='bbox 1583 5782 1765 5830; x_wconf 85' lang='lat' dir='ltr'><strong>natum</strong></span> <span class='ocrx_word' id='word_1_497' title='bbox 1795 5771 1862 5829; x_wconf 89' lang='lat' dir='ltr'><strong>de</strong></span> <span class='ocrx_word' id='word_1_498' title='bbox 1886 5771 2111 5843; x_wconf 85' lang='lat' dir='ltr'><strong>virgine,</strong></span> 
     </span>
    </p>
   </div>
   <div class='ocr_carea' id='block_1_60' title="bbox 528 5864 2114 5952">
    <p class='ocr_par' dir='ltr' id='par_1_60' title="bbox 528 5864 2114 5952">
     <span class='ocr_line' id='line_1_60' title="bbox 528 5864 2114 5952; baseline -0.009 -17"><span class='ocrx_word' id='word_1_499' title='bbox 528 5887 687 5952; x_wconf 83' lang='lat' dir='ltr'><strong>caput</strong></span> <span class='ocrx_word' id='word_1_500' title='bbox 728 5874 979 5933; x_wconf 72' lang='lat' dir='ltr'><strong>Ecclesia:</strong></span> <span class='ocrx_word' id='word_1_501' title='bbox 1002 5912 1017 5942; x_wconf 93' lang='lat'><strong>,</strong></span> <span class='ocrx_word' id='word_1_502' title='bbox 1044 5869 1390 5928; x_wconf 85' lang='lat' dir='ltr'><strong>mediatorcm</strong></span> <span class='ocrx_word' id='word_1_503' title='bbox 1432 5867 1639 5925; x_wconf 87' lang='lat' dir='ltr'><strong>scilicet</strong></span> <span class='ocrx_word' id='word_1_504' title='bbox 1679 5866 1818 5924; x_wconf 88' lang='lat' dir='ltr'><strong>inter</strong></span> <span class='ocrx_word' id='word_1_505' title='bbox 1867 5864 2034 5923; x_wconf 86' lang='lat' dir='ltr'><strong>Deum</strong></span> <span class='ocrx_word' id='word_1_506' title='bbox 2060 5873 2114 5922; x_wconf 89' lang='lat' dir='ltr'><strong>et</strong></span> 
     </span>
    </p>
   </div>
   <div class='ocr_carea' id='block_1_61' title="bbox 1731 366 2538 434">
    <p class='ocr_par' dir='ltr' id='par_1_61' title="bbox 1731 366 2538 434">
     <span class='ocr_line' id='line_1_61' title="bbox 1731 366 2538 434; baseline -0.006 0"><span class='ocrx_word' id='word_1_507' title='bbox 1731 374 1793 434; x_wconf 87' lang='lat' dir='ltr'><strong>S.</strong></span> <span class='ocrx_word' id='word_1_508' title='bbox 1831 366 2203 433; x_wconf 74' lang='lat' dir='ltr'><strong>AUGUSTINI</strong></span> <span class='ocrx_word' id='word_1_509' title='bbox 2241 366 2538 429; x_wconf 77' lang='lat' dir='ltr'><strong>EPISCOPI</strong></span> 
     </span>
    </p>
   </div>
   <div class='ocr_carea' id='block_1_62' title="bbox 3664 370 3803 430">
    <p class='ocr_par' dir='ltr' id='par_1_62' title="bbox 3664 370 3803 430">
     <span class='ocr_line' id='line_1_62' title="bbox 3664 370 3803 430; baseline 0.007 -2"><span class='ocrx_word' id='word_1_510' title='bbox 3664 370 3803 430; x_wconf 73' lang='grc'><strong>1160</strong></span> 
     </span>
    </p>
   </div>
   <div class='ocr_carea' id='block_1_63' title="bbox 2219 476 3803 558">
    <p class='ocr_par' dir='ltr' id='par_1_63' title="bbox 2219 476 3803 558">
     <span class='ocr_line' id='line_1_63' title="bbox 2219 476 3803 558; baseline -0.001 -15"><span class='ocrx_word' id='word_1_511' title='bbox 2219 488 2464 545; x_wconf 91' lang='lat' dir='ltr'><strong>homines</strong></span> <span class='ocrx_word' id='word_1_512' title='bbox 2491 486 2759 545; x_wconf 87' lang='lat' dir='ltr'><strong>Christum</strong></span> <span class='ocrx_word' id='word_1_513' title='bbox 2787 476 2970 543; x_wconf 72' lang='lat' dir='ltr'><strong>Iesum</strong></span> <span class='ocrx_word' id='word_1_514' title='bbox 2999 482 3043 558; x_wconf 89' lang='grc' dir='ltr'>(Ι</span> <span class='ocrx_word' id='word_1_515' title='bbox 3070 484 3203 540; x_wconf 82' lang='lat' dir='ltr'><strong>Tim.</strong></span> <span class='ocrx_word' id='word_1_516' title='bbox 3228 499 3299 551; x_wconf 86' lang='grc' dir='ltr'><strong>ιι,</strong></span> <span class='ocrx_word' id='word_1_517' title='bbox 3325 481 3384 558; x_wconf 75' lang='lat'><strong>5)</strong></span> <span class='ocrx_word' id='word_1_518' title='bbox 3414 499 3429 539; x_wconf 89' lang='lat'><strong>:</strong></span> <span class='ocrx_word' id='word_1_519' title='bbox 3458 481 3529 539; x_wconf 72' lang='lat' dir='ltr'><strong>ad</strong></span> <span class='ocrx_word' id='word_1_520' title='bbox 3559 481 3663 540; x_wconf 85' lang='lat' dir='ltr'><strong>hoc</strong></span> <span class='ocrx_word' id='word_1_521' title='bbox 3687 501 3803 542; x_wconf 86' lang='lat' dir='ltr'><strong>me-</strong></span> 
     </span>
    </p>
   </div>
   <div class='ocr_carea' id='block_1_64' title="bbox 2216 578 3803 653">
    <p class='ocr_par' dir='ltr' id='par_1_64' title="bbox 2216 578 3803 653">
     <span class='ocr_line' id='line_1_64' title="bbox 2216 578 3803 653; baseline -0.002 -17"><span class='ocrx_word' id='word_1_522' title='bbox 2216 581 2477 637; x_wconf 85' lang='lat' dir='ltr'><strong>diatorem</strong></span> <span class='ocrx_word' id='word_1_523' title='bbox 2500 625 2515 649; x_wconf 95' lang='lat'><strong>,</strong></span> <span class='ocrx_word' id='word_1_524' title='bbox 2541 590 2599 637; x_wconf 91' lang='lat' dir='ltr'><strong>ut</strong></span> <span class='ocrx_word' id='word_1_525' title='bbox 2623 597 2719 639; x_wconf 89' lang='lat' dir='ltr'><strong>eos</strong></span> <span class='ocrx_word' id='word_1_526' title='bbox 2746 582 2836 653; x_wconf 91' lang='lat' dir='ltr'><strong>qui</strong></span> <span class='ocrx_word' id='word_1_527' title='bbox 2867 588 3218 648; x_wconf 89' lang='lat' dir='ltr'><strong>recesserant,</strong></span> <span class='ocrx_word' id='word_1_528' title='bbox 3248 594 3344 649; x_wconf 90' lang='lat' dir='ltr'><strong>per</strong></span> <span class='ocrx_word' id='word_1_529' title='bbox 3367 593 3427 634; x_wconf 89' lang='lat' dir='ltr'><strong>re</strong></span> <span class='ocrx_word' id='word_1_530' title='bbox 3452 578 3803 645; x_wconf 79' lang='lat' dir='ltr'><strong>reconciliet;</strong></span> 
     </span>
    </p>
   </div>
   <div class='ocr_carea' id='block_1_65' title="bbox 2216 670 3804 730">
    <p class='ocr_par' dir='ltr' id='par_1_65' title="bbox 2216 670 3804 730">
     <span class='ocr_line' id='line_1_65' title="bbox 2216 670 3804 730; baseline -0.003 0"><span class='ocrx_word' id='word_1_531' title='bbox 2216 675 2423 730; x_wconf 88' lang='lat' dir='ltr'><strong>medius</strong></span> <span class='ocrx_word' id='word_1_532' title='bbox 2449 675 2591 730; x_wconf 90' lang='lat' dir='ltr'><strong>enim</strong></span> <span class='ocrx_word' id='word_1_533' title='bbox 2619 690 2727 730; x_wconf 92' lang='lat' dir='ltr'><strong>non</strong></span> <span class='ocrx_word' id='word_1_534' title='bbox 2752 684 2833 729; x_wconf 84' lang='lat' dir='ltr'><strong>est</strong></span> <span class='ocrx_word' id='word_1_535' title='bbox 2854 673 2955 729; x_wconf 90' lang='lat' dir='ltr'><strong>nisi</strong></span> <span class='ocrx_word' id='word_1_536' title='bbox 2983 673 3120 729; x_wconf 89' lang='lat' dir='ltr'><strong>inter</strong></span> <span class='ocrx_word' id='word_1_537' title='bbox 3142 672 3298 728; x_wconf 92' lang='lat' dir='ltr'><strong>duos.</strong></span> <span class='ocrx_word' id='word_1_538' title='bbox 3328 670 3748 727; x_wconf 81' lang='lat' dir='ltr'><strong>Recesseramus</strong></span> <span class='ocrx_word' id='word_1_539' title='bbox 3776 686 3804 725; x_wconf 90' lang='lat' dir='ltr'><strong>a</strong></span> 
     </span>
    </p>
   </div>
   <div class='ocr_carea' id='block_1_66' title="bbox 2214 766 3802 841">
    <p class='ocr_par' dir='ltr' id='par_1_66' title="bbox 2214 766 3802 841">
     <span class='ocr_line' id='line_1_66' title="bbox 2214 766 3802 841; baseline -0.004 -16"><span class='ocrx_word' id='word_1_540' title='bbox 2214 770 2493 841; x_wconf 87' lang='lat' dir='ltr'><strong>majestate</strong></span> <span class='ocrx_word' id='word_1_541' title='bbox 2517 771 2612 825; x_wconf 88' lang='lat' dir='ltr'><strong>Dei</strong></span> <span class='ocrx_word' id='word_1_542' title='bbox 2636 812 2651 837; x_wconf 95' lang='lat'><strong>,</strong></span> <span class='ocrx_word' id='word_1_543' title='bbox 2679 779 2734 826; x_wconf 86' lang='lat' dir='ltr'><strong>et</strong></span> <span class='ocrx_word' id='word_1_544' title='bbox 2762 778 2977 840; x_wconf 89' lang='lat' dir='ltr'><strong>peccato</strong></span> <span class='ocrx_word' id='word_1_545' title='bbox 3002 776 3185 823; x_wconf 90' lang='lat' dir='ltr'><strong>nostro</strong></span> <span class='ocrx_word' id='word_1_546' title='bbox 3214 766 3607 823; x_wconf 76' lang='lat' dir='ltr'><strong>offenderamus</strong></span> <span class='ocrx_word' id='word_1_547' title='bbox 3635 782 3759 821; x_wconf 90' lang='lat' dir='ltr'><strong>eum</strong></span> <span class='ocrx_word' id='word_1_548' title='bbox 3788 783 3802 818; x_wconf 89' lang='lat'><strong>:</strong></span> 
     </span>
    </p>
   </div>
   <div class='ocr_carea' id='block_1_67' title="bbox 2215 859 3805 931">
    <p class='ocr_par' dir='ltr' id='par_1_67' title="bbox 2215 859 3805 931">
     <span class='ocr_line' id='line_1_67' title="bbox 2215 859 3805 931; baseline -0.003 -14"><span class='ocrx_word' id='word_1_549' title='bbox 2215 863 2410 917; x_wconf 88' lang='lat' dir='ltr'><strong>missus</strong></span> <span class='ocrx_word' id='word_1_550' title='bbox 2438 871 2522 919; x_wconf 88' lang='lat' dir='ltr'><strong>est</strong></span> <span class='ocrx_word' id='word_1_551' title='bbox 2548 862 2713 918; x_wconf 89' lang='lat' dir='ltr'><strong>Filius</strong></span> <span class='ocrx_word' id='word_1_552' title='bbox 2736 862 3017 927; x_wconf 87' lang='lat' dir='ltr'><strong>mediator,</strong></span> <span class='ocrx_word' id='word_1_553' title='bbox 3040 862 3128 931; x_wconf 91' lang='lat' dir='ltr'><strong>qui</strong></span> <span class='ocrx_word' id='word_1_554' title='bbox 3156 859 3418 931; x_wconf 85' lang='lat' dir='ltr'><strong>sanguine</strong></span> <span class='ocrx_word' id='word_1_555' title='bbox 3446 873 3544 914; x_wconf 92' lang='lat' dir='ltr'><strong>suo</strong></span> <span class='ocrx_word' id='word_1_556' title='bbox 3571 859 3805 914; x_wconf 85' lang='lat' dir='ltr'><strong>solveret</strong></span> 
     </span>
    </p>
   </div>
   <div class='ocr_carea' id='block_1_68' title="bbox 2216 951 3805 1025">
    <p class='ocr_par' dir='ltr' id='par_1_68' title="bbox 2216 951 3805 1025">
     <span class='ocr_line' id='line_1_68' title="bbox 2216 951 3805 1025; baseline -0.002 -17"><span class='ocrx_word' id='word_1_557' title='bbox 2216 965 2429 1025; x_wconf 87' lang='lat' dir='ltr'><strong>peccata</strong></span> <span class='ocrx_word' id='word_1_558' title='bbox 2453 963 2654 1019; x_wconf 89' lang='lat' dir='ltr'><strong>nostra,</strong></span> <span class='ocrx_word' id='word_1_559' title='bbox 2683 953 2872 1024; x_wconf 92' lang='lat' dir='ltr'><strong>quibus</strong></span> <span class='ocrx_word' id='word_1_560' title='bbox 2899 951 3285 1025; x_wconf 82' lang='lat' dir='ltr'><strong>scparabamur</strong></span> <span class='ocrx_word' id='word_1_561' title='bbox 3309 967 3340 1006; x_wconf 96' lang='lat' dir='ltr'><strong>a</strong></span> <span class='ocrx_word' id='word_1_562' title='bbox 3368 951 3482 1007; x_wconf 88' lang='lat' dir='ltr'><strong>Deo</strong></span> <span class='ocrx_word' id='word_1_563' title='bbox 3507 968 3522 1018; x_wconf 91' lang='lat'><strong>;</strong></span> <span class='ocrx_word' id='word_1_564' title='bbox 3553 961 3608 1007; x_wconf 89' lang='lat' dir='ltr'><strong>et</strong></span> <span class='ocrx_word' id='word_1_565' title='bbox 3638 951 3805 1007; x_wconf 86' lang='lat' dir='ltr'><strong>inter-</strong></span> 
     </span>
    </p>
   </div>
   <div class='ocr_carea' id='block_1_69' title="bbox 2215 1044 3806 1117">
    <p class='ocr_par' dir='ltr' id='par_1_69' title="bbox 2215 1044 3806 1117">
     <span class='ocr_line' id='line_1_69' title="bbox 2215 1044 3806 1117; baseline -0.001 -16"><span class='ocrx_word' id='word_1_566' title='bbox 2215 1048 2420 1117; x_wconf 90' lang='lat' dir='ltr'><strong>positus</strong></span> <span class='ocrx_word' id='word_1_567' title='bbox 2446 1048 2691 1103; x_wconf 89' lang='lat' dir='ltr'><strong>redderet</strong></span> <span class='ocrx_word' id='word_1_568' title='bbox 2719 1063 2816 1102; x_wconf 88' lang='lat' dir='ltr'><strong>nos</strong></span> <span class='ocrx_word' id='word_1_569' title='bbox 2837 1048 2888 1102; x_wconf 91' lang='lat' dir='ltr'><strong>ei</strong></span> <span class='ocrx_word' id='word_1_570' title='bbox 2917 1056 2971 1103; x_wconf 89' lang='lat' dir='ltr'><strong>et</strong></span> <span class='ocrx_word' id='word_1_571' title='bbox 3003 1044 3411 1112; x_wconf 83' lang='lat' dir='ltr'><strong>reconciliaret,</strong></span> <span class='ocrx_word' id='word_1_572' title='bbox 3440 1059 3468 1098; x_wconf 92' lang='lat' dir='ltr'><strong>a</strong></span> <span class='ocrx_word' id='word_1_573' title='bbox 3494 1061 3601 1115; x_wconf 92' lang='lat' dir='ltr'><strong>quo</strong></span> <span class='ocrx_word' id='word_1_574' title='bbox 3630 1046 3806 1100; x_wconf 88' lang='lat' dir='ltr'><strong>aversi</strong></span> 
     </span>
    </p>
   </div>
   <div class='ocr_carea' id='block_1_70' title="bbox 2215 1137 3807 1209">
    <p class='ocr_par' dir='ltr' id='par_1_70' title="bbox 2215 1137 3807 1209">
     <span class='ocr_line' id='line_1_70' title="bbox 2215 1137 3807 1209; baseline -0.001 -16"><span class='ocrx_word' id='word_1_575' title='bbox 2215 1138 2272 1193; x_wconf 90' lang='lat' dir='ltr'><strong>in</strong></span> <span class='ocrx_word' id='word_1_576' title='bbox 2312 1140 2543 1209; x_wconf 84' lang='lat' dir='ltr'><strong>peccatis</strong></span> <span class='ocrx_word' id='word_1_577' title='bbox 2570 1139 2768 1195; x_wconf 90' lang='lat' dir='ltr'><strong>nostris</strong></span> <span class='ocrx_word' id='word_1_578' title='bbox 2796 1148 2850 1195; x_wconf 93' lang='lat' dir='ltr'><strong>et</strong></span> <span class='ocrx_word' id='word_1_579' title='bbox 2876 1139 3082 1194; x_wconf 90' lang='lat' dir='ltr'><strong>delictis</strong></span> <span class='ocrx_word' id='word_1_580' title='bbox 3108 1137 3437 1194; x_wconf 84' lang='lat' dir='ltr'><strong>tenebamur.</strong></span> <span class='ocrx_word' id='word_1_581' title='bbox 3462 1138 3581 1206; x_wconf 87' lang='lat' dir='ltr'><strong>Ipse</strong></span> <span class='ocrx_word' id='word_1_582' title='bbox 3606 1146 3690 1191; x_wconf 91' lang='lat' dir='ltr'><strong>est</strong></span> <span class='ocrx_word' id='word_1_583' title='bbox 3718 1152 3807 1191; x_wconf 88' lang='lat' dir='ltr'><strong>ca-</strong></span> 
     </span>
    </p>
   </div>
   <div class='ocr_carea' id='block_1_71' title="bbox 2216 1229 3804 1303">
    <p class='ocr_par' dir='ltr' id='par_1_71' title="bbox 2216 1229 3804 1303">
     <span class='ocr_line' id='line_1_71' title="bbox 2216 1229 3804 1303; baseline -0.003 -16"><span class='ocrx_word' id='word_1_584' title='bbox 2216 1243 2308 1303; x_wconf 91' lang='lat' dir='ltr'><strong>put</strong></span> <span class='ocrx_word' id='word_1_585' title='bbox 2330 1242 2590 1300; x_wconf 88' lang='lat' dir='ltr'><strong>nostrnm,</strong></span> <span class='ocrx_word' id='word_1_586' title='bbox 2618 1234 2731 1303; x_wconf 90' lang='lat' dir='ltr'><strong>ipse</strong></span> <span class='ocrx_word' id='word_1_587' title='bbox 2754 1243 2837 1289; x_wconf 91' lang='lat' dir='ltr'><strong>est</strong></span> <span class='ocrx_word' id='word_1_588' title='bbox 2862 1234 3002 1288; x_wconf 91' lang='lat' dir='ltr'><strong>Dens</strong></span> <span class='ocrx_word' id='word_1_589' title='bbox 3025 1233 3246 1303; x_wconf 69' lang='lat' dir='ltr'><strong>mqualis</strong></span> <span class='ocrx_word' id='word_1_590' title='bbox 3265 1230 3429 1294; x_wconf 89' lang='lat' dir='ltr'><strong>Patri,</strong></span> <span class='ocrx_word' id='word_1_591' title='bbox 3457 1229 3685 1285; x_wconf 88' lang='lat' dir='ltr'><strong>Verbum</strong></span> <span class='ocrx_word' id='word_1_592' title='bbox 3712 1229 3804 1284; x_wconf 84' lang='lat' dir='ltr'><strong>Dei</strong></span> 
     </span>
    </p>
   </div>
   <div class='ocr_carea' id='block_1_72' title="bbox 2216 1322 3806 1400">
    <p class='ocr_par' dir='ltr' id='par_1_72' title="bbox 2216 1322 3806 1400">
     <span class='ocr_line' id='line_1_72' title="bbox 2216 1322 3806 1400; baseline -0.004 -17"><span class='ocrx_word' id='word_1_593' title='bbox 2216 1341 2313 1398; x_wconf 88' lang='lat' dir='ltr'><strong>per</strong></span> <span class='ocrx_word' id='word_1_594' title='bbox 2338 1327 2478 1399; x_wconf 92' lang='lat' dir='ltr'><strong>quod</strong></span> <span class='ocrx_word' id='word_1_595' title='bbox 2509 1329 2645 1384; x_wconf 88' lang='lat' dir='ltr'><strong>facta</strong></span> <span class='ocrx_word' id='word_1_596' title='bbox 2671 1335 2795 1383; x_wconf 90' lang='lat' dir='ltr'><strong>sunt</strong></span> <span class='ocrx_word' id='word_1_597' title='bbox 2822 1328 2997 1383; x_wconf 90' lang='lat' dir='ltr'><strong>omnia</strong></span> <span class='ocrx_word' id='word_1_598' title='bbox 3027 1326 3204 1400; x_wconf 84' lang='lat' dir='ltr'><strong>(Joau.</strong></span> <span class='ocrx_word' id='word_1_599' title='bbox 3235 1343 3272 1391; x_wconf 84' lang='grc' dir='ltr'><strong>ι,</strong></span> <span class='ocrx_word' id='word_1_600' title='bbox 3315 1324 3374 1398; x_wconf 76' lang='lat'><strong>5)</strong></span> <span class='ocrx_word' id='word_1_601' title='bbox 3409 1342 3425 1380; x_wconf 89' lang='lat'><strong>:</strong></span> <span class='ocrx_word' id='word_1_602' title='bbox 3451 1322 3544 1378; x_wconf 87' lang='lat' dir='ltr'><strong>sed</strong></span> <span class='ocrx_word' id='word_1_603' title='bbox 3578 1323 3720 1377; x_wconf 89' lang='lat' dir='ltr'><strong>Deus</strong></span> <span class='ocrx_word' id='word_1_604' title='bbox 3750 1331 3806 1377; x_wconf 92' lang='lat' dir='ltr'><strong>ut</strong></span> 
     </span>
    </p>
   </div>
   <div class='ocr_carea' id='block_1_73' title="bbox 2216 1415 3807 1489">
    <p class='ocr_par' dir='ltr' id='par_1_73' title="bbox 2216 1415 3807 1489">
     <span class='ocr_line' id='line_1_73' title="bbox 2216 1415 3807 1489; baseline -0.004 -12"><span class='ocrx_word' id='word_1_605' title='bbox 2216 1430 2456 1489; x_wconf 86' lang='lat' dir='ltr'><strong>crearet,</strong></span> <span class='ocrx_word' id='word_1_606' title='bbox 2487 1420 2649 1477; x_wconf 87' lang='lat' dir='ltr'><strong>homo</strong></span> <span class='ocrx_word' id='word_1_607' title='bbox 2669 1430 2725 1476; x_wconf 90' lang='lat' dir='ltr'><strong>ut</strong></span> <span class='ocrx_word' id='word_1_608' title='bbox 2746 1430 3015 1477; x_wconf 89' lang='lat' dir='ltr'><strong>recrearet</strong></span> <span class='ocrx_word' id='word_1_609' title='bbox 3046 1420 3063 1451; x_wconf 76' lang='grc' dir='ltr'>ί</span> <span class='ocrx_word' id='word_1_610' title='bbox 3088 1437 3103 1485; x_wconf 89' lang='grc'>;</span> <span class='ocrx_word' id='word_1_611' title='bbox 3134 1419 3273 1474; x_wconf 84' lang='lat' dir='ltr'><strong>Deus</strong></span> <span class='ocrx_word' id='word_1_612' title='bbox 3297 1427 3354 1473; x_wconf 91' lang='lat' dir='ltr'><strong>ut</strong></span> <span class='ocrx_word' id='word_1_613' title='bbox 3376 1418 3569 1472; x_wconf 89' lang='lat' dir='ltr'><strong>faceret</strong></span> <span class='ocrx_word' id='word_1_614' title='bbox 3594 1459 3610 1483; x_wconf 95' lang='lat'><strong>,</strong></span> <span class='ocrx_word' id='word_1_615' title='bbox 3643 1415 3807 1471; x_wconf 92' lang='lat' dir='ltr'><strong>homo</strong></span> 
     </span>
    </p>
   </div>
   <div class='ocr_carea' id='block_1_74' title="bbox 2217 1510 3803 1581">
    <p class='ocr_par' dir='ltr' id='par_1_74' title="bbox 2217 1510 3803 1581">
     <span class='ocr_line' id='line_1_74' title="bbox 2217 1510 3803 1581; baseline -0.002 -13"><span class='ocrx_word' id='word_1_616' title='bbox 2217 1524 2275 1568; x_wconf 93' lang='lat' dir='ltr'><strong>ut</strong></span> <span class='ocrx_word' id='word_1_617' title='bbox 2300 1514 2565 1571; x_wconf 81' lang='lat' dir='ltr'><strong>reticeret.</strong></span> <span class='ocrx_word' id='word_1_618' title='bbox 2596 1513 2751 1572; x_wconf 83' lang='lat' dir='ltr'><strong>Hunc</strong></span> <span class='ocrx_word' id='word_1_619' title='bbox 2777 1515 3064 1581; x_wconf 89' lang='lat' dir='ltr'><strong>intuentes,</strong></span> <span class='ocrx_word' id='word_1_620' title='bbox 3084 1512 3163 1567; x_wconf 90' lang='lat' dir='ltr'><strong>sic</strong></span> <span class='ocrx_word' id='word_1_621' title='bbox 3188 1510 3465 1567; x_wconf 85' lang='lat' dir='ltr'><strong>audiamus</strong></span> <span class='ocrx_word' id='word_1_622' title='bbox 3492 1511 3762 1565; x_wconf 88' lang='lat' dir='ltr'><strong>Psalmum</strong></span> <span class='ocrx_word' id='word_1_623' title='bbox 3788 1526 3803 1565; x_wconf 91' lang='lat'>:</span> 
     </span>
    </p>
   </div>
   <div class='ocr_carea' id='block_1_75' title="bbox 2218 1605 3808 1677">
    <p class='ocr_par' dir='ltr' id='par_1_75' title="bbox 2218 1605 3808 1677">
     <span class='ocr_line' id='line_1_75' title="bbox 2218 1605 3808 1677; baseline -0.004 -14"><span class='ocrx_word' id='word_1_624' title='bbox 2218 1608 2456 1665; x_wconf 90' lang='lat' dir='ltr'><strong>intendat</strong></span> <span class='ocrx_word' id='word_1_625' title='bbox 2480 1608 2726 1665; x_wconf 84' lang='lat' dir='ltr'><strong>Charitas</strong></span> <span class='ocrx_word' id='word_1_626' title='bbox 2743 1610 2950 1666; x_wconf 81' lang='lat' dir='ltr'><strong>Vestra.</strong></span> <span class='ocrx_word' id='word_1_627' title='bbox 2982 1606 3268 1677; x_wconf 90' lang='lat' dir='ltr'><strong>Disciplina</strong></span> <span class='ocrx_word' id='word_1_628' title='bbox 3293 1616 3377 1662; x_wconf 89' lang='lat' dir='ltr'><strong>est</strong></span> <span class='ocrx_word' id='word_1_629' title='bbox 3400 1606 3499 1660; x_wconf 88' lang='lat' dir='ltr'><strong>ista</strong></span> <span class='ocrx_word' id='word_1_630' title='bbox 3526 1614 3583 1661; x_wconf 90' lang='lat' dir='ltr'><strong>et</strong></span> <span class='ocrx_word' id='word_1_631' title='bbox 3609 1605 3808 1659; x_wconf 88' lang='lat' dir='ltr'><strong>doctri-</strong></span> 
     </span>
    </p>
   </div>
   <div class='ocr_carea' id='block_1_76' title="bbox 2217 1698 3807 1773">
    <p class='ocr_par' dir='ltr' id='par_1_76' title="bbox 2217 1698 3807 1773">
     <span class='ocr_line' id='line_1_76' title="bbox 2217 1698 3807 1773; baseline -0.003 -16"><span class='ocrx_word' id='word_1_632' title='bbox 2217 1718 2283 1757; x_wconf 90' lang='lat' dir='ltr'><strong>na</strong></span> <span class='ocrx_word' id='word_1_633' title='bbox 2310 1701 2505 1757; x_wconf 74' lang='lat' dir='ltr'><strong>schola:</strong></span> <span class='ocrx_word' id='word_1_634' title='bbox 2536 1701 2712 1772; x_wconf 89' lang='lat' dir='ltr'><strong>hujus,</strong></span> <span class='ocrx_word' id='word_1_635' title='bbox 2735 1717 2855 1773; x_wconf 82' lang='lat' dir='ltr'><strong>quae</strong></span> <span class='ocrx_word' id='word_1_636' title='bbox 2879 1700 3029 1757; x_wconf 90' lang='lat' dir='ltr'><strong>vobis</strong></span> <span class='ocrx_word' id='word_1_637' title='bbox 3055 1700 3226 1755; x_wconf 85' lang='lat' dir='ltr'><strong>valeat</strong></span> <span class='ocrx_word' id='word_1_638' title='bbox 3245 1714 3350 1757; x_wconf 90' lang='lat' dir='ltr'><strong>non</strong></span> <span class='ocrx_word' id='word_1_639' title='bbox 3378 1698 3444 1754; x_wconf 91' lang='lat' dir='ltr'><strong>ad</strong></span> <span class='ocrx_word' id='word_1_640' title='bbox 3471 1714 3633 1754; x_wconf 89' lang='lat' dir='ltr'><strong>unum</strong></span> <span class='ocrx_word' id='word_1_641' title='bbox 3665 1698 3807 1769; x_wconf 65' lang='lat' dir='ltr'><strong>psalv</strong></span> 
     </span>
    </p>
   </div>
   <div class='ocr_carea' id='block_1_77' title="bbox 2217 1792 3805 1867">
    <p class='ocr_par' dir='ltr' id='par_1_77' title="bbox 2217 1792 3805 1867">
     <span class='ocr_line' id='line_1_77' title="bbox 2217 1792 3805 1867; baseline -0.002 -18"><span class='ocrx_word' id='word_1_642' title='bbox 2217 1796 2361 1850; x_wconf 80' lang='lat' dir='ltr'><strong>m‘um</strong></span> <span class='ocrx_word' id='word_1_643' title='bbox 2400 1796 2795 1867; x_wconf 85' lang='lat' dir='ltr'><strong>intelligendum</strong></span> <span class='ocrx_word' id='word_1_644' title='bbox 2821 1837 2835 1862; x_wconf 90' lang='lat'><strong>,</strong></span> <span class='ocrx_word' id='word_1_645' title='bbox 2860 1796 2954 1851; x_wconf 91' lang='lat' dir='ltr'><strong>sed</strong></span> <span class='ocrx_word' id='word_1_646' title='bbox 2984 1794 3050 1849; x_wconf 90' lang='lat' dir='ltr'><strong>ad</strong></span> <span class='ocrx_word' id='word_1_647' title='bbox 3078 1796 3272 1850; x_wconf 91' lang='lat' dir='ltr'><strong>multos</strong></span> <span class='ocrx_word' id='word_1_648' title='bbox 3293 1835 3309 1861; x_wconf 90' lang='lat'><strong>,</strong></span> <span class='ocrx_word' id='word_1_649' title='bbox 3337 1795 3381 1848; x_wconf 91' lang='lat' dir='ltr'><strong>si</strong></span> <span class='ocrx_word' id='word_1_650' title='bbox 3411 1794 3637 1849; x_wconf 90' lang='lat' dir='ltr'><strong>teneatis</strong></span> <span class='ocrx_word' id='word_1_651' title='bbox 3667 1792 3805 1847; x_wconf 89' lang='lat' dir='ltr'><strong>hanc</strong></span> 
     </span>
    </p>
   </div>
   <div class='ocr_carea' id='block_1_78' title="bbox 2218 1887 3801 1961">
    <p class='ocr_par' dir='ltr' id='par_1_78' title="bbox 2218 1887 3801 1961">
     <span class='ocr_line' id='line_1_78' title="bbox 2218 1887 3801 1961; baseline -0.003 -16"><span class='ocrx_word' id='word_1_652' title='bbox 2218 1891 2476 1961; x_wconf 86' lang='lat' dir='ltr'><strong>regulam.</strong></span> <span class='ocrx_word' id='word_1_653' title='bbox 2520 1891 2816 1960; x_wconf 87' lang='lat' dir='ltr'><strong>Aliquando</strong></span> <span class='ocrx_word' id='word_1_654' title='bbox 2860 1891 3133 1959; x_wconf 89' lang='lat' dir='ltr'><strong>psalmus,</strong></span> <span class='ocrx_word' id='word_1_655' title='bbox 3164 1903 3269 1943; x_wconf 93' lang='lat' dir='ltr'><strong>non</strong></span> <span class='ocrx_word' id='word_1_656' title='bbox 3311 1889 3481 1943; x_wconf 89' lang='lat' dir='ltr'><strong>solum</strong></span> <span class='ocrx_word' id='word_1_657' title='bbox 3526 1887 3762 1957; x_wconf 90' lang='lat' dir='ltr'><strong>psalmus</strong></span> <span class='ocrx_word' id='word_1_658' title='bbox 3787 1927 3801 1951; x_wconf 95' lang='lat'><strong>,</strong></span> 
     </span>
    </p>
   </div>
   <div class='ocr_carea' id='block_1_79' title="bbox 2217 1979 3807 2053">
    <p class='ocr_par' dir='ltr' id='par_1_79' title="bbox 2217 1979 3807 2053">
     <span class='ocr_line' id='line_1_79' title="bbox 2217 1979 3807 2053; baseline -0.001 -16"><span class='ocrx_word' id='word_1_659' title='bbox 2217 1982 2311 2037; x_wconf 89' lang='lat' dir='ltr'><strong>sed</strong></span> <span class='ocrx_word' id='word_1_660' title='bbox 2361 1993 2416 2038; x_wconf 90' lang='lat' dir='ltr'><strong>et</strong></span> <span class='ocrx_word' id='word_1_661' title='bbox 2464 1983 2637 2038; x_wconf 89' lang='lat' dir='ltr'><strong>omnis</strong></span> <span class='ocrx_word' id='word_1_662' title='bbox 2680 1982 3296 2053; x_wconf 85' lang='lat' dir='ltr'><strong>prophetia,aliquando</strong></span> <span class='ocrx_word' id='word_1_663' title='bbox 3339 1979 3417 2037; x_wconf 91' lang='lat' dir='ltr'><strong>sic</strong></span> <span class='ocrx_word' id='word_1_664' title='bbox 3464 1980 3695 2049; x_wconf 87' lang='lat' dir='ltr'><strong>loquitur</strong></span> <span class='ocrx_word' id='word_1_665' title='bbox 3739 1979 3807 2035; x_wconf 88' lang='lat' dir='ltr'><strong>de</strong></span> 
     </span>
    </p>
   </div>
   <div class='ocr_carea' id='block_1_80' title="bbox 2216 2072 3805 2147">
    <p class='ocr_par' dir='ltr' id='par_1_80' title="bbox 2216 2072 3805 2147">
     <span class='ocr_line' id='line_1_80' title="bbox 2216 2072 3805 2147; baseline -0.002 -17"><span class='ocrx_word' id='word_1_666' title='bbox 2216 2075 2457 2143; x_wconf 89' lang='lat' dir='ltr'><strong>Christo,</strong></span> <span class='ocrx_word' id='word_1_667' title='bbox 2484 2086 2543 2132; x_wconf 94' lang='lat' dir='ltr'><strong>ut</strong></span> <span class='ocrx_word' id='word_1_668' title='bbox 2569 2087 2728 2147; x_wconf 91' lang='lat' dir='ltr'><strong>caput</strong></span> <span class='ocrx_word' id='word_1_669' title='bbox 2766 2077 2936 2131; x_wconf 85' lang='lat' dir='ltr'><strong>solum</strong></span> <span class='ocrx_word' id='word_1_670' title='bbox 2967 2075 3342 2142; x_wconf 86' lang='lat' dir='ltr'><strong>commendet,</strong></span> <span class='ocrx_word' id='word_1_671' title='bbox 3373 2083 3428 2129; x_wconf 92' lang='lat' dir='ltr'><strong>et</strong></span> <span class='ocrx_word' id='word_1_672' title='bbox 3455 2072 3738 2143; x_wconf 88' lang='lat' dir='ltr'><strong>aliquando</strong></span> <span class='ocrx_word' id='word_1_673' title='bbox 3775 2088 3805 2127; x_wconf 87' lang='lat' dir='ltr'><strong>a</strong></span> 
     </span>
    </p>
   </div>
   <div class='ocr_carea' id='block_1_81' title="bbox 2216 2164 3806 2241">
    <p class='ocr_par' dir='ltr' id='par_1_81' title="bbox 2216 2164 3806 2241">
     <span class='ocr_line' id='line_1_81' title="bbox 2216 2164 3806 2241; baseline -0.003 -16"><span class='ocrx_word' id='word_1_674' title='bbox 2216 2171 2388 2241; x_wconf 91' lang='lat' dir='ltr'><strong>capite</strong></span> <span class='ocrx_word' id='word_1_675' title='bbox 2410 2171 2450 2227; x_wconf 88' lang='lat' dir='ltr'><strong>it</strong></span> <span class='ocrx_word' id='word_1_676' title='bbox 2477 2171 2542 2225; x_wconf 91' lang='lat' dir='ltr'><strong>ad</strong></span> <span class='ocrx_word' id='word_1_677' title='bbox 2572 2186 2787 2241; x_wconf 90' lang='lat' dir='ltr'><strong>corpus,</strong></span> <span class='ocrx_word' id='word_1_678' title='bbox 2811 2170 2863 2224; x_wconf 93' lang='lat' dir='ltr'><strong>id</strong></span> <span class='ocrx_word' id='word_1_679' title='bbox 2891 2170 3059 2226; x_wconf 90' lang='lat' dir='ltr'><strong>estad</strong></span> <span class='ocrx_word' id='word_1_680' title='bbox 3089 2169 3380 2224; x_wconf 89' lang='lat' dir='ltr'><strong>Ecclesiam</strong></span> <span class='ocrx_word' id='word_1_681' title='bbox 3402 2209 3417 2233; x_wconf 93' lang='lat'><strong>,</strong></span> <span class='ocrx_word' id='word_1_682' title='bbox 3440 2176 3492 2221; x_wconf 91' lang='lat' dir='ltr'><strong>et</strong></span> <span class='ocrx_word' id='word_1_683' title='bbox 3522 2182 3626 2221; x_wconf 91' lang='lat' dir='ltr'><strong>non</strong></span> <span class='ocrx_word' id='word_1_684' title='bbox 3654 2164 3806 2220; x_wconf 84' lang='lat' dir='ltr'><strong>vide-</strong></span> 
     </span>
    </p>
   </div>
   <div class='ocr_carea' id='block_1_82' title="bbox 2217 2264 3806 2335">
    <p class='ocr_par' dir='ltr' id='par_1_82' title="bbox 2217 2264 3806 2335">
     <span class='ocr_line' id='line_1_82' title="bbox 2217 2264 3806 2335; baseline -0.003 -16"><span class='ocrx_word' id='word_1_685' title='bbox 2217 2273 2304 2320; x_wconf 89' lang='lat' dir='ltr'><strong>tur</strong></span> <span class='ocrx_word' id='word_1_686' title='bbox 2342 2275 2576 2321; x_wconf 88' lang='lat' dir='ltr'><strong>mutasse</strong></span> <span class='ocrx_word' id='word_1_687' title='bbox 2602 2280 2923 2335; x_wconf 84' lang='lat' dir='ltr'><strong>personam;</strong></span> <span class='ocrx_word' id='word_1_688' title='bbox 2956 2264 3076 2334; x_wconf 87' lang='lat' dir='ltr'><strong>quia</strong></span> <span class='ocrx_word' id='word_1_689' title='bbox 3123 2279 3226 2317; x_wconf 92' lang='lat' dir='ltr'><strong>non</strong></span> <span class='ocrx_word' id='word_1_690' title='bbox 3271 2272 3548 2332; x_wconf 85' lang='lat' dir='ltr'><strong>separatur</strong></span> <span class='ocrx_word' id='word_1_691' title='bbox 3577 2268 3737 2328; x_wconf 90' lang='lat' dir='ltr'><strong>caput</strong></span> <span class='ocrx_word' id='word_1_692' title='bbox 3775 2273 3806 2314; x_wconf 84' lang='lat' dir='ltr'><strong>a</strong></span> 
     </span>
    </p>
   </div>
   <div class='ocr_carea' id='block_1_83' title="bbox 2215 2350 3807 2428">
    <p class='ocr_par' dir='ltr' id='par_1_83' title="bbox 2215 2350 3807 2428">
     <span class='ocr_line' id='line_1_83' title="bbox 2215 2350 3807 2428; baseline -0.004 -15"><span class='ocrx_word' id='word_1_693' title='bbox 2215 2373 2440 2428; x_wconf 90' lang='lat' dir='ltr'><strong>corpore</strong></span> <span class='ocrx_word' id='word_1_694' title='bbox 2467 2400 2481 2423; x_wconf 96' lang='lat'><strong>,</strong></span> <span class='ocrx_word' id='word_1_695' title='bbox 2514 2358 2607 2413; x_wconf 88' lang='lat' dir='ltr'><strong>sed</strong></span> <span class='ocrx_word' id='word_1_696' title='bbox 2650 2368 2897 2428; x_wconf 90' lang='lat' dir='ltr'><strong>tanquam</strong></span> <span class='ocrx_word' id='word_1_697' title='bbox 2930 2356 2996 2412; x_wconf 90' lang='lat' dir='ltr'><strong>de</strong></span> <span class='ocrx_word' id='word_1_698' title='bbox 3023 2374 3127 2411; x_wconf 89' lang='lat' dir='ltr'><strong>uno</strong></span> <span class='ocrx_word' id='word_1_699' title='bbox 3158 2356 3414 2426; x_wconf 89' lang='lat' dir='ltr'><strong>loquitur.</strong></span> <span class='ocrx_word' id='word_1_700' title='bbox 3444 2352 3634 2408; x_wconf 83' lang='lat' dir='ltr'><strong>Videat</strong></span> <span class='ocrx_word' id='word_1_701' title='bbox 3659 2350 3807 2406; x_wconf 92' lang='lat' dir='ltr'><strong>enim</strong></span> 
     </span>
    </p>
   </div>
   <div class='ocr_carea' id='block_1_84' title="bbox 2216 2446 3809 2521">
    <p class='ocr_par' dir='ltr' id='par_1_84' title="bbox 2216 2446 3809 2521">
     <span class='ocr_line' id='line_1_84' title="bbox 2216 2446 3809 2521; baseline -0.004 -17"><span class='ocrx_word' id='word_1_702' title='bbox 2216 2449 2459 2505; x_wconf 87' lang='lat' dir='ltr'><strong>Charitas</strong></span> <span class='ocrx_word' id='word_1_703' title='bbox 2488 2449 2671 2505; x_wconf 88' lang='lat' dir='ltr'><strong>Vestra</strong></span> <span class='ocrx_word' id='word_1_704' title='bbox 2691 2450 2832 2521; x_wconf 87' lang='lat' dir='ltr'><strong>quod</strong></span> <span class='ocrx_word' id='word_1_705' title='bbox 2861 2450 2999 2505; x_wconf 91' lang='lat' dir='ltr'><strong>dico.</strong></span> <span class='ocrx_word' id='word_1_706' title='bbox 3028 2448 3334 2503; x_wconf 85' lang='lat' dir='ltr'><strong>Manifestus</strong></span> <span class='ocrx_word' id='word_1_707' title='bbox 3361 2457 3443 2501; x_wconf 87' lang='lat' dir='ltr'><strong>est</strong></span> <span class='ocrx_word' id='word_1_708' title='bbox 3463 2455 3608 2501; x_wconf 89' lang='lat' dir='ltr'><strong>certe</strong></span> <span class='ocrx_word' id='word_1_709' title='bbox 3634 2446 3809 2499; x_wconf 61' lang='lat' dir='ltr'><strong>omni.</strong></span> 
     </span>
    </p>
   </div>
   <div class='ocr_carea' id='block_1_85' title="bbox 2216 2537 3809 2616">
    <p class='ocr_par' dir='ltr' id='par_1_85' title="bbox 2216 2537 3809 2616">
     <span class='ocr_line' id='line_1_85' title="bbox 2216 2537 3809 2616; baseline -0.004 -16"><span class='ocrx_word' id='word_1_710' title='bbox 2216 2544 2312 2600; x_wconf 90' lang='lat' dir='ltr'><strong>bus</strong></span> <span class='ocrx_word' id='word_1_711' title='bbox 2339 2545 2571 2616; x_wconf 81' lang='lat' dir='ltr'><strong>psalmus</strong></span> <span class='ocrx_word' id='word_1_712' title='bbox 2592 2545 2682 2600; x_wconf 89' lang='lat' dir='ltr'><strong>ubi</strong></span> <span class='ocrx_word' id='word_1_713' title='bbox 2712 2544 2780 2600; x_wconf 90' lang='lat' dir='ltr'><strong>de</strong></span> <span class='ocrx_word' id='word_1_714' title='bbox 2811 2546 3052 2615; x_wconf 89' lang='lat' dir='ltr'><strong>passione</strong></span> <span class='ocrx_word' id='word_1_715' title='bbox 3088 2542 3293 2597; x_wconf 91' lang='lat' dir='ltr'><strong>Domini</strong></span> <span class='ocrx_word' id='word_1_716' title='bbox 3322 2541 3543 2595; x_wconf 88' lang='lat' dir='ltr'><strong>dicitur:</strong></span> <span class='ocrx_word' id='word_1_717' title='bbox 3580 2558 3598 2591; x_wconf 86' lang='grc'><strong><em>‹</em></strong></span> <span class='ocrx_word' id='word_1_718' title='bbox 3632 2537 3809 2593; x_wconf 85' lang='lat' dir='ltr'><strong>Fode-</strong></span> 
     </span>
    </p>
   </div>
   <div class='ocr_carea' id='block_1_86' title="bbox 2214 2628 3807 2705">
    <p class='ocr_par' dir='ltr' id='par_1_86' title="bbox 2214 2628 3807 2705">
     <span class='ocr_line' id='line_1_86' title="bbox 2214 2628 3807 2705; baseline -0.004 -13"><span class='ocrx_word' id='word_1_719' title='bbox 2214 2648 2339 2692; x_wconf 90' lang='lat' dir='ltr'><strong>runt</strong></span> <span class='ocrx_word' id='word_1_720' title='bbox 2384 2652 2575 2693; x_wconf 87' lang='lat' dir='ltr'><strong>manus</strong></span> <span class='ocrx_word' id='word_1_721' title='bbox 2620 2653 2767 2691; x_wconf 81' lang='lat' dir='ltr'><strong>meas</strong></span> <span class='ocrx_word' id='word_1_722' title='bbox 2808 2648 2861 2690; x_wconf 90' lang='lat' dir='ltr'><strong>et</strong></span> <span class='ocrx_word' id='word_1_723' title='bbox 2904 2634 3590 2705; x_wconf 88' lang='lat' dir='ltr'><strong>pedes;dinumeraverunt</strong></span> <span class='ocrx_word' id='word_1_724' title='bbox 3624 2628 3807 2685; x_wconf 84' lang='lat' dir='ltr'><strong>omnia</strong></span> 
     </span>
    </p>
   </div>
   <div class='ocr_carea' id='block_1_87' title="bbox 2214 2727 3810 2790">
    <p class='ocr_par' dir='ltr' id='par_1_87' title="bbox 2214 2727 3810 2790">
     <span class='ocr_line' id='line_1_87' title="bbox 2214 2727 3810 2790; baseline -0.007 -4"><span class='ocrx_word' id='word_1_725' title='bbox 2214 2744 2333 2786; x_wconf 85' lang='lat' dir='ltr'><strong>Ossa</strong></span> <span class='ocrx_word' id='word_1_726' title='bbox 2375 2746 2491 2785; x_wconf 90' lang='lat' dir='ltr'><strong>mea</strong></span> <span class='ocrx_word' id='word_1_727' title='bbox 2518 2747 2531 2784; x_wconf 90' lang='lat'><strong>:</strong></span> <span class='ocrx_word' id='word_1_728' title='bbox 2562 2730 2857 2785; x_wconf 70' lang='lat' dir='ltr'><strong>diviserunt</strong></span> <span class='ocrx_word' id='word_1_729' title='bbox 2886 2729 2987 2782; x_wconf 87' lang='lat' dir='ltr'><strong>sibi</strong></span> <span class='ocrx_word' id='word_1_730' title='bbox 3026 2727 3339 2781; x_wconf 81' lang='lat' dir='ltr'><strong>vestimenta</strong></span> <span class='ocrx_word' id='word_1_731' title='bbox 3383 2738 3501 2778; x_wconf 89' lang='lat' dir='ltr'><strong>mea</strong></span> <span class='ocrx_word' id='word_1_732' title='bbox 3526 2764 3540 2790; x_wconf 94' lang='lat'><strong>,</strong></span> <span class='ocrx_word' id='word_1_733' title='bbox 3566 2734 3618 2777; x_wconf 93' lang='lat' dir='ltr'><strong>et</strong></span> <span class='ocrx_word' id='word_1_734' title='bbox 3643 2736 3810 2790; x_wconf 83' lang='lat' dir='ltr'><strong>super</strong></span> 
     </span>
    </p>
   </div>
   <div class='ocr_carea' id='block_1_88' title="bbox 2214 2813 3809 2879">
    <p class='ocr_par' dir='ltr' id='par_1_88' title="bbox 2214 2813 3809 2879">
     <span class='ocr_line' id='line_1_88' title="bbox 2214 2813 3809 2879; baseline -0.005 -1"><span class='ocrx_word' id='word_1_735' title='bbox 2214 2825 2589 2879; x_wconf 85' lang='lat' dir='ltr'><strong>vestimentum</strong></span> <span class='ocrx_word' id='word_1_736' title='bbox 2619 2839 2792 2877; x_wconf 89' lang='lat' dir='ltr'><strong>meum</strong></span> <span class='ocrx_word' id='word_1_737' title='bbox 2820 2822 3079 2876; x_wconf 87' lang='lat' dir='ltr'><strong>miserunt</strong></span> <span class='ocrx_word' id='word_1_738' title='bbox 3105 2828 3324 2875; x_wconf 89' lang='lat' dir='ltr'><strong>sortem.</strong></span> <span class='ocrx_word' id='word_1_739' title='bbox 3365 2837 3382 2870; x_wconf 74' lang='grc' dir='ltr'><strong>ι</strong></span> <span class='ocrx_word' id='word_1_740' title='bbox 3416 2817 3530 2871; x_wconf 84' lang='grc' dir='ltr'>Ηοε</span> <span class='ocrx_word' id='word_1_741' title='bbox 3557 2825 3609 2870; x_wconf 91' lang='grc' dir='ltr'><strong>ει</strong></span> <span class='ocrx_word' id='word_1_742' title='bbox 3632 2813 3809 2871; x_wconf 67' lang='grc' dir='ltr'><strong>Ιυάωἰ</strong></span> 
     </span>
    </p>
   </div>
   <div class='ocr_carea' id='block_1_89' title="bbox 2214 2908 3810 2987">
    <p class='ocr_par' dir='ltr' id='par_1_89' title="bbox 2214 2908 3810 2987">
     <span class='ocr_line' id='line_1_89' title="bbox 2214 2908 3810 2987; baseline -0.007 -15"><span class='ocrx_word' id='word_1_743' title='bbox 2214 2916 2427 2987; x_wconf 90' lang='lat' dir='ltr'><strong>quando</strong></span> <span class='ocrx_word' id='word_1_744' title='bbox 2455 2917 2676 2970; x_wconf 91' lang='lat' dir='ltr'><strong>audiunt</strong></span> <span class='ocrx_word' id='word_1_745' title='bbox 2702 2914 3024 2970; x_wconf 86' lang='lat' dir='ltr'><strong>erubescunt</strong></span> <span class='ocrx_word' id='word_1_746' title='bbox 3047 2930 3062 2979; x_wconf 91' lang='lat'><strong>;</strong></span> <span class='ocrx_word' id='word_1_747' title='bbox 3085 2909 3479 2967; x_wconf 76' lang='lat' dir='ltr'><strong>evidentissime</strong></span> <span class='ocrx_word' id='word_1_748' title='bbox 3508 2908 3647 2963; x_wconf 88' lang='lat' dir='ltr'><strong>enim</strong></span> <span class='ocrx_word' id='word_1_749' title='bbox 3678 2921 3810 2976; x_wconf 89' lang='lat' dir='ltr'><strong>pro-</strong></span> 
     </span>
    </p>
   </div>
   <div class='ocr_carea' id='block_1_90' title="bbox 2217 3001 3810 3080">
    <p class='ocr_par' dir='ltr' id='par_1_90' title="bbox 2217 3001 3810 3080">
     <span class='ocr_line' id='line_1_90' title="bbox 2217 3001 3810 3080; baseline -0.008 -17"><span class='ocrx_word' id='word_1_750' title='bbox 2217 3009 2393 3080; x_wconf 89' lang='lat' dir='ltr'><strong>phetia</strong></span> <span class='ocrx_word' id='word_1_751' title='bbox 2422 3010 2490 3064; x_wconf 91' lang='lat' dir='ltr'><strong>de</strong></span> <span class='ocrx_word' id='word_1_752' title='bbox 2518 3010 2764 3078; x_wconf 89' lang='lat' dir='ltr'><strong>passione</strong></span> <span class='ocrx_word' id='word_1_753' title='bbox 2791 3007 2996 3061; x_wconf 91' lang='lat' dir='ltr'><strong>Domini</strong></span> <span class='ocrx_word' id='word_1_754' title='bbox 3028 3006 3194 3061; x_wconf 87' lang='lat' dir='ltr'><strong>nostri</strong></span> <span class='ocrx_word' id='word_1_755' title='bbox 3216 3005 3339 3060; x_wconf 82' lang='lat' dir='ltr'><strong>Jesu</strong></span> <span class='ocrx_word' id='word_1_756' title='bbox 3374 3001 3568 3058; x_wconf 89' lang='lat' dir='ltr'><strong>Christi</strong></span> <span class='ocrx_word' id='word_1_757' title='bbox 3600 3001 3810 3071; x_wconf 86' lang='lat' dir='ltr'><strong>prolata</strong></span> 
     </span>
    </p>
   </div>
   <div class='ocr_carea' id='block_1_91' title="bbox 2215 3094 3813 3159">
    <p class='ocr_par' dir='ltr' id='par_1_91' title="bbox 2215 3094 3813 3159">
     <span class='ocr_line' id='line_1_91' title="bbox 2215 3094 3813 3159; baseline -0.006 0"><span class='ocrx_word' id='word_1_758' title='bbox 2215 3112 2317 3159; x_wconf 84' lang='lat' dir='ltr'><strong>est.</strong></span> <span class='ocrx_word' id='word_1_759' title='bbox 2342 3104 2536 3158; x_wconf 89' lang='lat' dir='ltr'><strong>Delicta</strong></span> <span class='ocrx_word' id='word_1_760' title='bbox 2564 3112 2739 3158; x_wconf 88' lang='lat' dir='ltr'><strong>autem</strong></span> <span class='ocrx_word' id='word_1_761' title='bbox 2772 3118 2876 3157; x_wconf 91' lang='lat' dir='ltr'><strong>non</strong></span> <span class='ocrx_word' id='word_1_762' title='bbox 2906 3100 3131 3154; x_wconf 88' lang='lat' dir='ltr'><strong>habebat</strong></span> <span class='ocrx_word' id='word_1_763' title='bbox 3156 3099 3415 3154; x_wconf 78' lang='lat' dir='ltr'><strong>Dominus</strong></span> <span class='ocrx_word' id='word_1_764' title='bbox 3444 3104 3622 3151; x_wconf 86' lang='lat' dir='ltr'><strong>noster</strong></span> <span class='ocrx_word' id='word_1_765' title='bbox 3648 3094 3813 3150; x_wconf 83' lang='lat' dir='ltr'><strong>Jesus</strong></span> 
     </span>
    </p>
   </div>
   <div class='ocr_carea' id='block_1_92' title="bbox 2214 3189 3811 3264">
    <p class='ocr_par' dir='ltr' id='par_1_92' title="bbox 2214 3189 3811 3264">
     <span class='ocr_line' id='line_1_92' title="bbox 2214 3189 3811 3264; baseline -0.006 -12"><span class='ocrx_word' id='word_1_766' title='bbox 2214 3196 2473 3262; x_wconf 85' lang='lat' dir='ltr'><strong>Christus;</strong></span> <span class='ocrx_word' id='word_1_767' title='bbox 2498 3203 2552 3251; x_wconf 86' lang='lat' dir='ltr'><strong>et</strong></span> <span class='ocrx_word' id='word_1_768' title='bbox 2574 3206 2749 3250; x_wconf 85' lang='lat' dir='ltr'><strong>tamen</strong></span> <span class='ocrx_word' id='word_1_769' title='bbox 2781 3196 2833 3250; x_wconf 89' lang='lat' dir='ltr'><strong>in</strong></span> <span class='ocrx_word' id='word_1_770' title='bbox 2860 3195 3032 3264; x_wconf 89' lang='lat' dir='ltr'><strong>capite</strong></span> <span class='ocrx_word' id='word_1_771' title='bbox 3060 3194 3222 3262; x_wconf 90' lang='lat' dir='ltr'><strong>ipsius</strong></span> <span class='ocrx_word' id='word_1_772' title='bbox 3245 3190 3577 3262; x_wconf 87' lang='lat' dir='ltr'><strong>psalmidicit</strong></span> <span class='ocrx_word' id='word_1_773' title='bbox 3600 3206 3613 3241; x_wconf 89' lang='lat'><strong>:</strong></span> <span class='ocrx_word' id='word_1_774' title='bbox 3645 3189 3811 3255; x_wconf 85' lang='lat' dir='ltr'><strong>Deus,</strong></span> 
     </span>
    </p>
   </div>
   <div class='ocr_carea' id='block_1_93' title="bbox 2217 3284 3815 3362">
    <p class='ocr_par' dir='ltr' id='par_1_93' title="bbox 2217 3284 3815 3362">
     <span class='ocr_line' id='line_1_93' title="bbox 2217 3284 3815 3362; baseline -0.006 -19"><span class='ocrx_word' id='word_1_775' title='bbox 2217 3289 2354 3344; x_wconf 80' lang='lat' dir='ltr'><strong>Dens</strong></span> <span class='ocrx_word' id='word_1_776' title='bbox 2383 3306 2542 3356; x_wconf 81' lang='lat' dir='ltr'><strong>meus,</strong></span> <span class='ocrx_word' id='word_1_777' title='bbox 2573 3290 2747 3362; x_wconf 85' lang='lat' dir='ltr'><strong>utquid</strong></span> <span class='ocrx_word' id='word_1_778' title='bbox 2778 3306 2855 3343; x_wconf 85' lang='lat' dir='ltr'><strong>me</strong></span> <span class='ocrx_word' id='word_1_779' title='bbox 2882 3288 3187 3356; x_wconf 81' lang='lat' dir='ltr'><strong>dereliquisti</strong></span> <span class='ocrx_word' id='word_1_780' title='bbox 3203 3287 3228 3340; x_wconf 85' lang='lat'><strong><em>?</em></strong></span> <span class='ocrx_word' id='word_1_781' title='bbox 3259 3284 3430 3358; x_wconf 84' lang='lat' dir='ltr'><strong>Longe</strong></span> <span class='ocrx_word' id='word_1_782' title='bbox 3454 3303 3483 3337; x_wconf 90' lang='lat' dir='ltr'><strong>a</strong></span> <span class='ocrx_word' id='word_1_783' title='bbox 3511 3284 3672 3337; x_wconf 77' lang='lat' dir='ltr'><strong>salute</strong></span> <span class='ocrx_word' id='word_1_784' title='bbox 3694 3298 3815 3336; x_wconf 84' lang='lat' dir='ltr'><strong>utea</strong></span> 
     </span>
    </p>
   </div>
   <div class='ocr_carea' id='block_1_94' title="bbox 2215 3379 3810 3451">
    <p class='ocr_par' dir='ltr' id='par_1_94' title="bbox 2215 3379 3810 3451">
     <span class='ocr_line' id='line_1_94' title="bbox 2215 3379 3810 3451; baseline -0.006 -10"><span class='ocrx_word' id='word_1_785' title='bbox 2215 3387 2362 3441; x_wconf 80' lang='lat' dir='ltr'><strong>verba</strong></span> <span class='ocrx_word' id='word_1_786' title='bbox 2395 3386 2689 3439; x_wconf 78' lang='lat' dir='ltr'><strong>delictorum</strong></span> <span class='ocrx_word' id='word_1_787' title='bbox 2714 3402 2934 3439; x_wconf 87' lang='lat' dir='ltr'><strong>meorum</strong></span> <span class='ocrx_word' id='word_1_788' title='bbox 2957 3382 3126 3447; x_wconf 84' lang='lat' dir='ltr'><strong>(Psal.</strong></span> <span class='ocrx_word' id='word_1_789' title='bbox 3160 3398 3248 3437; x_wconf 77' lang='lat' dir='ltr'><strong>XXI</strong></span> <span class='ocrx_word' id='word_1_790' title='bbox 3273 3425 3287 3447; x_wconf 89' lang='lat'><strong>,</strong></span> <span class='ocrx_word' id='word_1_791' title='bbox 3322 3382 3387 3435; x_wconf 82' lang='grc'><strong>17</strong></span> <span class='ocrx_word' id='word_1_792' title='bbox 3409 3423 3421 3444; x_wconf 90' lang='grc'><strong>,</strong></span> <span class='ocrx_word' id='word_1_793' title='bbox 3454 3380 3521 3435; x_wconf 79' lang='grc'><strong>18</strong></span> <span class='ocrx_word' id='word_1_794' title='bbox 3544 3422 3558 3445; x_wconf 92' lang='grc'><strong>,</strong></span> <span class='ocrx_word' id='word_1_795' title='bbox 3589 3380 3655 3433; x_wconf 79' lang='grc'><strong>19</strong></span> <span class='ocrx_word' id='word_1_796' title='bbox 3683 3420 3697 3442; x_wconf 89' lang='grc'><strong>,</strong></span> <span class='ocrx_word' id='word_1_797' title='bbox 3720 3379 3810 3451; x_wconf 73' lang='grc'><strong>2).</strong></span> 
     </span>
    </p>
   </div>
   <div class='ocr_carea' id='block_1_95' title="bbox 2215 3472 3814 3547">
    <p class='ocr_par' dir='ltr' id='par_1_95' title="bbox 2215 3472 3814 3547">
     <span class='ocr_line' id='line_1_95' title="bbox 2215 3472 3814 3547; baseline -0.003 -16"><span class='ocrx_word' id='word_1_798' title='bbox 2215 3476 2418 3532; x_wconf 79' lang='lat' dir='ltr'><strong>Videtis</strong></span> <span class='ocrx_word' id='word_1_799' title='bbox 2447 3493 2573 3547; x_wconf 86' lang='lat' dir='ltr'><strong>ergo</strong></span> <span class='ocrx_word' id='word_1_800' title='bbox 2601 3477 2723 3547; x_wconf 88' lang='lat' dir='ltr'><strong>quid</strong></span> <span class='ocrx_word' id='word_1_801' title='bbox 2755 3477 2959 3530; x_wconf 86' lang='lat' dir='ltr'><strong>dicatur</strong></span> <span class='ocrx_word' id='word_1_802' title='bbox 2986 3492 3047 3529; x_wconf 73' lang='lat' dir='ltr'><strong>ex</strong></span> <span class='ocrx_word' id='word_1_803' title='bbox 3086 3489 3312 3545; x_wconf 89' lang='lat' dir='ltr'><strong>persona</strong></span> <span class='ocrx_word' id='word_1_804' title='bbox 3342 3473 3550 3541; x_wconf 85' lang='lat' dir='ltr'><strong>capitis,</strong></span> <span class='ocrx_word' id='word_1_805' title='bbox 3583 3472 3709 3542; x_wconf 91' lang='lat' dir='ltr'><strong>quid</strong></span> <span class='ocrx_word' id='word_1_806' title='bbox 3738 3488 3814 3527; x_wconf 85' lang='lat' dir='ltr'><strong>ex</strong></span> 
     </span>
    </p>
   </div>
   <div class='ocr_carea' id='block_1_96' title="bbox 2215 3564 3814 3639">
    <p class='ocr_par' dir='ltr' id='par_1_96' title="bbox 2215 3564 3814 3639">
     <span class='ocr_line' id='line_1_96' title="bbox 2215 3564 3814 3639; baseline -0.003 -16"><span class='ocrx_word' id='word_1_807' title='bbox 2215 3584 2440 3639; x_wconf 86' lang='lat' dir='ltr'><strong>persona</strong></span> <span class='ocrx_word' id='word_1_808' title='bbox 2470 3572 2725 3636; x_wconf 80' lang='lat' dir='ltr'><strong>corporis.</strong></span> <span class='ocrx_word' id='word_1_809' title='bbox 2753 3568 2950 3622; x_wconf 90' lang='lat' dir='ltr'><strong>Delicta</strong></span> <span class='ocrx_word' id='word_1_810' title='bbox 2976 3566 3042 3621; x_wconf 90' lang='lat' dir='ltr'><strong>ad</strong></span> <span class='ocrx_word' id='word_1_811' title='bbox 3072 3581 3168 3620; x_wconf 91' lang='lat' dir='ltr'><strong>nos</strong></span> <span class='ocrx_word' id='word_1_812' title='bbox 3194 3566 3478 3635; x_wconf 90' lang='lat' dir='ltr'><strong>pertinent,</strong></span> <span class='ocrx_word' id='word_1_813' title='bbox 3507 3564 3685 3634; x_wconf 91' lang='lat' dir='ltr'><strong>passio</strong></span> <span class='ocrx_word' id='word_1_814' title='bbox 3707 3580 3814 3633; x_wconf 91' lang='lat' dir='ltr'><strong>pro</strong></span> 
     </span>
    </p>
   </div>
   <div class='ocr_carea' id='block_1_97' title="bbox 2214 3656 3814 3731">
    <p class='ocr_par' dir='ltr' id='par_1_97' title="bbox 2214 3656 3814 3731">
     <span class='ocr_line' id='line_1_97' title="bbox 2214 3656 3814 3731; baseline -0.003 -16"><span class='ocrx_word' id='word_1_815' title='bbox 2214 3662 2367 3716; x_wconf 89' lang='lat' dir='ltr'><strong>nobis</strong></span> <span class='ocrx_word' id='word_1_816' title='bbox 2394 3661 2458 3714; x_wconf 90' lang='lat' dir='ltr'><strong>ad</strong></span> <span class='ocrx_word' id='word_1_817' title='bbox 2483 3669 2642 3731; x_wconf 90' lang='lat' dir='ltr'><strong>caput</strong></span> <span class='ocrx_word' id='word_1_818' title='bbox 2663 3660 2892 3729; x_wconf 89' lang='lat' dir='ltr'><strong>pertinet</strong></span> <span class='ocrx_word' id='word_1_819' title='bbox 2921 3678 2933 3713; x_wconf 92' lang='lat'><strong>:</strong></span> <span class='ocrx_word' id='word_1_820' title='bbox 2965 3659 3056 3713; x_wconf 86' lang='lat' dir='ltr'><strong>scd</strong></span> <span class='ocrx_word' id='word_1_821' title='bbox 3089 3669 3306 3728; x_wconf 89' lang='lat' dir='ltr'><strong>propter</strong></span> <span class='ocrx_word' id='word_1_822' title='bbox 3334 3658 3633 3728; x_wconf 88' lang='lat' dir='ltr'><strong>passionem</strong></span> <span class='ocrx_word' id='word_1_823' title='bbox 3664 3656 3814 3711; x_wconf 89' lang='lat' dir='ltr'><strong>illius</strong></span> 
     </span>
    </p>
   </div>
   <div class='ocr_carea' id='block_1_98' title="bbox 2216 3748 3813 3822">
    <p class='ocr_par' dir='ltr' id='par_1_98' title="bbox 2216 3748 3813 3822">
     <span class='ocr_line' id='line_1_98' title="bbox 2216 3748 3813 3822; baseline -0.003 -16"><span class='ocrx_word' id='word_1_824' title='bbox 2216 3768 2314 3822; x_wconf 86' lang='lat' dir='ltr'><strong>pro</strong></span> <span class='ocrx_word' id='word_1_825' title='bbox 2345 3753 2527 3818; x_wconf 90' lang='lat' dir='ltr'><strong>nobis,</strong></span> <span class='ocrx_word' id='word_1_826' title='bbox 2559 3761 2614 3807; x_wconf 91' lang='lat' dir='ltr'><strong>et</strong></span> <span class='ocrx_word' id='word_1_827' title='bbox 2640 3752 2778 3821; x_wconf 90' lang='lat' dir='ltr'><strong>quod</strong></span> <span class='ocrx_word' id='word_1_828' title='bbox 2804 3751 2871 3805; x_wconf 90' lang='lat' dir='ltr'><strong>ad</strong></span> <span class='ocrx_word' id='word_1_829' title='bbox 2902 3766 3000 3806; x_wconf 93' lang='lat' dir='ltr'><strong>nos</strong></span> <span class='ocrx_word' id='word_1_830' title='bbox 3032 3752 3259 3821; x_wconf 88' lang='lat' dir='ltr'><strong>pertinet</strong></span> <span class='ocrx_word' id='word_1_831' title='bbox 3286 3749 3601 3805; x_wconf 89' lang='lat' dir='ltr'><strong>delictorum</strong></span> <span class='ocrx_word' id='word_1_832' title='bbox 3638 3748 3813 3803; x_wconf 85' lang='lat' dir='ltr'><strong>solvi-</strong></span> 
     </span>
    </p>
   </div>
   <div class='ocr_carea' id='block_1_99' title="bbox 2215 3844 3030 3913">
    <p class='ocr_par' dir='ltr' id='par_1_99' title="bbox 2215 3844 3030 3913">
     <span class='ocr_line' id='line_1_99' title="bbox 2215 3844 3030 3913; baseline -0.007 -11"><span class='ocrx_word' id='word_1_833' title='bbox 2215 3856 2301 3902; x_wconf 89' lang='lat' dir='ltr'><strong>tur</strong></span> <span class='ocrx_word' id='word_1_834' title='bbox 2328 3849 2369 3896; x_wconf 81' lang='grc'><strong>³.</strong></span> <span class='ocrx_word' id='word_1_835' title='bbox 2403 3845 2490 3900; x_wconf 89' lang='lat' dir='ltr'><strong>Sic</strong></span> <span class='ocrx_word' id='word_1_836' title='bbox 2517 3854 2569 3901; x_wconf 90' lang='lat' dir='ltr'><strong>et</strong></span> <span class='ocrx_word' id='word_1_837' title='bbox 2596 3846 2648 3898; x_wconf 92' lang='lat' dir='ltr'><strong>in</strong></span> <span class='ocrx_word' id='word_1_838' title='bbox 2680 3846 2781 3899; x_wconf 92' lang='lat' dir='ltr'><strong>isto</strong></span> <span class='ocrx_word' id='word_1_839' title='bbox 2807 3844 3030 3913; x_wconf 90' lang='lat' dir='ltr'><strong>psalmo.</strong></span> 
     </span>
    </p>
   </div>
   <div class='ocr_carea' id='block_1_100' title="bbox 2286 3955 3808 4037">
    <p class='ocr_par' dir='ltr' id='par_1_100' title="bbox 2286 3955 3808 4037">
     <span class='ocr_line' id='line_1_100' title="bbox 2286 3955 3808 4037; baseline -0.005 -20"><span class='ocrx_word' id='word_1_840' title='bbox 2286 3964 2338 4017; x_wconf 75' lang='grc'><strong>2.</strong></span> <span class='ocrx_word' id='word_1_841' title='bbox 2372 3963 2517 4037; x_wconf 85' lang='lat' dir='ltr'><strong>[vers.</strong></span> <span class='ocrx_word' id='word_1_842' title='bbox 2546 3959 2688 4033; x_wconf 69' lang='lat'><strong>1-8.]</strong></span> <span class='ocrx_word' id='word_1_843' title='bbox 2712 3960 2828 4015; x_wconf 82' lang='lat' dir='ltr'><strong>Jam</strong></span> <span class='ocrx_word' id='word_1_844' title='bbox 2858 3961 2988 4015; x_wconf 87' lang='lat' dir='ltr'><strong>istos</strong></span> <span class='ocrx_word' id='word_1_845' title='bbox 3012 3974 3197 4013; x_wconf 87' lang='lat' dir='ltr'><strong>versus</strong></span> <span class='ocrx_word' id='word_1_846' title='bbox 3224 3958 3472 4011; x_wconf 86' lang='lat' dir='ltr'><strong>hesterna</strong></span> <span class='ocrx_word' id='word_1_847' title='bbox 3492 3955 3579 4011; x_wconf 86' lang='lat' dir='ltr'><strong>die</strong></span> <span class='ocrx_word' id='word_1_848' title='bbox 3606 3963 3808 4010; x_wconf 79' lang='lat' dir='ltr'><strong>tracta-</strong></span> 
     </span>
    </p>
   </div>
   <div class='ocr_carea' id='block_1_101' title="bbox 2215 4048 3812 4117">
    <p class='ocr_par' dir='ltr' id='par_1_101' title="bbox 2215 4048 3812 4117">
     <span class='ocr_line' id='line_1_101' title="bbox 2215 4048 3812 4117; baseline -0.006 -5"><span class='ocrx_word' id='word_1_849' title='bbox 2215 4060 2384 4113; x_wconf 82' lang='lat' dir='ltr'><strong>vimus</strong></span> <span class='ocrx_word' id='word_1_850' title='bbox 2415 4076 2427 4110; x_wconf 89' lang='lat'><strong>:</strong></span> <span class='ocrx_word' id='word_1_851' title='bbox 2460 4055 2689 4112; x_wconf 84' lang='lat' dir='ltr'><strong>breviter</strong></span> <span class='ocrx_word' id='word_1_852' title='bbox 2723 4067 3200 4111; x_wconf 86' lang='lat' dir='ltr'><strong>commemorcmus</strong></span> <span class='ocrx_word' id='word_1_853' title='bbox 3230 4051 3366 4106; x_wconf 90' lang='lat' dir='ltr'><strong>illos.</strong></span> <span class='ocrx_word' id='word_1_854' title='bbox 3401 4051 3501 4117; x_wconf 83' lang='lat' dir='ltr'><strong>Qui</strong></span> <span class='ocrx_word' id='word_1_855' title='bbox 3527 4048 3716 4101; x_wconf 81' lang='lat' dir='ltr'><strong>habitat</strong></span> <span class='ocrx_word' id='word_1_856' title='bbox 3750 4050 3812 4103; x_wconf 84' lang='lat' dir='ltr'><strong>in</strong></span> 
     </span>
    </p>
   </div>
   <div class='ocr_carea' id='block_1_102' title="bbox 2215 4140 3813 4219">
    <p class='ocr_par' dir='ltr' id='par_1_102' title="bbox 2215 4140 3813 4219">
     <span class='ocr_line' id='line_1_102' title="bbox 2215 4140 3813 4219; baseline -0.007 -16"><span class='ocrx_word' id='word_1_857' title='bbox 2215 4150 2469 4219; x_wconf 78' lang='lat' dir='ltr'><strong>adiutorio</strong></span> <span class='ocrx_word' id='word_1_858' title='bbox 2496 4147 2741 4202; x_wconf 81' lang='lat' dir='ltr'><strong>Altissimi</strong></span> <span class='ocrx_word' id='word_1_859' title='bbox 2760 4190 2773 4213; x_wconf 92' lang='lat'><strong>,</strong></span> <span class='ocrx_word' id='word_1_860' title='bbox 2798 4147 2849 4200; x_wconf 85' lang='lat' dir='ltr'><strong>in</strong></span> <span class='ocrx_word' id='word_1_861' title='bbox 2890 4146 3195 4216; x_wconf 82' lang='lat' dir='ltr'><strong>protectione</strong></span> <span class='ocrx_word' id='word_1_862' title='bbox 3222 4144 3317 4197; x_wconf 84' lang='lat' dir='ltr'><strong>Dei</strong></span> <span class='ocrx_word' id='word_1_863' title='bbox 3337 4143 3448 4198; x_wconf 78' lang='lat' dir='ltr'><strong>caeli</strong></span> <span class='ocrx_word' id='word_1_864' title='bbox 3472 4140 3813 4196; x_wconf 82' lang='lat' dir='ltr'><strong>commorabi-</strong></span> 
     </span>
    </p>
   </div>
   <div class='ocr_carea' id='block_1_103' title="bbox 2215 4234 3814 4298">
    <p class='ocr_par' dir='ltr' id='par_1_103' title="bbox 2215 4234 3814 4298">
     <span class='ocr_line' id='line_1_103' title="bbox 2215 4234 3814 4298; baseline -0.007 0"><span class='ocrx_word' id='word_1_865' title='bbox 2215 4253 2315 4298; x_wconf 87' lang='lat' dir='ltr'><strong>tur.</strong></span> <span class='ocrx_word' id='word_1_866' title='bbox 2339 4244 2449 4298; x_wconf 88' lang='lat' dir='ltr'><strong>Iloc</strong></span> <span class='ocrx_word' id='word_1_867' title='bbox 2462 4241 2949 4297; x_wconf 88' lang='lat' dir='ltr'><strong>commendavimus</strong></span> <span class='ocrx_word' id='word_1_868' title='bbox 2969 4237 3224 4294; x_wconf 87' lang='lat' dir='ltr'><strong>Charitati</strong></span> <span class='ocrx_word' id='word_1_869' title='bbox 3252 4236 3449 4291; x_wconf 69' lang='lat' dir='ltr'><strong>Vestra:</strong></span> <span class='ocrx_word' id='word_1_870' title='bbox 3470 4235 3521 4288; x_wconf 90' lang='lat' dir='ltr'><strong>in</strong></span> <span class='ocrx_word' id='word_1_871' title='bbox 3549 4234 3664 4287; x_wconf 92' lang='lat' dir='ltr'><strong>istis</strong></span> <span class='ocrx_word' id='word_1_872' title='bbox 3687 4248 3814 4287; x_wconf 84' lang='lat' dir='ltr'><strong>vcr-</strong></span> 
     </span>
    </p>
   </div>
   <div class='ocr_carea' id='block_1_104' title="bbox 2214 4326 3813 4404">
    <p class='ocr_par' dir='ltr' id='par_1_104' title="bbox 2214 4326 3813 4404">
     <span class='ocr_line' id='line_1_104' title="bbox 2214 4326 3813 4404; baseline -0.006 -13"><span class='ocrx_word' id='word_1_873' title='bbox 2214 4337 2382 4402; x_wconf 83' lang='lat' dir='ltr'><strong>sibus,</strong></span> <span class='ocrx_word' id='word_1_874' title='bbox 2415 4351 2481 4391; x_wconf 90' lang='lat' dir='ltr'><strong>ne</strong></span> <span class='ocrx_word' id='word_1_875' title='bbox 2502 4334 2779 4404; x_wconf 88' lang='lat' dir='ltr'><strong>quisquam</strong></span> <span class='ocrx_word' id='word_1_876' title='bbox 2811 4333 2863 4387; x_wconf 90' lang='lat' dir='ltr'><strong>in</strong></span> <span class='ocrx_word' id='word_1_877' title='bbox 2894 4348 2951 4387; x_wconf 88' lang='lat' dir='ltr'><strong>se</strong></span> <span class='ocrx_word' id='word_1_878' title='bbox 2981 4348 3127 4401; x_wconf 78' lang='lat' dir='ltr'><strong>spem</strong></span> <span class='ocrx_word' id='word_1_879' title='bbox 3154 4338 3330 4400; x_wconf 90' lang='lat' dir='ltr'><strong>ponat,</strong></span> <span class='ocrx_word' id='word_1_880' title='bbox 3353 4326 3445 4383; x_wconf 83' lang='lat' dir='ltr'><strong>sed</strong></span> <span class='ocrx_word' id='word_1_881' title='bbox 3470 4335 3632 4381; x_wconf 89' lang='lat' dir='ltr'><strong>totam</strong></span> <span class='ocrx_word' id='word_1_882' title='bbox 3651 4340 3813 4394; x_wconf 88' lang='lat' dir='ltr'><strong>spem</strong></span> 
     </span>
    </p>
   </div>
   <div class='ocr_carea' id='block_1_105' title="bbox 2215 4419 3813 4498">
    <p class='ocr_par' dir='ltr' id='par_1_105' title="bbox 2215 4419 3813 4498">
     <span class='ocr_line' id='line_1_105' title="bbox 2215 4419 3813 4498; baseline -0.01 -11"><span class='ocrx_word' id='word_1_883' title='bbox 2215 4446 2365 4487; x_wconf 90' lang='lat' dir='ltr'><strong>suam</strong></span> <span class='ocrx_word' id='word_1_884' title='bbox 2394 4431 2444 4484; x_wconf 91' lang='lat' dir='ltr'><strong>in</strong></span> <span class='ocrx_word' id='word_1_885' title='bbox 2472 4428 2564 4484; x_wconf 90' lang='lat' dir='ltr'><strong>illo</strong></span> <span class='ocrx_word' id='word_1_886' title='bbox 2588 4438 2747 4498; x_wconf 88' lang='lat' dir='ltr'><strong>ponat</strong></span> <span class='ocrx_word' id='word_1_887' title='bbox 2770 4470 2785 4495; x_wconf 92' lang='lat'><strong>,</strong></span> <span class='ocrx_word' id='word_1_888' title='bbox 2818 4427 2870 4480; x_wconf 92' lang='lat' dir='ltr'><strong>in</strong></span> <span class='ocrx_word' id='word_1_889' title='bbox 2898 4441 3002 4496; x_wconf 89' lang='lat' dir='ltr'><strong>quo</strong></span> <span class='ocrx_word' id='word_1_890' title='bbox 3022 4433 3146 4479; x_wconf 87' lang='lat' dir='ltr'><strong>sunt</strong></span> <span class='ocrx_word' id='word_1_891' title='bbox 3172 4424 3311 4478; x_wconf 87' lang='lat' dir='ltr'><strong>vires</strong></span> <span class='ocrx_word' id='word_1_892' title='bbox 3339 4430 3533 4477; x_wconf 66' lang='lat' dir='ltr'><strong>nostrae</strong></span> <span class='ocrx_word' id='word_1_893' title='bbox 3564 4438 3577 4485; x_wconf 90' lang='lat'><strong>;</strong></span> <span class='ocrx_word' id='word_1_894' title='bbox 3608 4435 3673 4474; x_wconf 86' lang='lat' dir='ltr'><strong>ex</strong></span> <span class='ocrx_word' id='word_1_895' title='bbox 3703 4419 3813 4472; x_wconf 84' lang='lat' dir='ltr'><strong>ad-</strong></span> 
     </span>
    </p>
   </div>
   <div class='ocr_carea' id='block_1_106' title="bbox 2212 4521 3813 4594">
    <p class='ocr_par' dir='ltr' id='par_1_106' title="bbox 2212 4521 3813 4594">
     <span class='ocr_line' id='line_1_106' title="bbox 2212 4521 3813 4594; baseline -0.007 -15"><span class='ocrx_word' id='word_1_896' title='bbox 2212 4524 2411 4594; x_wconf 90' lang='lat' dir='ltr'><strong>jutorio</strong></span> <span class='ocrx_word' id='word_1_897' title='bbox 2441 4523 2580 4579; x_wconf 91' lang='lat' dir='ltr'><strong>enim</strong></span> <span class='ocrx_word' id='word_1_898' title='bbox 2608 4522 2722 4591; x_wconf 84' lang='lat' dir='ltr'><strong>ejus</strong></span> <span class='ocrx_word' id='word_1_899' title='bbox 2760 4521 3045 4585; x_wconf 91' lang='lat' dir='ltr'><strong>vincimus,</strong></span> <span class='ocrx_word' id='word_1_900' title='bbox 3077 4533 3181 4572; x_wconf 91' lang='lat' dir='ltr'><strong>non</strong></span> <span class='ocrx_word' id='word_1_901' title='bbox 3212 4532 3276 4572; x_wconf 91' lang='lat' dir='ltr'><strong>ex</strong></span> <span class='ocrx_word' id='word_1_902' title='bbox 3315 4524 3490 4571; x_wconf 87' lang='lat' dir='ltr'><strong>nostra</strong></span> <span class='ocrx_word' id='word_1_903' title='bbox 3538 4528 3813 4585; x_wconf 54' lang='lat' dir='ltr'><strong>praesum-</strong></span> 
     </span>
    </p>
   </div>
   <div class='ocr_carea' id='block_1_107' title="bbox 2216 4604 3814 4688">
    <p class='ocr_par' dir='ltr' id='par_1_107' title="bbox 2216 4604 3814 4688">
     <span class='ocr_line' id='line_1_107' title="bbox 2216 4604 3814 4688; baseline -0.008 -16"><span class='ocrx_word' id='word_1_904' title='bbox 2216 4617 2416 4688; x_wconf 89' lang='lat' dir='ltr'><strong>ptione.</strong></span> <span class='ocrx_word' id='word_1_905' title='bbox 2470 4614 2705 4684; x_wconf 87' lang='lat' dir='ltr'><strong>Protegit</strong></span> <span class='ocrx_word' id='word_1_906' title='bbox 2755 4626 2881 4682; x_wconf 90' lang='lat' dir='ltr'><strong>ergo</strong></span> <span class='ocrx_word' id='word_1_907' title='bbox 2924 4626 3021 4664; x_wconf 91' lang='lat' dir='ltr'><strong>nos</strong></span> <span class='ocrx_word' id='word_1_908' title='bbox 3078 4609 3218 4662; x_wconf 88' lang='lat' dir='ltr'><strong>Deus</strong></span> <span class='ocrx_word' id='word_1_909' title='bbox 3270 4607 3423 4671; x_wconf 72' lang='lat' dir='ltr'><strong>cmli,</strong></span> <span class='ocrx_word' id='word_1_910' title='bbox 3472 4605 3516 4660; x_wconf 91' lang='lat' dir='ltr'><strong>si</strong></span> <span class='ocrx_word' id='word_1_911' title='bbox 3564 4604 3814 4660; x_wconf 87' lang='lat' dir='ltr'><strong>dicamus</strong></span> 
     </span>
    </p>
   </div>
   <div class='ocr_carea' id='block_1_108' title="bbox 2218 4697 3814 4777">
    <p class='ocr_par' dir='ltr' id='par_1_108' title="bbox 2218 4697 3814 4777">
     <span class='ocr_line' id='line_1_108' title="bbox 2218 4697 3814 4777; baseline -0.008 -14"><span class='ocrx_word' id='word_1_912' title='bbox 2218 4707 2441 4764; x_wconf 89' lang='lat' dir='ltr'><strong>Domino</strong></span> <span class='ocrx_word' id='word_1_913' title='bbox 2468 4705 2609 4777; x_wconf 88' lang='lat' dir='ltr'><strong>quod</strong></span> <span class='ocrx_word' id='word_1_914' title='bbox 2635 4704 2869 4775; x_wconf 87' lang='lat' dir='ltr'><strong>sequitur</strong></span> <span class='ocrx_word' id='word_1_915' title='bbox 2894 4718 2906 4754; x_wconf 94' lang='lat'><strong>:</strong></span> <span class='ocrx_word' id='word_1_916' title='bbox 2936 4700 3081 4754; x_wconf 82' lang='lat' dir='ltr'><strong>Dicet</strong></span> <span class='ocrx_word' id='word_1_917' title='bbox 3110 4698 3349 4766; x_wconf 83' lang='lat' dir='ltr'><strong>Domino,</strong></span> <span class='ocrx_word' id='word_1_918' title='bbox 3374 4697 3649 4769; x_wconf 76' lang='lat' dir='ltr'><strong>Susceptor</strong></span> <span class='ocrx_word' id='word_1_919' title='bbox 3663 4712 3814 4751; x_wconf 75' lang='lat' dir='ltr'><strong>meus</strong></span> 
     </span>
    </p>
   </div>
   <div class='ocr_carea' id='block_1_109' title="bbox 2217 4790 3811 4871">
    <p class='ocr_par' dir='ltr' id='par_1_109' title="bbox 2217 4790 3811 4871">
     <span class='ocr_line' id='line_1_109' title="bbox 2217 4790 3811 4871; baseline -0.01 -14"><span class='ocrx_word' id='word_1_920' title='bbox 2217 4820 2267 4857; x_wconf 75' lang='lat' dir='ltr'><strong>es</strong></span> <span class='ocrx_word' id='word_1_921' title='bbox 2294 4812 2365 4869; x_wconf 91' lang='lat' dir='ltr'><strong>tu,</strong></span> <span class='ocrx_word' id='word_1_922' title='bbox 2393 4811 2441 4856; x_wconf 86' lang='lat' dir='ltr'><strong>et</strong></span> <span class='ocrx_word' id='word_1_923' title='bbox 2464 4799 2717 4871; x_wconf 81' lang='lat' dir='ltr'><strong>refugium</strong></span> <span class='ocrx_word' id='word_1_924' title='bbox 2744 4812 2925 4861; x_wconf 85' lang='lat' dir='ltr'><strong>meum,</strong></span> <span class='ocrx_word' id='word_1_925' title='bbox 2974 4792 3109 4848; x_wconf 86' lang='lat' dir='ltr'><strong>Deus</strong></span> <span class='ocrx_word' id='word_1_926' title='bbox 3149 4808 3305 4858; x_wconf 75' lang='lat' dir='ltr'><strong>meus,</strong></span> <span class='ocrx_word' id='word_1_927' title='bbox 3339 4790 3549 4860; x_wconf 77' lang='lat' dir='ltr'><strong>sperabo</strong></span> <span class='ocrx_word' id='word_1_928' title='bbox 3574 4790 3627 4844; x_wconf 82' lang='lat' dir='ltr'><strong>in</strong></span> <span class='ocrx_word' id='word_1_929' title='bbox 3654 4804 3770 4843; x_wconf 87' lang='lat' dir='ltr'><strong>eum</strong></span> <span class='ocrx_word' id='word_1_930' title='bbox 3787 4806 3811 4855; x_wconf 88' lang='lat'><strong>;</strong></span> 
     </span>
    </p>
   </div>
   <div class='ocr_carea' id='block_1_110' title="bbox 2216 4883 3813 4968">
    <p class='ocr_par' dir='ltr' id='par_1_110' title="bbox 2216 4883 3813 4968">
     <span class='ocr_line' id='line_1_110' title="bbox 2216 4883 3813 4968; baseline -0.008 -18"><span class='ocrx_word' id='word_1_931' title='bbox 2216 4897 2455 4968; x_wconf 81' lang='lat' dir='ltr'><strong>quoniam</strong></span> <span class='ocrx_word' id='word_1_932' title='bbox 2490 4894 2597 4963; x_wconf 83' lang='lat' dir='ltr'><strong>ipse</strong></span> <span class='ocrx_word' id='word_1_933' title='bbox 2633 4900 2768 4946; x_wconf 84' lang='lat' dir='ltr'><strong>eruet</strong></span> <span class='ocrx_word' id='word_1_934' title='bbox 2806 4906 2882 4944; x_wconf 88' lang='lat' dir='ltr'><strong>me</strong></span> <span class='ocrx_word' id='word_1_935' title='bbox 2916 4889 2978 4942; x_wconf 84' lang='lat' dir='ltr'><strong>de</strong></span> <span class='ocrx_word' id='word_1_936' title='bbox 3010 4886 3291 4956; x_wconf 80' lang='lat' dir='ltr'><strong>muscipula</strong></span> <span class='ocrx_word' id='word_1_937' title='bbox 3337 4883 3653 4951; x_wconf 81' lang='lat' dir='ltr'><strong>venantium,</strong></span> <span class='ocrx_word' id='word_1_938' title='bbox 3687 4891 3734 4936; x_wconf 84' lang='lat' dir='ltr'><strong>et</strong></span> <span class='ocrx_word' id='word_1_939' title='bbox 3771 4899 3813 4937; x_wconf 89' lang='lat' dir='ltr'><strong>a</strong></span> 
     </span>
    </p>
   </div>
   <div class='ocr_carea' id='block_1_111' title="bbox 2216 4978 3811 5059">
    <p class='ocr_par' dir='ltr' id='par_1_111' title="bbox 2216 4978 3811 5059">
     <span class='ocr_line' id='line_1_111' title="bbox 2216 4978 3811 5059; baseline -0.01 -13"><span class='ocrx_word' id='word_1_940' title='bbox 2216 4992 2362 5045; x_wconf 77' lang='lat' dir='ltr'><strong>verbo</strong></span> <span class='ocrx_word' id='word_1_941' title='bbox 2390 5004 2589 5059; x_wconf 84' lang='lat' dir='ltr'><strong>aspero.</strong></span> <span class='ocrx_word' id='word_1_942' title='bbox 2641 4985 2879 5040; x_wconf 88' lang='lat' dir='ltr'><strong>Diximus</strong></span> <span class='ocrx_word' id='word_1_943' title='bbox 2927 4983 3047 5052; x_wconf 90' lang='lat' dir='ltr'><strong>quia</strong></span> <span class='ocrx_word' id='word_1_944' title='bbox 3085 4979 3235 5034; x_wconf 89' lang='lat' dir='ltr'><strong>multi</strong></span> <span class='ocrx_word' id='word_1_945' title='bbox 3266 4978 3515 5032; x_wconf 88' lang='lat' dir='ltr'><strong>timentes</strong></span> <span class='ocrx_word' id='word_1_946' title='bbox 3555 4990 3811 5044; x_wconf 83' lang='lat' dir='ltr'><strong>asperum</strong></span> 
     </span>
    </p>
   </div>
   <div class='ocr_carea' id='block_1_112' title="bbox 2216 5065 3815 5143">
    <p class='ocr_par' dir='ltr' id='par_1_112' title="bbox 2216 5065 3815 5143">
     <span class='ocr_line' id='line_1_112' title="bbox 2216 5065 3815 5143; baseline -0.013 -3"><span class='ocrx_word' id='word_1_947' title='bbox 2216 5084 2436 5141; x_wconf 86' lang='lat' dir='ltr'><strong>verbum</strong></span> <span class='ocrx_word' id='word_1_948' title='bbox 2464 5080 2699 5136; x_wconf 89' lang='lat' dir='ltr'><strong>incidunt</strong></span> <span class='ocrx_word' id='word_1_949' title='bbox 2720 5078 2773 5131; x_wconf 92' lang='lat' dir='ltr'><strong>in</strong></span> <span class='ocrx_word' id='word_1_950' title='bbox 2795 5074 3138 5143; x_wconf 90' lang='lat' dir='ltr'><strong>muscipulam</strong></span> <span class='ocrx_word' id='word_1_951' title='bbox 3165 5070 3491 5126; x_wconf 89' lang='lat' dir='ltr'><strong>venantium.</strong></span> <span class='ocrx_word' id='word_1_952' title='bbox 3518 5065 3815 5121; x_wconf 82' lang='lat' dir='ltr'><strong>lnsultatnr</strong></span> 
     </span>
    </p>
   </div>
   <div class='ocr_carea' id='block_1_113' title="bbox 2217 5155 3814 5244">
    <p class='ocr_par' dir='ltr' id='par_1_113' title="bbox 2217 5155 3814 5244">
     <span class='ocr_line' id='line_1_113' title="bbox 2217 5155 3814 5244; baseline -0.013 -12"><span class='ocrx_word' id='word_1_953' title='bbox 2217 5177 2439 5239; x_wconf 90' lang='lat' dir='ltr'><strong>homini,</strong></span> <span class='ocrx_word' id='word_1_954' title='bbox 2473 5173 2596 5244; x_wconf 91' lang='lat' dir='ltr'><strong>quia</strong></span> <span class='ocrx_word' id='word_1_955' title='bbox 2638 5168 2956 5226; x_wconf 78' lang='lat' dir='ltr'><strong>Christianus</strong></span> <span class='ocrx_word' id='word_1_956' title='bbox 2985 5175 3094 5230; x_wconf 85' lang='lat' dir='ltr'><strong>est;</strong></span> <span class='ocrx_word' id='word_1_957' title='bbox 3126 5174 3179 5219; x_wconf 91' lang='lat' dir='ltr'><strong>et</strong></span> <span class='ocrx_word' id='word_1_958' title='bbox 3223 5161 3447 5233; x_wconf 75' lang='lat' dir='ltr'><strong>ptenitet</strong></span> <span class='ocrx_word' id='word_1_959' title='bbox 3480 5158 3647 5221; x_wconf 90' lang='lat' dir='ltr'><strong>illum,</strong></span> <span class='ocrx_word' id='word_1_960' title='bbox 3680 5155 3814 5226; x_wconf 81' lang='lat' dir='ltr'><strong>quia</strong></span> 
     </span>
    </p>
   </div>
   <div class='ocr_carea' id='block_1_114' title="bbox 2217 5248 3815 5328">
    <p class='ocr_par' dir='ltr' id='par_1_114' title="bbox 2217 5248 3815 5328">
     <span class='ocr_line' id='line_1_114' title="bbox 2217 5248 3815 5328; baseline -0.014 -2"><span class='ocrx_word' id='word_1_961' title='bbox 2217 5270 2537 5327; x_wconf 86' lang='lat' dir='ltr'><strong>christianos</strong></span> <span class='ocrx_word' id='word_1_962' title='bbox 2573 5266 2741 5320; x_wconf 87' lang='lat' dir='ltr'><strong>factus</strong></span> <span class='ocrx_word' id='word_1_963' title='bbox 2771 5272 2872 5328; x_wconf 90' lang='lat' dir='ltr'><strong>est,</strong></span> <span class='ocrx_word' id='word_1_964' title='bbox 2914 5268 2967 5315; x_wconf 90' lang='lat' dir='ltr'><strong>et</strong></span> <span class='ocrx_word' id='word_1_965' title='bbox 2998 5259 3066 5314; x_wconf 85' lang='lat' dir='ltr'><strong>ab</strong></span> <span class='ocrx_word' id='word_1_966' title='bbox 3094 5272 3283 5328; x_wconf 90' lang='lat' dir='ltr'><strong>aspero</strong></span> <span class='ocrx_word' id='word_1_967' title='bbox 3325 5253 3490 5310; x_wconf 89' lang='lat' dir='ltr'><strong>verbo</strong></span> <span class='ocrx_word' id='word_1_968' title='bbox 3526 5248 3711 5306; x_wconf 89' lang='lat' dir='ltr'><strong>incidit</strong></span> <span class='ocrx_word' id='word_1_969' title='bbox 3751 5248 3815 5304; x_wconf 84' lang='lat' dir='ltr'><strong>in</strong></span> 
     </span>
    </p>
   </div>
   <div class='ocr_carea' id='block_1_115' title="bbox 2218 5342 3817 5433">
    <p class='ocr_par' dir='ltr' id='par_1_115' title="bbox 2218 5342 3817 5433">
     <span class='ocr_line' id='line_1_115' title="bbox 2218 5342 3817 5433; baseline -0.014 -13"><span class='ocrx_word' id='word_1_970' title='bbox 2218 5362 2567 5433; x_wconf 90' lang='lat' dir='ltr'><strong>muscipulam</strong></span> <span class='ocrx_word' id='word_1_971' title='bbox 2611 5356 2827 5412; x_wconf 89' lang='lat' dir='ltr'><strong>diaboli.</strong></span> <span class='ocrx_word' id='word_1_972' title='bbox 2873 5352 3158 5408; x_wconf 89' lang='lat' dir='ltr'><strong>lnsultalur</strong></span> <span class='ocrx_word' id='word_1_973' title='bbox 3202 5351 3361 5405; x_wconf 88' lang='lat' dir='ltr'><strong>etiam</strong></span> <span class='ocrx_word' id='word_1_974' title='bbox 3402 5344 3632 5408; x_wconf 90' lang='lat' dir='ltr'><strong>homini,</strong></span> <span class='ocrx_word' id='word_1_975' title='bbox 3680 5342 3817 5412; x_wconf 80' lang='lat' dir='ltr'><strong>quia</strong></span> 
     </span>
    </p>
   </div>
   <div class='ocr_carea' id='block_1_116' title="bbox 2217 5440 3818 5517">
    <p class='ocr_par' dir='ltr' id='par_1_116' title="bbox 2217 5440 3818 5517">
     <span class='ocr_line' id='line_1_116' title="bbox 2217 5440 3818 5517; baseline -0.016 -1"><span class='ocrx_word' id='word_1_976' title='bbox 2217 5462 2355 5517; x_wconf 90' lang='lat' dir='ltr'><strong>inter</strong></span> <span class='ocrx_word' id='word_1_977' title='bbox 2384 5456 2577 5512; x_wconf 91' lang='lat' dir='ltr'><strong>multos</strong></span> <span class='ocrx_word' id='word_1_978' title='bbox 2601 5451 2917 5507; x_wconf 82' lang='lat' dir='ltr'><strong>christianos</strong></span> <span class='ocrx_word' id='word_1_979' title='bbox 2939 5446 3129 5501; x_wconf 88' lang='lat' dir='ltr'><strong>melius</strong></span> <span class='ocrx_word' id='word_1_980' title='bbox 3149 5444 3306 5508; x_wconf 89' lang='lat' dir='ltr'><strong>vivit;</strong></span> <span class='ocrx_word' id='word_1_981' title='bbox 3330 5449 3383 5495; x_wconf 88' lang='lat' dir='ltr'><strong>et</strong></span> <span class='ocrx_word' id='word_1_982' title='bbox 3402 5440 3592 5494; x_wconf 90' lang='lat' dir='ltr'><strong>timens</strong></span> <span class='ocrx_word' id='word_1_983' title='bbox 3613 5450 3818 5504; x_wconf 81' lang='lat' dir='ltr'><strong>aSpera</strong></span> 
     </span>
    </p>
   </div>
   <div class='ocr_carea' id='block_1_117' title="bbox 2222 5531 3818 5610">
    <p class='ocr_par' dir='ltr' id='par_1_117' title="bbox 2222 5531 3818 5610">
     <span class='ocr_line' id='line_1_117' title="bbox 2222 5531 3818 5610; baseline -0.016 -1"><span class='ocrx_word' id='word_1_984' title='bbox 2222 5553 2383 5610; x_wconf 89' lang='lat' dir='ltr'><strong>verba</strong></span> <span class='ocrx_word' id='word_1_985' title='bbox 2412 5550 2802 5610; x_wconf 89' lang='lat' dir='ltr'><strong>insnltatorum,</strong></span> <span class='ocrx_word' id='word_1_986' title='bbox 2832 5540 3013 5597; x_wconf 91' lang='lat' dir='ltr'><strong>incidit</strong></span> <span class='ocrx_word' id='word_1_987' title='bbox 3042 5538 3094 5594; x_wconf 91' lang='lat' dir='ltr'><strong>in</strong></span> <span class='ocrx_word' id='word_1_988' title='bbox 3118 5538 3335 5607; x_wconf 87' lang='lat' dir='ltr'><strong>laqueos</strong></span> <span class='ocrx_word' id='word_1_989' title='bbox 3359 5531 3578 5597; x_wconf 90' lang='lat' dir='ltr'><strong>diaboli,</strong></span> <span class='ocrx_word' id='word_1_990' title='bbox 3612 5538 3669 5584; x_wconf 91' lang='lat' dir='ltr'><strong>ut</strong></span> <span class='ocrx_word' id='word_1_991' title='bbox 3698 5542 3818 5583; x_wconf 84' lang='lat' dir='ltr'><strong>non</strong></span> 
     </span>
    </p>
   </div>
   <div class='ocr_carea' id='block_1_118' title="bbox 2221 5622 3815 5705">
    <p class='ocr_par' dir='ltr' id='par_1_118' title="bbox 2221 5622 3815 5705">
     <span class='ocr_line' id='line_1_118' title="bbox 2221 5622 3815 5705; baseline -0.019 -3"><span class='ocrx_word' id='word_1_992' title='bbox 2221 5646 2290 5704; x_wconf 87' lang='lat' dir='ltr'><strong>sit</strong></span> <span class='ocrx_word' id='word_1_993' title='bbox 2314 5644 2545 5701; x_wconf 87' lang='lat' dir='ltr'><strong>triticum</strong></span> <span class='ocrx_word' id='word_1_994' title='bbox 2577 5640 2631 5693; x_wconf 91' lang='lat' dir='ltr'><strong>in</strong></span> <span class='ocrx_word' id='word_1_995' title='bbox 2658 5652 2803 5703; x_wconf 89' lang='lat' dir='ltr'><strong>arca,</strong></span> <span class='ocrx_word' id='word_1_996' title='bbox 2826 5634 2920 5691; x_wconf 89' lang='lat' dir='ltr'><strong>sed</strong></span> <span class='ocrx_word' id='word_1_997' title='bbox 2949 5632 3156 5705; x_wconf 83' lang='lat' dir='ltr'><strong>paleam</strong></span> <span class='ocrx_word' id='word_1_998' title='bbox 3190 5634 3460 5698; x_wconf 86' lang='lat' dir='ltr'><strong>sequatur.</strong></span> <span class='ocrx_word' id='word_1_999' title='bbox 3492 5622 3594 5689; x_wconf 86' lang='lat' dir='ltr'><strong>Qui</strong></span> <span class='ocrx_word' id='word_1_1000' title='bbox 3623 5629 3815 5675; x_wconf 86' lang='lat' dir='ltr'><strong>autem</strong></span> 
     </span>
    </p>
   </div>
   <div class='ocr_carea' id='block_1_119' title="bbox 2287 5790 3615 5860">
    <p class='ocr_par' dir='ltr' id='par_1_119' title="bbox 2287 5790 3615 5860">
     <span class='ocr_line' id='line_1_119' title="bbox 2287 5790 3615 5860; baseline -0.013 -8"><span class='ocrx_word' id='word_1_1001' title='bbox 2287 5807 2302 5837; x_wconf 76' lang='grc' dir='ltr'>ί</span> <span class='ocrx_word' id='word_1_1002' title='bbox 2340 5812 2465 5860; x_wconf 64' lang='lat' dir='ltr'><strong>Mss,</strong></span> <span class='ocrx_word' id='word_1_1003' title='bbox 2495 5807 2619 5850; x_wconf 79' lang='lat' dir='ltr'><strong>Deus</strong></span> <span class='ocrx_word' id='word_1_1004' title='bbox 2638 5801 2688 5847; x_wconf 91' lang='lat' dir='ltr'><strong>ut</strong></span> <span class='ocrx_word' id='word_1_1005' title='bbox 2712 5805 3008 5852; x_wconf 82' lang='lat' dir='ltr'><strong>crearentur,</strong></span> <span class='ocrx_word' id='word_1_1006' title='bbox 3032 5790 3170 5860; x_wconf 76' lang='lat' dir='ltr'><strong>homo</strong></span> <span class='ocrx_word' id='word_1_1007' title='bbox 3190 5792 3615 5860; x_wconf 42' lang='lat' dir='ltr'><strong>utrecrearept‘uf:</strong></span> 
     </span>
    </p>
   </div>
   <div class='ocr_carea' id='block_1_120' title="bbox 2288 5842 3820 5917">
    <p class='ocr_par' dir='ltr' id='par_1_120' title="bbox 2288 5842 3820 5917">
     <span class='ocr_line' id='line_1_120' title="bbox 2288 5842 3820 5917; baseline -0.015 1"><span class='ocrx_word' id='word_1_1008' title='bbox 2288 5873 2307 5900; x_wconf 76' lang='grc'><strong>²</strong></span> <span class='ocrx_word' id='word_1_1009' title='bbox 2331 5842 2528 5917; x_wconf 57' lang='grc' dir='ltr'><strong>εἶδ’ῖηῖ</strong></span> <span class='ocrx_word' id='word_1_1010' title='bbox 2538 5842 2731 5915; x_wconf 59' lang='grc' dir='ltr'>εῖιίξεί</span> <span class='ocrx_word' id='word_1_1011' title='bbox 2742 5842 2963 5910; x_wconf 41' lang='lat' dir='ltr'><strong>stimet</strong></span> <span class='ocrx_word' id='word_1_1012' title='bbox 2976 5842 3107 5917; x_wconf 51' lang='lat' dir='ltr'><strong>lion,</strong></span> <span class='ocrx_word' id='word_1_1013' title='bbox 3121 5844 3629 5905; x_wconf 73' lang='lat' dir='ltr'><strong>delictorumdebitmtt</strong></span> <span class='ocrx_word' id='word_1_1014' title='bbox 3649 5842 3820 5895; x_wconf 71' lang='lat' dir='ltr'><strong>actm.</strong></span> 
     </span>
    </p>
   </div>
  </div>
