4084 6540
300 430 423 496 1161

295 555 346 612 in
371 557 482 611 Deo
510 559 710 626 sperat,
739 545 944 609 emitur
981 565 1014 608 a
1063 549 1356 623 muscipula
1394 554 1704 610 venantium
1746 561 1801 609 et
1839 569 1872 609 a

296 650 455 706 verbo
481 663 691 718 aspero.
725 646 1002 716 Quomodo
1028 655 1203 702 autem
1231 656 1282 703 te
1308 649 1537 720 protegit
1578 648 1748 704 Deus?
1777 647 1874 704 In-

296 754 366 799 ter
383 743 622 814 scapulas
638 758 756 797 suas
783 739 1093 795 obumbrabit
1122 739 1250 794 tibi:
1292 739 1343 795 id
1381 753 1482 805 est,
1531 749 1654 796 ante
1692 751 1879 812 pectus

296 852 444 892 suum
472 846 527 898 te
542 843 728 906 ponet,
757 842 814 888 ut
841 834 939 888 alis
963 833 1072 887 suis
1090 841 1142 888 te
1162 841 1436 903 protegat;
1463 834 1504 888 si
1533 833 1690 889 modo
1714 848 1878 902 agno-

295 945 409 985 scas
436 929 800 984 inﬁrmitatem
833 935 997 991 tuam,
1023 937 1078 979 ut
1121 925 1272 995 quasi
1300 925 1476 996 pullus
1520 925 1758 979 inﬁrmus
1797 924 1879 980 fu-

293 1024 401 1093 gias
431 1021 533 1075 sub
561 1020 672 1074 alas
701 1018 905 1080 matris,
936 1031 1003 1073 ne
1031 1031 1061 1072 a
1087 1017 1250 1071 milvo
1279 1017 1520 1086 rapiaris.
1569 1015 1710 1070 Milvi
1752 1025 1878 1072 sunt

294 1116 429 1170 enim
471 1129 646 1169 aerea:
692 1122 1001 1183 potestates,
1033 1110 1273 1166 diabolus
1309 1119 1362 1164 ct
1389 1109 1562 1178 angeli
1589 1111 1703 1178 ejus
1737 1129 1750 1163 :
1785 1124 1876 1163 ra-

296 1222 418 1277 pere
442 1206 635 1260 volunt
653 1204 1015 1260 inﬁrmitatem
1045 1212 1300 1258 nostram.
1334 1201 1619 1272 Fugiamus
1639 1203 1737 1255 sub
1765 1203 1877 1258 alas

294 1297 478 1352 matris
509 1297 814 1366 Sapientia},
842 1296 962 1367 quia
990 1303 1043 1351 et
1065 1295 1177 1366 ipsa
1203 1294 1472 1364 Sapientia
1509 1293 1769 1348 inﬁrmata
1796 1301 1878 1348 est

297 1399 514 1460 propter
539 1406 670 1454 nos;
702 1389 822 1459 quia
862 1387 1092 1444 Verbum
1137 1402 1263 1442 caro
1297 1386 1491 1442 factum
1523 1397 1601 1442 est
1626 1385 1804 1457 (Joan.
1836 1401 1873 1451 ι,

298 1481 403 1554 11).
437 1482 589 1537 Sicut
627 1481 922 1535 inﬁrmatur
956 1479 1150 1551 gallina
1178 1495 1295 1534 cum
1323 1478 1485 1550 pullis
1509 1478 1641 1546 suis,
1667 1487 1724 1532 ut
1751 1494 1878 1547 pro-

299 1584 435 1645 tegat
477 1589 573 1629 eos
621 1573 720 1628 alis
764 1571 1103 1642 suis(Matth.
1154 1586 1311 1638 χχιιι,
1343 1570 1432 1640 57)
1458 1588 1473 1625 :
1501 1571 1578 1624 sic
1623 1569 1878 1624 Dominus

297 1675 476 1723 noster
510 1665 669 1721 Jesus
695 1665 960 1731 Christus,
987 1664 1078 1733 qui
1106 1679 1226 1718 cum
1258 1662 1310 1717 in
1361 1661 1529 1716 forma
1575 1660 1671 1716 Dei
1709 1670 1876 1729 esset,

296 1772 398 1814 non
426 1758 668 1827 rapinam
696 1755 982 1811 arbitratus
1007 1763 1090 1810 est
1127 1769 1248 1810 esse
1286 1753 1504 1825 tequalis
1537 1754 1666 1821 Deo,
1699 1763 1756 1808 ut
1791 1754 1878 1808 in-

297 1849 596 1905 ﬁrmaretur
626 1849 922 1914 nobiscum,
951 1857 1005 1902 et
1041 1847 1139 1902 alis
1165 1848 1274 1902 suis
1303 1856 1604 1917 protegeret
1632 1862 1754 1914 nos,
1787 1862 1876 1902 se-

297 1943 579 2012 metipsum
606 1940 897 1996 exinanivit
919 1939 1142 1996 formam
1170 1939 1307 1995 servi
1334 1939 1618 2010 accipiens,
1648 1939 1701 1994 in
1727 1939 1878 1994 simi-

299 2033 570 2089 litudinem
593 2033 865 2087 hominum
892 2031 1078 2096 factus,
1101 2043 1155 2086 et
1181 2031 1360 2086 habitu
1380 2033 1626 2088 inventus
1646 2041 1704 2087 ut
1719 2033 1879 2087 homo

303 2122 564 2197 (Philipp.
589 2140 647 2190 ιι,
665 2124 700 2179 6
714 2133 762 2178 et
777 2123 856 2193 7).
884 2122 948 2177 Et
971 2123 1061 2177 sub
1087 2121 1183 2177 alis
1198 2123 1306 2193 ejus
1327 2123 1570 2193 sperabis.
1595 2122 1752 2179 Scuto
1773 2125 1875 2177 cir-

299 2219 556 2272 cumdabit
583 2228 626 2271 te
652 2219 830 2271 veritas
851 2218 994 2288 ejus;
1025 2233 1123 2271 non
1146 2217 1337 2271 timebis
1366 2233 1397 2270 (ι
1418 2217 1594 2271 timore
1612 2227 1876 2272 nocturno.

300 2310 646 2365 Tentationes
696 2309 1043 2376 ignorantiae,
1090 2308 1249 2362 timor
1291 2316 1613 2375 nocturnus;
1663 2317 1880 2378 peccata

298 2403 554 2464 scientim,
586 2402 768 2471 sagitta
794 2401 977 2455 volans
1003 2417 1098 2473 per
1117 2401 1256 2456 diem
1282 2419 1296 2455 :
1322 2401 1376 2454 in
1398 2410 1553 2456 nocte
1568 2400 1711 2456 enim
1732 2401 1883 2472 igno-

297 2495 467 2550 rantia
499 2495 823 2564 intelligitur,
857 2494 906 2548 in
935 2493 1022 2548 die
1048 2493 1422 2548 manilestatio.
1450 2492 1582 2550 Sunt
1609 2494 1698 2564 qui
1726 2495 1878 2564 igno-

297 2595 478 2640 rantes
509 2593 752 2655 peccant,
783 2592 908 2640 sunt
938 2583 1026 2654 qui
1053 2585 1282 2639 scientes
1313 2593 1570 2653 peccant:
1599 2583 1686 2654 qui
1725 2581 1881 2654 igno-

297 2689 479 2735 rantes
501 2687 740 2749 peccant,
772 2693 803 2732 a
831 2678 1020 2733 timore
1042 2685 1301 2732 nocturno
1323 2677 1729 2746 supplantantur
1751 2691 1767 2742 ;
1791 2677 1882 2748 qui

297 2773 530 2827 scientes
553 2780 792 2841 peccant,
833 2785 862 2824 a
892 2769 1079 2840 sagitta
1104 2769 1315 2824 volante
1353 2783 1447 2839 per
1471 2760 1612 2823 diem
1642 2768 1882 2839 percussi

298 2872 443 2918 sunt.
466 2863 592 2916 ch
616 2871 793 2916 autem
831 2876 952 2916 cum
984 2861 1038 2915 in
1064 2859 1394 2931 gravioribus
1427 2859 1883 2929 persecutionibus

301 2955 456 3021 ﬁunt,
481 2968 758 3023 quousque
811 2953 1149 3024 perveniatur
1192 2960 1439 3021 tanquam
1471 2951 1536 3005 ad
1580 2950 1880 3020 meridiem,

298 3048 623 3120 quicumque
649 3047 741 3101 illo
767 3045 945 3102 calore
982 3043 1253 3111 ceciderit,
1282 3051 1532 3114 tanquam
1559 3058 1589 3097 a
1618 3043 1885 3100 daemonio

299 3141 597 3196 meridiano
621 3139 795 3195 cadet.
828 3139 900 3194 Et
935 3137 1088 3193 multi
1126 3151 1157 3191 a
1200 3137 1377 3192 calore
1418 3136 1519 3191 isto
1555 3136 1880 3204 ceciderunt,

299 3233 440 3288 sicut
455 3232 566 3301 jam
605 3230 948 3301 exposuimus
977 3229 1228 3284 hesterno
1251 3227 1341 3283 die
1364 3225 1616 3282 Charitati
1648 3237 1880 3296 vestrae;

297 3328 425 3397 quia
473 3325 712 3381 fervente
753 3323 1120 3394 persecutione
1149 3321 1345 3376 dictum
1381 3327 1483 3382 est,
1514 3319 1885 3390 Torqueantur

299 3415 614 3484 Christiani,
640 3415 812 3470 donec
848 3421 1043 3485 negent
1089 3411 1229 3482 quod
1263 3410 1537 3468 christiani
1569 3421 1712 3465 sunt.
1747 3411 1882 3468 Cum

298 3519 458 3565 antea
483 3509 720 3564 solerent
747 3507 975 3563 confessi
1003 3504 1226 3576 percuti,
1253 3503 1317 3557 ad
1340 3503 1440 3557 hoc
1464 3513 1650 3573 postea
1673 3513 1886 3574 torque-

301 3601 496 3656 bantur
520 3608 580 3654 ut
602 3607 856 3670 negarent
883 3616 896 3652 :
925 3605 981 3652 et
1017 3611 1137 3652 eum
1163 3594 1338 3650 omnis
1372 3609 1498 3649 reus
1529 3593 1726 3649 tamdiu
1771 3603 1884 3650 tor-

299 3701 569 3772 queatur,
611 3689 863 3769 quamdiu
907 3704 1110 3774 neget;
1154 3692 1575 3750 Christianorum
1620 3685 1882 3747 confessio

301 3791 684 3862 torquebatur,
731 3788 942 3860 negatio
995 3784 1376 3841 dimittebatur.
1424 3783 1551 3838 Erat
1593 3799 1721 3854 ergo
1759 3791 1887 3840 tunc

298 3897 528 3952 magnus
558 3889 719 3936 aestus
739 3876 1190 3950 persequentium.
1224 3874 1554 3943 Quicumque
1579 3874 1630 3927 in
1660 3875 1747 3928 illa
1771 3885 1886 3931 ten-

299 3975 506 4029 tatione
547 3971 892 4037 ceciderunt,
931 3978 1182 4040 tanquam
1214 3982 1245 4021 a
1283 3966 1548 4022 daemonio
1588 3966 1884 4023 meridiano

296 4064 630 4120 ceciderunt.
652 4057 722 4117 Et
741 4061 922 4132 quanti
952 4059 1288 4116 ceciderunt!
1321 4056 1468 4111 Multi
1489 4057 1576 4126 qui
1611 4070 1671 4112 se
1701 4072 1886 4127 spera-

297 4157 436 4212 bant
453 4171 697 4212 sessuros
713 4170 835 4210 cum
867 4153 1092 4208 Domino
1118 4159 1172 4206 et
1189 4150 1540 4221 indicaturos,
1569 4149 1694 4204 illia
1718 4150 1885 4206 latere

297 4247 632 4305 ceciderunt.
656 4245 786 4302 Item
811 4245 963 4300 multi
988 4244 1080 4314 qui
1104 4257 1163 4298 se
1194 4240 1482 4311 sperabant
1505 4240 1570 4295 ad
1611 4241 1883 4297 dexteram

298 4339 532 4402 futuros,
559 4339 612 4395 in
636 4339 789 4409 plebe
824 4345 1006 4392 saneta
1028 4333 1369 4406 stipendiaria
1399 4340 1647 4403 tanquam
1674 4333 1886 4403 provin-

298 4434 489 4500 ciales,
519 4433 610 4503 qui
635 4445 898 4487 annonam
938 4427 1196 4483 militibus
1236 4425 1507 4498 praebent,
1552 4425 1744 4496 quibus
1780 4425 1882 4482 dici

300 4524 487 4588 habet,
516 4521 735 4589 Esurioi,
775 4532 822 4576 et
855 4521 1062 4575 dedistis
1090 4519 1214 4574 mihi
1253 4515 1559 4570 manducare
1578 4514 1669 4586 (ad
1699 4515 1887 4572 dexte-

297 4630 416 4668 ram
442 4613 585 4668 enim
611 4623 764 4667 erunt
794 4610 964 4679 multi)
990 4626 1005 4677 ;
1027 4616 1086 4666 et
1111 4608 1178 4664 de
1204 4608 1318 4678 ipsa
1356 4622 1453 4676 spe
1482 4606 1810 4674 ceciderunt,
1835 4615 1888 4663 et

296 4707 490 4777 plures
510 4704 654 4770 inde,
676 4705 794 4776 quia
827 4705 1008 4774 plures
1043 4702 1134 4757 ibi.
1162 4700 1447 4756 Pauciorcs
1481 4700 1623 4754 enim
1643 4700 1734 4770 qui
1765 4715 1888 4755 eum

297 4797 536 4853 Domino
560 4795 891 4867 judicabant,
923 4803 977 4849 et
1008 4793 1185 4864 plures
1208 4791 1300 4862 qui
1321 4791 1536 4847 stabunt
1554 4799 1678 4846 ante
1698 4791 1846 4845 illum
1871 4808 1886 4846 :

296 4890 399 4945 sed
435 4904 541 4945 non
583 4903 685 4944 una
718 4887 952 4944 conditio
981 4901 1186 4942 eorum.
1230 4884 1335 4940 Alii
1369 4883 1437 4938 ad
1475 4884 1765 4951 sinistram,
1801 4884 1890 4939 alii

296 4982 370 5038 ad
398 4983 676 5037 dexteram
702 4998 718 5047 ;
747 4979 836 5036 alii
860 4989 918 5035 ut
944 4986 1189 5050 regnent,
1215 4977 1305 5032 alii
1345 4985 1403 5032 ut
1441 4977 1761 5046 puniantur;
1797 4974 1890 5030 alii

296 5083 364 5130 ut
385 5075 627 5139 audiant,
678 5071 870 5140 Venite,
911 5071 1153 5128 benedicti
1190 5069 1364 5124 Patris
1391 5069 1508 5134 mei,
1542 5068 1778 5138 percipite
1806 5083 1890 5121 re-

296 5185 492 5240 gnum;
516 5167 606 5222 alii
628 5174 686 5221 ut
706 5165 942 5224 audiant.
970 5161 996 5218 1
1005 5173 1052 5218 te
1075 5164 1127 5217 in
1153 5163 1322 5233 ignem
1347 5169 1612 5226 internum,
1650 5158 1737 5228 qui
1762 5172 1894 5227 prte-

298 5268 516 5330 paratus
541 5267 615 5311 est
639 5254 839 5310 diabolo
868 5261 915 5308 et
943 5252 1136 5323 angelis
1162 5251 1273 5322 ejus
1289 5248 1498 5321 (Matth.
1523 5261 1652 5312 xxv,
1675 5245 1744 5302 52
1755 5244 1890 5316 41).

295 5349 449 5420 Ergo
469 5349 561 5419 qui
585 5347 603 5380 ¹
628 5364 662 5401 a
685 5346 834 5400 ruina
857 5353 905 5400 et
933 5343 1180 5398 dmonio
1219 5340 1497 5396 nteridiano
1522 5338 1721 5406 cadent,
1756 5337 1896 5393 mille

290 5458 334 5496 α
365 5440 545 5508 latere,
589 5448 637 5494 et
664 5439 794 5494 dena
819 5438 982 5493 millia
999 5453 1030 5490 a
1054 5435 1264 5491 dextris.
1291 5434 1372 5489 Ad
1403 5443 1450 5489 te
1471 5443 1639 5489 autem
1663 5449 1765 5488 non
1795 5449 1894 5504 ap-

295 5530 667 5604 propinquabit
695 5547 714 5586 :
742 5529 907 5602 quid?
947 5527 1278 5585 Daemonium
1308 5525 1660 5582 meridianum
1697 5535 1750 5582 te
1787 5540 1895 5580 non

293 5625 510 5694 dejicit.
534 5622 674 5692 Quid
697 5623 892 5678 mirum
921 5622 964 5676 si
994 5629 1153 5691 caput
1173 5634 1279 5675 non
1305 5620 1523 5690 dejicit?
1541 5619 1645 5675 Sed
1669 5633 1773 5674 non
1793 5617 1892 5673 de-

287 5716 421 5789 jicit
450 5724 507 5772 et
535 5716 655 5771 illos
675 5714 765 5772 cui
789 5714 867 5769 sic
895 5713 1101 5769 haerent
1135 5711 1316 5780 capiti,
1339 5710 1604 5781 quomodo
1639 5711 1711 5764 ait
1751 5709 1897 5778 Apo-

290 5811 504 5876 stolas,
537 5806 694 5864 Novit
721 5806 969 5863 Dominus
991 5811 1078 5876 qut
1118 5813 1234 5860 sunt
1265 5806 1373 5877 ejus
1414 5803 1483 5875 (ll
1519 5802 1650 5859 Tim.
1692 5817 1751 5870 tt,
1783 5799 1896 5876 19).

371 5924 395 5960 ι
427 5920 567 5988 Apud
586 5926 664 5972 Er.
685 5926 809 5972 Ven.
833 5925 903 5972 et.
927 5925 1037 5971 Lov.
1055 5918 1216 5980 deest,
1247 5917 1351 5982 qui.
1416 5924 1474 5967 tt.

637 6025 866 6098 βμετ.
893 6028 1175 6089 Ausus-1'.
1209 6022 1319 6094 IV.

1428 428 1825 494 ENARRATIO
1862 423 1930 493 IN
1967 428 2288 501 PSALMUM
2327 443 2439 503 XC.

3419 468 3565 526 MOI

1986 555 2120 610 Sunt
2148 559 2288 614 enim
2319 561 2533 631 quidam
2555 562 2625 620 ita
2661 563 3045 640 praedestinati,
3072 579 3131 628 ut
3153 576 3362 634 noverit
3386 580 3571 639 Domi-

1986 663 2085 702 nus
2109 650 2197 719 qui
2244 654 2542 722 pertineant
2588 657 2653 712 ad
2684 673 2877 729 corpus
2927 661 3114 733 ipsius.
3157 667 3292 724 Cum
3331 685 3458 740 ergo
3498 673 3566 729 ad

1986 740 2084 796 hos
2112 759 2218 798 non
2245 747 2462 802 accedet
2485 749 2572 804 illa
2605 753 2844 822 tentatio,
2877 763 2935 810 ut
2975 756 3186 828 dejieiat
3211 777 3332 829 eos;
3366 766 3448 819 isti
3483 771 3564 820 in-

1987 834 2292 904 telliguntur
2319 837 2368 891 in
2405 855 2471 894 eo
2497 842 2638 910 quod
2666 847 2920 914 scriptum
2946 858 3048 913 est,
3079 851 3162 904 Ad
3190 863 3235 906 te
3271 866 3438 910 autem
3465 875 3566 914 non

1986 929 2425 998 appropinquabit.
2457 931 2558 987 Sed
2584 949 2653 989 ne
2679 935 2752 990 illi
2785 949 3090 1008 peceatores
3117 945 3306 1014 quibus
3339 958 3480 1004 tanta
3506 953 3569 1005 li-

1986 1019 2090 1110 cuit
2115 1036 2366 1077 excrcere
2392 1023 2443 1078 in
2470 1024 2818 1097 Christianos,
2840 1036 3176 1092 attenduntur
3199 1057 3227 1092 a
3251 1043 3566 1110 quibusdam

1986 1108 2228 1178 inﬁrmis,
2255 1114 2551 1182 etdicatur,
2580 1117 2737 1187 Ecce,
2768 1124 2890 1192 quid
2921 1127 3086 1182 voluit
3139 1108 3299 1197 Deus,
3353 1143 3410 1189 ut
3447 1145 3565 1191 tan-

1986 1209 2093 1255 tum
2123 1202 2297 1272 impiis
2313 1215 2365 1260 et
2386 1208 2656 1264 sceleratis
2682 1212 2839 1268 liceat
2868 1216 2920 1271 in
2939 1233 3122 1276 servos
3143 1222 3276 1278 Dei?
3297 1227 3565 1285 modicum

1984 1293 2260 1350 considera
2292 1299 2460 1353 oculis
2491 1303 2612 1367 tuis,
2640 1303 2808 1360 oculis
2833 1307 2977 1374 ﬁdei,
3005 1319 3060 1364 et
3086 1313 3289 1369 videbis
3326 1321 3565 1374 retribu-

1987 1384 2183 1480 tionem
2235 1399 2565 1457 peccatorum
2611 1393 2664 1447 in
2712 1393 2835 1464 ﬁne,
2865 1399 3058 1468 quibus
3086 1405 3244 1459 modo
3275 1415 3416 1464 tanta
3446 1426 3566 1480 per-

1985 1476 2284 1544 mittuntur,
2314 1489 2372 1535 ut
2400 1485 2717 1541 exercearis.
2749 1487 2862 1543 l-loc
2887 1493 3026 1546 cnim
3057 1497 3330 1564 sequitur:
3366 1476 3567 1558 Verum-

1987 1577 2149 1622 tamen
2180 1573 2339 1627 oculis
2364 1574 2463 1628 tuis
2487 1578 2844 1648 considerabis,
2875 1591 2922 1636 et
2944 1586 3316 1644 retributionem
3337 1607 3566 1662 peccato-

1985 1677 2098 1714 rum
2122 1663 2327 1718 videbis.

2056 1753 2110 1851 ἐξ).
2136 1752 2292 1851 -[vers.
2321 1757 2501 1832 9-12.]
2529 1760 2779 1826 Quoniam
2819 1775 2874 1822 tu
2910 1786 2981 1837 es,
3027 1771 3262 1844 Domine,
3293 1795 3407 1850 spes
3430 1797 3564 1851 mea,

1984 1843 2286 1900 altissimum
2309 1851 2520 1918 posuisti
2545 1855 2794 1926 refugium
2823 1867 2984 1915 tuum.
3016 1862 3139 1920 Non
3169 1843 3404 1925 accedent
3430 1875 3499 1927 ad
3519 1843 3569 1930 te

1984 1933 2140 1989 mala.
2189 1935 2415 1994 Domino
2460 1942 2630 1998 dicit:
2664 1946 2916 2012 Quoniam
2953 1960 3008 2007 tu
3051 1971 3123 2020 es,
3172 1956 3407 2025 Domine,
3450 1981 3568 2034 spes

1986 2042 2134 2092 mea;
2159 2029 2457 2085 altissimum
2487 2036 2698 2106 posuisti
2721 2042 2971 2112 refugium
2998 2053 3159 2102 tuum.
3185 2049 3306 2106 Non
3330 2029 3567 2112 accedent

1985 2117 2054 2171 ad
2082 2127 2129 2172 te
2149 2121 2284 2176 mala
2300 2141 2322 2188 ;
2338 2133 2383 2176 et
2409 2126 2670 2196 ﬂagellum
2691 2147 2791 2186 non
2809 2139 3228 2210 apprOpinquabit
3243 2145 3567 2205 tabernaculo

1985 2219 2090 2264 tuo.
2120 2212 2318 2270 Deinde
2339 2216 2448 2285 jam
2481 2220 2638 2275 verba
2668 2237 2786 2292 qua:
2827 2227 3044 2284 audistis
3072 2230 3211 2288 dicta
3245 2251 3274 2288 τι
3304 2237 3516 2294 diabolo
3547 2260 3564 2295 :

1989 2300 2240 2366 Quoniam
2280 2304 2485 2376 Angelis
2513 2311 2618 2364 suis
2651 2314 2904 2368 mandavit
2933 2317 2994 2372 de
3031 2330 3096 2388 te,
3125 2334 3182 2377 ut
3209 2328 3491 2384 custodiant
3517 2343 3566 2387 ts

1985 2392 2413 2489 iit—omnibusviis
2451 2400 2568 2454 tuis.
2614 2400 2679 2455 In
2728 2406 2958 2462 manibus
2987 2411 3160 2466 tollent
3199 2424 3265 2481 te,
3301 2423 3566 2489 nequando

1986 2481 2214 2548 offendas
2255 2487 2322 2540 ad
2361 2488 2582 2558 lapidem
2621 2494 2796 2562 pedem
2827 2506 2988 2554 tuum.
3018 2502 3112 2557 Cui
3142 2503 3245 2560 hoc
3280 2481 3439 2565 dicit?
3468 2511 3565 2571 Cui

1986 2573 2138 2643 dixit,
2167 2577 2418 2644 Quoniam
2438 2590 2492 2636 tu
2518 2600 2588 2649 es,
2611 2582 2846 2655 Domine,
2876 2606 2988 2661 spes
3013 2609 3142 2650 mea.
3172 2597 3287 2652 Jam
3308 2609 3438 2670 puto
3455 2619 3564 2662 non

1987 2681 2107 2723 esse
2147 2672 2518 2740 exponendum
2573 2675 2887 2736 Christianis
2931 2685 3048 2753 quis
3089 2686 3159 2742 sit
3196 2689 3470 2748 Dominus.
3507 2696 3565 2754 Si

1987 2758 2155 2815 Deum
2192 2761 2400 2819 Patrem
2428 2765 2744 2838 intelligunt,
2773 2773 3038 2842 quomodo
3064 2776 3210 2832 illum
3251 2783 3433 2839 tollent
3456 2756 3568 2841 Atl-

1987 2851 2090 2942 ἔφη
2118 2853 2170 2908 in
2199 2856 2459 2923 manibus,
2491 2874 2559 2915 ne
2579 2860 2814 2919 offendat
2829 2864 2895 2920 ad
2923 2866 3148 2937 lapidem
3178 2873 3364 2942 pedem
3383 2880 3567 2934 suum?

1988 2939 2190 3036 \lidetis
2210 2959 2337 3015 ergo
2355 2947 2472 3018 quia
2493 2958 2546 3002 et
2561 2949 2805 3007 Christus
2822 2954 3094 3021 Dominus,
3114 2939 3240 3016 dum
3262 2963 3568 3036 loqueretur

1989 3033 2056 3089 de
2082 3051 2325 3106 corpore,
2355 3040 2527 3095 subito
2554 3046 2716 3112 rmpit
2758 3045 2898 3117 loqui
2942 3049 3010 3105 de
3034 3053 3228 3122 capite.
3261 3033 3431 3126 Caput
3464 3076 3567 3116 no-

1989 3134 2157 3180 strum
2183 3129 2503 3198 appellatum
2525 3143 2606 3187 est
2626 3135 2806 3203 modo,
2827 3152 2948 3193 eum
2977 3139 3246 3200 diceretur
3270 3163 3286 3200 :
3317 3148 3567 3215 Quoniam

1990 3225 2043 3270 tu
2067 3233 2136 3282 es,
2161 3216 2396 3313 Domine,
2418 3239 2531 3294 spes
2561 3241 2706 3292 mea;
2735 3221 3061 3286 altissimum
3077 3237 3285 3304 posuisti
3318 3241 3568 3313 refugium

1990 3317 2152 3364 tuum.
2177 3309 2298 3403 ideo
2319 3316 2529 3383 posuisti
2553 3317 2851 3374 altissimum
2870 3323 3120 3395 refugium
3146 3336 3306 3395 tuum,
3330 3309 3568 3403 quoniam

1990 3410 2044 3453 tu
2067 3417 2139 3466 es,
2168 3399 2406 3470 Domine,
2425 3423 2538 3476 spes
2564 3425 2693 3464 mea.
2723 3410 2859 3478 Quid
2883 3414 2981 3470 sibi
3010 3415 3112 3472 hoc
3141 3421 3289 3476 vult?
3315 3399 3570 3483 Attendat

1987 3489 2231 3550 Charitas
2259 3504 2470 3552 vestra:
2506 3497 2755 3564 Quoniam
2795 3513 2848 3557 tu
2883 3521 2956 3572 es,
2995 3505 3234 3577 Domine,
3272 3530 3383 3584 spes
3423 3533 3570 3585 mea;

1988 3584 2286 3640 altissimum
2322 3590 2534 3658 posuisti
2558 3594 2810 3664 refugium
2836 3605 2994 3651 tuum.
3033 3598 3150 3653 Jam
3199 3618 3299 3657 non
3341 3615 3424 3660 est
3471 3584 3572 3662 mi-

1989 3676 2212 3738 randum
2239 3705 2251 3739 :
2279 3692 2561 3759 propterea
2600 3688 2740 3745 enim
2771 3689 3031 3766 sequitur,
3075 3691 3191 3748 Non
3227 3705 3464 3762 αεεεάεηι
3501 3709 3572 3763 ad

1992 3783 2038 3828 te
2074 3777 2230 3843 mala,
2269 3777 2391 3848 quia
2433 3781 2734 3838 altissimum
2764 3787 2974 3855 posuisti
3009 3791 3261 3862 refugium
3301 3805 3481 3862 tuum;
3525 3808 3572 3854 et

1989 3868 2249 3939 ﬂagellum
2274 3887 2374 3926 non
2397 3876 2820 3946 appmpinquabit
2853 3880 3174 3936 tabernaculo
3201 3895 3310 3951 tuo,
3340 3891 3462 3958 quia
3485 3893 3568 3945 al-

1989 3960 2233 4052 tissimum
2265 3965 2475 4032 posuisti
2495 3970 2746 4039 refugium
2780 3980 2942 4026 tuum.
2987 3973 3100 4028 Non
3139 3985 3314 4034 autem
3347 3981 3570 4052 legimus

1990 4049 2043 4104 in
2074 4050 2365 4122 Evangelio
2394 4056 2515 4126 quia
2545 4057 2734 4113 alicubi
2777 4061 2965 4131 Angeli
3002 4074 3344 4134 portaveruut
3384 4049 3571 4129 Domi-

1991 4159 2138 4211 num,
2168 4160 2236 4236 ne
2261 4145 2549 4204 oll‘enderet
2589 4150 2656 4206 ad
2698 4152 2927 4222 lapidem
2971 4165 3065 4212 :et
3109 4167 3283 4217 tamen
3322 4164 3571 4236 intelligi-

1990 4251 2128 4290 mus.
2159 4235 2284 4292 lla'c
2319 4239 2458 4294 enim
2493 4240 2602 4311 jam
2652 4240 2787 4298 facta
2816 4255 2959 4313 sunt,
2989 4257 3059 4318 et
3093 4264 3200 4306 non
3255 4253 3370 4309 sine
3409 4235 3570 4314 causa

1990 4327 2306 4397 prOphetata
2333 4341 2475 4395 sunt,
2503 4333 2604 4386 nisi
2631 4335 2754 4404 quia
2796 4336 2970 4392 futura
3008 4351 3183 4399 erant.
3216 4343 3282 4400 Et
3306 4361 3409 4401 non
3438 4364 3571 4418 pos.

1990 4434 2174 4476 sumus
2188 4421 2386 4489 dicere,
2409 4422 2600 4480 Postea
2622 4435 2871 4482 venturus
2894 4438 2977 4485 est
2995 4431 3256 4502 Christus,
3281 4445 3336 4491 ut
3359 4452 3463 4493 non
3486 4435 3575 4495 of—

1991 4509 2171 4566 fendat
2203 4512 2268 4566 ad
2310 4513 2537 4584 lapidem
2576 4516 2764 4586 pedem
2809 4535 2962 4575 suum
3008 4539 3020 4574 :
3057 4522 3388 4592 judicaturus
3427 4531 3571 4587 enim

1992 4602 2306 4659 veniet.Ubi
2333 4619 2460 4674 ergo
2481 4605 2798 4676 completum
2825 4610 2930 4665 est?
2955 4609 3448 4674 lntendatCharitas
3480 4636 3572 4676 νεα

1993 4703 2123 4750 stra.

2063 4787 2116 4841 4.
2145 4786 2324 4842 Primo
2355 4788 2457 4843 bos
2479 4802 2665 4843 versus
2689 4788 2873 4846 audite
2914 4809 2927 4845 :
2961 4791 3212 4860 Quoniam
3258 4807 3312 4852 tu
3348 4815 3422 4868 es,
3465 4800 3577 4858 Do-

1994 4881 2146 4946 mine,
2193 4896 2307 4951 spes
2345 4895 2492 4946 mea;
2535 4881 2831 4936 altissimum
2867 4885 3076 4954 posuisti
3120 4887 3370 4960 refugium
3409 4899 3573 4946 tutam.

1995 4970 2174 5028 Genus
2207 4969 2495 5026 humanum
2536 4972 2671 5027 mori
2710 4972 2979 5030 hominem
3023 4989 3264 5046 noverat,
3294 4997 3577 5051 resurgere

1995 5079 2102 5120 non
2136 5071 2356 5119 noverat
2385 5082 2398 5118 :
2426 5063 2544 5120 ideo
2569 5064 2708 5134 quod
2758 5065 2967 5123 timeret
2990 5066 3236 5136 habebat,
3264 5071 3405 5141 quod
3447 5087 3574 5140 spe-

1998 5165 2142 5212 raret
2169 5171 2274 5211 non
2304 5156 2552 5211 habebat.
2579 5155 2649 5212 Ut
2677 5171 2803 5228 ergo
2843 5157 2931 5214 ille
2957 5159 3048 5229 qui
3093 5169 3309 5230 propter
3334 5162 3576 5232 discipli-

1998 5263 2120 5304 nam
2148 5246 2272 5303 fecit
2301 5248 2545 5302 timorem
2573 5249 2781 5316 mortis,
2825 5261 3041 5320 propter
3063 5253 3338 5321 praemium
3383 5252 3578 5312 futuras

2001 5342 2120 5395 vitae
2148 5349 2362 5395 aeternae
2388 5338 2540 5395 daret
2571 5354 2720 5410 spem
2758 5343 3187 5408 resurrectionis,
3216 5345 3362 5413 prior
3401 5362 3580 5405 resur-

2001 5434 2137 5490 rexit
2179 5433 2438 5489 Dominus
2481 5441 2661 5489 noster
2708 5433 2864 5490 Jesus
2910 5434 3170 5490 Christus.
3219 5438 3456 5497 Mortuus
3498 5452 3582 5498 est

2003 5535 2125 5596 post
2149 5526 2379 5590 multos;
2410 5526 2700 5582 resurrexit
2737 5534 2862 5580 ante
2887 5541 3092 5582 omnes.
3128 5529 3239 5586 Hoc
3283 5548 3470 5602 passus
3498 5546 3582 5592 est

2004 5617 2280 5673 moriendo
2304 5617 2442 5688 quod
2461 5617 2571 5686 jam
2615 5617 2766 5672 multi
2809 5617 2948 5686 passi
2977 5627 3156 5687 erant;
3188 5621 3290 5678 hoc
3319 5625 3426 5692 jam
3458 5625 3583 5681 fecit

2004 5709 2352 5780 resurgendo,
2395 5709 2537 5779 quod
2571 5708 2744 5763 nullus
2780 5715 2903 5762 ante
2947 5709 3094 5765 illum
3128 5729 3140 5765 :
3186 5715 3397 5783 Quando
3439 5717 3582 5773 enim

2005 5801 2108 5858 hoc
2135 5799 2358 5871 accipiet
2386 5798 2644 5863 Ecclesia,
2697 5797 2796 5852 nisi
2839 5797 2890 5852 in
2920 5798 3069 5856 ﬁne?
3110 5801 3387 5860 Prweessit
3415 5805 3468 5858 in
3496 5820 3580 5860 ca.

2006 5899 2116 5972 pile
2140 5891 2283 5966 quod
2323 5889 2562 5950 membra
2586 5897 2838 5961 sperent:
2870 5894 3017 5946 novit
3043 5893 3185 5949 enim
3220 5894 3462 5950 hilaritas
3489 5909 3584 5948 ve.

2817 6004 3306 6091 (Tremo-sapt.)
