4084 6482
582 462 722 521 “65

583 593 693 640 ειη
730 573 1000 651 quomodo
1049 574 1193 632 inter
1230 584 1291 630 se
1324 568 1520 628 dicant.
1566 558 1718 624 Dicat
1757 579 1883 637 ergo
1926 560 2164 619 Ecclesia

586 672 815 728 Donnino
857 685 955 727 suo
989 668 1115 726 Iesu
1161 665 1397 732 Christo,
1449 661 1591 718 dicat
1628 672 1820 728 corpus
1852 655 2010 727 capiti
2049 668 2166 717 suo,

587 765 837 835 Quoniam
867 770 921 816 tu
939 776 1011 826 es,
1040 757 1275 824 Domine,
1303 770 1418 827 spes
1455 768 1601 819 mea;
1638 751 1937 807 altissimum
1963 745 2171 819 posuisti

582 858 837 931 refugium
860 863 1001 909 tuum
1029 868 1048 907 :
1077 850 1131 907 id
1152 859 1253 918 est,
1278 847 1399 904 ideo
1423 842 1763 902 resurrexisti
1786 857 1818 897 a
1845 840 2090 904 mortuis,
2118 844 2172 892 et

583 952 639 1008 in
660 950 853 1006 omium
874 943 1181 1010 ascendiSIi,
1212 949 1268 996 ut
1292 940 1455 995 altum
1482 950 1709 1008 poneres
1736 933 1995 1005 refugium
2021 941 2167 985 tuum

584 1040 900 1101 ascendens,
933 1045 987 1093 et
1015 1036 1170 1091 lieres
1197 1047 1319 1105 spes
1344 1044 1483 1096 mea,
1515 1028 1604 1099 qui
1644 1027 1696 1081 in
1738 1034 1879 1081 terra
1920 1023 2170 1092 despera-

585 1134 727 1195 bam,
760 1140 813 1187 et
834 1144 919 1187 me
936 1134 1357 1183 resurrecturum
1388 1134 1507 1177 esse
1532 1133 1636 1175 non
1655 1116 1981 1180 credebam;
2010 1112 2170 1167 modo

580 1225 687 1297 iam
717 1221 898 1289 credo,
930 1219 1051 1291 quia
1080 1215 1318 1273 ascendit
1338 1214 1395 1269 in
1420 1212 1613 1269 caelum
1639 1216 1798 1280 caput
1816 1221 2031 1270 meum;
2063 1220 2166 1276 quo

584 1296 745 1385 caput
769 1311 1063 1386 praecessit,
1097 1318 1148 1364 et
1174 1306 1411 1363 membra
1436 1312 1682 1360 secutura
1710 1309 1854 1355 sunt.
1886 1298 2019 1353 Puto
2059 1296 2168 1364 jam

580 1406 921 1465 manifestum
968 1416 1091 1458 esse
1139 1398 1279 1471 quod
1329 1397 1527 1452 dictum
1571 1400 1670 1457 est,
1708 1390 1959 1457 Quoniam
2005 1396 2056 1441 tu
2096 1404 2166 1451 es,

582 1499 820 1564 Domine,
842 1510 957 1567 spes
981 1509 1131 1559 mea;
1153 1490 1453 1546 altissimum
1476 1485 1686 1559 posuisti
1720 1482 1969 1555 refugium
2007 1488 2165 1534 tuum.

582 1592 698 1649 Hoc
725 1587 939 1661 planius
963 1584 1209 1641 dixerim.
1252 1581 1321 1638 Ut
1349 1579 1602 1635 haberem
1646 1590 1792 1646 spem
1825 1570 2168 1629 resurrectio-

583 1686 668 1741 nis
707 1696 868 1754 quam
910 1694 1015 1733 non
1062 1675 1343 1739 habebam,
1390 1671 1511 1727 ideo
1551 1669 1696 1739 prior
1723 1664 2081 1729 resurrexisti,
2114 1670 2170 1717 ut

580 1794 690 1853 quo
717 1773 1053 1849 praecessisti,
1088 1771 1209 1825 illuc
1250 1782 1334 1822 me
1371 1772 1674 1821 secuturum
1717 1773 2011 1832 sperarem.
2052 1756 2167 1812 Vox

582 1874 726 1930 erum
757 1877 838 1925 est
864 1862 1112 1922 Ecclesiae
1136 1862 1211 1917 ad
1230 1858 1511 1917 Dominum
1538 1869 1713 1922 suum,
1743 1868 1842 1907 vox
1870 1860 1952 1908 est
1979 1863 2169 1921 corpo-

583 1968 656 2024 ris
682 1965 755 2021 ad
769 1969 927 2033 caput
955 1972 1133 2015 suum.

658 2059 709 2113 5.
743 2055 859 2111 Noli
897 2066 1027 2123 ergo
1067 2048 1284 2105 mirari:
1322 2042 1443 2100 Non
1485 2041 1720 2098 accedent
1756 2039 1824 2093 ad
1862 2045 1908 2091 te
1934 2034 2089 2100 mala,
2122 2042 2170 2087 et

580 2147 845 2221 ﬂagellum
882 2122 983 2198 non
1031 2136 1450 2213 appropinquabit
1479 2131 1799 2189 tabernaculo
1835 2137 1941 2182 tuo.
1967 2122 2167 2180 Taber-

584 2217 831 2297 naculum
872 2235 963 2291 Dei
992 2247 1119 2288 caro
1144 2236 1250 2287 est.
1291 2230 1347 2283 In
1388 2242 1548 2283 carne
1579 2221 1889 2279 inhabitavit
1914 2217 2165 2282 Verbum,

581 2342 636 2388 et
660 2345 786 2385 caro
815 2329 947 2382 facta
973 2334 1056 2382 est
1088 2320 1483 2378 tabernaculum
1515 2318 1622 2371 Deo
1648 2333 1660 2369 :
1697 2315 1746 2368 in
1778 2310 1895 2383 ipso
1924 2309 2169 2364 taberna-

579 2424 703 2479 culo
732 2422 1025 2489 imperator
1051 2415 1290 2470 militavit
1316 2424 1415 2483 pro
1455 2409 1641 2473 nobis;
1673 2408 1725 2461 in
1772 2406 1886 2475 ipso
1919 2403 2168 2457 taberna-

579 2514 702 2569 oulo
730 2513 796 2566 ab
820 2510 971 2565 hoste
996 2516 1228 2564 tentatus
1254 2512 1355 2569 est,
1388 2518 1453 2557 ne
1478 2501 1631 2557 miles
1652 2496 1922 2553 deﬁceret.
1957 2496 2022 2549 Et
2046 2492 2167 2565 quia

576 2608 750 2677 ipsam
768 2619 984 2661 carnem
1005 2598 1239 2656 ostendit
1257 2597 1424 2652 oculis
1444 2593 1662 2656 nostris,
1698 2590 1819 2661 quia
1842 2586 1980 2643 oculi
2002 2586 2168 2641 nostri

577 2699 680 2756 ista
713 2700 829 2752 luce
856 2693 1107 2768 gaudent,
1140 2700 1194 2747 et
1230 2688 1420 2744 visibili
1452 2685 1653 2741 lumine
1690 2684 1791 2738 isto
1816 2681 2164 2744 delectantur,

581 2791 705 2862 quia
735 2790 787 2843 in
818 2783 1242 2842 manilestati‘onc
1263 2781 1441 2851 pesuit
1464 2790 1678 2833 carnem
1703 2789 1875 2840 suam,
1898 2784 1956 2827 ut
1983 2786 2170 2825 omnes

578 2883 857 2946 viderent;
888 2878 1007 2934 ideo
1032 2876 1269 2949 psalmus
1310 2872 1454 2938 dicit,
1485 2868 1552 2923 In
1598 2866 1703 2923 sole
1734 2866 1899 2938 posuit
1936 2864 2169 2917 taberna-

579 2975 750 3030 culum
774 2986 944 3026 suum.
961 2966 1103 3038 Quid
1119 2975 1220 3033 est,
1242 2966 1296 3019 in
1319 2965 1423 3019 sole
1440 2964 1463 3017 Σ)
1483 2962 1539 3016 lu
1562 2968 1766 3032 aperto,
1792 2959 1844 3013 in
1866 2954 2166 3021 manifesto,

582 3068 637 3122 in
668 3066 783 3120 luce
830 3072 1073 3127 terrena;
1107 3058 1158 3114 id
1184 3066 1285 3125 est,
1335 3056 1387 3110 in
1437 3055 1553 3109 luce
1584 3068 1699 3122 qua:
1736 3061 1904 3107 terras
1940 3049 2005 3103 de
2034 3045 2171 3103 coelo

578 3157 874 3231 perfundit,
923 3155 994 3209 ibi
1042 3151 1215 3224 posuit
1246 3149 1640 3205 tabernaculum
1685 3161 1859 3201 suum.
1892 3143 1995 3200 Sed
2041 3159 2173 3214 quo-

581 3250 742 3307 modo
770 3248 836 3303 ibi
858 3254 1079 3317 poneret
1099 3242 1497 3299 tabernaculum
1522 3247 1695 3304 suum,
1725 3239 1768 3293 si
1794 3252 1895 3291 non
1920 3246 2170 3306 tanquam

581 3356 810 3413 sponsus
824 3339 1135 3412 procederet
1150 3338 1216 3393 de
1233 3336 1465 3390 thalamo
1481 3334 1613 3389 suo?
1632 3331 1733 3387 hoc
1751 3331 1890 3386 enim
1912 3331 2167 3400 sequitur.

584 3434 651 3489 In
682 3435 787 3488 sole
806 3433 972 3502 posuit
1001 3427 1381 3485 tabernaculum
1421 3442 1569 3480 suum
1597 3441 1615 3479 .'
1645 3432 1699 3479 et
1728 3422 1877 3494 quasi
1904 3420 2173 3476 diceretur

584 3529 656 3592 ei,
681 3523 1003 3593 Quomodo?
1028 3520 1097 3575 Et
1125 3524 1252 3591 ipse,
1302 3519 1491 3590 inquit,
1523 3527 1760 3585 tanquam
1803 3532 2016 3586 sponsus
2055 3530 2173 3584 pro-

584 3620 767 3672 cedens
791 3617 853 3670 de
870 3616 1092 3670 thalamo
1113 3630 1203 3668 suo
1216 3628 1237 3678 ;
1259 3611 1524 3665 exsultavit
1545 3619 1601 3663 ut
1622 3610 1763 3681 gigas
1784 3608 1851 3662 ad
1875 3606 2173 3661 currendum
2234 3624 2241 3661 ς

583 3711 716 3763 viam
754 3707 925 3779 (Psal.
961 3722 1108 3771 xvm,
1158 3704 1234 3778 6).
1273 3703 1424 3770 Quod
1470 3711 1550 3757 est
1600 3701 2018 3764 tabernaculum,
2059 3699 2174 3768 ipsa
2249 3738 2252 3741 η

585 3808 671 3856 est
694 3814 909 3870 Sponsa.
937 3797 1169 3853 Verbum
1201 3787 1453 3867 sponsus,
1499 3808 1626 3851 caro
1668 3806 1883 3863 sponsa,
1925 3801 1977 3845 et
2007 3790 2176 3844 thala-

586 3904 707 3947 mus
736 3902 918 3946 uterus
943 3888 1178 3959 virginis.
1203 3886 1271 3942 Et
1295 3886 1421 3957 quid
1443 3885 1570 3941 dicit
1598 3886 1634 3939 A‘
1648 3883 1917 3954 postolus?
1945 3880 2011 3936 Et
2031 3890 2174 3935 eratut
3122 3880 3329 3972 mini
3352 3959 3365 3982 ’
3394 3880 3493 3988 es;
3536 3916 3677 3971 servi
3720 3880 3876 3986 (ὡπ-

585 3985 688 4038 duo
715 3986 767 4037 in
794 3998 943 4083 ﬁam?
972 3997 1074 4083 "1'."
1081 4022 1111 4083 °.
1127 3980 1514 4083 S“""."“’.'I‘“’.”
1541 3979 2043 4083 {manauitme
2058 3992 2173 4083 ξ,ῗο
2281 4015 2400 4071 sivi.
2432 3979 2743 4083 Baptizatus
2762 4020 2843 4067 est
2866 3979 2997 4082 ergo
3015 4011 3290 4076 Dominus,
3313 3979 3367 4064 et
3396 3979 3515 4079 post
3546 3979 3874 4078 baptismum

585 4075 885 4178 fuemﬂjc?
906 4075 959 4127 in
989 4072 1186 4178 65ml?
1206 4082 1255 4128 et
1276 4073 1330 4177 5’}
1358 4069 1886 4178 limam???”
1912 4070 1973 4173 5.1
1991 4067 2170 4139 etag)’
2281 4067 2524 4163 tantalus.
2560 4115 2675 4174 est,
2699 4067 2960 4178 jejunavit
2986 4067 3328 4175 quadraginta
3355 4067 3545 4156 diebus
3572 4067 3629 4156 iri
3667 4110 3875 4173 myste-

589 4164 658 4224 Et
686 4167 810 4238 quid
862 4168 975 4236 ipse
1017 4163 1275 4221 Dominus
1305 4164 1357 4219 in
1388 4161 1711 4233 Evangelio?
1740 4160 1906 4233 Igitur
1933 4162 2045 4231 jam
2075 4177 2175 4215 non
2234 4172 2245 4185 ν

588 4269 704 4314 sunt
727 4260 846 4323 duo,
865 4259 952 4311 sed
964 4272 1065 4310 una
1087 4272 1203 4309 caro
1217 4248 1426 4329 (Matth.
1445 4270 1555 4319 χιχ,
1573 4253 1648 4322 6).
1670 4253 1745 4307 Ex
1764 4252 1970 4307 duobus
1987 4268 2172 4319 unum,
2219 4252 2227 4273 ³

2253 4291 2524 4361 tempore
2569 4290 2672 4346 dici
2705 4299 2962 4359 possunt,
2994 4303 3063 4343 ne
3105 4295 3367 4356 occupent
3408 4285 3708 4341 necessaria
3736 4293 3879 4339 tem—

591 4367 656 4407 ex
688 4350 861 4405 Verbo
881 4360 935 4405 et
958 4365 1119 4404 carne
1144 4363 1281 4404 unus
1307 4349 1488 4414 homo,
1521 4362 1654 4401 unus
1674 4346 1837 4402 Deus.
1861 4346 1972 4402 Hoc
1998 4355 2175 4401 autem

592 4379 656 4407 ⁸⁵³
699 4379 861 4405 ’ωυυ
881 4379 935 4405 ⁸⁵
958 4379 1119 4453 “"me
1147 4379 1488 4451 """°,"""“”
1522 4379 1654 4452 “tm”
1674 4379 1837 4402 ³³⁸⁵⁸³³·
1861 4379 1977 4450 ¹¹υ“ἶ
1998 4379 2175 4401 ⁶¹““²“¹
2248 4390 2431 4455 “pora.
2464 4384 2590 4438 Post
2615 4382 2963 4453 quadraginta
2990 4381 3105 4435 dies
3133 4381 3373 4436 csurivit.
3407 4379 3622 4434 Poterat
3656 4385 3708 4433 et
3738 4394 3879 4432 nun-

592 4443 992 4499 tabcrnaculum
1016 4456 1130 4511 ejus
1155 4438 1539 4510 sensrtilagella
1562 4457 1612 4493 Ill
1638 4447 1814 4504 terra;
1840 4437 2175 4494 manifestum
2230 4464 2251 4501 ε
2282 4493 2443 4511 “mm
2485 4478 2690 4511 nam,"
2718 4494 2731 4507 _
2775 4476 2869 4511 ut,
2899 4472 3166 4511 "unum,"
3192 4480 3490 4511 unum.“
3511 4473 3537 4510 θ
3580 4472 3673 4511 ΔΜ
3704 4471 3748 4511 εἰ
3785 4471 3878 4511 mp

591 4548 672 4592 est
699 4537 817 4606 quia
846 4534 1138 4606 ilagellatus
1164 4543 1246 4589 est
1273 4534 1525 4588 Dominus
1548 4532 1657 4601 (Id.
1681 4549 1848 4599 xxvu,
1876 4529 1990 4602 ‘26).
2014 4533 2178 4587 Num-
2236 4558 2239 4559 ν

593 4628 719 4697 quid
752 4629 800 4680 in
833 4627 971 4681 coelo
1001 4625 1164 4680 sentit
1192 4628 1208 4657 ¹
1250 4625 1488 4694 ﬂagella?
1517 4622 1859 4695 Nequaquam
1886 4625 1927 4677 ’.
1960 4624 2176 4693 Quare?
2226 4642 2229 4645 ‘

592 4718 725 4786 Quia
753 4718 1065 4772 altissimum
1100 4717 1273 4786 posuit
1301 4715 1560 4785 refugium
1587 4731 1761 4783 suum,
1793 4724 1849 4769 ut
1874 4725 2012 4770 esset
2055 4731 2177 4785 spes
2226 4734 2253 4760 ’ς

592 4822 810 4878 nostra;
838 4820 892 4867 ct
926 4822 1029 4865 non
1069 4810 1135 4865 ad
1164 4826 1284 4865 cum
1311 4809 1567 4866 accedent
1602 4811 1756 4876 mala,
1788 4825 1885 4864 nec
1911 4808 2176 4880 ﬂagellum

590 4903 963 4975 prOpinquabit
989 4904 1331 4959 tabernaculo
1353 4901 1485 4974 ejus.
1510 4902 1689 4973 Longe
1709 4910 1788 4956 est
1808 4917 1968 4972 super
1990 4917 2178 4957 omnes

590 4997 780 5062 caelos,
811 4996 904 5051 sed
931 4995 1092 5066 pedes
1124 4996 1284 5051 habet
1313 4996 1365 5049 in
1396 5005 1534 5050 terra
1568 5014 1580 5048 :
1610 5004 1767 5064 caput
1810 4993 1859 5049 iu
1892 4993 2027 5049 coelo
2071 5004 2172 5062 est,

586 5102 786 5158 corpus
830 5088 886 5142 in
933 5095 1092 5142 terra.
1132 5086 1263 5142 Cum
1305 5095 1480 5140 autem
1523 5085 1684 5155 pedes
1728 5086 1891 5155 ipsius
1940 5084 2174 5155 ﬂagella-

588 5188 778 5237 rcntu‘r
807 5188 860 5234 et
885 5178 1217 5234 calcarentur
1236 5194 1264 5232 a
1295 5178 1475 5243 Saulo,
1501 5177 1745 5232 clamavit
1770 5185 1964 5246 caput:
1997 5174 2175 5245 Saule,

597 5273 770 5340 Saule,
804 5272 926 5343 quid
943 5288 1020 5327 me
1042 5272 1349 5344 persequeris
1367 5270 1497 5345 (Act.
1528 5286 1602 5337 ιχ,
1630 5271 1711 5340 4)Ὶ
1744 5270 1875 5324 Ecce
1895 5278 2053 5339 caput
2086 5285 2179 5325 ne-

597 5379 686 5419 mo
710 5363 1066 5434 persequitur,
1092 5377 1218 5419 ecce
1242 5360 1400 5432 caput
1428 5361 1480 5416 in
1502 5360 1640 5415 coelo
1662 5377 1672 5411 :
1693 5359 1815 5429 quia
1835 5359 2077 5414 Christus
2094 5376 2180 5415 re-

592 5471 817 5526 surgens
848 5471 877 5510 a
906 5455 1144 5521 mortuis,
1174 5454 1281 5524 jam
1313 5468 1417 5508 non
1447 5452 1691 5519 moritur,
1720 5461 1771 5509 el
1801 5468 1943 5506 mors
1965 5453 2013 5506 ei
2044 5452 2178 5508 ultra

594 5564 699 5603 non
744 5546 1105 5603 dominabitur
1136 5543 1310 5617 (Rom.
1357 5560 1429 5609 vr,
1472 5541 1551 5616 9),
1600 5540 1724 5598 Non
1763 5544 1996 5599 accedent
2026 5545 2094 5598 ad
2136 5555 2182 5600 te

594 5638 753 5708 mala,
784 5650 831 5695 et
856 5638 1118 5717 ﬂagellum
1141 5656 1243 5693 non
1267 5636 1695 5711 apprOpinquabit
1727 5636 2051 5693 tabernaculo
2073 5648 2179 5694 tuo.

710 5842 786 5886 Er.
804 5844 923 5887 Ven.
951 5842 1005 5887 et
1034 5843 1164 5896 Lov.,
1182 5834 1339 5886 sensit.
1404 5842 1461 5886 Μ.

709 5906 762 5950 ιιι
782 5905 831 5948 ιι.
864 5898 1011 5951 deest
1037 5894 1515 5961 ventrem;
1544 5896 1670 5951 hanc
1690 5896 1854 5951 rerum
1890 5902 1964 5948 Er.
1990 5896 2109 5949 Veil.
2135 5894 2182 5951 et

1821 443 1881 505 3.
1920 434 2287 501 AUGUSTINI
2323 438 2628 503 EPISCOPI

3729 454 3868 515 1164

2281 561 2385 618 Sed
2411 578 2477 618 ne
2502 574 2747 634 putemus
2771 564 2895 636 quia
2920 570 3222 637 separatum
3250 570 3335 624 est
3358 573 3521 640 caput
3546 583 3861 645 acorpore:

2274 655 2559 714 discretum
2585 661 2821 716 estenim
2848 660 2999 727 locis,
3024 661 3117 717 sed
3133 662 3375 732 junctum
3402 674 3485 721 est
3501 664 3692 725 adacta
3714 670 3862 738 ;ipsa

2273 749 2494 807 allectus
2519 752 2823 822 conjunctio
2864 751 3111 809 clamavit
3146 753 3212 810 de
3249 755 3410 822 caelo,
3451 755 3637 826 Saule,
3677 757 3862 825 Saule,

2274 845 2396 915 quid
2421 863 2499 899 me
2520 847 2867 917 persequeris?
2886 845 3181 903 Prostravit
3204 849 3346 905 enim
3376 864 3499 906 eum
3524 867 3655 907 voce
3679 852 3866 923 objur-

2272 951 2453 1011 gante,
2471 949 2525 995 et
2540 941 2733 995 levavit
2759 940 2975 997 dextera
2992 942 3301 999 miserante.
3328 942 3429 1012 Qui
3450 958 3645 1015 corpus
3664 942 3864 1001 Christi

2276 1034 2715 1104 persequebatur,
2750 1031 2918 1087 factus
2942 1042 3026 1088 est
3052 1033 3352 1091 membrum
3376 1033 3607 1103 Christi;
3635 1044 3699 1092 ut
3719 1036 3866 1107 quod

2274 1124 2519 1192 faciebat,
2553 1127 2666 1197 ipse
2693 1125 2763 1180 ibi
2793 1135 3079 1196 pateretur.

2346 1222 2396 1277 6.
2439 1220 2575 1289 Quid
2596 1236 2744 1291 ergo,
2774 1220 3004 1277 fratres?
3025 1220 3092 1278 de
3112 1222 3284 1292 capite
3306 1232 3493 1279 nostro
3506 1223 3634 1295 quid
3660 1223 3863 1279 dictum

2273 1315 2392 1369 est?
2422 1333 2441 1366 ι
2476 1314 2736 1383 Quoniam
2765 1322 2818 1369 tu
2847 1330 2927 1381 es,
2956 1314 3201 1382 Domine,
3228 1330 3351 1385 spes
3372 1331 3519 1382 mea;
3542 1316 3863 1371 altissimum

2275 1407 2496 1477 posuisti
2543 1407 2800 1478 refugium
2840 1415 3007 1464 tuum.
3038 1406 3151 1461 Non
3190 1406 3445 1463 accedent
3482 1407 3548 1461 ad
3592 1417 3643 1463 te
3686 1408 3860 1476 mala,

2274 1507 2329 1554 et
2381 1498 2644 1569 ﬂagellum
2685 1515 2788 1553 non
2831 1499 3271 1571 appropinquabit
3307 1501 3645 1556 tabernaculo
3687 1510 3797 1558 tuo.
3839 1522 3858 1555 ι

2274 1592 2422 1651 Dicta
2449 1603 2572 1649 sunt
2599 1594 2732 1661 haec.
2768 1613 2787 1647 ‹
2823 1594 3083 1660 Quoniam
3119 1595 3339 1664 Angelis
3365 1595 3475 1650 suis
3501 1596 3770 1651 mandavit
3794 1596 3865 1651 de

2273 1694 2327 1742 te
2357 1728 2374 1754 ,
2406 1696 2463 1741 ut
2491 1686 2792 1742 custodiant
2830 1697 2880 1742 te
2914 1686 2967 1741 in
2992 1686 3237 1741 omnibus
3278 1686 3380 1741 viis
3417 1688 3540 1743 tuis.
3575 1707 3595 1739 ι
3624 1688 3866 1743 Audistis

2272 1780 2459 1847 modo,
2484 1795 2605 1836 cum
2634 1770 2974 1849 Evangeiium
2997 1779 3309 1833 recitaretur
3329 1776 3349 1849 (
3372 1777 3561 1835 Matth.
3580 1795 3651 1845 tv,
3678 1778 3821 1851 i-li)
3848 1796 3863 1833 :

2271 1874 2549 1930 attendite.
2597 1873 2901 1944 Baptizatus
2932 1871 3187 1926 Dominus
3221 1870 3500 1940 jejunavit.
3549 1870 3724 1938 Quare
3762 1871 3863 1925 ba-

2273 1965 2541 2038 ptizatus?
2572 1965 2640 2023 Ut
2662 1982 2769 2020 non
2810 1978 3220 2034 asperuaremur
3247 1963 3518 2032 baptizari.
3560 1963 3692 2018 Nam
3733 1978 3861 2018 cum

2273 2060 2388 2133 ipse
2410 2061 2640 2117 Joannes
2655 2060 2857 2115 diceret
2872 2058 3116 2125 Domino,
3134 2056 3210 2111 Tu
3232 2057 3305 2111 ad
3325 2057 3551 2113 inuersis
3575 2056 3867 2125 baptizari;

2272 2169 2363 2224 ego
2387 2169 2420 2207 a
2449 2162 2496 2207 te
2537 2151 2689 2206 debeo
2716 2150 2964 2220 baptizari
2983 2165 3001 2215 ,'
3022 2159 3075 2205 et
3101 2148 3384 2213 Dominus,
3412 2148 3537 2204 Siue
3574 2149 3725 2202 modo
3746 2164 3766 2212 ;
3789 2148 3867 2203 sic

2283 2246 2418 2301 enim
2429 2244 2565 2298 decet
2582 2243 2890 2315 nosimplere
2904 2259 3099 2297 omnem
3106 2243 3359 2313 justitiam
3375 2240 3485 2315 (Id.
3505 2257 3581 2309 Ill,
3596 2242 3664 2296 M
3675 2252 3722 2296 et
3738 2240 3829 2314 i5)
3848 2258 3863 2297 :

2274 2337 2441 2409 voluit
2479 2336 2701 2407 implere
2730 2335 3103 2400 humilitatem,
3140 2344 3195 2388 ut
3224 2333 3531 2389 ablueretur
3556 2332 3644 2404 qui
3670 2332 3867 2388 sordes

2274 2446 2380 2489 non
2408 2430 2655 2486 habebat.
2703 2428 2900 2501 thuid
2930 2428 3072 2483 hoc?
3116 2429 3340 2497 Propter
3368 2428 3669 2498 superbiam
3721 2430 3870 2482 futu-

2274 2540 2479 2579 rorum.
2507 2522 2701 2577 Existit
2743 2523 2887 2577 enim
2916 2521 3200 2591 aliquando
3226 2521 3416 2591 aliquis
3444 2520 3870 2575 catechumenos

2274 2615 2364 2688 qui
2395 2615 2531 2670 forte
2555 2613 2796 2669 doctrina
2846 2623 2900 2669 et
2927 2613 3164 2668 moribus
3204 2613 3369 2668 vincit
3410 2613 3607 2667 multos
3634 2612 3824 2668 ﬁdeles
3847 2626 3867 2679 ;

2272 2709 2498 2765 attendit
2542 2709 2651 2781 jam
2680 2708 2974 2778 baptizatos
3016 2706 3213 2762 multos
3254 2706 3547 2776 imperitos,
3579 2715 3633 2761 et
3666 2706 3871 2762 multos

2275 2817 2384 2859 non
2412 2803 2493 2859 sic
2518 2803 2760 2859 viventes
2808 2799 3076 2872 quomodo
3120 2800 3233 2869 ipse
3278 2799 3443 2867 vivit,
3490 2813 3596 2853 non
3624 2800 3675 2853 in
3719 2808 3871 2853 tanta

2275 2897 2625 2963 continentia,
2641 2913 2747 2951 non
2766 2896 2819 2951 in
2844 2896 3243 2951 tantacastitate
3260 2913 3274 2963 ;
3290 2895 3397 2965 jam
3420 2895 3508 2950 ille
3520 2909 3618 2950 nec
3639 2908 3871 2950 uxorem

2276 2992 2485 3061 quierit,
2501 2998 2555 3045 et
2579 2989 2721 3044 videt
2736 2989 3023 3060 aliquando
3044 2989 3274 3055 ﬁdelem,
3292 2989 3459 3044 sinon
3482 2988 3865 3054 fornicantem,

2277 3092 2455 3140 tamen
2487 3098 2663 3138 uxore
2686 3082 3383 3153 intemperantius-utentem
3411 3098 3423 3135 :
3453 3090 3627 3150 potest
3656 3080 3873 3149 erigere

2277 3176 2540 3232 cervicem
2572 3175 2852 3245 superbiae,
2867 3184 2921 3229 et
2940 3174 3140 3241 dicere,
3163 3173 3299 3242 Quid
3328 3172 3459 3227 mihi
3487 3173 3593 3242 jam
3620 3186 3756 3242 opus
3782 3180 3875 3226 est

2276 3267 2557 3337 baptizari,
2587 3275 2644 3321 ut
2667 3267 2768 3322 hoc
2793 3268 3050 3336 accipiam
3079 3266 3218 3336 quod
3250 3267 3349 3321 iste
3369 3265 3549 3332 habet,
3574 3276 3733 3335 quem
3751 3264 3871 3333 jam

2246 3371 2332 3416 et
2372 3362 2478 3415 vita
2517 3369 2571 3415 et
2608 3359 2849 3415 doctrina
2883 3359 3171 3429 praecedo?
3209 3359 3344 3413 Huic
3387 3359 3640 3413 Dominus
3663 3399 3678 3423 ,
3725 3358 3874 3428 Quid

2276 3454 2597 3525 praeeessist‘i
2618 3454 2911 3525 iquantum
2930 3454 3246 3524 pmcessisti
3267 3455 3290 3507 ‘t
3314 3460 3588 3509 tantumne
3607 3463 3874 3525 quantum

2277 3564 2378 3619 ego
2409 3548 2499 3603 te?
2543 3546 2666 3602 Non
2710 3557 2780 3602 est
2809 3564 2981 3603 seruus
3009 3564 3161 3618 super
3198 3548 3457 3605 dominum
3494 3563 3638 3600 suum
3663 3588 3677 3614 ,
3707 3562 3877 3615 neque

2280 3641 2557 3710 discipulus
2587 3657 2739 3710 super
2766 3641 3061 3711 mgistrum
3109 3656 3257 3693 suum
3300 3655 3318 3692 :
3346 3640 3527 3710 σηπίαι
3552 3654 3692 3693 servo
3723 3648 3778 3692 ut
3803 3639 3875 3693 sit

2278 3737 2406 3791 sicut
2437 3736 2670 3791 dominus
2689 3737 2818 3805 ejus,
2838 3744 2883 3789 et
2898 3734 3146 3805 discipulo
3173 3743 3226 3787 ut
3248 3736 3313 3787 sit
3333 3734 3463 3787 sicut
3496 3726 3733 3804 magister
3758 3733 3875 3802 ejus

2284 3829 2393 3903 (Id.
2428 3846 2481 3895 ιι,
2504 3829 2636 3884 Siet
2662 3829 2779 3899 25).
2806 3828 2926 3884 Noli
2971 3827 3190 3893 extolli,
3224 3836 3281 3880 ut
3316 3840 3427 3880 non
3448 3824 3875 3895 quaeras-Bapti-

2280 4201 2393 4268 rio,
2425 4200 2564 4270 quod
2587 4214 2729 4270 smpe
2753 4198 2903 4253 Vobis
2926 4197 3361 4251 commemoravi.
3405 4193 3521 4249 Non
3560 4192 3741 4249 omnia
3765 4208 3878 4248 uno

2282 4493 2445 4550 quam
2484 4478 2731 4533 esurire:
2775 4476 2869 4531 sed
2899 4472 3166 4546 quomodo
3192 4473 3537 4529 tentaretur?
3575 4472 3678 4526 Aut
3703 4471 3749 4525 si
3784 4471 3878 4525 ille

2284 4588 2391 4628 non
2422 4573 2659 4628 vinceret
2686 4578 3002 4627 tentatorem
3028 4612 3042 4636 ,
3076 4567 3345 4638 quomodo
3385 4566 3620 4621 disceres
3670 4574 3723 4617 tu
3752 4580 3875 4618 eum

2230 4691 2232 4694 ν
2284 4675 2548 4721 tentatore
2570 4664 2843 4735 pugnare?
2858 4660 3089 4717 Esurivit
3114 4679 3125 4713 :
3146 4668 3200 4714 et
3224 4659 3333 4729 jam
3360 4666 3610 4720 teutator,
3630 4655 3726 4709 Dic
3744 4656 3878 4725 lapi-

2285 4758 2431 4812 dibus
2456 4758 2566 4812 istis
2580 4767 2634 4811 ut
2660 4772 2814 4827 panes
2842 4757 2987 4823 ﬁant,
3007 4755 3051 4807 si
3064 4752 3231 4806 Filius
3255 4751 3350 4806 Dei
3364 4768 3430 4805 es.
3455 4750 3591 4818 Quid
3623 4764 3875 4820 magnum

2286 4862 2400 4906 erat
2430 4852 2652 4905 Domino
2680 4849 2806 4904 Jesu
2826 4847 3039 4903 Christo
3064 4845 3131 4900 de
3150 4841 3413 4913 lapidibus
3440 4857 3632 4913 panem
3663 4841 3875 4907 facere,

2284 4944 2373 5013 qui
2401 4941 2469 4996 de
2496 4941 2726 5010 quinque
2756 4939 2980 5009 panibus
3009 4946 3085 4992 tot
3110 4936 3272 4990 millia
3311 4937 3568 4990 saturavit
3597 4935 3614 5004 (
3646 4933 3737 4987 Id.
3766 4950 3879 5005 xiv,

2285 5034 2451 5090 {7-21
2477 5032 2535 5108 )?
2560 5034 2632 5089 De
2660 5032 2824 5087 nihilo
2850 5030 2971 5086 fecit
2992 5044 3202 5101 panem.
3226 5027 3391 5084 Tanta
3419 5029 3567 5083 enim
3588 5028 3879 5082 multitudo

2285 5138 2422 5182 escae
2454 5168 2469 5193 ,
2517 5141 2634 5197 quas
2679 5131 2940 5178 saturaret
2994 5131 3069 5177 tot
3118 5123 3280 5177 millia
3308 5164 3322 5188 ,
3376 5120 3516 5175 unde
3564 5119 3881 5191 processit?

2287 5218 2486 5275 Fontes
2526 5219 2676 5288 panis
2700 5218 2717 5249 ¹
2743 5217 2970 5272 erantin
3000 5215 3243 5269 manibus
3267 5214 3498 5269 Domini.
3528 5212 3641 5267 Non
3669 5221 3755 5267 cst
3778 5212 3883 5266 mi-

2285 5326 2405 5367 rum
2436 5330 2455 5367 θ
2485 5326 2606 5365 nam
2633 5310 2749 5379 ipse
2773 5306 2899 5363 fecit
2925 5307 2992 5361 de
3014 5308 3248 5377 quinque
3280 5306 3505 5377 panibus
3524 5304 3754 5361 multum
3783 5318 3879 5374 pa-

2288 5406 2370 5460 nis
2398 5402 2539 5458 unde
2560 5408 2821 5456 saturaret
2848 5408 2924 5453 tot
2948 5399 3111 5464 milia,
3135 5398 3224 5469 qui
3249 5395 3370 5452 facit
3397 5396 3635 5468 quotidie
3655 5397 3709 5451 in
3734 5406 3882 5450 terra

2288 5496 2357 5552 de
2382 5497 2564 5565 paucis
2587 5496 2765 5563 granis
2793 5500 2994 5547 messes
3021 5492 3282 5563 ingentes.
3310 5490 3427 5561 ipsa
3448 5491 3590 5545 enim
3620 5499 3749 5545 sunt
3782 5489 3887 5542 mi-

2288 5589 2469 5645 racula
2501 5587 2747 5654 Domini;
2779 5586 2875 5643 sed
2904 5585 3213 5641 assiduitate
3240 5580 3527 5640 viluerunt.
3562 5580 3701 5653 Quid
3728 5584 3883 5653 crgo’,

2312 5818 2319 5825 .
2355 5771 2379 5803 τ
2406 5768 2541 5827 Edd.,
2561 5769 3056 5833 fornespaneserant:
3086 5772 3137 5815 et
3160 5762 3303 5827 paulo
3321 5754 3450 5827 post,
3475 5761 3538 5813 de
3566 5762 3778 5827 quinque
3797 5769 3889 5823 pa-

2292 5832 2429 5884 nibus
2450 5831 2623 5882 multos
2658 5844 2824 5884 omnes.
2860 5835 2917 5880 Al.
2939 5836 3055 5884 Reg.
3082 5835 3133 5879 et
3170 5828 3352 5884 nemig.
3385 5828 3551 5884 probae
3572 5832 3701 5877 noue
3737 5829 3887 5884 MSS.)

2293 5832 2429 5884 nibus
2450 5828 2623 5904 mullos
2658 5828 2824 5891 panes.
2860 5835 2917 5880 Λι
2939 5836 3055 5895 Reg.
3082 5835 3133 5901 et
3170 5828 3551 5942 aenigmatista
3572 5832 3701 5877 noue
3870 5854 3887 5879 ,

2293 5896 2443 5965 fontes
2459 5906 2597 5965 pinus
2626 5900 2764 5945 eram
2786 5905 2805 5944 :
2823 5888 2975 5957 atque
2995 5888 3117 5941 intra
3138 5898 3249 5941 cum
3398 5884 3509 5939 uss.
3531 5886 3737 5949 habent,
3761 5881 3891 5933 mul-

2294 5964 2565 6023 ιιαηραπῑεο
