4084 6542
303 467 448 528 1165

305 581 533 652 fratres,
559 573 896 656 impossibile
926 585 1043 640 erat
1067 573 1293 638 Domino
1322 581 1388 637 de
1431 581 1694 652 lapidibus
1719 595 1884 652 panes

305 677 480 736 facere
496 677 784 735 Tiiomiues
805 679 928 733 fecit
947 677 1013 734 de
1029 677 1310 748 lapidibus,
1329 677 1538 730 dicente
1561 676 1888 746 ipsoloanue

303 769 539 844 Baptista
571 789 586 825 :
618 767 806 826 Potens
835 779 907 824 est
949 761 1086 824 Deus
1132 770 1194 822 de
1223 767 1475 838 lapidibus
1510 769 1619 822 istis
1648 769 1890 823 suscitare

305 867 438 934 ﬁlios
469 859 915 932 Abrahae(Hatth.
937 879 1011 928 ιιι,
1029 859 1106 932 9).
1137 861 1311 930 Quare
1337 875 1463 932 ergo
1491 877 1596 916 non
1624 859 1790 918 fecit?
1817 859 1889 917 Ut

306 957 596 1010 teduceret
625 955 950 1023 respondere
972 953 1252 1020 teutatori,
1277 961 1334 1008 ut
1373 954 1418 1008 si
1444 953 1577 1008 forte
1621 955 1672 1008 in
1711 953 1886 1024 aliqua

302 1049 543 1120 angustia
573 1049 772 1116 pusillis
805 1045 990 1114 fueris,
1013 1057 1066 1102 et
1092 1047 1411 1117 suggesserit
1439 1047 1528 1102 tibi
1559 1055 1804 1114 tentator,
1829 1045 1887 1104 Si

299 1141 624 1198 christianos
637 1155 783 1195 esses
795 1149 850 1196 et
861 1140 926 1195 ad
939 1139 1204 1196 Christum
1221 1141 1533 1210 pertinercs,
1551 1140 1822 1195 desereret
1836 1149 1887 1195 te

297 1232 464 1289 modo
484 1231 510 1288 ’Ξ
537 1249 642 1287 non
662 1231 750 1286 tibi
770 1232 1002 1286 misisset
1025 1232 1274 1287 auxilium
1293 1231 1316 1286 ?
1333 1233 1401 1287 Et
1429 1231 1564 1287 forte
1579 1231 1752 1286 adhuc
1770 1247 1885 1286 me-

301 1321 451 1378 dicus
467 1335 637 1388 secat,
653 1323 838 1378 etitleo
860 1321 1060 1378 deserit
1087 1341 1098 1376 :
1122 1321 1214 1376 sed
1239 1338 1342 1376 non
1372 1321 1585 1377 deserit.
1611 1319 1887 1389 Quomodo

299 1413 524 1470 Paulum
572 1413 742 1484 ipsum
786 1413 908 1468 ideo
947 1429 1052 1468 non
1095 1413 1404 1480 exaudivit,
1445 1415 1566 1482 quia
1597 1399 1907 1468 exaudivit.‘

297 1505 428 1562 Nam
447 1506 578 1563 dicit
591 1505 782 1561 Pauins
799 1521 902 1560 non
920 1521 977 1560 se
993 1513 1111 1560 esse
1132 1505 1436 1560 exauditum
1452 1505 1517 1558 de
1538 1503 1752 1558 stimulo
1769 1519 1888 1557 car-

299 1600 380 1654 nis
409 1616 524 1654 suae
553 1599 740 1670 angelo
770 1607 968 1652 satame
993 1640 1007 1663 ,
1063 1614 1092 1651 a
1135 1613 1240 1667 quo
1269 1597 1588 1666 colaphizari
1621 1612 1678 1651 se
1707 1597 1838 1650 dixit
1870 1614 1883 1650 :

301 1691 522 1761 Propter
547 1691 684 1762 quod
730 1687 1000 1744 Dominum
1039 1698 1112 1742 ter
1141 1689 1312 1760 rogari
1356 1697 1408 1741 ut
1455 1692 1674 1760 auferret
1713 1705 1828 1741 eum
1858 1704 1888 1740 ιι

298 1801 410 1852 nte,
437 1793 487 1839 et
518 1785 648 1838 dixit
676 1783 799 1837 mihi
818 1825 830 1848 ,
860 1781 1055 1854 Sufﬁcit
1080 1781 1166 1836 tibi
1205 1783 1366 1852 gratia
1411 1797 1557 1846 mea;
1587 1799 1703 1835 nam
1731 1781 1889 1836 virtus

296 1875 352 1931 in
401 1875 699 1945 infirmitate
739 1875 996 1945 per/icitur
1020 1872 1100 1948 (11
1128 1871 1243 1928 Cor.
1277 1890 1348 1928 xu
1376 1915 1386 1932 .
1425 1873 1518 1927 7-9
1615 1871 1884 1943 Tanquam

301 1967 512 2023 medico
539 1967 825 2030 diceretur,
857 1967 1026 2034 posito
1053 1966 1186 2020 forte
1215 1965 1538 2036 cpithemate
1569 1963 1886 2040 :blliolestum

299 2063 382 2116 est
413 2058 544 2112 mihi
572 2058 671 2112 hoc
699 2059 1076 2128 emplastrum;
1102 2071 1233 2127 rogo
1259 2066 1330 2124 te,
1363 2057 1484 2111 tolle
1505 2055 1654 2110 illud.
1683 2057 1744 2112 Et
1773 2073 1888 2112 mc-

299 2151 456 2208 dicus
490 2171 502 2206 2
529 2149 664 2218 Non,
697 2165 832 2219 opus
861 2159 941 2206 est
970 2149 1058 2205 diu
1091 2147 1162 2204 ibi
1187 2151 1288 2214 sit;
1317 2165 1420 2204 non
1453 2149 1594 2204 enim
1624 2149 1776 2204 aliter
1801 2165 1888 2204 sa-

304 2243 428 2301 nari
457 2246 669 2316 poteris.
701 2239 980 2314 A‘Igmtum
1011 2260 1115 2298 non
1147 2241 1414 2298 exaudivit
1445 2243 1681 2298 medicus
1710 2241 1775 2297 ad
1797 2259 1890 2298 vo-

301 2336 564 2394 luntatem
585 2380 600 2404 ,
641 2339 762 2406 quia
792 2335 1065 2390 exaudivit
1093 2334 1156 2390 ad
1184 2335 1428 2390 salutem.
1459 2333 1686 2404 Ideoque
1729 2331 1890 2389 fortes

301 2437 472 2484 estote
501 2471 516 2496 ,
547 2427 766 2494 fratres;
799 2435 852 2482 et
894 2425 1105 2498 quando
1145 2425 1318 2497 aliqua
1363 2425 1537 2494 inepia
1571 2424 1841 2479 tentamini
1871 2467 1887 2492 ,

301 2517 414 2575 Deo
443 2517 742 2590 ﬂagellante
785 2527 839 2574 et
883 2516 1158 2572 erudieute
1183 2532 1276 2571 vos
1300 2558 1315 2582 ,
1365 2515 1556 2586 quibus
1585 2525 1637 2571 et
1667 2523 1814 2586 parat
1837 2523 1892 2570 et

303 2623 486 2667 servat
515 2621 768 2668 aeternam
795 2611 1181 2677 Increditatem,
1210 2625 1315 2664 non
1340 2609 1489 2664 vobis
1517 2619 1762 2681 Suggerat
1782 2609 1894 2666 dia-

302 2695 457 2760 bolus
487 2725 500 2758 :
533 2705 588 2760 Si
617 2703 790 2774 justus
815 2719 982 2768 esses,
1007 2719 1182 2758 nonne
1202 2703 1289 2757 tibi
1315 2717 1407 2774 per
1424 2717 1638 2758 corvum
1661 2703 1893 2757 mitteret

301 2811 534 2868 panem,
564 2797 828 2868 quomodo
869 2795 1012 2850 misit
1052 2793 1184 2850 Elite
1218 2791 1327 2866 (III
1361 2791 1487 2864 Reg.
1524 2793 1608 2859 17,
1649 2791 1764 2865 6)?
1805 2793 1892 2847 ubi

301 2901 383 2948 est
409 2891 552 2960 quod
583 2883 790 2962 legisti,
821 2887 1096 2960 Nunquam
1126 2887 1229 2941 vidi
1244 2887 1442 2960 justum
1468 2885 1784 2954 derelictum,
1805 2901 1893 2939 nec

299 3001 470 3039 semen
491 2981 602 3053 ejus
627 2999 853 3054 quaerens
880 2981 1100 3052 panem(
1129 2978 1272 3033 Psal.
1295 2995 1474 3046 xxxw,
1511 2979 1580 3033 25
1599 2978 1656 3052 )?
1682 2975 1759 3033 Tu
1811 2993 1896 3033 re-

301 3075 508 3149 Sptmde
534 3075 746 3132 diabolo
769 3094 782 3130 :
803 3075 998 3131 Verum
1020 3073 1145 3130 dicit
1173 3074 1442 3144 Scriptura
1460 3115 1474 3139 ,
1501 3069 1774 3138 Nunquam
1795 3071 1897 3126 vidi

299 3171 497 3248 iustum
539 3169 876 3237 derelictum,
919 3185 1008 3224 nec
1043 3184 1209 3223 semen
1253 3167 1359 3240 ejus
1402 3183 1628 3238 qurerens
1675 3183 1896 3236 panem;

305 3255 478 3318 habco
509 3263 649 3316 enim
682 3277 871 3334 panem
900 3276 1078 3316 meum
1107 3273 1266 3330 quem
1294 3267 1346 3313 tu
1385 3274 1489 3312 non
1532 3257 1691 3313 nosti.
1727 3259 1896 3325 Quem

305 3371 500 3428 panem
523 3355 548 3407 ‘i
568 3353 704 3409 Audi
725 3351 1006 3414 Dominum
1033 3369 1046 3404 :
1077 3349 1199 3406 Non
1225 3351 1276 3405 in
1300 3350 1409 3406 solo
1435 3366 1566 3422 pane
1589 3350 1706 3404 vivit
1725 3351 1894 3414 homo,

304 3451 392 3504 sed
421 3449 475 3502 in
508 3447 644 3502 anmi
667 3445 812 3500 verba
840 3441 953 3498 Dei.
983 3443 1215 3500 Putasne
1243 3441 1463 3498 verbum
1495 3441 1588 3497 Dei
1620 3457 1807 3512 panem
1833 3441 1848 3473 ⁸
1875 3443 1898 3495 ?

303 3535 360 3600 Si
413 3558 520 3597 non
563 3547 706 3596 esset
756 3539 904 3610 panis
926 3537 1157 3594 Verbum
1189 3535 1281 3592 Dei
1308 3551 1403 3607 per
1425 3535 1566 3607 quod
1608 3535 1744 3591 facta
1775 3545 1900 3592 sunt

303 3635 510 3700 omnia,
535 3648 640 3687 non
668 3631 869 3686 diceret
900 3648 912 3683 :
947 3627 1057 3702 Ego
1083 3643 1194 3683 sum
1224 3629 1371 3698 panis
1395 3627 1556 3694 vivus,
1586 3625 1673 3698 qui
1689 3627 1752 3683 de
1774 3628 1898 3683 caelo

304 3725 546 3782 descendi
590 3723 780 3798 (Joan.
813 3739 864 3780 v1
889 3765 903 3790 ,
932 3725 992 3778 41
1021 3719 1062 3795 ).
1095 3721 1336 3776 Didicisti
1365 3736 1492 3792 ergo
1519 3721 1645 3792 quid
1673 3736 1898 3794 respon-

305 3815 438 3878 deas
465 3819 714 3876 teutatori
741 3820 792 3874 in
823 3815 1061 3888 angustia
1093 3813 1267 3872 famis.

379 3907 434 3970 7.
477 3909 637 3980 Quid,
667 3913 710 3966 si
743 3921 793 3966 te
821 3911 898 3966 sic
926 3919 1126 3978 tentat,
1169 3917 1226 3963 ut
1249 3907 1390 3964 dicat
1411 3907 1502 3964 tibi
1537 3907 1900 3966 :Sichristia-

305 4022 412 4064 nus
439 4020 610 4072 esses,
643 4003 844 4059 faceres
875 4001 1124 4057 miracula
1150 4043 1166 4068 ,
1194 4001 1463 4072 quomodo
1493 3999 1901 4056 feceruntmulti

303 4097 637 4156 christiani?
662 4093 738 4151 Tu
761 4095 870 4166 jam
902 4091 1240 4165 suggestione
1267 4091 1404 4146 mala
1433 4091 1706 4162 deceptus,
1732 4099 1904 4146 tenta-

305 4208 400 4251 res
429 4189 710 4247 Dominum
736 4187 904 4244 Deum
951 4196 1098 4242 tuum
1120 4226 1134 4254 ,
1183 4193 1242 4240 ut
1288 4183 1494 4240 diceres
1541 4183 1766 4238 Domino
1795 4183 1904 4238 Deo

307 4293 500 4342 nostro
527 4301 540 4336 :
568 4281 624 4337 Si
654 4280 972 4336 christianos
997 4293 1113 4334 sum
1134 4319 1148 4344 ,
1177 4285 1228 4332 et
1249 4287 1367 4333 sum
1399 4283 1521 4330 ante
1549 4273 1730 4330 oculos
1761 4283 1899 4341 tuos,

307 4387 364 4434 et
395 4377 450 4432 in
481 4375 662 4445 aliquo
690 4387 912 4428 numero
943 4380 1153 4426 tuorum
1185 4383 1271 4423 me
1299 4374 1608 4436 computas,
1643 4364 1827 4420 faciam
1850 4372 1906 4420 et

305 4487 412 4542 ego
441 4467 662 4539 aliquid,
690 4466 866 4538 qualia
886 4465 1050 4519 multa
1080 4461 1320 4518 fecerunt
1345 4460 1513 4515 sancti
1542 4457 1904 4516 tui?Tentasti

309 4563 484 4620 Deum
505 4602 523 4630 ,
564 4559 716 4632 quasi
763 4575 868 4612 non
897 4557 971 4612 sis
1015 4555 1336 4611 christianus
1363 4553 1408 4608 si
1442 4551 1544 4607 hoc
1587 4567 1694 4606 non
1723 4550 1903 4606 facias.

311 4655 464 4714 IIuIti
516 4655 640 4709 talia
685 4651 1054 4707 desiderantes
1093 4645 1416 4704 ceciderunt.
1448 4645 1579 4699 Nam
1605 4643 1786 4700 Simon
1819 4643 1908 4698 ille

311 4761 508 4818 magus
557 4745 678 4800 talia
727 4741 1047 4798 desideravit
1076 4739 1143 4795 ab
1183 4737 1484 4808 Apostolis,
1515 4736 1602 4805 qui
1653 4735 1908 4806 Spiritum

313 4848 564 4896 sanctum
597 4835 819 4906 pecunia
843 4833 1006 4888 voluit
1032 4846 1344 4901 comparare
1374 4827 1521 4902 (Act.
1542 4843 1654 4896 vnt,
1679 4829 1767 4894 18,
1795 4825 1904 4898 19).

315 4929 537 4986 Amavit
563 4926 852 4998 potentiam
883 4923 1282 4989 miraculorum,
1305 4929 1484 4975 etnon
1511 4919 1708 4974 amavit
1732 4919 1909 4972 imita-

321 5023 526 5078 tionem
549 5017 882 5074 humilitatis.
901 5015 1025 5072 Ideo
1039 5013 1251 5085 quidam
1274 5009 1681 5082 discipulus,vel
1698 5009 1910 5081 quidam

321 5117 390 5172 de
415 5114 570 5170 turba
598 5127 722 5168 cum
747 5109 908 5166 vellet
941 5108 1088 5178 sequi
1121 5105 1423 5166 Dominum,
1449 5101 1727 5157 attendens
1753 5101 1914 5156 mira-

320 5211 444 5267 tula
474 5223 596 5280 qua:
621 5205 882 5270 faciebat;
903 5202 1036 5258 vidit
1057 5200 1200 5256 illum
1220 5197 1481 5254 Dominus
1501 5193 1786 5265 superbum
1810 5209 1912 5248 non

321 5317 572 5376 quaerere
597 5301 738 5356 viam
767 5296 1080 5352 humilitatis
1098 5335 1113 5361 ,
1158 5291 1252 5348 sed
1297 5289 1516 5364 typhum
1541 5289 1791 5360 potentiae
1817 5329 1830 5354 ,
1863 5295 1918 5342 et

323 5399 406 5454 ait
437 5415 452 5452 :
496 5393 686 5466 Vulpes
715 5391 884 5466 foveas
910 5389 1122 5456 habent,
1154 5395 1200 5444 et
1223 5387 1449 5441 volucres
1474 5383 1585 5438 caeli
1611 5382 1790 5448 nidos;
1821 5379 1918 5435 Fi-

323 5489 430 5545 lius
451 5497 621 5542 autem
652 5483 868 5539 hominis
889 5498 992 5536 non
1017 5479 1271 5534 habetubi
1299 5487 1449 5550 caput
1469 5475 1674 5531 reclinet
1705 5471 1915 5546 (Matth.

321 5593 422 5636 vus
441 5619 459 5647 ,
489 5577 620 5650 20).
643 5575 848 5648 Vulpes
871 5574 923 5630 iu
971 5581 1025 5628 te
1067 5569 1249 5628 foveas
1273 5569 1502 5634 habent;
1530 5567 1774 5623 volucres
1799 5565 1920 5622 caeli

324 5671 488 5728 nidos
513 5671 568 5725 in
613 5675 664 5724 te
685 5667 903 5723 habent.
946 5663 1148 5734 Vulpes
1176 5659 1330 5716 dolus
1357 5669 1472 5726 est;
1516 5657 1761 5714 volucres
1798 5655 1922 5714 cceli

325 5763 588 5836 superbia
609 5767 694 5819 est
725 5775 740 5814 :
763 5757 904 5816 sicut
925 5757 1070 5814 enim
1088 5754 1333 5810 volucres
1360 5753 1466 5810 alta
1491 5761 1696 5824 petunt,
1727 5751 1802 5806 sic
1827 5765 1920 5806 su-

311 5855 520 5932 perbi;
543 5863 602 5910 ut
621 5861 676 5910 et
691 5853 776 5910 ml
786 5867 877 5922 pes
896 5861 1152 5906 cavernas
1173 5845 1370 5901 habent
1383 5845 1618 5911 dolosas,
1637 5843 1710 5900 ita
1736 5857 1922 5899 omnes

393 5967 420 6000 ‘
455 5951 1840 6025 stomawddwputmuerbumbeinousitpanis?

1411 465 1807 526 suaenam
1844 447 1912 522 tu
1949 455 2272 524 esALuun
2309 467 2422 526 xc.

3440 479 3579 538 1166

1998 578 2351 640 insidiatores.
2377 583 2516 653 Quid
2543 598 2673 657 ergo
2691 585 2966 656 respondit
2995 577 3252 646 Dominus
3271 589 3298 646 ι
3315 591 3494 649 Potest
3525 589 3574 652 in

1995 681 2046 728 te
2075 674 2313 731 habitare
2339 678 2582 748 superbia
2614 689 2669 735 et
2693 679 2880 747 dolus;
2909 679 3150 738 Christus
3177 699 3282 740 non
3308 687 3465 743 habet
3489 690 3574 744 ubi

1993 763 2046 819 in
2071 775 2122 821 te
2149 766 2366 834 habitet,
2394 769 2481 824 ubi
2507 771 2725 826 reclinet
2751 779 2908 842 caput
2933 789 3107 829 suum.
3139 773 3270 846 Quia
3299 779 3576 836 reclinatio

1993 859 2182 929 capitis
2209 903 2224 926 ,
2255 859 2525 917 humilitas
2549 863 2746 920 Christi
2779 873 2881 922 est.
2931 865 3042 924 Nisi
3067 869 3350 928 reclinaret
3373 883 3532 944 caput
3555 917 3572 941 ,

1993 971 2096 1010 non
2121 953 2508 1025 justiﬁcareris.
2531 955 2679 1014 Talia
2725 959 3088 1019 desiderantes
3126 972 3181 1019 et
3205 964 3487 1040 discipuli,
3520 979 3576 1024 et

1991 1047 2232 1102 volentes
2256 1047 2364 1116 jam
2388 1059 2638 1120 appetere
2659 1051 2676 1084 ¹
2699 1052 2879 1108 sedem
2907 1055 3090 1126 regni,
3122 1067 3405 1129 antequam
3433 1061 3570 1116 viam

1996 1139 2304 1194 humilitatis
2331 1150 2604 1210 caperent,
2631 1144 2842 1212 quando
2870 1145 2942 1200 illi
2967 1159 3268 1218 suggestum
3293 1159 3375 1206 est
3399 1167 3428 1206 a
3456 1169 3571 1210 ma-

1994 1237 2076 1284 tre
2107 1229 2521 1300 discipulorum,
2553 1231 2650 1286 Dic
2676 1241 2732 1288 ut
2765 1252 2897 1291 unus
2924 1237 3090 1292 sedeat
3115 1239 3184 1293 ad
3206 1240 3463 1298 dexteram
3483 1287 3498 1312 ,
3527 1257 3574 1300 et

1993 1321 2125 1373 alius
2162 1322 2230 1374 ad
2271 1322 2524 1377 sinistram
2567 1333 2747 1389 tuam;
2776 1329 3063 1396 potentiam
3097 1333 3446 1400 quzrrebaut:
3479 1339 3572 1394 sed

1992 1429 2090 1485 per
2139 1417 2438 1485 passionem
2485 1419 2506 1451 ⁸
2557 1419 2868 1476 humilitatis
2917 1425 3126 1478 venitur
3171 1425 3236 1481 ad
3281 1431 3571 1497 potentiam

1992 1509 2161 1600 regni.
2191 1509 2279 1564 Ait
2307 1511 2564 1567 Dominus
2593 1531 2605 1566 :
2645 1511 2858 1569 Potestis
2888 1511 3049 1569 bibere
3075 1515 3280 1573 calicem
3305 1537 3448 1592 quem
3481 1541 3574 1596 ego

1993 1601 2236 1657 bibiturus
2255 1621 2366 1660 sum
2393 1603 2602 1676 (Matth.
2625 1622 2715 1672 xx,
2737 1605 2825 1671 21,
2842 1605 2932 1678 22)
2948 1607 3122 1675 ιουῑά
3139 1611 3380 1681 cogitatis
3400 1613 3576 1671 altitu-

1993 1695 2170 1751 dinem
2216 1697 2360 1766 regni
2392 1738 2406 1762 ,
2439 1706 2492 1754 et
2520 1715 2622 1753 non
2651 1699 2927 1754 imitamini
2971 1699 3321 1759 humilitatem
3347 1719 3520 1762 meam
3551 1709 3578 1764 τ

1993 1787 2134 1856 Ergo
2158 1787 2281 1858 quid
2301 1825 2321 1856 ,
2351 1787 2396 1842 si
2423 1789 2498 1842 sic
2527 1799 2575 1843 te
2603 1797 2800 1856 tentet,
2833 1789 2940 1846 Fac
2963 1793 3258 1849 miracula?
3287 1811 3353 1852 ne
3377 1805 3432 1852 tu
3456 1805 3575 1852 ten-

1993 1887 2073 1932 tes
2115 1879 2318 1944 Deum,
2347 1879 2470 1948 quid
2518 1879 2681 1936 debes
2725 1882 3256 1951 respondere‘iQuod
3302 1889 3578 1958 reSpondit

1995 1969 2271 2026 Dominus.
2313 1973 2398 2026 Ait
2445 1971 2520 2026 illi
2569 1972 2826 2027 diabolus.
2879 1973 3025 2028 Mitte
3062 1985 3107 2030 te
3146 1977 3415 2044 deorsum;
3460 1983 3578 2054 quia

1992 2062 2234 2132 scriptum
2263 2069 2364 2126 est,
2393 2061 2597 2132 Angelis
2622 2065 2725 2117 suis
2750 2067 3005 2118 mandavit
3029 2067 3092 2119 de
3114 2077 3179 2134 te,
3203 2071 3328 2123 utin
3349 2071 3578 2128 manibus

1994 2153 2256 2221 tollantte,
2277 2171 2337 2207 ne
2353 2153 2720 2224 forteo/fendas
2735 2155 2804 2208 ad
2819 2156 3037 2227 lapidem
3064 2158 3240 2230 pedem
3267 2172 3424 2216 tuum.
3455 2163 3508 2220 Si
3527 2173 3580 2221 te

1993 2245 2222 2314 miseris,
2255 2245 2442 2316 Augeli
2472 2255 2522 2300 te
2557 2247 2866 2315 suscipient.
2901 2247 2966 2302 Et
2993 2261 3172 2318 posset
3195 2251 3408 2321 quidem
3437 2254 3576 2326 ﬂeri,

1965 2413 1970 2420 _
1995 2335 2204 2403 fratres,
2220 2347 2276 2391 ut
2295 2337 2339 2391 si
2365 2352 2424 2392 se
2441 2337 2670 2394 misisset
2691 2338 2968 2405 Dominus,
2983 2339 3232 2410 obsequia
3254 2345 3576 2414 Angelorum

1994 2429 2331 2498 susciperent
2360 2445 2572 2485 carnem
2619 2429 2829 2484 Domini
2855 2448 2867 2483 :
2893 2429 2986 2485 sed
3016 2419 3140 2504 quid
3194 2433 3265 2488 illi
3321 2436 3442 2491 ait?
3471 2435 3582 2491 Ite;

1995 2538 2106 2576 rum
2131 2521 2372 2591 scriptum
2401 2531 2472 2574 est
2495 2562 2511 2588 ,
2541 2519 2662 2574 Non
2688 2521 3198 2586 tentabisﬂominum
3227 2521 3388 2580 Deum
3414 2535 3574 2584 tuum.

1997 2609 2276 2667 Hominem
2309 2627 2396 2666 me
2421 2620 2593 2682 putas.
2629 2611 2707 2666 Ad
2740 2612 2842 2667 hoc
2870 2614 3012 2668 enim
3040 2615 3265 2670 accessit
3293 2615 3534 2676 diabolus
3559 2661 3577 2688 ,

1997 2712 2054 2760 ut
2084 2711 2315 2758 tentaret
2335 2712 2509 2758 utrum
2547 2703 2714 2760 Filius
2743 2705 2836 2760 Dei
2865 2705 2980 2776 ipse
3007 2715 3168 2762 esset.
3195 2707 3423 2764 Videbat
3459 2725 3582 2768 car-

1998 2812 2157 2862 nem;
2200 2795 2291 2852 sed
2321 2797 2578 2864 majestas‘
2601 2796 2654 2850 in
2677 2797 2925 2867 operibus
2953 2799 3259 2870 apparebat.
3291 2801 3478 2872 Angeii
3497 2809 3586 2860 ιθ-

1999 2889 2308 2946 stimonium
2334 2889 2596 2944 dixerant.
2625 2889 2717 2945 Ille
2737 2882 2952 2946 videbat
2981 2893 3259 2948 mortalem
3285 2935 3299 2959 ,
3333 2903 3390 2950 ut
3413 2903 3586 2952 tenta-

1997 2993 2120 3054 ret,
2153 2994 2209 3039 ut
2249 2983 2463 3039 Christo
2510 2991 2712 3038 tentato
2751 2983 3034 3038 doceretur
3072 2984 3413 3042 christianos.
3445 2985 3583 3056 Quid

1999 3093 2128 3148 ergo
2143 3077 2398 3148 scriptum
2419 3075 2542 3132 est?
2561 3075 2683 3130 Non
2707 3077 2916 3131 tentabis
2942 3073 3217 3131 Dominum
3237 3075 3400 3132 Deum
3421 3087 3582 3135 tuum.

2001 3169 2181 3240 Itaque
2203 3185 2309 3224 non
2342 3177 2607 3224 tentemus
2637 3167 2918 3224 Dominum
2941 3211 2955 3237 ,
2981 3177 3038 3224 ut
3064 3168 3324 3228 dicamus.
3360 3171 3418 3228 Si
3443 3171 3509 3228 ad
3531 3181 3588 3230 to

2000 3259 2330 3332 pertinemus
2351 3301 2365 3328 ,
2391 3259 2702 3314 miraculum
2732 3257 3006 3315 faciamus.

2071 3351 2125 3408 8.
2157 3351 2458 3406 Redeamus
2485 3359 2701 3422 propter
2719 3352 2878 3406 verba
2899 3351 3116 3408 Psalmi.
3139 3353 3342 3428 Angelis
3357 3355 3483 3423 suis,
3500 3355 3587 3414 in-

2001 3443 2146 3514 quit,
2164 3442 2422 3496 mandauit
2436 3441 2499 3497 de
2515 3452 2580 3509 te,
2600 3451 2654 3497 ut
2667 3442 2952 3498 custodiant
2973 3452 3020 3498 te
3033 3445 3086 3500 in
3102 3445 3330 3502 omnibus
3356 3448 3448 3502 viis
3467 3449 3586 3505 tuis.

2001 3531 2068 3590 In
2097 3533 2326 3588 manibus
2355 3533 2530 3588 tollent
2575 3543 2621 3589 te
2644 3576 2657 3599 ,
2701 3534 2966 3606 nequando
3005 3533 3233 3604 offendas
3261 3537 3332 3592 ad
3367 3538 3590 3609 lapidem

2003 3625 2180 3699 pedem
2204 3633 2364 3680 tuum.
2399 3624 2650 3682 Sublatus
2674 3635 2758 3680 est
2777 3625 3019 3684 Christus
3057 3627 3108 3684 in
3139 3629 3382 3684 manibus
3410 3629 3590 3702 Auge-

2002 3717 2210 3786 Iorum,
2241 3717 2452 3790 quando
2493 3726 2796 3790 assumptus
2826 3725 2909 3774 est
2937 3718 2989 3774 in
3018 3721 3210 3776 caelum
3247 3737 3261 3785 ;
3290 3737 3394 3776 non
3429 3722 3590 3793 quia,-

2003 3812 2050 3867 si
2081 3827 2185 3866 non
2216 3819 2490 3881 portarent
2519 3811 2708 3882 Augeli
2739 3853 2754 3877 ,
2780 3811 3016 3868 ruiturus
3043 3821 3192 3880 erat;
3220 3815 3313 3870 sed
3341 3815 3463 3886 quia
3491 3815 3592 3872 ob-

2003 3901 2366 3974 sequebantur
2393 3901 2523 3974 regi.
2548 3899 2626 3958 Ne
2655 3902 2794 3958 forte
2819 3903 3007 3959 dicatis
3031 3921 3044 3958 :
3073 3905 3318 3961 Meliores
3353 3915 3476 3962 sunt
3500 3909 3591 3979 qui

2006 3997 2322 4066 portabant,
2368 4010 2523 4066 quam
2566 3993 2657 4049 ille
2695 3994 2784 4064 qui
2815 3997 3144 4064 portabatur.
3190 3996 3328 4069 Ergo
3371 3999 3593 4056 meliora

1967 4091 1974 4098 '
2006 4097 2130 4143 sunt
2153 4087 2393 4158 iumenta
2423 4101 2579 4157 quam
2624 4085 2914 4143 homines?
2939 4085 3044 4144 Sed
3081 4089 3200 4160 quia
3231 4089 3593 4150 inﬁmitatem

2008 4177 2280 4236 hominum
2307 4187 2517 4250 portant
2540 4177 2812 4249 jumenta;
2837 4193 2936 4234 nec
2957 4179 3058 4235 hoc
3085 4179 3344 4237 debemus
3369 4181 3550 4242 dicere
3575 4202 3592 4240 :

2006 4271 2204 4328 etenim
2227 4271 2467 4343 jumenta
2493 4271 2535 4325 si
2564 4285 2621 4326 se
2648 4269 2963 4325 subtrahant
2995 4312 3010 4338 ,
3039 4271 3236 4327 cadunt
3262 4273 3352 4343 qui
3378 4271 3590 4330 sedent.

2007 4367 2112 4424 Sed
2141 4363 2407 4437 quomodo
2428 4363 2683 4419 debemus
2701 4361 2919 4418 dicere?
2943 4361 3074 4418 Nam
3096 4371 3152 4419 et
3168 4361 3236 4420 de
3257 4363 3368 4421 Deo
3393 4362 3598 4424 dictum

2009 4471 2093 4520 est
2124 4479 2137 4514 :
2169 4459 2359 4516 Caelum
2381 4457 2504 4512 mihi
2524 4457 2664 4513 sedes
2690 4466 2763 4512 est
2784 4455 2938 4528 (Isai.
2967 4471 3028 4514 ι]
3043 4473 3115 4524 νι,
3143 4458 3194 4525 1;
3223 4457 3332 4512 Act.
3361 4473 3454 4526 vn,
3477 4457 3596 4530 49).

2009 4555 2141 4623 Quia
2169 4568 2297 4624 ergo
2317 4551 2509 4607 ctelum
2540 4557 2745 4620 portat,
2789 4557 2844 4604 et
2863 4549 3004 4604 Deus
3029 4547 3218 4616 sedet,
3248 4549 3371 4604 ideo
3407 4549 3601 4606 melius

2011 4656 2093 4704 est
2114 4642 2467 4703 cmlum'1Sic
2506 4658 2634 4713 ergo
2677 4648 2730 4698 et
2775 4639 2843 4697 de
2886 4640 3144 4711 obsequio
3173 4639 3496 4713 Angelorum
3545 4642 3602 4698 in

2013 4741 2115 4796 hoc
2143 4738 2348 4810 psalmo
2375 4735 2668 4808 intelligere
2688 4734 3001 4804 poterimus,
3025 4749 3130 4790 non
3152 4733 3218 4790 ad
3238 4733 3599 4791 infirmitatem

2014 4834 2224 4890 Domini
2255 4831 2487 4902 pertinet
2515 4872 2530 4898 ,
2563 4829 2657 4885 sed
2695 4827 2761 4883 ad
2807 4827 3016 4883 illorum
3044 4827 3066 4860 ⁸
3094 4823 3556 4884 honoriﬁcentiam
3584 4870 3600 4894 ,

2015 4926 2083 4981 ad
2131 4925 2342 4980 illorum
2399 4922 2729 4994 servitutem.
2759 4919 3072 4977 Resurrexit
3118 4927 3295 4976 autem
3344 4915 3602 4975 Dominus

2017 5019 2174 5078 Jesus
2215 5019 2460 5074 Christus
2489 5059 2503 5084 ,
2551 5026 2767 5087 propter
2815 5016 2986 5087 quid?
3032 5017 3346 5089 Apostolum
3401 5013 3600 5072 audite.

2021 5111 2256 5167 Mortuus
2279 5121 2350 5168 est
2381 5118 2582 5180 propter
2607 5109 2789 5165 delicta
2818 5119 3012 5178 nostra,
3035 5119 3084 5164 et
3102 5107 3378 5166 resurrexit
3399 5117 3606 5179 propter

2010 5201 2428 5276 justi/icationem
2475 5210 2700 5256 nostram
2729 5200 2750 5268 (
2774 5199 2923 5255 Rom.
2956 5215 3029 5268 tv,
3068 5197 3197 5274 25).
3226 5199 3357 5256 Item
3397 5197 3465 5254 de
3487 5198 3611 5268 Spi-

2021 5297 2128 5354 ritu
2151 5305 2335 5350 sancto
2351 5293 2696 5364 Evangelium
2726 5309 2740 5346 :
2765 5291 3012 5364 Spiritus,
3039 5291 3228 5362 inquit,
3251 5289 3472 5346 nondum
3502 5283 3612 5346 erat

2023 5390 2195 5458 datus,
2225 5387 2343 5458 quia
2365 5383 2516 5441 Jesus
2547 5383 2772 5440 nondum
2796 5393 2902 5439 erat
2929 5380 3240 5452 elariﬁcatlts
3277 5381 3298 5450 (
3327 5379 3485 5436 Joan.
3511 5397 3609 5450 vn,

2026 5482 2094 5550 59
2113 5482 2150 5552 ).
2175 5479 2305 5551 Quae
2325 5489 2406 5535 eat
2437 5475 2748 5534 clariﬁcatio
2773 5473 2944 5532 Iesu?
2973 5471 3284 5530 Resurrexit
3303 5517 3316 5538 ,
3342 5481 3399 5530 et
3421 5487 3614 5529 ascen-

2027 5573 2105 5630 dit
2131 5572 2186 5628 in
2207 5571 2424 5628 ctelum.
2445 5572 2490 5626 A
2507 5570 2616 5626 Deo
2634 5565 2958 5626 clarificatus
2969 5563 3286 5624 ascensione
3310 5567 3364 5623 in
3390 5565 3608 5632 ctelum,

2025 5665 2172 5724 misit
2213 5659 2468 5735 Spiritum
2515 5676 2672 5718 suum
2715 5669 2958 5716 sanctum
3005 5657 3095 5717 die
3135 5657 3497 5718 Peutecostes.
3554 5657 3613 5714 In

2049 5835 2052 5837 λ
2090 5825 2111 5894 ξ
2143 5825 2219 5894 ste
2237 5829 2338 5894 sui.
2362 5827 2439 5874 Er.
2465 5827 2519 5894 et
2672 5825 2880 5894 etiam,
2897 5830 3154 5886 apparere.

2089 5887 2112 5920 ¹
2143 5893 2246 5937 Duo
2263 5891 2391 5945 mss,
2413 5887 2710 5947 patientiam.

2095 5951 2116 5984 ι
2147 5949 2223 6000 sic
2244 5957 2344 5996 Am.
2368 5940 2443 5996 es.
2471 5953 2523 5998 et
2541 5950 2651 5996 uss.
2676 5950 2734 5996 At
2761 5949 2894 6008 tam,
