4084 6532
555 413 691 471 1167

553 534 693 600 Lege
713 534 914 590 autem,
944 524 996 579 in
1023 522 1161 579 libro
1183 519 1351 592 Moysi
1375 516 1592 584 Exodo,
1630 528 1659 568 a
1701 513 1786 569 die
1829 513 1950 584 agni
1971 511 2131 566 occisi

549 635 604 682 et
635 619 934 678 manducati
961 617 1334 689 quinquaginta
1351 613 1464 668 dies
1477 616 1836 673 numerantur;
1856 605 2035 662 etdata
2053 612 2137 659 est

549 717 658 770 Lex
686 715 735 768 in
765 712 955 766 tabulis
983 708 1204 780 lapideis
1245 705 1440 775 scripta
1479 703 1644 773 digito
1679 701 1768 754 Dei
1801 697 2006 769 (Exod.
2037 713 2130 765 xu,

549 808 639 875 19,
662 807 804 874 etc.).
825 804 960 874 Quid
993 803 1062 857 sit
1082 801 1280 870 digitus
1299 798 1420 864 Dei,
1442 794 1784 866 Evangelium
1805 790 1957 846 nobis
1973 803 2134 858 expo-

547 904 663 957 nit:
697 903 816 971 quia
847 898 1042 967 digitus
1068 895 1160 949 Dei
1201 892 1430 964 Spiritus
1471 897 1685 942 sanctus
1722 893 1821 941 est.
1852 882 2133 953 Quomodo

548 990 875 1062 probamus?
915 986 1168 1041 Dominus
1207 980 1538 1054 respondens
1579 979 1656 1033 eis
1697 978 1784 1048 qui
1817 978 1961 1030 ἰΙΙιιιιι
1986 974 2131 1029 dice—

545 1083 674 1140 bant
705 1085 754 1137 in
798 1082 1013 1135 nomine
1061 1076 1356 1132 Beelzebub
1391 1073 1586 1143 ejicere
1626 1069 1917 1142 daemonia,
1947 1068 2037 1130 ait,
2073 1065 2134 1121 Si

546 1193 636 1246 ego
677 1176 726 1228 in
771 1173 971 1245 Spiritu
1010 1171 1105 1225 Dei
1137 1171 1282 1241 ejicio
1325 1164 1571 1221 dazmonia
1621 1161 1833 1234 (Matth.
1868 1176 1964 1222 xu,
1993 1159 2084 1229 28)
2116 1175 2128 1211 :

544 1269 682 1334 alius
711 1267 1033 1337 evangelista
1062 1281 1179 1318 cmn
1218 1261 1319 1316 hoc
1350 1266 1606 1321 narraret,
1644 1255 1704 1310 Si
1742 1272 1834 1326 ego
1859 1296 1872 1316 ,
1926 1252 2128 1322 inquit,

546 1361 597 1414 in
626 1361 784 1432 digito
814 1359 907 1411 Dei
930 1356 1074 1428 ejicio
1104 1353 1352 1408 dcemonia
1397 1350 1544 1420 (Luc.
1579 1363 1652 1411 sl,
1681 1346 1797 1416 ‘20).
1829 1343 1977 1410 Quod
2006 1357 2133 1411 ergo

547 1453 776 1522 positum
805 1460 881 1502 est
908 1449 959 1501 in
991 1462 1095 1500 uno
1125 1454 1306 1513 aperte
1331 1483 1346 1508 ,
1377 1441 1602 1511 positum
1634 1449 1716 1492 est
1750 1437 1801 1490 in
1844 1434 2012 1487 altero
2040 1433 2135 1486 ob-

547 1561 702 1600 scurc
733 1562 746 1598 ε
778 1540 1052 1595 nesciebas
1097 1537 1223 1608 quid
1265 1535 1334 1589 sit
1379 1533 1572 1603 digitus
1603 1529 1720 1596 Dei,
1762 1525 1978 1596 exponit
1998 1525 2134 1580 alius

547 1635 890 1705 evangelista,
945 1631 1127 1686 dicens
1165 1644 1285 1683 eum
1331 1641 1451 1682 esse
1500 1622 1752 1693 Spiritum
1800 1618 1913 1673 Dei.
1964 1617 2134 1687 Digito

545 1746 674 1801 ergo
702 1726 794 1781 Dei
825 1725 1018 1795 scripta
1048 1722 1157 1777 Lex
1184 1720 1305 1774 data
1339 1726 1421 1772 est
1459 1715 1546 1770 die
1587 1710 2022 1784 quinquagesimo
2067 1707 2134 1764 ab

547 1821 813 1878 occisione
835 1818 973 1888 agni,
1006 1823 1061 1870 et
1090 1813 1315 1885 Spiritus
1339 1817 1556 1864 sanctus
1578 1805 1719 1860 venit
1760 1801 1846 1886 die
1875 1801 2134 1872 quinqua-

549 1913 753 1985 gesimo
773 1926 801 1964 a
827 1909 1073 1980 passione
1099 1903 1306 1960 Domini
1352 1900 1519 1956 nostri
1562 1898 1687 1954 Jesu
1731 1894 1947 1950 Christi.
1979 1891 2133 1985 Occi-

546 1982 639 2060 sus
663 2014 745 2059 est
772 2017 958 2073 agnus,
989 1998 1183 2053 factum
1225 2004 1307 2050 est
1333 1992 1554 2056 Pascha,
1584 1987 1786 2060 impleti
1817 1991 1942 2040 sunt
1974 1982 2134 2053 quin-

517 2167 520 2169 Α
547 2097 797 2169 quaginta
824 2095 958 2160 dies,
983 2091 1104 2146 data
1132 2099 1214 2146 est
1234 2089 1366 2143 Lex.
1389 2085 1490 2142 Sed
1516 2085 1622 2139 Lex
1653 2083 1736 2136 illa
1767 2080 1833 2136 ad
1866 2080 2131 2179 timorem,

547 2205 651 2243 non
680 2187 747 2242 ad
792 2199 1028 2241 amarem
1065 2201 1077 2236 :
1108 2190 1166 2235 ut.
1206 2191 1382 2234 autem
1437 2177 1594 2230 timor
1636 2179 2037 2228 converteretur
2079 2177 2132 2222 in

545 2295 805 2344 amorem,
835 2277 1043 2332 occisus
1066 2273 1340 2344 estjustus
1354 2271 1463 2341 jam
1495 2269 1546 2322 in
1579 2267 1834 2329 veritate;
1863 2264 2015 2335 cujus
2045 2271 2132 2334 ty-

543 2389 642 2443 pus
679 2381 794 2427 erat
837 2370 924 2423 illc
963 2381 1128 2437 agnus
1157 2379 1319 2435 quem
1360 2359 1674 2417 occidebant
1711 2357 1900 2414 Judzei.
1932 2355 2134 2409 Resur-

541 2465 713 2529 rexit;
746 2471 800 2517 et
829 2477 858 2516 a
884 2461 970 2515 die
1009 2459 1228 2514 Pascha:
1269 2453 1512 2519 Domini,
1542 2451 1677 2505 sicut
1719 2465 1751 2505 a
1791 2447 1878 2503 die
1914 2445 2132 2502 Paschte

541 2556 663 2627 agni
695 2553 890 2618 occisi,
923 2550 1270 2606 numerantur
1309 2542 1687 2615 quinquaginta
1719 2539 1871 2602 dies;
1900 2549 1953 2594 et.
1989 2538 2133 2593 venit

519 2639 773 2718 Spiritus
813 2651 1027 2697 sanctus
1080 2641 1214 2710 (Act.
1263 2654 1327 2702 ιι,
1376 2636 1521 2706 1-1),
1558 2633 1667 2703 jam
1711 2633 1763 2687 in
1807 2629 2132 2703 plenitudine

542 2737 775 2804 amoris,
807 2751 912 2790 non
945 2733 996 2786 in
1024 2746 1178 2802 poena
1227 2727 1453 2783 timoris.
1493 2725 1671 2792 Quare
1720 2722 1822 2778 hoc
1858 2721 2005 2776 dixi?
2049 2719 2132 2775 Ad

546 2827 649 2884 hoc
669 2842 797 2898 ergo
827 2824 1119 2880 resurrexit
1151 2821 1420 2892 Dominus.
1453 2826 1508 2873 et
1545 2816 1872 2887 glorilicatus
1911 2821 2030 2880 est,
2075 2822 2134 2868 ut

541 2922 776 2976 mitteret
817 2917 1072 2989 Spiritum
1121 2923 1383 2969 Sanctum.
1426 2909 1493 2964 Et
1548 2907 1786 2962 dixeram
1818 2902 2132 2974 jamdudum

540 3015 661 3087 quia
693 3021 852 3084 caput
898 3011 949 3064 in
991 3009 1130 3065 ctelo
1169 3015 1284 3070 est,
1315 3003 1482 3076 pedes
1517 3002 1568 3056 in
1602 3009 1763 3056 terra.
1798 2999 1852 3053 Si
1880 3005 2036 3068 caput
2077 2996 2132 3052 in

539 3106 714 3170 coelo,
742 3103 906 3174 pedes
936 3103 986 3156 in
1019 3110 1194 3163 terra;
1219 3096 1344 3168 quid
1368 3103 1486 3158 est,
1517 3092 1677 3164 pedes
1703 3091 1909 3146 Domini
1938 3089 1992 3145 in
2021 3099 2131 3145 ter-

541 3213 622 3262 ra,
651 3199 750 3252 nisi
782 3198 796 3227 ¹
829 3193 999 3249 sancti
1023 3191 1232 3246 Domini
1263 3190 1313 3244 in
1339 3186 1519 3244 terra?
1544 3185 1643 3254 Qui
1669 3193 1792 3240 sunt
1825 3183 1987 3254 pedes
2027 3182 2132 3237 Do-

539 3289 710 3344 mini?
741 3285 980 3356 Apostoli
1004 3283 1150 3338 missi
1182 3297 1274 3351 per
1297 3288 1464 3334 totum
1501 3277 1686 3332 orbem
1724 3283 2006 3330 terrarum.
2030 3272 2128 3340 Qui

541 3389 667 3437 sunt
704 3378 868 3451 pedes
911 3375 1162 3431 Domini?
1191 3373 1391 3429 Omnes
1422 3370 1799 3438 Evangelistm,
1849 3368 1901 3422 in
1937 3367 2130 3438 quibus

541 3481 788 3543 peragrat
823 3470 1076 3524 Dominus
1101 3467 1376 3522 universas
1414 3473 1621 3534 gentes.
1649 3461 1987 3518 Metuendum
2016 3467 2131 3518 erat

541 3580 610 3619 ne
637 3561 989 3632 Evangelidic
1013 3557 1348 3612 oﬁ‘endcrent
1377 3557 1427 3609 in
1466 3554 1692 3625 lapidem
1734 3571 1746 3606 ι
1777 3553 1868 3608 illo
1897 3553 2038 3618 enim
2075 3552 2127 3606 in

542 3658 680 3713 caelo
711 3656 883 3726 posito
926 3653 1134 3722 capite,
1183 3649 1346 3720 pedes
1372 3648 1461 3719 qui
1509 3649 1558 3702 in
1601 3657 1742 3702 terra
1781 3645 2125 3711 laborabant,

543 3757 760 3819 possent
799 3745 1070 3800 oﬁ'endere
1110 3743 1162 3796 in
1200 3741 1449 3812 lapidem.
1479 3739 1534 3794 In
1579 3755 1736 3810 quem
1763 3739 2032 3809 lapidem?
2073 3737 2128 3794 ln

542 3841 737 3911 Legem
779 3841 830 3893 in
862 3837 1054 3892 tabulis
1085 3835 1305 3906 lapideis
1347 3835 1547 3889 datam.
1571 3833 1648 3889 Ne
1681 3849 1809 3905 ergo
1852 3833 2009 3904 chis
2052 3833 2128 3889 rei

545 3933 752 3992 ﬁerent.
777 3947 880 3986 non
903 3939 1119 3999 accepta
1149 3929 1335 3998 gratia,
1369 3935 1423 3981 et
1443 3927 1494 3981 in
1520 3925 1662 3996 Lege
1686 3927 1759 3980 rei
1786 3934 2126 4008 tenerentur;

543 4023 655 4094 ipsa
682 4034 763 4077 est
784 4024 924 4076 enim
951 4019 1178 4075 oll‘ensio
1201 4029 1377 4073 reatus
1407 4036 1418 4071 :
1453 4033 1586 4088 quos
1608 4018 1714 4073 Lex
1746 4018 1960 4073 tenebat
1983 4033 2129 4087 reos,

544 4115 770 4172 absolvit
803 4113 1076 4174 Dorninns,
1110 4120 1168 4165 ut
1201 4112 1307 4180 jam
1336 4110 1387 4164 in
1416 4110 1610 4179 Legem
1641 4125 1746 4163 non
1776 4109 2126 4164 offenderent.

544 4205 623 4262 Ne
655 4206 813 4276 pedes
836 4204 993 4273 hujus
1013 4201 1200 4272 capitis
1230 4203 1566 4257 incurrerent
1614 4201 1668 4254 in
1704 4200 1861 4270 Legis
1898 4209 2127 4268 reatum,

543 4299 741 4353 missus
762 4307 841 4350 est
861 4295 1090 4366 Spiritus
1113 4303 1330 4349 sanctus
1353 4302 1408 4347 ut
1433 4308 1667 4346 amorem
1700 4291 1916 4358 laceret,
1944 4300 1997 4346 et
2018 4292 2128 4346 sol-

545 4398 764 4456 vereta
803 4388 1012 4442 timore.
1056 4385 1240 4439 Timor
1280 4383 1473 4453 Legem
1516 4399 1619 4436 non
1664 4381 1933 4452 implebat,
1981 4397 2130 4436 amor

546 4479 803 4550 implevit.
828 4478 1143 4532 Timuerunt
1185 4475 1461 4540 homines,
1501 4483 1555 4529 et
1598 4488 1702 4528 non
1741 4474 2124 4541 impleverunt;

544 4581 854 4628 amaverunt
893 4578 947 4624 et
991 4563 1362 4639 impleverunt.
1407 4566 1684 4634 Quomodo
1731 4565 2039 4627 timuerunt,
2076 4571 2130 4618 et

547 4679 655 4718 non
687 4662 1064 4732 impleverunt;
1092 4667 1422 4723 amaverunt,
1451 4668 1506 4713 et
1528 4656 1918 4727 impleverunt?
1945 4656 2126 4710 Time-

544 4755 675 4809 bant
703 4753 964 4816 homines,
991 4761 1042 4806 et
1074 4751 1350 4820 rapiebant
1376 4765 1462 4804 res
1505 4750 1738 4812 alienas;
1781 4757 2126 4816 amaverunt,

543 4855 597 4901 et
624 4845 952 4900 donaverunt
973 4857 1115 4897 suas.
1146 4842 1287 4913 Ergo
1309 4858 1414 4898 non
1436 4850 1518 4896 est
1539 4840 1838 4895 mirandum
1865 4839 1986 4910 quia
2009 4839 2130 4896 ideo

545 4939 597 4994 in
646 4937 890 4993 manibus
935 4937 1260 5007 Angelorum
1303 4944 1610 5004 assumptus
1651 4943 1732 4989 est
1781 4933 2036 4988 Dominus
2075 4934 2129 4988 in

545 5030 772 5094 ccclum,
819 5045 886 5082 nc
927 5027 1221 5082 oﬁ'enderet
1259 5026 1327 5080 ad
1366 5025 1594 5093 lapidem
1643 5039 1736 5094 pes
1763 5024 1918 5094 ejus:
1948 5041 2016 5079 ne
2054 5024 2129 5079 illi

544 5122 631 5191 qui
665 5122 715 5175 in
741 5129 880 5174 terra
921 5119 1234 5174 laborabant
1260 5117 1314 5172 in
1343 5131 1568 5188 corpore
1611 5116 1758 5186 ejus,
1787 5124 2131 5186 peragrantes

550 5223 721 5268 totum
755 5213 939 5267 orbem
966 5222 1226 5266 terrarum
1257 5209 1445 5265 ﬁerent
1466 5209 1540 5264 rei
1565 5208 1721 5278 Legis
1741 5251 1753 5269 ,
1778 5207 2038 5262 subtraxit
2062 5207 2130 5264 ab

544 5309 624 5364 eis
647 5308 923 5374 timorem,
969 5304 1282 5373 etimplevit
1324 5317 1418 5358 eos
1453 5316 1657 5357 amore.
1686 5301 1900 5356 Timore
1941 5300 2131 5356 Petrus

545 5411 626 5457 ter
657 5403 866 5474 negavit.
904 5398 1117 5470 (Matth.
1151 5413 1274 5453 XXVI
1297 5441 1310 5460 ,
1336 5397 1560 5466 69—75);
1593 5395 1826 5450 nondum
1862 5395 2002 5450 enim
2039 5411 2130 5451 ac-

550 5503 765 5563 ceperat
809 5492 1060 5562 Spiritum
1102 5503 1344 5543 sanctum
1388 5507 1400 5542 :
1440 5496 1658 5558 accepto
1709 5498 1890 5557 postea
1932 5485 2132 5557 Spiritu

553 5595 762 5650 sancto,
805 5599 925 5638 cum
966 5582 1156 5638 ﬁducia
1193 5581 1353 5650 coepit
1382 5579 1692 5650 prmdicare.
1720 5579 1818 5648 Qui
1859 5579 1924 5634 ad
1945 5595 2133 5635 vocem

548 5676 756 5732 ancillae
778 5685 858 5730 ter
880 5675 1117 5745 negavit;
1147 5680 1368 5743 accepto
1396 5673 1598 5744 Spiritu
1624 5680 1830 5741 sancto,
1866 5673 2006 5729 inter
2034 5671 2134 5728 ﬁa-

544 5893 580 5941 u
607 5832 628 5941 ἒ
662 5837 710 5903 tn
733 5836 780 5878 Β.
807 5829 1042 5942 omittitur
1067 5841 1179 5893 vox,
1203 5826 1316 5893 nisi,
1339 5843 1483 5894 quam
1507 5842 1572 5882 ex
1601 5833 1678 5881 Er.
1702 5835 1823 5881 Ven.
1845 5836 1896 5880 et
1917 5836 2027 5881 Lor.
2051 5842 2136 5882 re-

585 5906 605 5938 ς
631 5906 804 5942 minus.
913 5924 929 5941 ο

585 5906 804 5942 sunmus.
870 5906 929 5942 Io

1807 393 2240 458 S.AUGUSTINI
2276 394 2578 459 EPlSCOPl

3689 401 3833 474 “68

2250 511 2384 582 gella
2417 512 2713 583 principum
2756 510 3035 569 confessus
3055 519 3140 569 est
3172 499 3331 586 quem
3353 501 3660 587 "negaverat
3688 517 3830 590 (Act.

2243 619 2300 669 ιι,
2332 620 2386 672 ν,
2411 608 2557 677 etc.).
2583 604 2699 660 Non
2730 606 2952 674 mirum;
2981 607 3099 678 quia
3137 607 3394 663 Dominus
3429 608 3602 680 ipsum
3628 610 3831 668 trinum

2243 695 2484 752 timorem
2536 698 2674 753 trino
2725 714 2907 754 amore
2958 699 3222 756 dissolvit.
3262 701 3564 774 Resurgens
3619 686 3762 759 enim
3799 721 3835 761 a

2242 790 2462 845 mortuis
2490 793 2564 846 ait
2591 792 2747 848 Petro
2771 812 2783 847 :
2815 791 2983 860 Petro,
3016 811 3158 848 amas
3187 795 3307 849 me?
3328 794 3442 851 Non
3465 796 3630 853 dixit:
3651 797 3838 855 Times

2240 884 2364 938 me?
2385 885 2513 939 Nam
2541 886 2585 940 si
2615 886 2790 942 adhuc
2816 887 3046 952 timeret,
3071 887 3363 944 oll'enderet
3389 888 3456 947 ad
3487 889 3715 960 lapidem
3743 907 3840 960 pe-

2240 975 2359 1030 dem
2387 992 2562 1032 suum.
2591 979 2746 1033 Amas
2770 980 2884 1034 me?
2910 980 3110 1051 inquit;
3145 989 3199 1034 et
3225 980 3314 1034 ille
3349 997 3363 1036 :
3401 982 3549 1039 Amo.
3577 981 3832 1038 Sufﬁcie-

2239 1065 2327 1120 bat
2359 1069 2542 1123 semel.
2565 1067 2724 1124 Forte
2751 1070 2880 1125 mihi
2910 1071 3197 1136 sufﬁceret,
3225 1072 3314 1142 qui
3353 1087 3447 1127 cor
3489 1087 3595 1128 non
3629 1073 3787 1128 video
3817 1091 3835 1141 ;

2239 1167 2436 1227 quanto
2465 1161 2631 1230 magis
2677 1161 2949 1216 sufﬁceret
2978 1161 3201 1217 Domino
3225 1203 3238 1228 ,
3271 1162 3360 1232 qui
3385 1162 3598 1219 videbat
3636 1164 3832 1234 quibus

2239 1249 2486 1305 medullis
2515 1252 2776 1307 viscerum
2798 1268 3012 1308 suorum
3039 1253 3250 1309 dicebat
3276 1255 3463 1310 Petrus
3487 1273 3502 1309 :
3529 1257 3692 1311 Amo?
3715 1257 3832 1314 Non

2239 1341 2434 1398 sufﬁcit
2461 1344 2684 1400 Domino
2713 1345 3039 1416 respondere
3064 1348 3264 1414 semel;
3294 1347 3584 1421 interrogat
3609 1350 3826 1417 iterum,

2239 1445 2292 1491 et
2318 1437 2603 1507 respondet
2646 1439 2732 1494 ille
2776 1457 2790 1495 :
2836 1441 2962 1495 Amo
2987 1442 3027 1496 ¹.
3063 1439 3358 1512 lnterrogat
3403 1443 3594 1511 tertio,
3630 1452 3683 1498 et
3715 1444 3828 1515 jam

2240 1529 2396 1583 hedio
2434 1529 2654 1586 allectus
2704 1533 2913 1600 Petrus,
2967 1535 3115 1604 quasi
3158 1533 3424 1590 dubitaret
3471 1535 3724 1591 Dominus
3761 1537 3830 1592 de

2239 1633 2422 1674 amore
2444 1621 2608 1690 ipsius
2636 1640 2648 1675 :
2678 1622 2916 1691 Domine,
2948 1634 3022 1690 tu,
3053 1624 3245 1695 inquit,
3268 1626 3367 1680 scis
3412 1627 3618 1694 omnia,
3641 1638 3702 1683 tu
3728 1629 3829 1684 cci:

2238 1711 2354 1779 quia
2377 1727 2491 1763 ante
2520 1721 2566 1766 te
2597 1710 2774 1785 (Joan.
2799 1730 2908 1779 xxI,
2928 1714 3140 1787 15-17).
3168 1715 3273 1771 Sed
3307 1716 3561 1773 Dominus
3585 1732 3706 1774 cum
3733 1718 3829 1774 illo

2238 1799 2316 1855 sic
2339 1803 2466 1872 egit,
2502 1814 2748 1875 tanquam
2783 1805 2984 1862 diceret
3025 1825 3038 1862 :
3068 1807 3171 1863 Ter
3196 1823 3282 1863 me
3324 1809 3526 1881 negasti
3567 1811 3824 1879 timendo,

2241 1903 2321 1949 ter
2339 1894 2594 1950 conﬁtere
2619 1897 2866 1952 amando.
2899 1899 3003 1954 lsto
3035 1914 3218 1956 amore
3243 1909 3296 1956 et
3333 1901 3430 1957 ista
3462 1901 3718 1960 charitate
3742 1920 3829 1960 re-

2239 1987 2401 2058 plevit
2423 1989 2713 2060 discipulos
2739 2006 2883 2047 suos.
2912 1992 3121 2058 Quare?
3145 1991 3279 2060 Quia
3308 1992 3622 2049 altissimum
3649 1999 3827 2066 posuit

2237 2079 2496 2152 refugium
2521 2097 2672 2138 suum
2699 2101 2714 2138 :
2747 2083 2866 2154 quia
2897 2083 3219 2141 clariﬁcatus
3246 2085 3391 2140 misit
3423 2085 3675 2157 Spiritum
3703 2103 3828 2144 san-

2237 2183 2402 2239 ctum,
2425 2176 2582 2230 solvit
2610 2176 2890 2233 credentes
2926 2192 2956 2231 a
2994 2185 3141 2234 reatu
3174 2177 3366 2251 Legis,
3397 2195 3466 2236 ne
3503 2180 3558 2236 in
3592 2180 3825 2252 lapidem

2238 2265 2568 2322 oﬁ'enderent
2595 2267 2755 2341 pedes
2774 2267 2910 2338 ejus.

2309 2359 2363 2414 9.
2399 2357 2549 2434 [rei-3.
2580 2359 2693 2434 15.]
2723 2360 2838 2415 Jam
2878 2349 3070 2418 caetera
3110 2361 3383 2419 manifesta
3421 2373 3572 2429 sunt,
3598 2361 3824 2434 fratres,

2236 2451 2362 2523 quia
2387 2466 2531 2522 smpe
2573 2459 2793 2506 tractata
2822 2461 2967 2507 sunt.
3011 2451 3181 2523 Super
3202 2453 3427 2526 aspidem
3464 2463 3509 2508 et
3538 2454 3825 2509 basiliscum

2239 2543 2536 2606 ambulabis.
2566 2554 2614 2598 et
2637 2545 2953 2600 conculcabis
2982 2545 3172 2600 leonem
3200 2555 3245 2601 et
3269 2545 3536 2601 draconem
3567 2545 3664 2620 (a).
3694 2547 3825 2615 Quis

2237 2637 2309 2690 sit
2344 2650 2586 2705 serpens,
2611 2636 2780 2690 nostis
2814 2653 2826 2689 :
2854 2636 3121 2707 quomodo
3145 2651 3306 2707 super
3333 2637 3478 2692 illum
3521 2638 3688 2694 calcet
3717 2637 3826 2693 Ec-

2237 2729 2422 2795 clesia,
2457 2744 2576 2799 quas
2622 2743 2726 2784 non
2756 2729 3002 2796 vincitur,
3031 2730 3152 2801 quia
3188 2740 3339 2786 cavet
3362 2731 3582 2786 astutias
3633 2731 3823 2803 ipsius.

2237 2821 2693 2891 Quemadmodum
2720 2831 2898 2878 autem
2926 2822 2997 2879 sit
3034 2824 3120 2881 leo
3166 2832 3221 2879 et
3250 2823 3445 2892 draco,
3478 2833 3606 2896 puto
3632 2833 3687 2881 et
3722 2825 3825 2882 hoc

2236 2929 2396 2970 nosse
2423 2914 2747 2971 Charitatem
2789 2924 3041 2971 vestram.
3073 2915 3182 2971 Leo
3220 2924 3404 2985 aperte
3434 2916 3616 2982 saevit;
3657 2915 3826 2972 draco

2236 3007 2441 3062 occulte
2470 3007 2788 3063 insidiatur:
2823 3019 3102 3080 utramque
3143 3011 3250 3066 vim
3276 3020 3330 3065 et
3367 3019 3680 3081 potestatem
3724 3012 3824 3067 ha-

2235 3098 2327 3155 bet
2352 3098 2616 3155 diabolus.
2645 3099 2869 3168 Qnando
2896 3110 3158 3174 martyres
3177 3101 3575 3170 occidebantur,
3596 3103 3682 3158 leo
3707 3111 3826 3160 erat

2235 3190 2497 3246 smviens:
2529 3191 2740 3261 quando
2766 3191 3002 3248 haeretici
3034 3193 3367 3260 insidiantur,
3398 3195 3560 3251 draco
3587 3208 3669 3253 est
3697 3195 3826 3252 sub—

2234 3297 2449 3354 repens.
2483 3282 2670 3339 Vicisti
2717 3284 2963 3353 leonem,
2995 3285 3148 3342 vince
3191 3296 3246 3342 et
3265 3286 3548 3344 draconem
3584 3306 3598 3342 :
3635 3303 3742 3344 non
3769 3296 3826 3345 te

2237 3375 2391 3446 [regit
2420 3377 2441 3407 '
2472 3375 2561 3432 leo
2585 3418 2600 3442 ,
2632 3391 2738 3432 non
2781 3385 2832 3432 te
2873 3377 3103 3449 decipiat
3141 3378 3324 3434 draco.
3372 3379 3663 3434 Prohemus
3701 3379 3826 3451 quia

2235 3467 2320 3522 leo
2342 3476 2478 3535 erat,
2501 3468 2713 3538 quando
2735 3478 2917 3540 aperte
2937 3471 3209 3528 smviebat.
3234 3471 3534 3527 Exhortans
3559 3482 3826 3544 martyres

2235 3559 2425 3616 Petrus
2450 3563 2524 3616 ait
2561 3581 2575 3616 :
2618 3561 2840 3618 Nescitis
2883 3565 3002 3636 quia
3043 3565 3361 3621 adversarius
3396 3576 3554 3621 vester
3593 3567 3826 3622 diabolus

2235 3661 2474 3722 tanquam
2533 3651 2611 3708 leo
2659 3655 2862 3724 rugiens
2911 3657 3117 3722 circuit,
3159 3673 3389 3728 quaerens
3433 3675 3577 3729 quem
3623 3657 3826 3712 devoret

2229 3741 2281 3812 (l
2311 3741 2453 3797 Petr.
2485 3759 2546 3808 v,
2578 3743 2676 3814 8)?
2714 3746 2910 3816 Aperte
2951 3748 3176 3802 saeviens
3221 3748 3302 3803 leo
3345 3749 3615 3818 quzerebat
3663 3764 3824 3820 quem

2235 3833 2518 3890 devoraret
2546 3853 2560 3890 :
2581 3834 2743 3890 draco
2764 3836 3033 3906 quomodo
3054 3838 3368 3893 insidiatur?
3395 3839 3496 3893 Per
3517 3838 3823 3894 lncreticus.

2235 3925 2392 3982 Tales
2417 3927 2608 3982 timens
2651 3927 2875 3993 Paulus,
2910 3945 2976 3984 ne
3003 3930 3069 3984 ab
3112 3930 3216 3985 illis
3254 3941 3689 4001 corrumperetur
3717 3931 3824 3986 Ec-

2235 4018 2395 4073 clesia
2421 4034 2450 4071 a
2478 4019 2780 4088 virginitate
2811 4019 2931 4076 ﬁdei
2957 4062 2971 4084 ,
3009 4037 3166 4092 quam
3193 4031 3364 4092 gestat
3396 4023 3447 4077 in
3473 4024 3665 4088 corde,
3702 4023 3776 4077 ait
3805 4039 3822 4079 :

2243 4127 2261 4162 ι
2299 4109 2622 4180 DeSponsavi
2666 4111 2807 4165 enim
2860 4127 2955 4167 vos
3011 4113 3100 4167 uni
3149 4113 3262 4167 viro
3317 4113 3569 4184 virginem
3619 4123 3823 4172 castam

2236 4200 2490 4256 exhibere
2531 4200 2786 4267 Christo;
2832 4212 2886 4257 et
2930 4203 3093 4258 timeo
3135 4219 3202 4259 ne
3228 4204 3362 4258 sicut
3396 4219 3616 4275 serpens
3653 4205 3824 4260 Evam

2235 4292 2447 4348 seduxit
2485 4292 2674 4347 astutia
2715 4307 2839 4359 sua,
2886 4294 2954 4348 ita
3009 4304 3062 4348 et
3100 4303 3304 4349 mentes
3349 4304 3541 4350 vestra:
3581 4309 3826 4351 corrum-

2235 4393 2426 4454 pantur
2446 4399 2474 4437 a
2506 4385 2745 4439 castitate
2772 4401 2889 4455 qua:
2918 4395 3000 4440 est
3025 4386 3075 4439 in
3099 4385 3310 4440 Christo
3348 4403 3366 4436 ι
3399 4386 3464 4452 (ll
3485 4384 3601 4440 Cor.
3624 4402 3702 4449 χι,
3722 4386 3826 4440 Ξεε

2236 4471 2315 4545 5).
2348 4474 2711 4545 Virginitatem
2756 4478 2996 4547 corporis
3043 4492 3227 4546 pauca:
3270 4476 3480 4531 femina:
3527 4463 3726 4531 habent
3765 4476 3824 4532 in

2237 4567 2508 4634 Ecclesia;
2551 4569 2645 4623 sed
2675 4569 3027 4640 virginitatem
3068 4570 3244 4625 cordis
3275 4585 3462 4625 omnes
3491 4568 3674 4624 ﬁdeles
3723 4569 3823 4631 ha-

2235 4661 2383 4716 bent.
2425 4661 2482 4716 ln
2515 4661 2626 4731 ipsa
2670 4661 2772 4716 ﬁde
2811 4662 3162 4733 virginitatem
3211 4661 3387 4716 eordis
3435 4661 3655 4716 timebat
3699 4675 3826 4716 cor—

2236 4755 2410 4824 rumpi
2440 4771 2469 4809 a
2501 4755 2743 4822 diabolo;
2775 4771 2931 4825 quam
2978 4755 3065 4825 qui
3107 4753 3466 4824 perdiderint,
3498 4753 3613 4809 sine
3661 4767 3825 4808 causa

2236 4857 2361 4902 sunt
2387 4848 2615 4918 virgines
2643 4862 2889 4918 corpore.
2929 4845 3191 4918 Corrupta
3215 4845 3379 4902 corde
3406 4845 3532 4916 quid
3559 4854 3744 4901 servat
3770 4846 3824 4900 in

2236 4937 2499 5007 corpore?
2542 4937 2692 4993 Adeo
2735 4938 2926 4992 mulier
2964 4935 3223 4992 catholica
3263 4934 3517 5005 przecedit
3559 4935 3825 5006 virginem

2238 5025 2560 5082 luereticam.
2592 5027 2680 5082 llla
2723 5029 2864 5082 enim
2908 5042 3014 5082 non
3056 5035 3138 5082 est
3166 5027 3312 5096 virgo
3350 5026 3401 5080 in
3431 5039 3656 5096 corpore
3679 5065 3696 5092 ,
3726 5025 3828 5080 ista

2238 5120 2429 5174 mulier
2459 5120 2592 5173 facta
2623 5126 2706 5173 est
2751 5119 2804 5173 in
2852 5116 3050 5184 corde;
3081 5125 3136 5172 et
3179 5117 3372 5173 mulier
3411 5133 3518 5172 non
3557 5131 3585 5170 a
3627 5117 3830 5171 marito

2239 5211 2369 5278 Deo,
2402 5213 2495 5268 sed
2538 5228 2569 5267 a
2619 5221 2884 5281 serpente.
2923 5211 3060 5280 Quid
3105 5220 3281 5267 autem
3328 5211 3602 5267 Ecclesia?
3655 5210 3831 5282 Super

2237 5304 2465 5375 aspidem
2502 5313 2548 5358 et
2589 5304 2876 5358 basiliscum
2903 5302 3203 5357 ambulabis.
3237 5303 3351 5358 Rex
3390 5313 3473 5359 est
3496 5305 3830 5374 serpentium

2241 5396 2540 5461 basiliscos,
2568 5395 2705 5451 sicut
2752 5395 2995 5450 diabolus
3039 5411 3134 5450 rex
3181 5403 3266 5451 est
3316 5395 3727 5452 daemoniorum.
3762 5393 3832 5449 Et

2241 5489 2553 5544 conculcabis
2581 5488 2772 5542 leonem
2801 5496 2849 5542 et
2875 5487 3163 5542 draconem.

2315 5581 2403 5638 10.
2437 5579 2588 5654 [verm
2618 5578 2732 5654 14.]
2757 5579 2874 5636 Jam
2905 5580 3066 5636 verba
3101 5579 3196 5636 Dei
3220 5579 3288 5635 ad
3315 5579 3609 5636 Ecclesiam
3640 5597 3653 5634 :
3690 5579 3837 5646 Quo-

2308 5767 2326 5800 ί
2359 5766 2432 5817 sic
2451 5770 2526 5814 Fr.
2550 5769 2671 5813 Ven.
2698 5769 2766 5814 et.
2791 5767 2900 5814 Iov.
2926 5769 2978 5812 tn
2998 5759 3366 5824 B.deest,.4mo.
3429 5765 3487 5808 Μ.
3541 5743 3550 5750 ’

2306 5831 2329 5860 ²
2361 5829 2514 5878 Nostri
2536 5838 2707 5877 omnes
2723 5831 2854 5888 uss,
2879 5825 3089 5888 frmat.

2314 5889 2386 5956 (a)
2410 5893 2478 5940 De
2497 5889 2591 5941 hoc
2609 5900 2759 5939 versu
2774 5879 3057 5952 jar'n'supia,
3083 5887 3134 5935 in
3156 5891 3320 5938 Enarr.
3338 5883 3459 5935 Psal.
3484 5896 3660 5943 xxxix,
3675 5893 3727 5930 ιι.
3756 5879 3808 5935 1.
