4084 6470
266 429 410 486 1169

263 547 409 599 niam
459 547 513 600 in
564 561 644 599 me
688 546 925 617 speravit,
958 559 1134 598 eruam
1174 558 1307 596 eum.
1356 540 1473 596 Non
1512 539 1684 595 solum
1722 552 1850 609 ergo

263 648 451 708 caput,
486 639 628 705 quod
682 637 841 694 modo
888 635 1040 692 sedet
1083 637 1134 690 in
1175 635 1346 700 coelo,
1376 633 1498 702 quia
1533 631 1850 686 altissimum

263 732 448 801 posuit
479 732 743 802 refugium
765 745 957 794 suum,
981 728 1048 784 ad
1086 728 1230 799 quod
1261 742 1365 782 non
1396 725 1648 782 accedent
1675 725 1812 779 mala
1832 766 1846 789 ,

261 833 318 877 et
368 822 639 894 ﬂagellum
677 837 786 877 non
826 820 1270 892 appropinquabit
1312 817 1656 873 tabernaculo
1699 817 1845 886 ejus;

261 915 358 970 sed
388 925 442 970 ct
473 931 570 970 nos
588 915 682 985 qui
703 914 1015 970 laboramus
1037 914 1087 968 in
1116 921 1258 967 terra
1281 954 1294 978 ,
1324 921 1378 967 et
1403 911 1577 965 adhuc
1600 909 1654 964 in
1681 916 1848 964 tenta-

263 1006 504 1060 tiouibus
526 1006 773 1074 vivimus,
801 1021 1025 1077 quorum
1053 1021 1268 1078 gressus
1293 1005 1566 1067 timentur,
1596 1019 1663 1058 ne
1688 1002 1740 1056 in
1766 1001 1845 1056 la-

259 1113 434 1166 queos
461 1098 726 1162 incidant,
768 1098 1045 1152 audiamus
1085 1112 1267 1152 vocem
1306 1096 1514 1151 Domini
1556 1094 1649 1150 Dei
1682 1093 1848 1148 nostri

257 1188 589 1244 consolantis
633 1203 752 1254 nos,
791 1196 849 1244 et
888 1188 1113 1244 dicentis
1153 1188 1345 1243 nobis:
1379 1187 1630 1255 Quoniam
1677 1186 1730 1239 in
1769 1201 1850 1240 me

257 1282 501 1351 speravit,
535 1298 711 1336 eruam
736 1297 885 1348 eum;
914 1289 1173 1352 protegam
1203 1297 1348 1348 eum,
1387 1279 1622 1350 quoniam
1661 1293 1847 1349 cogno-

256 1374 326 1427 uit
354 1389 538 1426 nomen
563 1389 750 1427 meum.

331 1465 424 1518 11.
453 1463 604 1536 [vers.
639 1461 751 1536 15.]
775 1463 1032 1518 [avocabit
1054 1464 1073 1496 ⁸
1099 1479 1197 1529 me,
1224 1473 1270 1517 et
1297 1479 1388 1533 ego
1407 1461 1676 1516 exaudiam
1701 1477 1848 1526 eum;

258 1571 376 1609 cum
398 1556 510 1626 ipso
547 1571 657 1608 sum
687 1555 741 1609 in
764 1554 1103 1610 tribulatione.
1129 1554 1247 1610 Noli
1282 1555 1469 1610 timere
1508 1554 1719 1624 quando
1748 1556 1846 1610 tri-

260 1644 498 1711 bularis,
527 1660 595 1700 ne
620 1645 771 1715 quasi
798 1660 904 1700 non
932 1636 1110 1701 tecum
1155 1645 1223 1699 sit
1270 1645 1429 1700 Deus.
1462 1643 1621 1700 Fides
1651 1645 1722 1700 sit
1764 1654 1844 1700 te-

258 1754 409 1803 cum,
438 1747 496 1795 et
524 1748 696 1794 tecum
726 1747 810 1794 est
840 1739 978 1794 Deus
1003 1737 1056 1793 in
1095 1737 1456 1794 tribulatione.
1479 1737 1696 1794 Fluctus
1722 1746 1848 1793 sunt

257 1834 448 1899 maris,
474 1832 705 1888 turbaris
725 1834 778 1888 in
804 1833 1034 1903 navigio,
1063 1832 1184 1903 quia
1210 1831 1404 1887 dormit
1425 1830 1691 1898 Christus.
1717 1832 1848 1885 Dor-

259 1925 459 1981 miebat
505 1924 556 1979 in
602 1924 722 1978 navi
750 1923 1024 1990 Christus,
1074 1923 1318 1993 peribant
1362 1922 1603 1978 homines
1632 1920 1843 1996 (Matth.

262 2029 384 2083 vin,
412 2015 503 2081 9-4.
529 2013 642 2087 9.5).
671 2014 726 2071 Si
755 2014 888 2071 ﬁdes
928 2024 1014 2070 tua
1053 2014 1250 2069 dormit
1295 2013 1347 2068 in
1375 2013 1538 2069 corde
1567 2022 1657 2068 tuo
1675 2055 1690 2078 ,
1726 2022 1846 2068 tan-

257 2122 432 2178 quam
455 2107 510 2162 in
534 2107 648 2161 navi
679 2119 764 2162 tua
789 2106 989 2162 dormit
1021 2104 1264 2160 Christus
1293 2123 1306 2158 :
1334 2107 1454 2176 quia
1485 2105 1726 2161 Christus
1754 2120 1848 2174 per

258 2199 433 2255 ﬁdem
487 2201 540 2255 in
583 2209 633 2256 te
678 2199 902 2255 habitat.
945 2197 1078 2255 Cum
1127 2199 1328 2254 turbari
1374 2199 1628 2269 cmperis,
1673 2199 1845 2254 excita

259 2291 537 2347 Christum
561 2291 945 2358 dormientem;
977 2291 1124 2361 erige
1156 2290 1314 2346 ﬁdem
1345 2299 1522 2358 tuam,
1552 2300 1607 2347 et
1634 2293 1846 2347 noveris

259 2384 386 2452 quia
414 2399 518 2438 non
548 2392 600 2438 te
639 2382 857 2438 deserit.
896 2381 1002 2438 Sed
1032 2381 1153 2438 ideo
1192 2391 1349 2453 putas
1389 2390 1441 2437 te
1484 2381 1693 2449 deseri,
1722 2383 1844 2454 quia

261 2489 373 2530 non
413 2473 626 2545 quando
677 2473 754 2544 (a)
802 2473 884 2527 vis
920 2472 1098 2543 eripit.
1130 2472 1344 2543 Eripuit
1389 2483 1498 2528 tres
1544 2487 1736 2543 pueros
1777 2474 1846 2529 de

259 2565 386 2636 igne
412 2565 574 2632 (Dan.
598 2580 674 2632 ιιι,
699 2563 789 2631 49,
816 2563 931 2635 50).
965 2563 1068 2632 Qui
1094 2564 1288 2636 eripuit
1319 2574 1424 2620 tres
1454 2578 1668 2634 pueros,
1691 2565 1847 2620 dese-

259 2657 370 2712 ruit
392 2655 723 2715 Machabteos
739 2654 806 2727 (ll
828 2653 1204 2726 lachabmn)?
1225 2655 1396 2710 Absit.
1414 2655 1480 2710 Et
1500 2655 1617 2711 illos
1630 2656 1843 2726 eripuit,

262 2757 320 2804 et
349 2748 471 2802 illos
500 2765 512 2801 :
546 2749 664 2803 illos
691 2748 1042 2819 corporaliter
1060 2788 1075 2813 ,
1106 2756 1164 2802 ut
1195 2746 1436 2804 inﬁdeles
1459 2748 1847 2806 confunderen-

263 2855 380 2906 tur;
423 2841 555 2895 istos
596 2840 958 2910 spiritualiter,
1001 2847 1061 2896 ut
1095 2836 1282 2896 ﬁdeles
1321 2841 1676 2897 imitarentur.
1720 2841 1846 2896 Cant

259 2948 377 3002 spso
394 2949 506 2986 sum
539 2934 593 2986 in
620 2932 978 2998 tribulatione;
1002 2940 1050 2988 et
1073 2933 1291 2988 eximam
1315 2948 1458 3001 eum,
1488 2943 1534 2988 et
1554 2934 1845 3005 gloriﬁcabo

260 3123 267 3154 ‘
337 3117 425 3173 12.
463 3116 630 3191 [verm
672 3115 802 3190 16.]
853 3116 1194 3191 Longitudine
1228 3117 1428 3172 dierum
1469 3116 1670 3188 replebo
1710 3133 1843 3170 eum.

266 3211 400 3279 Qua:
445 3221 531 3265 est
560 3210 833 3281 longitudo
869 3210 1119 3266 dierum?
1167 3209 1285 3265 Vita
1326 3218 1546 3265 aeterna.
1605 3208 1842 3275 Fratres,

263 3309 430 3365 nolite
468 3318 659 3379 putare
699 3309 1080 3380 longitudinem
1112 3308 1318 3365 dierum
1363 3309 1503 3376 dici,
1547 3309 1682 3362 sicut
1724 3315 1847 3362 sunt

262 3399 443 3458 hieme
471 3401 589 3456 dies
617 3401 872 3468 minores,
902 3411 1088 3458 testate
1121 3402 1236 3458 dies
1267 3401 1518 3472 majores.
1549 3401 1706 3456 Tales
1734 3399 1847 3455 dies

263 3495 422 3552 nobis
449 3494 609 3551 habet
635 3494 802 3550 dare?
839 3494 1139 3566 Longitudo
1169 3495 1259 3549 illa
1283 3504 1366 3548 est
1399 3508 1519 3563 qua:
1548 3508 1654 3547 non
1688 3492 1849 3547 habet

266 3585 427 3641 ﬁnem
451 3627 469 3654 ,
500 3597 697 3640 aeterna
743 3584 846 3640 vita
885 3600 1004 3656 qua:
1044 3584 1198 3640 nobis
1225 3585 1552 3655 promittitur
1579 3583 1631 3638 in
1662 3583 1847 3638 diebus

266 3677 464 3748 longis.
497 3677 565 3731 Et
602 3692 761 3742 vere,
794 3677 917 3747 quia
947 3677 1173 3743 sufﬁcit,
1217 3693 1323 3732 non
1371 3677 1486 3732 sine
1511 3691 1668 3731 causa
1693 3677 1845 3740 dixit,

264 3769 470 3840 replebo
497 3785 632 3822 eum.
663 3768 778 3822 Non
819 3767 972 3823 nobis
1001 3767 1199 3824 sufﬁcit
1236 3767 1490 3840 quidquid
1524 3768 1738 3838 longum
1769 3777 1851 3822 est

264 3861 317 3917 in
343 3872 620 3932 tempore,
650 3862 695 3916 si
739 3860 898 3916 habet
926 3862 1118 3928 ﬁnem;
1148 3871 1200 3917 et
1227 3861 1346 3916 ideo
1387 3877 1486 3917 nec
1519 3862 1731 3932 longum
1770 3861 1851 3916 di-

264 3953 495 4009 cendum
524 3963 626 4009 est.
654 3955 718 4008 Et
747 3954 790 4008 si
817 3956 959 4009 avari
987 3969 1190 4020 sumus,
1219 3955 1340 4009 vitae
1360 3965 1574 4010 atteram
1593 3955 1850 4011 debemus

265 4059 387 4100 esse
410 4045 556 4099 avari
587 4062 601 4099 :
632 4046 789 4100 talem
834 4046 994 4101 vitam
1022 4046 1352 4112 desiderate,
1381 4063 1501 4118 qum
1541 4063 1643 4102 non
1692 4047 1852 4103 habet

267 4135 452 4192 ﬁnem.
483 4136 622 4192 Ecce
647 4137 735 4190 ubi
783 4138 1100 4195 extendatur
1145 4138 1367 4193 avaritia
1406 4141 1850 4210 nostrauArgen—

269 4234 380 4281 tum
433 4227 510 4280 vis
562 4227 679 4281 sine
729 4228 870 4283 ﬁne?
925 4228 1096 4283 Vitam
1146 4237 1398 4283 aeternam
1455 4228 1696 4285 desidera
1736 4232 1853 4287 sine

269 4317 398 4372 line.
425 4317 542 4372 Non
575 4319 654 4372 vis
689 4327 749 4373 ut
777 4317 968 4375 habeat
1010 4319 1170 4374 ﬁnem
1212 4321 1480 4389 possessio
1528 4321 1648 4376 tua?
1678 4322 1851 4377 Vitam

269 4419 528 4463 aeternam
547 4425 755 4478 quurre.
784 4409 1124 4482 Longitudine
1150 4411 1343 4464 dierum
1372 4411 1572 4482 replebo
1596 4429 1730 4468 eum.

344 4501 436 4555 15.
471 4499 538 4553 Et
560 4503 819 4555 ostendam
843 4503 923 4556 illi
957 4502 1180 4556 salutare
1222 4519 1404 4556 meum.
1437 4502 1547 4558 Nec
1583 4503 1717 4566 hoc,
1745 4505 1855 4559 fra-

275 4601 407 4657 tres,
435 4591 676 4647 breviter
715 4593 1142 4662 pravtereuu'dum
1173 4601 1276 4649 est.
1309 4592 1585 4648 Ostendam
1623 4596 1700 4649 illi
1717 4595 1856 4650 salu-

272 4693 380 4738 tare
405 4701 570 4738 meum
600 4700 619 4739 :
644 4683 747 4740 hoc
765 4684 914 4750 dicit,
943 4683 1230 4741 Ostendam
1260 4685 1332 4740 illi
1363 4686 1533 4756 ipsum
1562 4686 1851 4742 Christum.

271 4777 490 4843 Quare?
519 4792 625 4832 non
663 4785 746 4831 est
772 4777 919 4832 visus
948 4778 999 4832 in
1031 4779 1211 4833 terra?
1236 4777 1373 4844 Quid
1413 4794 1663 4849 magnum
1702 4781 1857 4835 nobis

274 4866 438 4922 habet
481 4867 804 4923 ostendere?
834 4868 939 4923 Sed
969 4883 1074 4923 non
1100 4878 1184 4924 est
1221 4869 1367 4924 visus
1411 4870 1498 4924 tali
1531 4871 1648 4926 visu
1671 4913 1686 4938 ,
1713 4872 1857 4943 quali

271 4959 594 5014 videbimus.
621 4959 737 5013 Tali
781 4958 896 5015 visu
945 4961 1090 5015 visus
1131 4968 1246 5024 est,
1278 4961 1417 5030 quali
1459 4962 1549 5030 qui
1591 4962 1854 5030 viderunt,

268 5051 654 5106 cruciﬁxcrunt
683 5070 697 5105 :
732 5065 858 5106 ecce
884 5051 972 5122 qui
999 5052 1248 5106 viderunt
1268 5093 1282 5114 ,
1309 5052 1726 5118 cruciﬁxerunt;
1760 5071 1858 5110 nos

269 5156 377 5196 non
409 5142 640 5196 vidimus
662 5182 676 5204 ,
723 5152 776 5196 et
805 5141 1130 5197 credidimus
1167 5143 1208 5193 ¹.
1235 5143 1310 5196 Illi
1342 5143 1527 5198 oculos
1568 5143 1853 5210 habebant,

267 5247 370 5287 nos
399 5248 506 5288 non
531 5231 825 5289 habemus?
854 5231 965 5286 lino
996 5244 1050 5287 et
1093 5249 1190 5288 nos
1217 5233 1394 5290 cordis
1430 5233 1719 5302 habemus;
1763 5237 1857 5292 sed

270 5337 366 5392 per
398 5321 561 5378 ﬁdem
600 5322 774 5378 adhuc
797 5323 1040 5380 videmus
1063 5325 1106 5390 ³,
1134 5339 1240 5380 non
1269 5341 1364 5396 per
1389 5327 1646 5397 speciem.
1671 5327 1854 5396 Quan-

268 5415 339 5472 do
367 5417 472 5472 erit
498 5407 740 5486 species?
785 5417 1008 5484 Quando
1037 5419 1332 5476 videbimus
1363 5423 1494 5490 facie
1534 5421 1602 5474 ad
1644 5423 1848 5493 faciem,

335 5593 354 5625 ⁸
389 5595 603 5654 8101183..
621 5599 718 5654 Ms.
745 5598 801 5642 At
819 5592 955 5652 Edd.,
980 5594 1230 5645 (avocavit.

314 5653 525 5725 ,ζωᾱη
546 5650 763 5705 uidemus
784 5660 830 5705 et
852 5650 1112 5708 credimus.
1136 5656 1302 5708 Plures
1316 5664 1445 5720 Mss,
1468 5656 1673 5712 vidimus
1686 5665 1734 5712 et
1752 5674 1857 5713 ere-

267 5714 502 5766 didimtts.

334 5780 357 5841 ξ
387 5787 565 5841 omnis
583 5789 736 5841 prope
753 5785 883 5841 Mss.,
899 5778 1112 5830 vivimus.

264 5838 412 5966 In[’(tz)
433 5838 604 5905 Forte;
626 5838 861 5904 quomodo
887 5854 906 5894 :
946 5842 994 5894 id
1019 5849 1121 5907 est,
1149 5844 1262 5908 quia
1293 5856 1390 5895 non
1422 5844 1737 5910 corporaliter
1757 5849 1856 5901 eri-

1587 6015 1630 6038 *⁸.

1370 422 1765 481 ΕΝΔΚΒᾹἸῚΟ
1803 420 1871 479 IN
1906 420 2231 484 PSALMUM
2268 426 2382 485 XC.

3404 443 3552 507 “70

1963 539 2103 608 quod
2150 540 2278 598 dicit
2318 543 2607 617 Apostolus
2656 547 2702 623 (l
2735 549 2853 606 Cor.
2880 567 2972 608 xm
2993 595 3009 622 ,
3039 555 3127 628 12)
3161 573 3173 610 :
3202 559 3343 629 quod
3389 564 3546 618 nobis

1963 633 2222 701 promittit
2266 635 2406 692 Deus
2446 638 2496 692 in
2543 655 2734 711 magno
2777 645 2994 712 praemio
3037 649 3273 704 omnium
3301 652 3545 711 laborum

1963 735 2286 782 nostrorum.
2331 730 2595 802 Quidquid
2644 736 2877 807 laboras,
2927 742 2993 796 ad
3051 743 3154 800 hoc
3196 746 3438 815 laboras,
3489 763 3548 809 ut

1963 816 2167 871 videas.
2195 818 2386 876 Nescio
2426 823 2551 893 quid
2585 841 2832 898 magnum
2859 839 2942 886 est
2965 835 3110 906 quod
3145 837 3307 894 visuri
3335 856 3542 910 sumus,

1960 911 2172 978 quando
2204 920 2312 968 tota
2338 931 2545 972 merces
2596 931 2778 976 nostra
2809 924 2942 981 visio
2968 935 3087 983 est:
3116 938 3171 986 et
3219 932 3394 1002 ipsum
3423 933 3544 992 ma-

1957 1016 2118 1072 gnum
2151 1004 2320 1060 visum
2351 1005 2452 1062 hoc
2479 1017 2580 1078 est,
2615 1011 2869 1070 Dominus
2889 1027 3073 1076 noster
3092 1020 3248 1078 Jesus
3272 1023 3541 1085 Christus.

1956 1091 2439 1190 ipsequihumilis
2466 1103 2609 1158 visus
2637 1113 2740 1170 est,
2769 1107 2883 1176 ipse
2908 1111 3173 1170 videbitur
3199 1133 3453 1190 magnus,
3483 1135 3549 1178 et

1956 1185 2246 1281 l_;etiﬁcabit
2283 1206 2400 1258 nos,
2434 1195 2702 1262 quomodo
2747 1198 2955 1256 videtur
2982 1205 3143 1262 modo
3167 1207 3235 1262 ab
3278 1185 3497 1281 Angelis
3526 1231 3540 1266 :

1954 1277 2023 1334 In
2049 1281 2295 1352 principio
2319 1295 2425 1339 erat
2463 1284 2698 1356 Verbum,
2727 1300 2774 1344 et
2808 1290 3026 1349 Verbum
3052 1309 3158 1352 erat
3186 1305 3325 1372 apud
3345 1277 3534 1372 Oeam,

1953 1383 2002 1430 et
2029 1375 2165 1431 Deus
2194 1386 2300 1432 erat
2335 1379 2551 1435 Verbum
2595 1382 2770 1454 (Joan.
2795 1402 2812 1441 t
2835 1427 2851 1453 ,
2875 1386 2951 1460 1).
2996 1391 3269 1450 Attendite
3305 1398 3394 1467 qui
3435 1398 3536 1454 hoc

1956 1469 2218 1538 promisit,
2249 1471 2419 1541 ipsum
2462 1474 2742 1532 Dominum
2790 1478 2841 1533 in
2885 1481 3169 1552 Evangelio
3206 1485 3470 1543 dicentem
3517 1507 3532 1544 :

1957 1559 2056 1627 Qui
2087 1561 2250 1642 diligit
2276 1580 2370 1629 me,
2401 1565 2640 1634 diligetur
2676 1585 2708 1623 a
2755 1569 2910 1625 Patre
2936 1589 3044 1628 meo
3063 1615 3075 1636 ,
3104 1585 3152 1629 et
3190 1593 3281 1647 ego
3325 1579 3535 1651 diligant

1954 1667 2088 1706 eum.
2114 1653 2179 1708 Et
2201 1657 2352 1724 quasi
2379 1656 2648 1713 diceretur
2673 1659 2722 1714 ei
2747 1703 2762 1728 ,
2795 1662 2862 1716 Et
2889 1664 3014 1734 quid
3041 1667 3088 1720 ei
3118 1667 3270 1724 dabis
3300 1671 3391 1740 qui
3409 1671 3535 1726 dili-

1951 1744 2028 1814 git
2057 1745 2147 1800 lc?
2188 1744 2491 1815 Ostendam,
2522 1750 2716 1820 inquit,
2753 1756 2999 1823 meipsum
3034 1757 3114 1812 illi
3142 1758 3250 1829 (1d.
3276 1778 3385 1829 xw,
3412 1762 3529 1834 21).

1952 1834 2325 1894 Desideremus
2348 1881 2363 1904 ,
2391 1849 2446 1897 et
2481 1857 2764 1901 amemus:
2799 1846 3100 1918 ﬁagremus,
3131 1853 3175 1907 si
3213 1868 3407 1925 sponsa
3442 1873 3535 1914 su-

1951 1944 2090 1984 mus.
2115 1930 2354 2000 Sponsus
2380 1933 2574 1991 absens
2603 1946 2713 2002 est,
2741 1940 3098 1998 sustineamus
3126 1961 3141 1999 :
3173 1948 3349 2003 veniet
3373 1967 3531 2020 quem

1950 2019 2336 2078 desideramus.
2371 2025 2596 2082 Tantum
2624 2030 2815 2100 pignus
2843 2032 3007 2106 dedit,
3035 2051 3140 2091 non
3169 2040 3350 2096 timeat
3373 2019 3536 2114 spon-

1950 2127 2009 2169 sa
2072 2130 2140 2170 ne
2198 2117 2476 2173 deseratur
2517 2121 2586 2175 ab
2632 2137 2830 2190 sponso
2863 2143 2876 2178 :
2909 2143 3016 2183 non
3063 2128 3282 2187 dimittit
3342 2136 3531 2206 pignus

1950 2220 2126 2262 suum.
2158 2207 2308 2276 Quod
2338 2210 2526 2281 pignus
2571 2213 2756 2269 dedit?
2801 2216 3122 2288 Sanguinem
3175 2237 3328 2278 suum
3377 2225 3531 2284 ludit.

1953 2294 2104 2365 Quod
2155 2300 2342 2370 pignus
2385 2301 2569 2357 dedit?
2610 2303 2864 2374 Spiritum
2905 2319 3146 2366 sanctum
3192 2315 3356 2371 misit.
3387 2318 3535 2376 Talia

1952 2389 2174 2459 pignora
2219 2391 2448 2447 dimittet
2479 2394 2567 2449 ille
2612 2398 2877 2464 sponsus?
2903 2398 2959 2455 Si
3005 2417 3112 2457 non
3154 2415 3376 2470 amaret,
3410 2409 3535 2465 talia

1951 2482 2172 2551 pignora
2219 2499 2322 2539 non
2354 2485 2526 2541 daret.
2555 2487 2673 2543 Jam
2714 2500 2876 2547 amat.
2908 2492 2953 2549 0
2996 2495 3042 2551 si
3072 2496 3148 2551 sic
3191 2505 3532 2558 amaremus!

1950 2570 2200 2643 Majorem
2239 2575 2574 2634 dilectionem
2608 2596 2766 2634 nemo
2807 2581 3004 2651 habet,
3034 2601 3191 2657 quam
3217 2599 3275 2644 ut
3301 2593 3534 2651 animam

1952 2677 2103 2718 suam
2157 2676 2318 2735 ponat
2356 2683 2452 2736 pro
2480 2671 2664 2725 amicis
2689 2674 2800 2728 suis
2840 2673 3016 2746 (loan.
3044 2692 3132 2740 xv,
3164 2680 3293 2750 1'5):
3337 2691 3394 2737 et
3436 2699 3536 2740 nos

1951 2755 2219 2824 quomodo
2263 2773 2544 2827 possumus
2573 2777 2771 2830 ponere
2795 2764 3000 2820 animas
3025 2777 3233 2825 nostras
3261 2785 3360 2840 pro
3400 2772 3537 2829 illo?

1949 2846 2086 2914 Quid
2115 2848 2186 2903 illi
2216 2849 2465 2919 prodest,
2495 2853 2710 2922 quando
2730 2854 2846 2925 jam
2876 2857 3198 2916 altissimum
3237 2865 3415 2931 posuit
3443 2878 3532 2921 re-

1951 2938 2148 3010 fugium
2173 2955 2350 3008 suum,
2374 2953 2428 2998 et
2447 2943 2714 3014 ﬂagellum
2742 2962 2845 3003 non
2868 2953 3260 3022 apprOpinquat
3289 2956 3536 3012 taberna-

1949 3034 2071 3088 culo
2119 3035 2272 3104 ejus?
2316 3036 2422 3092 Sed
2469 3039 2595 3108 quid
2625 3039 2755 3095 dicit
2783 3041 3058 3100 Joannes?
3105 3047 3253 3102 Sicut
3305 3048 3536 3106 Christus

1951 3140 2043 3193 pro
2072 3124 2214 3180 nobis
2243 3127 2466 3182 animam
2494 3132 2680 3200 posuit,
2703 3133 2777 3186 sic
2796 3143 2842 3187 et
2864 3151 2955 3190 nos
2983 3137 3218 3193 debemus
3237 3157 3330 3211 pro
3358 3138 3537 3210 {ratri-

1950 3213 2040 3268 bus
2088 3217 2311 3271 animam
2359 3236 2547 3289 ponere
2592 3223 2636 3293 (Ι
2664 3221 2821 3278 Joan.
2869 3241 2959 3291 Ill,
3012 3227 3121 3298 16).
3162 3228 3537 3303 Unusquisque

1951 3320 2155 3375 ponens
2198 3323 2295 3378 pro
2341 3310 2503 3366 fratre
2546 3312 2798 3380 animam,
2828 3331 2925 3384 pro
2953 3317 3163 3373 Christo
3191 3321 3368 3388 ponit;
3397 3338 3534 3392 quo-

1951 3400 2111 3455 modo
2139 3415 2362 3470 pascens
2387 3402 2607 3459 fratrem
2631 3446 2646 3471 ,
2674 3406 2944 3462 Christum
2974 3410 3144 3479 pascit
3175 3428 3187 3462 :
3212 3411 3337 3467 Cum
3360 3413 3448 3467 uni
3471 3431 3537 3470 ea;

1951 3493 2170 3548 minimis
2212 3495 2334 3549 meis
2380 3497 2588 3568 fecistis,
2622 3500 2747 3552 mihi
2785 3501 2971 3571 fecistis
3018 3503 3229 3569 (Matth.
3260 3521 3387 3570 xxv,
3417 3505 3534 3576 40).

1951 3586 2226 3650 Amemus,
2248 3595 2305 3642 et
2327 3588 2630 3656 imitemur;
2659 3607 2937 3649 curramus
2963 3603 3081 3664 post
3108 3606 3370 3665 unguenta
3394 3596 3532 3666 ejus,

1951 3677 2220 3747 quomodo
2248 3678 2442 3734 dicitur
2464 3681 2519 3736 in
2545 3681 2777 3738 Canticis
2798 3686 3124 3741 canticomm
3146 3704 3158 3740 :
3184 3684 3310 3741 Post
3332 3688 3538 3744 odorem

1951 3783 2320 3842 unguentorum
2346 3784 2545 3830 tuorum
2571 3794 2828 3833 currentus
2851 3778 3019 3852 (Cant.
3041 3797 3078 3848 ι,
3107 3782 3184 3852 3).
3215 3781 3372 3838 Venit
3390 3783 3536 3839 enim

1951 3873 2006 3918 et
2049 3865 2244 3930 olevit,
2297 3875 2352 3922 et
2391 3866 2526 3922 odor
2572 3870 2738 3938 ipsius
2788 3871 3026 3940 implevit
3077 3873 3352 3929 mundum.
3387 3875 3538 3932 Unde

1955 3955 2128 4011 odor?
2171 3959 2248 4012 De
2275 3959 2435 4014 coelo.
2460 3961 2694 4030 Sequere
2723 3978 2852 4034 ergo
2873 3964 2940 4018 ad
2967 3967 3186 4033 cmlum,
3214 3967 3260 4020 si
3287 3982 3394 4022 non
3435 3968 3539 4022 lal-

1954 4063 2072 4102 sum
2103 4049 2395 4119 respondes
2423 4066 2543 4106 cum
2576 4050 2790 4121 dicitur,
2822 4055 3046 4112 Sursum
3070 4073 3185 4125 cor,
3208 4073 3418 4115 sursum
3446 4076 3539 4117 co-

1954 4139 2262 4208 gitationem
2286 4182 2300 4205 ,
2330 4157 2538 4196 sursum
2568 4160 2806 4202 amorem
2825 4189 2839 4212 ,
2873 4162 3083 4203 sursum
3127 4165 3316 4221 spem;
3340 4168 3409 4207 ne
3436 4168 3539 4223 pu-

1958 4239 2152 4286 trescat
2177 4232 2228 4286 in
2259 4242 2418 4288 terra.
2449 4234 2705 4291 Triticum
2755 4254 2863 4294 non
2905 4240 3071 4296 audes
3096 4257 3297 4311 ponere
3340 4243 3394 4298 in
3441 4244 3542 4300 hu-

1957 4322 2099 4376 mida
2127 4333 2288 4389 terra,
2315 4341 2382 4380 ne
2409 4336 2709 4396 putrescat,
2752 4331 2873 4400 quia
2901 4330 3148 4388 laborasti
3175 4342 3231 4388 et
3250 4336 3539 4402 messuisti,

1959 4415 2215 4471 triturasti
2245 4425 2300 4472 et
2329 4419 2618 4474 ventilasti.
2650 4421 2856 4488 Quaeris
2901 4423 3075 4479 locum
3125 4426 3297 4482 tritico
3332 4436 3457 4492 tuo,
3487 4438 3544 4484 et

1958 4521 2064 4560 non
2094 4508 2288 4575 QUiPI'iS
2319 4509 2495 4565 locum
2522 4511 2666 4566 cordi
2697 4513 2829 4567 tuo?
2856 4529 2961 4568 non
2989 4516 3183 4584 quaeris
3216 4517 3388 4572 locum
3419 4517 3542 4575 tlte-

1958 4609 2118 4650 sauro
2167 4599 2296 4652 tuo?
2344 4598 2451 4655 Fac
2494 4603 2745 4672 quidquid
2776 4605 2975 4672 poteris
3013 4607 3064 4660 in
3113 4615 3298 4663 terra:
3340 4623 3540 4681 eroga;

1960 4703 2065 4742 non
2094 4690 2286 4758 perdes
2305 4733 2319 4755 ,
2348 4693 2441 4748 sed
2472 4695 2747 4750 recoudes.
2777 4696 2847 4751 Et
2874 4699 2994 4768 quis
3040 4701 3261 4755 servat?
3299 4700 3546 4758 Christus

1960 4779 2050 4847 qui
2079 4789 2132 4834 et
2164 4790 2213 4835 te
2240 4793 2434 4838 servat.
2464 4785 2538 4840 Te
2568 4788 2714 4841 novit
2753 4803 2966 4845 servare
2986 4831 3002 4855 ,
3033 4789 3341 4848 thesaurum
3392 4802 3542 4849 tuum

1962 4885 2068 4924 non
2092 4871 2235 4926 nevit
2260 4876 2512 4930 servare?
2540 4876 2714 4944 Quare
2744 4891 2920 4935 autem
2946 4881 3060 4936 vult
3087 4892 3144 4938 ut
3172 4884 3346 4939 locum
3373 4894 3547 4941 mutes

1964 4963 2213 5018 thesauro
2246 4973 2336 5020 tuo
2356 5006 2370 5032 ,
2402 4967 2502 5022 nisi
2533 4979 2592 5023 ut
2619 4970 2792 5028 locum
2840 4983 3017 5029 mutes
3043 4975 3191 5031 cordi
3222 4977 3350 5030 tuo?
3379 4975 3547 5031 Nemo

1962 5055 2104 5108 enim
2136 5057 2331 5126 cogitat
2370 5059 2470 5114 nisi
2510 5060 2578 5116 de
2606 5062 2857 5119 thesauro
2897 5080 3016 5120 suo.
3045 5067 3214 5134 Quam
3263 5067 3415 5121 multi
3462 5066 3547 5122 hic

1963 5155 2087 5201 sunt
2107 5148 2195 5218 qui
2224 5165 2309 5203 me
2337 5152 2496 5208 modo
2526 5153 2768 5222 audiunt,
2797 5165 2851 5212 et
2878 5173 2983 5212 non
3014 5168 3097 5213 est
3117 5174 3212 5213 cor
3231 5171 3417 5213 eorum
3444 5158 3547 5215 nisi

1962 5240 2016 5296 in
2061 5243 2304 5300 saccellis
2355 5246 2500 5301 suis?
2530 5245 2586 5302 ln
2639 5257 2777 5304 terra
2825 5251 2976 5317 estis,
3005 5251 3128 5321 quia
3178 5251 3230 5305 in
3278 5259 3418 5306 terra
3464 5261 3548 5308 est

1964 5333 2106 5404 quod
2145 5337 2337 5392 amatis
2375 5357 2388 5392 :
2420 5339 2661 5396 mittatur
2687 5342 2742 5396 in
2769 5343 2965 5399 caelum
2986 5383 3003 5410 ,
3031 5355 3084 5398 et
3107 5343 3211 5399 erit
3236 5343 3308 5400 ibi
3333 5359 3427 5400 cor
3455 5360 3547 5400 vc-

1963 5435 2154 5482 strum.
2185 5428 2286 5486 Ubi
2312 5431 2454 5488 enim
2482 5432 2644 5492 fuerit
2669 5435 2950 5494 thesaurus
2973 5444 3096 5495 tuus
3112 5476 3129 5506 ,
3155 5436 3227 5494 ibi
3249 5438 3354 5496 erit
3370 5445 3428 5494 et
3450 5451 3547 5495 cor

1964 5525 2114 5575 tuum
2139 5519 2350 5592 (Matth.
2390 5539 2464 5594 vt,
2489 5523 2604 5598 21).
