4048 6468
539 364 671 420 1171

537 498 2116 529 W

972 558 1057 621 ΙΝ
1097 555 1476 621 PSALMUM
1516 554 1660 620 XCI

1098 679 1518 738 ENARRATIO.

1168 810 1338 853 sentio
1362 796 1464 868 (α).

604 906 656 963 1.
700 907 970 964 Alsutdite
1022 906 1090 963 ad
1138 909 1409 964 Psalmum
1458 926 1471 964 :
1516 909 1607 965 det
1652 909 1805 965 nobis
1864 911 2120 966 Dominus

530 1000 1018 1074 aperiremysteria
1046 1017 1167 1074 quae
1215 1003 1301 1058 hic
1339 1004 1713 1068 continentur;
1753 1020 1873 1059 cum
1905 1014 2119 1075 propter

527 1088 798 1151 fastidium
818 1092 1120 1149 animorum
1148 1094 1338 1150 eadem
1368 1095 1576 1151 diverse
1602 1095 1855 1166 varieque
1882 1105 2116 1151 tractan-

528 1189 635 1236 tur.
663 1182 792 1238 Nam
824 1184 1028 1241 nullum
1064 1185 1207 1241 aliud
1230 1188 1497 1243 canticum
1524 1202 1623 1244 nos
1641 1187 1799 1243 docet
1826 1188 1993 1253 Deus,
2012 1189 2117 1243 nisi

524 1270 667 1337 ﬁdei,
697 1275 834 1346 spei,
860 1284 912 1331 et
938 1275 1211 1332 cbaritatis
1239 1293 1253 1331 :
1286 1285 1344 1332 ut
1389 1278 1521 1333 ﬁdes
1547 1286 1725 1333 nostra
1757 1277 1907 1333 ﬁrma
1944 1278 2014 1332 sit
2059 1279 2114 1334 in

524 1360 663 1432 ipso,
696 1366 957 1435 quamdiu
984 1383 1090 1422 non
1122 1367 1272 1422 illum
1299 1368 1555 1435 videmus,
1585 1370 1866 1425 credentes
1903 1370 1955 1424 in
1988 1384 2113 1425 eum

524 1473 683 1526 quem
717 1475 821 1515 non
849 1460 1110 1528 videmus,
1142 1471 1201 1516 ut
1221 1461 1548 1532 gaudeamus
1573 1478 1694 1518 cum
1726 1462 2036 1530 viderimus,
2059 1470 2115 1518 et

526 1551 647 1607 ﬁdei
676 1562 875 1609 nostra:
902 1555 1155 1610 succedat
1175 1558 1382 1625 species
1414 1555 1546 1611 lucis
1573 1556 1691 1626 ejus
1709 1598 1724 1624 ,
1748 1557 1837 1613 ubi
1862 1556 1972 1626 jam
2000 1571 2108 1612 non

522 1644 676 1699 nobis
697 1644 927 1714 dicetur,
949 1647 1118 1704 Crede
1143 1649 1282 1718 quod
1310 1665 1414 1703 non
1439 1650 1621 1715 vides;
1654 1650 1767 1714 sed,
1792 1649 1963 1719 gaude
1988 1649 2110 1718 quia

521 1734 693 1792 vides.
726 1737 860 1808 Spes
885 1740 1041 1795 etiam
1072 1752 1253 1796 nostra
1290 1742 1739 1798 incommutabilis
1769 1743 1858 1809 sit,
1898 1753 1954 1797 et
1984 1743 2115 1812 ﬁga-

522 1836 610 1883 tur
629 1830 680 1884 in
710 1830 821 1897 illo,
851 1841 907 1886 et
935 1848 1037 1888 non
1069 1842 1221 1889 nutet
1250 1842 1306 1889 et
1331 1833 1567 1898 ﬂuctuet,
1589 1851 1693 1889 non
1720 1836 1976 1905 agitetur;
2006 1835 2111 1889 sic—

519 1927 579 1973 ut
604 1921 719 1990 ipse
748 1923 887 1977 Deus
914 1924 965 1978 in
992 1940 1098 1995 quo
1135 1925 1312 1996 ﬁgitur
1335 1968 1349 1991 ,
1381 1944 1486 1981 non
1535 1935 1707 1996 potest
1733 1927 1943 1997 agitari.
1975 1926 2111 1996 Spes

518 2010 662 2065 enim
689 2012 849 2067 modo
868 2025 1116 2080 vocatur;
1148 2025 1271 2072 tunc
1297 2032 1401 2071 non
1423 2032 1565 2088 spes,
1586 2016 1681 2072 sed
1708 2034 1794 2073 res
1813 2019 1934 2072 erit.
1951 2018 2112 2072 Tam-

519 2102 611 2159 diu
654 2107 798 2162 euim
838 2118 1059 2164 vocatur
1078 2124 1231 2179 spes,
1262 2112 1510 2182 quamdiu
1554 2126 1658 2166 non
1705 2112 1919 2168 videtur
1968 2111 2108 2181 quod

517 2209 786 2267 speratur,
817 2201 1028 2256 dicente
1058 2204 1312 2272 Apostolo
1341 2222 1353 2256 :
1381 2204 1512 2271 Spes
1536 2214 1702 2257 autem
1739 2220 1853 2275 qua!
1890 2204 2102 2269 videtur,

517 2305 619 2344 non
666 2303 739 2346 est
765 2294 1081 2363 spcuquod
1119 2296 1253 2349 enim
1281 2296 1410 2350 videt
1453 2297 1597 2363 quis,
1624 2297 1745 2365 quid
1789 2297 2002 2366 sperat?
2046 2295 2108 2351 Si

516 2390 683 2435 autem
710 2383 848 2452 quod
872 2401 971 2438 non
997 2386 1221 2440 videmus
1248 2404 1527 2456 speramus.
1554 2403 1643 2458 per
1689 2389 1983 2458 patientiam
2020 2404 2107 2441 ex-

514 2483 801 2544 spectamus
823 2475 997 2547 (Rom.
1020 2494 1132 2541 vnt,
1158 2478 1228 2533 24
1255 2489 1301 2533 et
1322 2477 1621 2561 25).\lliodo
1674 2495 1800 2550 ergo
1850 2480 2103 2549 patientia

516 2569 816 2623 necessaria
844 2580 946 2636 est,
981 2571 1233 2639 quamdiu
1274 2573 1449 2627 veniat
1473 2572 1613 2643 quod
1650 2576 1974 2645 promissum
2001 2583 2102 2629 est.

512 2656 682 2713 Nemo
709 2668 886 2715 autem
914 2663 1121 2732 patiens
1149 2672 1232 2718 est
1253 2665 1303 2718 in
1332 2665 1505 2720 bonis.
1534 2666 1757 2732 Quando
1785 2668 2013 2739 exigitur
2038 2667 2105 2723 de

515 2747 732 2807 homine
755 2752 1025 2822 patientia,
1057 2756 1107 2810 in
1137 2757 1289 2811 malis
1328 2758 1473 2829 agit:
1506 2759 1719 2830 quando
1756 2760 1965 2825 dicitur,
1999 2760 2101 2814 Pa-

515 2842 653 2898 tiens
705 2855 850 2913 esto,
876 2849 1037 2904 tolera
1062 2891 1075 2913 ,
1100 2851 1301 2906 sustine
1321 2894 1335 2916 ,
1382 2854 1620 2907 molestia
1648 2861 1762 2916 est,
1793 2853 1891 2907 sub
1920 2868 2022 2923 qua
2052 2864 2103 2908 te

513 2932 655 2989 Deus
692 2937 803 2991 vult
832 2953 950 2993 esse
973 2940 1183 3006 fortem,
1211 2943 1555 3009 tolerantem,
1589 2944 1973 3013 longanimem,
2010 2960 2105 3015 pa-

513 3026 757 3083 tientem.
790 3031 895 3086 Sed
924 3034 1175 3103 numquid
1206 3035 1403 3103 decipit
1439 3036 1526 3105 qui
1570 3037 1844 3105 promisit?
1871 3037 2104 3092 Medicus

515 3120 716 3174 exserit
740 3120 937 3177 ferrum
961 3124 1027 3178 ad
1052 3126 1338 3180 secundum
1368 3127 1585 3185 vulnera
1604 3170 1620 3194 ,
1640 3138 1693 3186 et
1718 3129 1845 3184 dicit
1871 3130 1921 3186 ei
1943 3145 2105 3201 quem

516 3221 757 3268 secturus
784 3224 885 3280 est,
915 3216 1126 3273 Patiens
1153 3230 1298 3286 esto,
1331 3221 1533 3276 sustine
1553 3262 1568 3288 ,
1604 3222 1768 3276 tolera
1802 3239 1814 3275 :
1847 3224 1897 3277 in
1947 3224 2102 3277 dolo-

516 3303 665 3359 ribus
687 3307 852 3377 exigit
878 3310 1203 3378 patientiam,
1236 3312 1329 3367 sed
1354 3323 1473 3382 post
1492 3313 1703 3370 dolores
1726 3316 1989 3386 promittit
2013 3331 2101 3371 sa-

516 3392 703 3450 lutem.
736 3397 802 3451 Et
827 3399 916 3454 ille
942 3402 1030 3471 qui
1056 3402 1480 3460 tuleratdolores
1501 3406 1553 3460 in
1586 3407 1727 3461 ferro
1759 3408 1970 3469 medici,
2002 3409 2101 3463 nisi

514 3486 615 3541 sibi
632 3500 898 3557 proponat
918 3493 1199 3547 sanitatem
1221 3537 1234 3560 ,
1254 3511 1409 3564 quam
1436 3498 1668 3552 nondum
1700 3498 1892 3566 habet,
1925 3499 2105 3555 deﬁcit

516 3576 571 3631 in
598 3577 782 3634 dolore
807 3596 962 3650 quem
999 3586 1220 3653 patitur.
1248 3586 1411 3642 Multa
1440 3604 1567 3659 ergo
1602 3591 1741 3645 mala
1769 3601 1894 3646 sunt
1920 3594 1972 3646 in
2000 3594 2103 3649 isto

513 3670 712 3725 steeulo
732 3714 745 3736 ,
780 3673 955 3742 intus,
989 3675 1151 3741 foris;
1184 3693 1402 3748 prorsus
1429 3696 1533 3735 non
1566 3694 1810 3750 cessant,
1834 3684 2104 3740 abundant

514 3762 764 3819 scandala
797 3783 809 3818 :
839 3781 998 3821 nemo
1045 3768 1135 3823 illa
1183 3770 1364 3837 sentit,
1397 3773 1496 3826 nisi
1547 3774 1636 3843 qui
1680 3775 1917 3844 graditur
1964 3777 2100 3831 viam

514 3854 630 3910 Dei.
660 3855 722 3911 Ei
745 3857 940 3914 dicitur
968 3860 1022 3915 in
1050 3863 1297 3920 omnibus
1326 3863 1520 3921 divinis
1550 3868 1774 3938 paginis,
1807 3879 1867 3924 ut
1909 3870 2103 3926 toleret

513 3950 819 4018 prasentia,
850 3961 1031 4022 speret
1075 3954 1283 4024 futura,
1324 3966 1467 4013 amet
1508 3974 1667 4029 quem
1698 3976 1805 4015 non
1846 3961 2021 4027 videt,
2046 3971 2104 4017 ut

513 4040 866 4109 amplectatur
884 4059 1010 4099 cum
1060 4046 1270 4102 viderit.
1300 4048 1541 4105 Charitas
1584 4051 1727 4106 enim
1780 4068 1898 4122 qua:
1949 4055 2101 4109 tertia

513 4130 669 4187 nobis
695 4133 997 4203 adiungitur
1035 4137 1100 4190 ad
1131 4138 1288 4193 ﬁdem
1323 4150 1376 4194 et
1406 4156 1578 4211 Spem,
1608 4143 1777 4212 major
1823 4153 1904 4198 est
1939 4159 2096 4213 supra

516 4222 677 4277 ﬁdem
705 4231 761 4279 et
788 4240 937 4294 spem
959 4228 1001 4296 (ι
1032 4228 1149 4283 Cor.
1182 4246 1307 4298 xui,
1337 4231 1429 4304 15)
1460 4249 1474 4286 :
1504 4236 1625 4303 quia
1654 4235 1784 4289 ﬁdes
1813 4251 1992 4291 rerum
2019 4248 2103 4295 est

514 4329 634 4385 qua
672 4330 781 4372 non
811 4319 1094 4388 videntur;
1142 4324 1244 4377 erit
1284 4336 1460 4380 autem
1510 4328 1715 4396 species
1746 4329 1763 4359 ³
1790 4344 1912 4383 cum
1974 4331 2101 4385 visae

514 4404 747 4463 fuerim:
777 4419 831 4465 et
848 4426 971 4482 spes
997 4414 1072 4468 rei
1101 4423 1185 4470 est
1220 4432 1336 4486 quae
1377 4432 1484 4472 non
1515 4428 1751 4487 tenetur;
1780 4437 1898 4491 quae
1936 4422 2099 4479 adve-

513 4503 695 4558 niente
720 4504 832 4574 ipsa
852 4522 933 4573 re,
962 4522 1071 4561 non
1094 4509 1315 4577 eritjam
1343 4525 1485 4580 spes,
1508 4512 1629 4581 quia
1658 4512 1974 4581 tenebimus,
1995 4531 2100 4571 non

514 4595 848 4664 sperabimus
877 4614 887 4650 :
920 4596 1151 4653 charitas
1178 4609 1356 4655 autem
1386 4617 1489 4656 non
1532 4604 1678 4657 novit
1715 4604 1819 4659 nisi
1857 4620 2100 4663 crescere

517 4687 686 4756 magis
715 4690 1007 4758 magisque.
1032 4689 1088 4744 Si
1117 4692 1257 4745 enim
1282 4708 1522 4749 amamus
1534 4708 1692 4763 quem
1711 4709 1816 4750 non
1832 4696 2095 4768 videmus,

518 4778 786 4846 quomodo
814 4783 1039 4837 amaturi
1059 4797 1241 4838 sumus
1270 4799 1389 4839 cum
1414 4786 1744 4841 viderimus?
1766 4788 2098 4846 Desiderium

514 4883 643 4941 ergo
668 4879 908 4927 nostrum
925 4884 1151 4930 crescat.
1170 4876 1455 4933 Christiani
1484 4894 1587 4932 non
1610 4882 1852 4949 sumus',
1869 4882 2099 4953 nisipro-

514 4970 636 5034 pter
663 4962 896 5019 futurum
929 4968 1181 5022 smculum
1205 4987 1217 5023 :
1241 4985 1401 5025 nemo
1418 4972 1699 5041 praesentia
1729 4973 1865 5028 bona
1895 4985 2094 5045 speret,

427 5084 437 5105 ξ
514 5067 674 5109 nemo
691 5054 789 5109 sibi
817 5058 1091 5125 promittat
1107 5057 1408 5115 felicitatem
1427 5062 1626 5129 mundi,
1646 5065 1766 5133 quia
1780 5065 2097 5123 christianos

512 5156 629 5211 est;
660 5146 753 5202 sed
779 5155 959 5205 utatur
977 5150 1223 5207 felicitate
1244 5154 1511 5222 praesenti,
1536 5163 1594 5210 ut
1618 5166 1812 5226 potest,
1830 5158 2097 5229 quomodo

514 5244 711 5306 potest,
725 5241 937 5309 quando
954 5249 1148 5311 potest,
1163 5212 1416 5313 quantum
1434 5212 1634 5315 potest:
1645 5246 1775 5302 Cum
1794 5212 1963 5316 adest,
1978 5264 2097 5305 con-

420 5329 429 5403 ξ
514 5330 759 5387 solutioni
791 5334 880 5389 Dei
896 5337 1091 5407 gratias
1108 5346 1235 5409 agat
1254 5355 1266 5389 :
1283 5352 1405 5393 cum
1423 5338 1593 5406 deest,
1613 5339 1830 5409 justitize
1856 5341 1947 5396 Dei
1972 5356 2096 5413 gra-

422 5438 433 5465 τ
517 5420 618 5476 tias
637 5433 776 5491 agat.
796 5425 1002 5495 Ubique
1016 5429 1300 5498 sitgratus,
1319 5444 1577 5499 nusquam
1597 5430 1831 5501 ingratus
1852 5449 1863 5484 :
1884 5444 1938 5487 et
1956 5432 2095 5488 Patri

517 5513 810 5569 consolanti
841 5525 896 5571 et
922 5518 1212 5575 blandienti
1255 5528 1437 5591 gratus
1479 5523 1581 5588 sit;
1623 5532 1676 5577 et
1716 5522 1858 5577 Patri
1915 5539 2095 5580 emen-

514 5604 660 5663 danti
703 5615 758 5663 et
784 5607 1069 5680 ﬁagellanti
1111 5624 1163 5668 et
1196 5614 1529 5685 disciplinam
1575 5615 1721 5671 danti
1757 5626 1939 5687 gratus
1987 5618 2091 5686 sit;

580 5741 599 5813 ξ
632 5741 703 5813 sic
722 5748 828 5792 Mss.
852 5743 1110 5813 Eddzvero,
1129 5754 1266 5798 erant
1286 5756 1444 5805 autem
1462 5750 1659 5813 species.

578 5804 602 5873 ξ
630 5805 703 5852 sic
723 5813 823 5853 Am.
847 5812 899 5854 et
919 5806 1099 5869 aliquot
1121 5816 1223 5859 uss.
1246 5819 1303 5862 At
1318 5804 1393 5860 ur.
1410 5821 1461 5862 et
1483 5804 1609 5873 iam,
1633 5825 1726 5863 non
1746 5813 1907 5865 simus.

571 5869 653 5937 (a)
679 5873 746 5926 Ad
777 5876 1004 5940 populum
1023 5878 1218 5935 habitus
1230 5881 1313 5936 die
1325 5885 1533 5948 sabbati,
1554 5869 1686 5938 exn.
1710 5885 1757 5937 2.

1770 364 1836 422 s.
1875 358 2247 439 Αυςυετωι
2278 367 2586 429 EPISCOPI

3670 404 3798 464 UTI

2233 501 2381 552 amat
2402 495 2545 555 enim
2593 496 2684 559 ille
2708 514 2955 575 semper,
2984 506 3096 566 sive
3140 510 3464 585 blandiatur,
3492 519 3606 577 sive
3642 524 3801 583 mine-

2234 594 2356 643 tur:
2384 598 2439 645 et
2469 590 2608 647 dicat
2638 595 2779 665 quod
2803 592 3029 655 audistis
3047 601 3097 656 in
3128 603 3361 672 Psalmo,
3385 607 3582 666 Bonum
3602 625 3800 673 estcon-

2233 681 2363 748 ﬁteri
2389 681 2632 754 Domino,
2654 697 2705 742 tet
2727 690 2944 759 psallere
2969 697 3164 751 nomini
3190 707 3293 765 tuo,
3318 702 3588 761 Altissime.

2300 773 2354 827 2.
2398 774 2545 848 [vers
2578 780 2650 852 1.]
2692 783 2898 840 Titulus
2921 786 3116 845 Psalmi
3149 791 3336 861 habet,
3367 794 3605 855 Psalmus
3631 806 3799 861 cantici

2227 863 2280 917 in
2304 866 2434 921 diem
2460 870 2474 899 ι
2505 871 2717 927 sabbati.
2751 875 2890 933 Ecce
2918 888 2972 934 et
2996 879 3286 943 hodiernus
3309 888 3424 945 dies
3462 894 3661 950 sabbati
3687 911 3795 956 est:

2229 954 2368 1009 hunc
2414 959 2462 1010 in
2498 967 2743 1029 praesenti
2779 976 3018 1037 tempore
3056 974 3166 1029 otio
3195 978 3421 1045 quodam
3448 990 3783 1054 corporaliter.

2228 1047 2476 1119 languido
2499 1062 2551 1105 et
2576 1053 2719 1109 ﬂuxo
2745 1066 2798 1112 et
2818 1059 3089 1119 luxurioso
3108 1066 3381 1127 celebrant
3397 1047 3585 1133 Judaei.
3612 1080 3799 1141 Vacant

2224 1140 2366 1234 enim
2391 1143 2456 1198 ad
2484 1160 2689 1216 nugas;
2734 1158 2788 1204 et
2833 1166 2954 1207 cum
3001 1154 3141 1213 Deus
3176 1168 3487 1234 praeceperit
3533 1170 3799 1233 sabbatum

2225 1230 2420 1328 (Quod.
2460 1252 2553 1305 xx,
2581 1237 2660 1309 8),
2692 1240 2763 1295 illi
2795 1242 2847 1297 in
2875 1244 2957 1300 his
2976 1264 3095 1328 quae
3125 1251 3263 1307 Deus
3286 1230 3533 1325 prohibet
3562 1230 3801 1323 exercent

2224 1324 2522 1381 sabbatum.
2580 1330 2796 1386 Vacatio
2836 1324 3015 1391 nostra
3065 1356 3093 1394 a
3131 1324 3577 1416 malisioperibus,
3604 1357 3799 1412 vacatio

2223 1416 2432 1473 illorum
2462 1435 2491 1475 a
2521 1421 2673 1479 bonis
2698 1428 2950 1497 operibus
2972 1440 3073 1486 est.
3104 1433 3290 1491 Melius
3328 1448 3420 1496 est
3459 1443 3602 1498 enim
3632 1462 3794 1514 arare,

2220 1525 2379 1581 quam
2402 1516 2614 1572 saltare.
2669 1518 2748 1574 illi
2775 1521 2843 1576 ab
2888 1537 3051 1594 opere
3102 1527 3243 1586 bono
3284 1538 3599 1602 vacant;ab
3647 1556 3799 1611 open

2225 1608 2506 1674 nugatorio
2537 1625 2638 1663 non
2664 1623 2869 1667 vae-int.
2914 1616 3080 1675 Nobis
3118 1622 3396 1680 sabbatum
3441 1608 3794 1689 indieitDcus.

2220 1696 2431 1766 Quale?
2458 1699 2639 1763 Primo
2676 1705 2765 1759 ubi
2790 1707 2861 1761 sit
2892 1709 3084 1766 videte.
3125 1713 3270 1771 intus
3304 1726 3404 1783 est,
3439 1720 3493 1775 in
3533 1724 3689 1779 corde
3724 1736 3800 1782 est

2220 1790 2497 1847 sabbatum
2548 1804 2807 1853 nostrum.
2854 1800 3000 1857 Multi
3030 1806 3172 1861 enim
3213 1820 3404 1866 vacant
3451 1817 3799 1882 membris,et

2220 1886 2606 1943 tumultuantur
2631 1894 2975 1950 conscientia.
3005 1899 3189 1955 Omnis
3209 1901 3371 1957 homo
3398 1906 3594 1974 maius,
3618 1910 3797 1967 sabba-

2218 1984 2330 2033 tum
2358 1978 2556 2037 habere
2601 1997 2704 2037 non
2732 1996 2909 2053 potest
2935 2005 2948 2040 :
2978 2004 3239 2061 nusquam
3265 1994 3408 2051 enim
3438 1996 3521 2052 illi
3560 2004 3799 2072 conquie-

2218 2072 2319 2126 scit
2342 2076 2665 2131 conscientia
2696 2093 2711 2142 ;
2741 2094 2963 2137 necesse
3006 2093 3091 2138 est
3129 2084 3183 2139 in
3214 2088 3700 2156 perturbationibus
3722 2096 3797 2149 vi-

2216 2173 2321 2219 vat.
2352 2165 2445 2221 Cui
2476 2177 2653 2224 antem
2682 2170 2822 2229 bona
2846 2180 2929 2228 est
2972 2175 3314 2241 conscientia.
3340 2184 3655 2253 tranquillus
3692 2198 3794 2251 est;

2216 2266 2271 2312 et
2316 2259 2428 2328 ipsa
2480 2263 2836 2333 tranquillitas
2887 2267 3163 2323 sabbatum
3213 2280 3296 2326 est
3339 2274 3542 2331 cordis.
3573 2280 3799 2337 Attendit

2215 2351 2357 2405 enim
2389 2354 2765 2421 promissorem
2818 2356 3100 2412 Dominum
3134 2377 3146 2423 ;
3176 2372 3227 2414 et
3258 2363 3316 2429 psi
3348 2363 3560 2421 laborat
3588 2369 3637 2423 iu
3667 2386 3794 2440 prte-

2214 2448 2372 2511 senti,
2400 2448 2709 2503 extenditur
2731 2464 2824 2517 spe
2845 2449 3026 2518 t‘uturi,
3060 2462 3113 2507 et
3146 2464 3424 2511 serenatur
3463 2475 3625 2517 omne
3655 2463 3796 2518 nubi-

2214 2538 2323 2591 lum
2367 2540 2626 2603 tristitiae;
2676 2541 2812 2595 sicut
2853 2542 2982 2625 dicit
3023 2546 3330 2613 Apostolus,
3379 2549 3491 2620 Spe
3535 2555 3795 2624 gaudentes

2215 2629 2389 2702 (Rom.
2419 2646 2515 2693 xu,
2550 2630 2662 2703 12).
2688 2629 2868 2702 ipsum
2913 2643 3089 2703 autem
3116 2638 3368 2707 gaudium
3418 2642 3469 2695 in
3506 2647 3794 2716 tranquilli-

2212 2732 2319 2779 tate
2346 2726 2460 2794 spei
2503 2734 2718 2791 uostrae,
2750 2727 3028 2782 sabbatum
3072 2738 3313 2787 nostrum
3341 2741 3442 2787 est.
3500 2736 3614 2792 Hoc
3655 2754 3795 2795 cum-

2211 2817 2519 2885 mendatur,
2551 2817 2653 2872 hoc
2681 2828 2923 2873 cantatur
2947 2821 2998 2875 in
3030 2820 3129 2875 isto
3162 2824 3397 2891 psalmo,
3421 2829 3692 2895 quomodo
3733 2830 3796 2884 sit

2211 2908 2372 2963 homo
2392 2910 2711 2964 christianus
2737 2910 2788 2964 in
2820 2911 3041 2967 sabbato
3057 2913 3232 2968 cordis
3258 2916 3373 2979 sui,
3414 2917 3472 2971 id
3506 2930 3610 2987 est,
3634 2920 3683 2975 in
3705 2936 3793 2975 va-

2210 3000 2416 3055 catione
2437 3010 2490 3054 et
2513 3002 2891 3070 tranquillitate
2912 3014 2964 3056 et
2991 3007 3277 3060 serenitate
3318 3011 3661 3067 conscientia:
3693 3030 3794 3067 suze

2213 3108 2317 3147 non
2343 3095 2697 3162 perturbatus.
2746 3094 2871 3150 Inde
2899 3096 3027 3151 dicit
3055 3097 3179 3164 hic,
3202 3100 3344 3155 unde
3386 3102 3568 3159 solent
3597 3117 3792 3176 pertur-

2209 3187 2323 3242 bari
2352 3187 2595 3242 homines
2626 3229 2639 3252 ,
2671 3198 2727 3243 et
2767 3188 2923 3245 docet
2953 3201 3002 3244 te
3030 3206 3188 3263 agere
3229 3194 3514 3251 sabbatum
3566 3199 3617 3252 in
3644 3200 3796 3256 corde

2209 3286 2323 3334 tuo.

2281 3372 2334 3427 5.
2378 3370 2527 3445 [vers
2558 3369 2639 3443 2.]
2670 3372 2907 3427 Primum
2938 3382 3039 3440 est,
3073 3386 3128 3429 ut
3160 3384 3211 3431 tu
3232 3377 3364 3447 ipse,
3392 3379 3435 3434 si
3456 3379 3659 3452 aliquid
3681 3398 3794 3453 pro-

2209 3463 2399 3530 iecisti,
2433 3464 2541 3519 Deo
2590 3464 2893 3519 conﬁtearis
2939 3482 3007 3520 ex
3051 3482 3115 3521 eo
3153 3470 3294 3537 quod
3341 3472 3652 3542 proiecisti,
3680 3477 3795 3546 quia

2210 3571 2429 3612 munera
2455 3557 2622 3626 ipsius
2652 3566 2795 3621 sunt,
2824 3573 2927 3611 non
2960 3560 3146 3615 merita
3174 3569 3281 3615 tua.
3317 3562 3451 3618 llinc
3479 3565 3659 3636 incipe
3683 3568 3796 3624 sap.

2207 3652 2533 3717 hatum,non
2559 3651 2651 3705 tibi
2696 3651 2972 3706 tribuendo
3017 3654 3169 3723 quasi
3211 3670 3317 3710 non
3350 3647 3638 3728 acceperis
3662 3660 3793 3732 quod

2209 3744 2686 3815 accepisti(lCor.
2733 3761 2806 3811 tv,
2837 3748 2942 3815 7);
2972 3762 3143 3817 neque
3185 3752 3489 3807 excusando
3538 3762 3588 3810 te
3630 3755 3695 3811 ab
3733 3770 3793 3811 eo

2207 3837 2350 3908 quod
2377 3836 2505 3892 facis
2530 3837 2670 3902 mali,
2700 3838 2819 3907 quia
2845 3838 2955 3908 ipsa
2984 3850 3106 3894 sunt
3138 3848 3249 3896 tua.
3266 3843 3509 3901 Perversi
3530 3850 3669 3903 enim
3701 3848 3793 3903 ho.-

2208 3931 2381 3986 mines
2410 3938 2465 3985 et
2488 3930 2813 3999 perturbati,
2842 3931 2933 4002 qui
2959 3947 3066 3988 non
3105 3945 3268 4005 agunt
3310 3938 3595 3995 sabbatum
3618 3983 3631 4007 ,
3664 3943 3791 3997 mala

2208 4037 2304 4077 sua
2338 4023 2450 4077 Deo
2478 4022 2736 4087 tribuunt,
2771 4022 2907 4078 bona
2937 4040 3032 4080 sua
3060 4025 3184 4080 sibi.
3209 4025 3264 4081 Si
3285 4028 3409 4097 quid
3437 4029 3569 4087 boni
3588 4032 3789 4099 fecerit,

2208 4114 2322 4183 Ego
2349 4113 2471 4178 feci,
2499 4113 2627 4168 dicit
2652 4131 2666 4167 :
2697 4114 2744 4168 si
2768 4114 2895 4184 quid
2920 4117 3043 4170 mali
3074 4116 3277 4185 fecerit,
3300 4121 3489 4189 quaerit
3523 4140 3680 4194 quem
3705 4139 3791 4178 ac-

2208 4213 2377 4268 cuset,
2406 4218 2474 4260 ne
2497 4201 2812 4259 conﬁteatur
2837 4206 2946 4262 Deo
2966 4208 3009 4259 ³.
3036 4207 3103 4262 Et
3130 4208 3256 4279 quid
3278 4221 3378 4277 est,
3410 4212 3616 4279 Quaerit
3638 4230 3790 4284 quem

2209 4295 2539 4351 accuset?Si
2561 4312 2665 4351 non
2708 4305 2792 4353 est
2816 4299 2971 4353 valde
3004 4300 3219 4370 impius,
3263 4303 3329 4356 ad
3374 4318 3595 4360 manum
3640 4307 3793 4362 habet

2208 4396 2447 4443 Satanam
2474 4404 2634 4459 quem
2654 4400 2899 4446 accuset:
2920 4393 3144 4447 Satanas
3170 4393 3311 4461 fecit,
3335 4396 3496 4464 dicit,
3530 4399 3642 4468 ipse
3668 4400 3790 4454 mihi

2208 4484 2471 4555 persuasit
2495 4501 2508 4537 :
2538 4484 2688 4553 quasi
2717 4494 2929 4538 satanas
2972 4483 3165 4539 habeat
3206 4493 3523 4554 potestatem
3549 4490 3787 4561 cogendi.

2207 4577 2473 4633 Astutiam
2501 4575 2754 4632 suadendi
2786 4576 2962 4631 habet.
2993 4576 3098 4631 Sed
3130 4577 3173 4631 si
3212 4587 3423 4634 satanas
3450 4580 3785 4652 loqueretur,

2206 4678 2257 4727 et
2281 4680 2481 4726 taceret
2511 4669 2683 4733 Deus,
2720 4668 2947 4723 haberes
2986 4668 3126 4723 unde
3166 4678 3216 4724 te
3265 4686 3597 4728 excusares:
3637 4674 3789 4730 modo

2205 4780 2360 4821 aures
2386 4773 2490 4819 tute
2519 4764 2704 4834 positae
2729 4771 2851 4817 sunt
2880 4763 3019 4817 inter
3039 4773 3345 4818 monentem
3372 4764 3565 4833 Deum,
3588 4776 3644 4823 et
3669 4783 3788 4839 sug-

2204 4870 2478 4933 gerentem
2522 4868 2845 4927 serpentem.
2908 4856 3083 4925 Quare
3151 4855 3256 4911 huc
3316 4856 3640 4925 ﬂectuntur,
3670 4859 3788 4914 hinc

2204 4950 2551 5008 avertuntur?
2576 4950 2695 5017 Non
2714 4958 2888 5006 cessat
2920 4959 3131 5003 satanas
3174 4949 3400 5005 suadere
3438 4952 3667 5017 malum;
3696 4951 3786 5007 sed

2204 5062 2303 5102 nec
2332 5046 2473 5101 Deus
2519 5052 2695 5100 cessat
2737 5043 3023 5098 admonere
3064 5042 3281 5096 bonum.
3342 5043 3564 5099 Satanas
3613 5054 3785 5099 autem

2205 5155 2310 5193 non
2356 5139 2499 5208 cogit
2545 5137 2764 5192 invitum
2798 5154 2808 5189 :
2844 5135 2895 5188 iu
2929 5143 3015 5187 tua
3047 5142 3307 5204 potestate
3357 5144 3437 5189 est
3465 5137 3784 5199 consentire,

2204 5243 2294 5288 aut
2340 5247 2447 5287 non
2494 5231 2815 5287 consentire.
2872 5228 2927 5281 Si
2970 5228 3167 5297 aliquid
3217 5229 3568 5298 persuadente
3606 5237 3787 5284 satana

2203 5326 2328 5381 mali
2356 5323 2585 5387 feceris;
2614 5322 2818 5377 dimitte
2839 5328 3076 5374 satanam
3101 5362 3114 5385 ,
3146 5334 3335 5376 accusa
3361 5330 3441 5390 te,
3463 5330 3528 5399 ,ιιι
3564 5336 3787 5377 accusa-

2204 5416 2348 5472 tione
2373 5425 2462 5469 tua
2491 5414 2582 5468 Dei
2611 5410 3027 5468 misericordiam
3050 5413 3327 5467 merearis.
3351 5413 3568 5483 Expetis
3590 5412 3614 5445 ³
3642 5413 3785 5469 illum

2202 5520 2452 5564 accusare
2477 5505 2567 5574 qui
2596 5520 2699 5559 non
2731 5503 2888 5557 habet
2904 5503 3153 5558 veniam?
3178 5503 3253 5559 Te
3274 5519 3462 5559 accusa
3483 5544 3496 5569 ,
3514 5513 3568 5557 et
3590 5503 3787 5572 accipis

2204 5598 2606 5670 indulgentiam.
2642 5595 2839 5650 Deinde
2876 5596 3028 5651 multi
3076 5612 3182 5651 non
3227 5606 3477 5652 accusant
3516 5605 3784 5662 satanatn,

2266 5757 2283 5787 ί
2318 5755 2391 5817 sic
2413 5751 2645 5803 meliores
2666 5759 2768 5803 Mss.
2791 5754 2931 5817 juxta
2951 5761 3099 5805 Graec.
3122 5762 3253 5807 LXX.
3278 5760 3334 5805 At
3352 5753 3483 5817 βω,
3504 5752 3559 5804 in
3575 5751 3677 5804 die.

2265 5820 2286 5881 ἓ
2317 5815 2485 5867 Plures
2501 5822 2630 5877 Mss,
2652 5828 2745 5865 non
2760 5814 3008 5881 conﬁtetur
3030 5825 3148 5869 Deo.

2268 5880 2289 5915 ³
2320 5886 2413 5932 Mss
2430 5911 2448 5942 ,
2469 5882 2743 5943 (respectas.
