4084 6468
215 397 363 458 M73

215 511 320 572 sed
365 512 623 567 accusant
655 502 840 558 fatum.
889 495 1081 552 Fatum
1106 501 1286 548 meum
1313 500 1400 542 me
1439 481 1620 544 duxit,
1662 475 1811 533 dicit.
1857 515 1862 522 .

216 569 355 664 Dum
384 599 588 658 dixeris
627 593 705 653 illi
736 637 750 661 ,
781 592 954 662 Quare
1007 584 1216 643 fecisti?
1254 594 1420 651 quare
1455 570 1726 646 peccasti?
1751 569 1818 623 Et

217 698 310 754 ille
335 715 349 750 :
382 693 517 750 Fato
541 705 663 746 meo
692 686 853 744 malo.
883 682 963 740 Ne
989 679 1147 744 dicat,
1181 675 1295 745 Ego
1322 670 1420 726 feci
1443 711 1456 733 ,
1479 668 1588 738 jam
1625 675 1819 718 manus

219 791 288 848 ad
308 790 476 845 Deum
501 782 710 847 tendit;
733 779 916 849 lingua
939 771 1294 842 hlasphemat.
1325 761 1570 820 Nondum
1601 755 1818 828 quidem

221 887 325 941 hoc
352 888 542 954 aperte
567 877 715 940 dicit,
743 872 839 929 sed
872 879 1049 925 tamen
1074 861 1306 926 attende,
1341 866 1394 914 et
1421 855 1542 911 vide
1565 853 1687 924 quia
1717 850 1821 905 hoc

222 977 370 1034 dicit.
390 941 613 1043 'Qua‘ris
649 964 835 1022 abillo
874 959 1000 1032 quid
1038 957 1108 1012 sit
1147 955 1310 1009 fatum
1333 968 1351 1015 ;
1377 957 1430 1003 et
1457 945 1618 1011 dicit,
1640 941 1821 999 Stellae

223 1035 644 1134 malaaiQuaeris
671 1057 738 1112 ab
763 1055 858 1110 illo
883 1052 1003 1124 quis
1052 1048 1176 1105 fecit
1216 1043 1399 1100 stellas
1417 1081 1432 1107 ,
1460 1037 1577 1110 quis
1601 1035 1818 1091 ordina-

224 1163 303 1216 vit
324 1128 548 1219 stellas;
579 1167 684 1208 non
707 1147 871 1204 habet
896 1142 1021 1214 quid
1051 1140 1145 1196 tibi
1167 1129 1622 1207 respondeat,nisi
1659 1128 1819 1192 Deus,

226 1255 422 1312 Restat
442 1264 570 1321 ergo
594 1257 649 1302 ut
677 1245 790 1299 sive
815 1255 910 1311 per
936 1247 1277 1293 transennam
1299 1272 1314 1297 ,
1337 1229 1448 1284 sive
1475 1241 1572 1297 per
1595 1235 1822 1279 cannam

227 1349 468 1418 longam,
491 1343 604 1399 sive
632 1352 726 1412 per
753 1333 1052 1407 proximum
1083 1329 1125 1391 ¹,
1154 1326 1320 1381 Deum
1345 1326 1593 1380 accuset;
1620 1321 1674 1371 et
1701 1328 1822 1369 cum

231 1415 373 1497 Deus
396 1436 582 1509 puniat
608 1437 822 1503 peccata
843 1469 858 1494 ,
884 1425 1048 1479 Deum
1079 1419 1236 1474 faciat
1271 1423 1542 1471 auctorem
1578 1415 1826 1481 peccato-

231 1549 352 1589 rum
393 1495 635 1584 suorum:
673 1521 786 1577 Non
814 1524 990 1590 potest
1013 1513 1155 1570 enim
1209 1507 1326 1564 ﬁeri
1370 1515 1428 1560 ut
1457 1502 1640 1574 puniat
1683 1495 1827 1570 quod

232 1626 356 1681 fecit
388 1643 400 1678 :
432 1621 582 1692 punit
609 1613 748 1688 quod
775 1611 998 1676 facis,ut
1022 1606 1210 1661 liberet
1229 1598 1370 1672 quod
1397 1597 1538 1653 fecit.
1571 1593 1828 1662 Aliquan-

233 1719 306 1774 do
334 1722 538 1779 autem,
563 1707 799 1766 dimissis
823 1701 1092 1766 omnibus,
1116 1695 1335 1753 omnino
1372 1691 1573 1746 directe
1609 1692 1739 1742 eunt
1774 1683 1830 1737 in

233 1811 442 1874 Deum;
473 1777 533 1862 et
558 1800 772 1874 quando
799 1801 1040 1869 peccant,
1069 1791 1253 1847 dicunt
1285 1804 1299 1840 :
1334 1785 1473 1840 Deus
1499 1783 1599 1835 hoc
1628 1777 1828 1840 voluit;

237 1907 282 1961 si
311 1904 476 1958 nollet
502 1900 665 1963 Deus,
693 1907 797 1950 non
825 1901 1123 1963 peccarem.
1154 1883 1234 1938 Ad
1259 1881 1362 1935 hoc
1402 1883 1581 1931 monet
1627 1880 1686 1927 ut
1725 1885 1831 1924 non

235 1997 417 2053 solum
446 2007 551 2048 non
582 1987 827 2045 audiatur
848 1991 905 2037 ut
925 1995 1030 2035 non
1051 1990 1261 2048 pecces,
1288 1971 1380 2026 sed
1407 1974 1686 2022 accusetur
1711 1962 1833 2032 quia

235 2101 441 2159 peccas
456 2084 482 2138 2
503 2081 637 2150 Quid
666 2091 793 2149 ergo
815 2088 914 2130 nos
939 2071 1094 2127 docet
1124 2066 1360 2138 psalmus
1386 2059 1522 2115 iste?
1544 2057 1743 2111 Bonum
1763 2061 1835 2106 est

237 2178 484 2249 conﬁteri
509 2147 749 2229 Domino:
762 2165 899 2236 Quid
923 2172 1002 2220 est
1025 2203 1039 2226 ,
1067 2156 1293 2228 conﬁteri
1325 2149 1580 2207 Domino?
1609 2147 1664 2201 In
1686 2155 1838 2201 utra~

239 2238 358 2342 que
380 2285 475 2335 re,
505 2276 558 2323 et
578 2267 627 2321 in
651 2268 872 2336 peccato
899 2267 1008 2320 tuo,
1043 2251 1167 2324 quia
1211 2258 1264 2304 tu
1301 2243 1496 2304 fecisti,
1525 2249 1579 2296 et
1614 2240 1667 2293 in
1697 2238 1839 2292 bono

244 2365 409 2425 facto,
440 2331 698 2416 conﬁtere
721 2352 970 2415 Domino,
1003 2347 1126 2418 quia
1157 2345 1272 2416 ipse
1296 2339 1442 2394 fecit.
1469 2335 1619 2390 Tunc
1646 2331 1841 2403 psalles

248 2453 451 2511 nomini
481 2451 575 2506 Dei
599 2444 871 2502 altissimi:
893 2451 1138 2511 quaerens
1158 2435 1377 2506 gloriam
1397 2427 1510 2491 Dei,
1535 2440 1641 2480 non
1673 2433 1838 2486 tuam;

247 2563 445 2605 nomen
477 2545 644 2615 ipsius
664 2583 680 2607 ,
722 2553 829 2594 non
851 2545 1020 2591 tuum.
1071 2530 1126 2586 Si
1170 2527 1310 2583 enim
1337 2532 1393 2578 tu
1422 2519 1616 2592 quaeris
1647 2530 1840 2571 nomen

250 2642 369 2706 Dei,
399 2637 596 2711 quterit
646 2641 702 2690 et
753 2631 866 2702 ipse
922 2639 1116 2681 nomen
1149 2615 1398 2674 tuumzsi
1439 2621 1617 2667 autem
1657 2618 1716 2662 tu
1749 2623 1844 2661 nc-

248 2710 485 2805 glexeris
541 2741 736 2783 nomen
775 2721 912 2788 Dei,
964 2717 1108 2773 delet
1149 2721 1204 2769 et
1245 2713 1360 2781 ipse
1411 2719 1605 2761 nomen
1671 2710 1841 2755 tuum.

249 2823 537 2895 Quomodo
567 2828 743 2875 autem
773 2815 913 2880 dixi,
944 2809 1147 2880 Quaerit
1172 2819 1364 2860 nomen
1394 2798 1586 2855 tuum?
1615 2795 1848 2863 Quomo-

252 2919 323 2976 do
342 2917 481 2974 dixit
499 2911 776 2984 discipulis
802 2907 914 2964 suis
932 2900 1288 2960 venientihus,
1312 2903 1655 2968 posteaquam
1705 2885 1850 2941 misit

253 3027 349 3068 eos
369 3007 758 3078 cvangelizare.
790 3001 920 3056 Cum
951 2995 1203 3052 fecissent
1226 2989 1391 3044 multa
1419 2983 1690 3045 miracula,
1715 2987 1769 3035 et
1795 2981 1848 3033 in

256 3101 479 3158 nomine
505 3095 700 3154 Christi
731 3089 992 3147 daemonia
1022 3085 1339 3156 eiecissent,
1369 3077 1654 3133 redeuntes
1701 3072 1852 3126 dixe-

256 3207 384 3254 runt.
413 3214 426 3249 :
458 3192 691 3255 Domine,
725 3203 831 3242 ecce
860 3180 1108 3238 dwmonia
1134 3177 1273 3231 nobis
1287 3173 1508 3246 subjecta
1533 3177 1665 3224 sunt.
1695 3166 1856 3221 Dixe-

259 3287 648 3360 runtqnideni,
682 3284 733 3337 in
758 3279 960 3334 nomine
985 3285 1106 3338 tuo;
1129 3270 1222 3325 sed
1245 3268 1331 3322 ille
1354 3265 1484 3319 vidit
1517 3263 1568 3320 in
1610 3261 1687 3316 eis
1731 3258 1854 3328 quia

259 3383 376 3452 ipsa
424 3354 813 3452 gloriﬁcmione
852 3366 1192 3442 gaudebant,
1224 3368 1277 3415 et
1329 3354 1652 3412 extollebant
1689 3355 1859 3414 se,et

261 3477 413 3533 ibant
451 3471 576 3527 inde
621 3471 676 3524 in
718 3463 1054 3536 superbiam,
1089 3457 1208 3526 quia
1259 3451 1408 3506 licuit
1459 3443 1858 3526 illisexpellere

265 3565 555 3625 datn‘ionia.
589 3561 728 3617 Vidit
772 3535 890 3612 illos
918 3563 1156 3626 qumrere
1209 3545 1430 3617 gloriam
1474 3555 1624 3596 suam
1648 3579 1662 3604 ,
1693 3543 1748 3592 et
1789 3535 1864 3588 ait

267 3661 376 3716 illis
400 3701 414 3724 ,
465 3668 712 3727 quaerens
755 3651 887 3719 ipse,
922 3646 1028 3699 imo
1070 3650 1394 3695 conservans
1433 3631 1647 3692 nomina
1677 3640 1861 3681 eorum

268 3715 413 3823 apud
534 3766 546 3800 :
581 3744 753 3799 Nolito
778 3715 1000 3812 gaudere
1046 3735 1101 3786 in
1127 3733 1259 3794 hoc;
1298 3724 1507 3798 gaudete
1535 3730 1701 3773 autem
1729 3715 1864 3788 quod

271 3844 478 3898 nomina
523 3849 683 3895 vestra
731 3832 921 3902 scripta
966 3834 1081 3882 sunt
1130 3825 1182 3876 in
1211 3819 1334 3875 coelo
1363 3815 1514 3889 (Luc.
1545 3827 1596 3879 κ,
1632 3811 1717 3874 l7,
1747 3805 1864 3880 20).

272 3936 414 3996 Ecce
443 3934 534 3990 ubi
554 3929 724 3991 babes
753 3921 1025 3992 nomen,si
1055 3927 1112 3974 tu
1135 3927 1330 3972 nomen
1353 3909 1447 3966 Dei
1477 3921 1583 3963 non
1614 3904 1868 3974 negligas.

275 4031 453 4090 PSalle
477 4042 604 4096 ergo
635 4019 835 4078 nomini
867 4015 962 4070 Dei
987 4055 1001 4080 ,
1031 4021 1089 4068 ut
1120 4009 1283 4064 ﬁxum
1315 4004 1384 4058 sit
1407 3999 1547 4070 apud
1573 3998 1743 4052 Deum
1770 4005 1870 4048 ne-

276 4138 400 4180 men
427 4085 598 4174 tuum.
628 4112 866 4170 Psallere
895 4116 1069 4160 autem
1096 4098 1222 4172 quid
1247 4103 1348 4160 est,
1401 4089 1631 4147 fratres?
1665 4085 1872 4141 Psalte-

279 4215 417 4270 rium
440 4207 626 4280 organi
654 4218 821 4277 genus
849 4209 952 4264 est;
970 4193 1198 4252 chordas
1225 4187 1408 4243 habet.
1432 4183 1580 4253 Opus
1605 4186 1872 4243 nostrum,

277 4300 596 4386 psalterium
631 4306 867 4352 nostrum
896 4298 980 4346 est
1007 4305 1021 4342 :
1050 4285 1370 4357 quicumque
1395 4273 1643 4332 manibus
1688 4279 1878 4340 opera-

860 4385 867 4386 ν
901 4385 905 4386 ν
953 4383 983 4386 -
1200 4377 1212 4386 -
1473 4383 1551 4386 --μ
1581 4364 1858 4386 ---η.,.....

281 4364 370 4453 iur
390 4409 555 4466 Opera
575 4392 736 4458 bona,
760 4385 937 4459 psalli‘t
953 4383 1097 4446 Deo;
1127 4377 1445 4448 quicumque
1465 4383 1558 4422 ore
1574 4364 1876 4426 conﬁtetur,

285 4451 471 4546 canuit
497 4486 624 4540 Deo.
647 4451 815 4538 Canta
837 4491 951 4542 ore,
969 4471 1136 4545 psalle
1158 4464 1426 4538 operibus.
1451 4459 1532 4514 Ad
1558 4471 1715 4528 quam
1731 4451 1883 4508 rem?

360 4581 415 4636 4.
457 4575 610 4652 [νοτε.
642 4571 722 4647 3.]
750 4570 830 4626 Ad
862 4543 1270 4622 annuntiandum
1305 4569 1452 4608 mane
1488 4543 1887 4604 misericordiam

289 4637 531 4738 tuam:et
557 4637 816 4722 veritatem
846 4671 987 4715 tuam
1013 4671 1101 4727 per
1131 4643 1499 4714 nectent.Quid
1516 4641 1615 4696 sibi
1633 4637 1746 4693 vult
1766 4637 1889 4707 quia

291 4779 453 4820 mane
480 4753 842 4816 annuntianda
863 4758 944 4806 est
970 4740 1331 4802 misericordia
1351 4737 1467 4800 Dei,
1483 4742 1537 4789 et
1557 4746 1649 4802 per
1675 4737 1891 4784 noctem

292 4858 498 4914 veritas
530 4850 656 4908 Dei?
695 4848 846 4904 Mane
890 4841 1083 4899 dicitur
1106 4881 1120 4905 ,
1153 4832 1366 4907 quando
1411 4827 1567 4883 nobis
1596 4825 1731 4897 bene
1760 4828 1843 4875 est
1874 4835 1888 4872 :

297 4975 405 5014 nox
451 4955 675 5016 dicitur,
708 4945 922 5019 quando
958 4938 1170 4996 tristitia
1202 4925 1558 4988 tribulationis
1607 4930 1707 4976 est.
1757 4913 1894 4985 Quid

297 5011 429 5123 ergo
455 5011 593 5106 dixit
619 5011 886 5102 breviter?
909 5033 1133 5106 Quando
1154 5027 1250 5085 tibi
1274 5027 1412 5082 bene
1437 5027 1538 5085 est,
1567 5013 1739 5088 gaude
1760 5011 1891 5077 Deo,

297 5146 426 5218 quia
477 5133 841 5197 misericordia
886 5131 1055 5201 ipsius
1088 5133 1188 5180 est.
1228 5119 1344 5176 Jam
1375 5124 1430 5170 tu
1473 5111 1610 5167 forte
1639 5107 1848 5162 diceres
1879 5119 1892 5154 :

302 5193 426 5218 Ἵ““’“’
478 5193 548 5197 "“’
566 5193 573 5194 ί
590 5193 607 5196 ⁷
909 5193 926 5201 -

302 5239 362 5294 Si
389 5249 522 5306 ergo
546 5230 756 5305 gaudeo
783 5227 917 5290 Deo,
945 5216 1159 5292 quando
1185 5209 1317 5269 mihi
1345 5209 1482 5263 bene
1507 5211 1619 5265 est,
1647 5197 1769 5269 quia
1795 5193 1897 5248 mi-

1359 5303 1368 5306 -
1427 5300 1439 5306 -
1470 5299 1481 5306 ·
1583 5293 1597 5306 ο
1680 5285 1863 5306 ..,9L__I‘

303 5285 604 5387 sericzrdia
644 5321 811 5393 ipsius
849 5324 963 5383 est;
991 5309 1203 5384 quando
1227 5307 1280 5360 in
1307 5299 1540 5363 tristitia,
1583 5293 1638 5348 in
1679 5285 1899 5344 tribula-

309 5425 459 5477 tione
484 5395 776 5484 sum,.quid
795 5406 965 5464 facio?
991 5393 1353 5459 Misericordia
1375 5390 1541 5464 ipsius
1561 5393 1666 5450 est,
1691 5377 1903 5453 quando

311 5469 456 5570 mihi
654 5469 766 5570 est;
807 5497 1095 5559 crudelitas
1120 5505 1249 5562 ergo
1280 5486 1445 5558 ipsius
1467 5523 1480 5546 ,
1525 5473 1739 5550 quando
1768 5469 1907 5526 male

314 5607 440 5663 est?
465 5601 526 5661 Si
557 5597 716 5655 laudo
751 5587 1173 5652 misericordiam
1197 5625 1212 5648 ,
1243 5575 1456 5653 quando
1485 5574 1622 5630 bene
1655 5574 1771 5632 est;
1819 5577 1906 5618 re-

317 5654 654 5772 prehendam
699 5703 828 5760 ergo
879 5681 1290 5741 crudelitatem,
1344 5667 1556 5742 quando
1606 5654 1910 5772 malerest?

313 5745 464 5855 ﬁeri.
504 5785 612 5846 Sed
656 5745 868 5856 quando
915 5777 1058 5832 bene
1094 5778 1210 5837 est,
1251 5767 1408 5821 lauda
1450 5745 1910 5818 misericordiam;

393 5912 415 5944 ⁸
446 5911 617 5962 Plures
635 5896 828 5969 optima
840 5901 971 5950 nota
986 5896 1120 5952 uss,
1141 5878 1430 5954 proximam.

337 6008 371 6036 /

1357 360 1750 427 ENAR‘BATIO
1786 357 1856 416 IN
1889 355 2213 415 PSALMUM
2253 357 2385 416 XCI.

3371 345 3511 406 mt
3547 426 3554 430 ἧ

1929 474 2142 546 quando
2165 474 2323 540 male,
2354 471 2512 530 lauda
2539 469 2813 530 ueritatem
2832 467 2987 540 :quia
3009 473 3227 540 peccata
3254 463 3507 538 ﬂagellat,
3547 519 3550 524 .

1926 585 2033 624 non
2059 577 2142 623 est
2165 567 2397 638 iniquus.
2422 566 2479 620 In
2506 571 2661 622 nocte
2679 570 2796 618 erat
2810 558 3018 628 Daniel,
3033 557 3247 630 quando
3273 555 3461 612 orabat
3489 572 3507 612 :

1927 670 2042 718 erat
2069 660 2214 716 enim
2239 660 2292 714 in
2321 657 2625 729 captivitate
2667 653 2982 718 Jerusalem,
3015 659 3132 708 erat
3161 650 3214 705 in
3244 655 3511 722 potestate

1927 753 2180 809 hostium.
2211 751 2360 806 Tuae
2389 748 2555 808 multa
2600 747 2740 802 mala
2779 745 2947 800 sancti
2973 741 3308 815 patiebantur
3341 758 3354 796 :
3385 750 3512 796 tunc

1930 846 2044 917 ipse
2081 846 2136 899 in
2170 844 2343 898 lacum
2378 844 2589 898 leonum
2619 839 2812 893 missus
2835 845 2952 902 est,
2984 845 3110 891 tunc
3138 843 3248 891 tres
3272 831 3423 905 pueri
3451 835 3508 890 in

1928 940 2106 1044 ignem
2135 934 2446 1008 praecipitati
2471 941 2597 989 sunt
2619 929 2779 1006 (Dan.
2811 947 2892 998 vn,
2922 927 3025 1003 tn).
3057 929 3184 985 Haec
3209 927 3514 999 patiebatur

2116 1030 2148 1044 -ο
2193 1030 2223 1044 -.
2268 1038 2305 1044 .,
2354 1042 2377 1044 η
2624 1023 2780 1044 .--ηπ
2817 1041 2827 1044 -
2861 1037 2963 1044 η-
2999 1030 3107 1044 η-.
3159 1019 3262 1044 n-..
3299 1029 3507 1044 nn.-.“

1929 1031 1983 1086 in
2011 1030 2317 1101 captivitate
2353 1026 2578 1098 populus
2621 1023 2785 1081 Israel
2815 1041 2829 1079 :
2861 1037 2967 1076 nox
2995 1030 3129 1076 erat.
3158 1019 3262 1076 Per
3298 1029 3511 1075 noctem

1929 1122 2283 1180 conﬁtebatur
2309 1117 2491 1176 Daniel
2513 1115 2788 1173 veritatem
2809 1114 2926 1179 Dei;
2947 1113 3161 1170 dicebat
3179 1112 3233 1168 in
3249 1111 3510 1179 oratione,

1932 1216 2260 1278 Peccavimus
2285 1255 2298 1279 ,
2346 1212 2500 1283 impie
2522 1213 2734 1282 egimus,
2764 1207 3077 1277 iniquitatem
3102 1206 3312 1279 fecimus
3339 1221 3358 1261 :
3383 1205 3511 1271 tibi,

1932 1310 2171 1376 Domine,
2198 1307 2382 1380 gloria,
2412 1304 2552 1362 nobis
2577 1303 2810 1375 confusio
2836 1299 2948 1372 (Id.
2983 1316 3072 1366 lx,
3105 1300 3157 1366 5,
3185 1300 3264 1370 7).
3305 1297 3514 1356 Verita-

1932 1413 2040 1460 tem
2073 1403 2166 1459 Dei
2193 1400 2538 1457 anuntiabat
2575 1413 2670 1469 per
2699 1404 2930 1456 noctem.
2959 1394 3096 1462 Quid
3111 1402 3210 1460 est,
3241 1394 3516 1450 veritatem

1935 1497 2030 1553 Dei
2055 1495 2370 1552 annuntiare
2407 1507 2502 1562 per
2545 1487 2804 1548 noctem?
2857 1487 2977 1543 Non
3026 1499 3284 1541 accusare
3326 1485 3515 1554 Deum,
3551 1543 3555 1548 ,

1935 1590 2058 1660 quia
2087 1587 2283 1658 pateris
2319 1584 2516 1655 aliquid
2562 1582 2720 1649 mali;
2759 1580 2852 1636 sed
2895 1578 3128 1634 tribuere
3175 1575 3304 1634 illud
3335 1590 3520 1646 pecca-

1937 1683 2006 1738 tis
2029 1681 2132 1736 tuis
2152 1720 2168 1746 ,
2199 1675 2560 1736 emendationi
2603 1675 2770 1744 ipsius
2794 1689 2808 1728 :
2835 1669 2918 1726 Ad
2945 1668 3351 1726 annuntianda»:
3376 1682 3524 1721 mane

1937 1771 2333 1828 misericordiam
2372 1769 2559 1841 ipsius,
2600 1776 2649 1822 et
2691 1766 2945 1822 ueritatem
2983 1779 3073 1833 per
3123 1771 3339 1816 noctem.
3389 1757 3522 1820 Cum

1939 1864 2360 1923 misericordiam
2416 1860 2698 1916 annuntias
2749 1872 2927 1925 mane,
2973 1865 3028 1912 et
3095 1854 3370 1912 veritatem
3428 1865 3527 1922 per

1940 1971 2173 2026 noctem,
2205 1972 2416 2027 semper
2441 1954 2623 2009 laudas
2650 1952 2838 2016 Deum,
2863 1963 3074 2019 semper
3093 1945 3364 2003 conﬁteris
3386 1943 3520 2011 Deo,

1941 2061 1996 2108 et
2023 2049 2206 2122 psaltis
2231 2047 2432 2104 nomini
2462 2045 2601 2115 eius.

2013 2146 2065 2201 5.
2085 2183 2090 2186 -
2109 2141 2258 2216 (vers.
2284 2139 2363 2214 ι]
2389 2139 2456 2196 In
2481 2135 2794 2192 decue/tardo
2822 2131 3080 2204 psalterio,
3111 2146 3225 2185 cum
3251 2127 3446 2183 cantico
3474 2126 3528 2181 in

1944 2237 2158 2291 cithara.
2187 2229 2622 2288 Dechachordum
2649 2225 2953 2296 psalterium
2985 2237 3090 2277 non
3113 2220 3269 2275 modo
3284 2219 3526 2273 audistis.

1944 2326 2346 2386 Dccachordum
2389 2322 2697 2395 psalterium
2735 2316 2997 2386 signiﬁcat
3042 2314 3226 2369 decem
3267 2321 3529 2382 praecepta

1947 2421 2121 2492 Legis.
2149 2418 2253 2475 Sed
2281 2424 2496 2472 cantare
2525 2413 2578 2470 in
2609 2412 2698 2468 illo
2721 2423 2856 2479 opus
2877 2417 2987 2474 est,
3011 2419 3118 2460 non
3146 2412 3358 2476 portare
3383 2402 3526 2472 psal-

1949 2515 2162 2570 terium.
2193 2510 2324 2567 Nam
2353 2519 2408 2564 et
2427 2506 2600 2564 Jadei
2629 2503 2825 2568 habent
2861 2500 3089 2570 Legem;
3123 2504 3332 2568 portant
3356 2535 3370 2558 ,
3422 2508 3532 2548 non

1949 2603 2200 2678 psallunt.
2222 2601 2323 2670 Qui
2348 2607 2473 2655 sum
2496 2595 2584 2665 qui
2609 2591 2874 2666 psallunt?
2895 2589 2994 2660 Qui
3011 2593 3318 2660 cperantur.
3335 2583 3533 2639 Parnm

1950 2673 2034 2754 est
2062 2714 2076 2752 :
2098 2695 2190 2767 qui
2205 2699 2624 2765 operanturcual
2639 2684 2878 2750 triStitia,
2902 2679 3136 2736 nondum
3154 2675 3406 2748 psallunt.
3430 2673 3532 2743 Qui

1952 2764 2179 2861 suntqui
2194 2764 2460 2858 psallunt?
2484 2779 2728 2849 Quicum
2754 2771 3022 2830 hilaritate
3057 2769 3257 2824 faciunt
3285 2766 3439 2821 bene.
3479 2764 3535 2818 In

1954 2854 2231 2957 psallendi:
2248 2879 2391 2935 enim
2417 2873 2657 2930 hilaritas
2685 2877 2787 2926 est.
2827 2867 2891 2921 Et
2915 2863 3041 2938 quid
3062 2861 3189 2918 dicit
3214 2854 3543 2930 Apostolus?

1957 2947 2187 3034 hilarem
2209 2973 2342 3028 anim
2363 2971 2590 3024 datorem
2615 2963 2779 3034 diligit
2800 2960 2937 3015 Deus
2959 2956 3024 3027 (ll
3038 2953 3155 3011 Cor.
3175 2969 3250 3020 ιχ,
3273 2951 3349 3019 7).
3380 2947 3543 3016 Quid-

1955 3070 2081 3143 quid
2092 3068 2241 3133 facis,
2263 3078 2384 3120 cum
2405 3059 2671 3116 hilaritate
2681 3053 2793 3109 fac:
2817 3051 3012 3106 bonum
3035 3056 3159 3102 tunc
3175 3051 3227 3098 et
3245 3042 3379 3096 bene
3393 3036 3542 3092 facis.

1958 3132 2016 3218 Si
2044 3132 2365 3215 autemcum
2389 3149 2599 3208 tristitia
2617 3144 2770 3210 facis,
2796 3143 2852 3196 lit
2873 3140 2940 3195 de
2957 3147 3028 3204 te,
3052 3152 3157 3191 non
3175 3132 3332 3196 facis;
3351 3138 3406 3185 et
3424 3143 3547 3199 por-

1959 3265 2040 3310 tas
2069 3253 2237 3323 magis
2269 3244 2600 3319 psalterium,
2639 3253 2747 3294 non
2789 3242 2990 3290 cantas.
3023 3228 3091 3284 In
3132 3224 3369 3299 psalterio
3398 3220 3544 3276 deca-

1961 3319 2302 3412 chordo,cum
2322 3334 2578 3393 canticoiu
2588 3331 2785 3386 cithara
2803 3345 2824 3384 :
2847 3326 2948 3381 hoc
2973 3331 3078 3390 est,
3105 3319 3266 3375 verbo
3287 3325 3340 3370 et
3363 3328 3546 3385 opere.

2109 3402 2325 3499 cantico,
2349 3426 2517 3484 verbo
2536 3441 2552 3490 ;
2571 3428 2626 3478 in
2650 3420 2862 3483 cithara,
2877 3429 3059 3485 opere.
3084 3409 3139 3466 Si
3162 3407 3320 3464 verba
3341 3403 3454 3461 sola
3476 3402 3551 3457 di-

1965 3534 2063 3596 cis,
2087 3527 2235 3601 quasi
2257 3495 2518 3580 canticum
2543 3517 2716 3574 solum
2736 3510 2921 3574 habes,
2941 3504 3200 3562 citharam
3228 3514 3330 3555 non
3352 3495 3548 3552 habes:

1968 3627 2014 3681 si
2036 3587 2294 3694 operaria,
2315 3626 2370 3671 et
2389 3629 2494 3670 nou
2523 3605 2779 3678 loqueris,
2804 3601 2955 3674 quasi
2974 3596 3145 3655 solam
3173 3591 3431 3650 citharam
3452 3587 3551 3642 ha-

1970 3679 2089 3774 bes:
2114 3679 2334 3783 Propter
2360 3708 2462 3764 hoc
2489 3713 2542 3760 et
2565 3704 2786 3772 loquere
2809 3697 2971 3760 bene,
3011 3700 3067 3748 et
3106 3690 3187 3744 fac
3214 3686 3373 3751 bene,
3407 3681 3454 3736 si
3474 3679 3554 3735 vis

1974 3808 2172 3864 habere
2195 3803 2458 3860 canticum
2488 3809 2608 3851 cum
2635 3791 2858 3850 cithara.

2049 3902 2102 3956 6.
2129 3899 2275 3972 [vers.
2298 3891 2377 3966 5.]
2395 3890 2534 3957 Quia
2553 3881 2850 3959 jucundam
2877 3893 2977 3946 me,
3017 3872 3252 3936 Domine,
3281 3869 3333 3922 in
3357 3871 3556 3940 factura

1977 4005 2086 4063 tua,
2117 3957 2163 4049 et
2185 3994 2236 4046 in
2265 3957 2498 4060 Operibus
2520 3957 2763 4037 manuum
2802 3983 3002 4036 tuarum
3041 3964 3324 4022 multabo.
3354 3957 3557 4015 Videtis

2127 4048 2397 4141 dicen-Tu
2421 4091 2507 4132 me
2528 4069 2702 4130 fecisti
2726 4068 2865 4125 bene
2889 4064 3152 4120 viventem
3173 4097 3187 4122 ,
3225 4063 3279 4110 tu
3316 4067 3405 4107 me
3447 4048 3562 4104 for.-

1977 4151 2137 4238 rhasti
2165 4195 2178 4231 :
2207 4176 2252 4231 si
2289 4171 2416 4244 quid
2451 4169 2589 4224 forte
2628 4161 2756 4221 boni
2791 4157 2950 4222 facio,
2983 4155 3040 4210 in
3080 4151 3278 4207 factura
3309 4157 3558 4200 manuum

1979 4234 2195 4331 tuarum
2225 4234 2507 4322 exsultabo
2532 4277 2548 4314 :
2571 4251 2846 4329 quomodo
2883 4248 3013 4308 dicit
3043 4239 3348 4315 Apostolus,
3395 4234 3567 4307 Ipsius

1984 4329 2120 4426 enim
2145 4377 2317 4420 sumus
2344 4358 2656 4428 ﬁgmentum,
2678 4347 2835 4404 menti
2856 4345 2909 4400 in
2929 4339 3163 4413 operibus
3183 4334 3329 4390 bonis
3349 4329 3566 4404 (Ephes.

1987 4477 2047 4528 ιι,
2091 4458 2200 4527 10).
2237 4427 2351 4509 Nisi
2385 4427 2533 4505 enim
2577 4454 2631 4499 te
2657 4441 2915 4496 formarat
2957 4433 3023 4492 ad
3062 4443 3226 4501 opera
3271 4427 3431 4489 bona,
3463 4436 3568 4475 non

1989 4565 2179 4610 nosses
2204 4547 2302 4603 nisi
2331 4555 2496 4614 opera
2522 4546 2610 4592 tua
2639 4534 2798 4590 mala.
2825 4528 2925 4596 Qui
2952 4525 3092 4585 enim
3109 4520 3332 4591 loquitur
3361 4512 3572 4569 menda-

2172 4641 2234 4694 de
2257 4653 2348 4692 suo
2371 4606 2595 4704 loquitur
2613 4625 2675 4701 (1
2678 4641 2796 4680 ean.
2819 4614 3038 4687 vnn“)
3069 4633 3081 4669 :
3107 4613 3210 4670 hoc
3233 4606 3574 4678 Evangelium

1993 4699 2147 4802 dicit.
2167 4739 2339 4796 Omne
2365 4699 2642 4799 peceatum
2674 4711 3007 4773 mendacium
3033 4713 3136 4761 est.
3164 4702 3364 4760 Contra
3399 4699 3572 4767 legem

1995 4839 2138 4897 enim
2187 4841 2241 4888 et
2277 4835 2460 4885 contra
2493 4817 2767 4872 veritatem
2797 4800 3053 4878 quidquid
3083 4807 3197 4864 est,
3244 4792 3578 4852 mendacium

2453 4909 2579 4982 quid
2627 4903 2739 4960 ait?
2800 4898 2901 4966 Qui
2949 4892 3169 4964 loquitur
3229 4883 3580 4946 mendacium,

2000 4978 2202 5080 ἓῖἓῖο
2258 4978 2504 5082 loquitur;
2551 4999 2604 5055 id
2623 5005 2724 5063 est,
2753 4991 2844 5064 qui
2873 4993 3078 5060 peccat,
3107 4981 3175 5082 de
3226 4992 3322 5079 suo
3353 4978 3580 5082 .peccat.

2001 5109 2273 5173 Attendite
2318 5064 2638 5158 sententiam
2677 5094 2883 5143 contra.
2938 5079 2995 5135 Si
3041 5072 3185 5133 enim
3220 5069 3312 5140 qui
3353 5064 3585 5135 loquitur

2003 5201 2371 5265 mendacium,
2439 5190 2508 5245 de
2557 5197 2656 5240 suo
2715 5175 2980 5248 loquitur;
3037 5172 3206 5224 restat
3259 5169 3317 5216 ut
3356 5159 3446 5229 qui
3502 5156 3585 5210 lo-

2005 5302 2184 5375 quitur
2210 5251 2521 5349 veritatem,
2551 5279 2621 5335 de
2649 5273 2747 5331 Dei
2773 5272 2792 5305 ⁸
2819 5270 3086 5338 loquatur.
3129 5256 3256 5314 Ideo
3299 5251 3492 5308 dicitur
3537 5252 3594 5302 in

2952 5359 2986 5375 ’μ
3019 5362 3174 5375 —-----
3200 5348 3345 5375 ιιι-ιι-
3373 5341 3592 5375 «nantium

2007 5341 2112 5452 dlio
2137 5393 2256 5446 loco
2276 5403 2292 5439 :
2311 5381 2447 5438 Deus
2460 5375 2596 5432 solue
2609 5380 2802 5432 uernat;
2827 5359 2991 5416 omnia
3009 5362 3177 5408 autem
3196 5348 3345 5402 homo
3373 5341 3592 5452 mendax

2012 5433 2189 5559 filiai.
2213 5495 2291 5544 ιιι,
2323 5433 2403 5544 ιι.
2426 5433 2549 5526 l‘lou
2575 5461 2671 5520 tibi
2689 5456 2884 5514 dicitur
2905 5450 2957 5504 in
2984 5446 3086 5502 hac
3110 5437 3391 5499 sententia,
3421 5433 3594 5498 Vade,

2636 5555 2647 5559 _
2713 5549 2727 5559 .
2909 5556 2954 5559 μ-
2994 5557 3001 5559 _
3038 5537 3142 5559 ιη...
3169 5531 3288 5559 ..ιιιη
3331 5538 3380 5559 ιη
3426 5524 3594 5559 Immi.

2014 5524 2234 5636 securus
2280 5524 2535 5623 mclntire,
2561 5555 2685 5627 quia
2713 5549 2876 5604 homo
2898 5556 2959 5597 es
2991 5557 3004 5592 :
3038 5537 3144 5591 imo
3169 5531 3290 5586 vide
3331 5538 3382 5584 te
3426 5524 3600 5580 homi-

2016 5685 2160 5736 nem,
2187 5663 2312 5736 quia
2334 5653 2564 5714 mendax
2585 5661 2677 5710 es;
2705 5649 2761 5697 et
2785 5647 2842 5693 ut
2866 5634 2940 5690 sis
2956 5643 3144 5693 verax,
3158 5625 3282 5681 bibe
3297 5619 3571 5677 veritatem

2083 5787 2100 5818 ι
2362 5776 2419 5822 Al.
2433 5764 2568 5826 add,
2583 5758 2644 5812 de
2665 5763 2766 5808 Deo
2787 5763 2805 5804 :
2826 5745 3060 5801 mendum
3081 5736 3212 5807 quod
3219 5731 3320 5800 jam
3338 5742 3486 5795 supra
3501 5735 3606 5774 ror-
