4048 6474
535 355 674 414 H75

535 486 595 531 ut
622 477 689 532 de
717 477 825 531 Deo
852 480 1033 530 ructes
1052 516 1065 542 ,
1097 483 1155 528 ut
1182 473 1255 528 sis
1275 485 1454 528 verax.
1479 469 1612 538 Quia
1633 470 1701 526 de
1726 477 1818 525 tuo
1842 469 1986 524 illam
2009 481 2113 522 non

535 577 690 637 potes
720 566 918 623 habere
947 568 986 632 ¹,
1015 574 1179 621 restat
1209 572 1264 617 ut
1292 562 1412 617 inde
1437 563 1578 617 illam
1607 561 1778 627 bibas,
1806 559 1945 615 unde
1975 558 2110 614 ﬂuit.

532 661 812 729 Quomodo
848 661 892 715 si
930 676 959 713 a
994 659 1111 713 luce
1146 658 1464 722 recesseris,
1495 658 1546 710 in
1579 655 1814 710 tenebris
1847 668 1906 708 es
1935 671 1949 708 :
1980 667 2113 722 quo-

534 752 695 805 modo
723 752 855 822 lapis
884 766 989 805 non
1029 750 1095 804 de
1133 765 1192 803 se
1237 749 1435 813 fervet,
1472 747 1567 803 sed
1603 747 1746 802 vela
1780 746 1894 801 sole
1925 746 2007 799 vel
2050 744 2118 801 ab

534 843 675 914 igne,
707 844 749 897 si
780 858 898 898 eum
932 842 1091 895 calori
1119 840 1447 894 subtraxeris
1476 842 1520 906 ',
1548 838 1813 908 frigescit;
1846 838 1916 893 ibi
1948 852 2115 906 appa-

531 947 636 1000 ret,
671 937 789 1005 quia
819 934 958 1004 quod
988 933 1245 1000 fervebat,
1281 943 1517 989 nouerat
1540 933 1733 1001 ipsius;
1762 930 1855 986 sed
1882 929 2118 985 fervebat

534 1028 619 1081 vel
657 1043 686 1080 a
716 1027 829 1081 sole
856 1026 938 1081 vel
969 1026 1036 1081 ab
1064 1026 1182 1096 igne
1214 1044 1226 1081 :
1254 1028 1333 1082 sic
1356 1034 1409 1081 et
1441 1034 1497 1079 tu
1522 1026 1565 1079 si
1595 1041 1622 1077 a
1670 1026 1779 1081 Deo
1805 1025 2113 1089 recesseris,

531 1119 819 1187 frigesces;
846 1120 889 1174 si
907 1118 970 1173 ad
990 1120 1157 1175 Deum
1184 1120 1492 1185 accesseris,
1514 1118 1808 1183 fervesces;
1835 1118 1969 1173 sicut
1990 1117 2117 1172 dicit

530 1210 837 1280 Apostolus,
857 1209 1056 1279 Spiritu
1072 1212 1314 1281 ferventes
1330 1210 1501 1283 (Rom.
1522 1226 1616 1277 xtt,
1638 1211 1749 1280 il).
1775 1210 1983 1264 ltemde
1999 1209 2116 1269 luce

529 1300 657 1371 quid
702 1301 864 1355 dicit?
904 1301 959 1356 Si
1000 1302 1065 1356 ad
1112 1318 1232 1357 eum
1277 1302 1597 1367 accesseris,
1643 1302 1695 1356 in
1739 1301 1937 1355 lumine
1966 1300 2111 1367 eris;

529 1392 651 1448 ideo
679 1395 912 1464 psalmus
938 1394 1066 1450 dicit
1090 1413 1104 1450 :
1136 1395 1367 1451 Accedite
1390 1395 1457 1449 ad
1481 1413 1615 1460 eum,
1645 1406 1689 1449 et
1716 1395 2073 1449 illuminamini
2094 1414 2114 1460 ;

527 1496 578 1541 et
605 1487 770 1543 vultus
797 1489 944 1542 vestri
982 1505 1079 1541 non
1122 1488 1408 1543 erubescant
1452 1487 1620 1559 (Psal.
1656 1503 1840 1552 χχχιιι,
1874 1486 1951 1557 5).
1980 1485 2114 1554 Quia

530 1593 660 1649 ergo
700 1580 831 1634 nihil
867 1580 988 1635 boni
1028 1590 1176 1650 potes
1206 1581 1449 1651 operari,
1480 1582 1579 1635 nisi
1612 1581 1936 1635 illuminatus
1966 1595 1996 1634 a
2028 1580 2110 1635 lu-

528 1670 678 1727 mine
720 1672 835 1738 Dei,
881 1681 935 1727 et
978 1672 1293 1729 fervefactus
1319 1689 1348 1727 a
1380 1672 1579 1744 Spiritu
1609 1673 1737 1738 Dei;
1781 1673 1993 1743 quando
2034 1672 2112 1726 vi-

529 1764 676 1820 deris
706 1775 758 1821 te
799 1767 936 1822 bene
966 1777 1295 1836 operantem,
1327 1766 1580 1822 confitere
1611 1766 1750 1831 Deo,
1782 1775 1835 1820 et
1863 1765 1946 1820 dic
1974 1765 2117 1835 quod

528 1859 605 1912 ait
634 1860 940 1928 Apostolus,
968 1860 1054 1915 dic
1092 1861 1183 1916 tibi
1213 1876 1279 1916 nc
1306 1861 1577 1915 extollatis
1610 1878 1621 1912 :
1650 1859 1784 1925 Quid
1809 1859 1939 1912 enim
1966 1858 2117 1912 habes

527 1944 665 2021 quod
708 1967 810 2005 non
848 1953 1124 2022 accepisti?
1161 1953 1223 2007 Si
1262 1962 1429 2006 autem
1457 1951 1710 2021 accepisti,
1734 1950 1857 2021 quid
1882 1950 2117 2022 gloriaris

526 2042 673 2110 quasi
702 2060 802 2097 non
830 2044 1083 2115 acceperis
1114 2044 1165 2115 (Ι
1191 2043 1310 2100 Cor.
1338 2060 1410 2111 ιν,
1432 2042 1523 2115 7)?
1545 2042 1639 2098 Hie
1666 2057 1795 2112 ergo
1835 2042 2117 2097 confitetur

526 2134 641 2193 Deo
666 2147 722 2193 et
747 2137 905 2195 docet
938 2154 1034 2194 nos
1062 2139 1254 2196 bonam
1284 2139 1669 2195 confessionem
1688 2178 1703 2205 ,
1736 2137 1857 2208 quia
1884 2136 2012 2191 dicit
2050 2135 2070 2166 ³
2099 2154 2111 2188 :

527 2229 837 2287 Jucundasti
862 2249 959 2301 me,
989 2232 1221 2299 Domine,
1254 2235 1307 2287 in
1337 2236 1534 2304 factura
1566 2240 1673 2298 tua,
1716 2241 1761 2285 et
1802 2231 1855 2284 in
1883 2230 2116 2300 operibus

532 2340 777 2379 manuum
807 2336 1006 2380 tuarum
1031 2326 1306 2381 exsultabo.

607 2416 661 2470 7.
692 2415 828 2482 Quid
860 2417 1064 2486 agimus
1088 2418 1155 2472 de
1183 2416 1285 2471 illis
1310 2416 1400 2486 qui
1428 2416 1569 2471 male
1589 2415 1791 2482 vivunt,
1819 2424 1874 2470 et
1902 2413 2115 2469 florent?

531 2507 671 2565 Hinc
707 2509 849 2561 enim
896 2508 1256 2576 perturbatum
1309 2507 1542 2561 animum
1598 2506 1757 2561 habet
1801 2506 1891 2575 qui
1946 2504 2117 2575 perdit

530 2600 813 2655 sabbatum
842 2598 863 2630 ’⁵
898 2616 911 2652 :
940 2599 1084 2653 videt
1109 2614 1168 2653 se
1192 2598 1245 2652 in
1276 2598 1431 2653 bonis
1459 2598 1707 2667 operibus
1731 2597 1965 2666 quotidie
1995 2613 2115 2650 ver-

527 2701 736 2746 santem
763 2731 777 2755 ,
828 2699 882 2744 et
926 2688 1251 2743 laborantem
1284 2690 1335 2743 in
1366 2688 1607 2758 angustia
1635 2704 1854 2755 rerum,
1888 2686 2025 2743 forte
2061 2689 2112 2744 in

526 2780 707 2850 inepia
735 2782 810 2835 rei
839 2780 1132 2847 familiaris,
1157 2780 1294 2835 forte
1323 2780 1376 2834 in
1404 2778 1541 2834 fame
1570 2788 1623 2834 et
1657 2780 1745 2833 siti
1770 2790 1823 2834 et
1851 2780 2110 2844 nuditate,

528 2873 667 2929 forte
694 2889 752 2928 se
781 2874 833 2928 in
860 2889 1073 2929 carcere
1102 2875 1235 2929 bona
1266 2873 1567 2939 facientem,
1595 2884 1651 2928 et
1686 2874 1830 2927 illum
1861 2889 1889 2926 a
1926 2888 2031 2942 quo
2060 2874 2111 2927 in

525 2983 801 3024 carcerem
820 2969 1015 3024 missus
1029 2979 1105 3023 est
1122 2978 1176 3024 et
1193 2968 1329 3021 mala
1350 2967 1626 3021 facientem
1647 2974 1702 3021 et
1720 2967 2109 3032 exsultantem;

528 3066 587 3114 et
630 3058 899 3113 subintrat
932 3073 1026 3113 cor
1060 3058 1290 3128 peSsinia
1329 3057 1580 3127 cogitatio
1618 3055 1872 3111 adversus
1904 3057 2109 3121 Deum,

530 3157 585 3203 et
613 3148 739 3204 dicit
771 3167 782 3202 :
810 3149 967 3211 Deus,
998 3163 1160 3219 quare
1192 3148 1283 3203 tibi
1314 3146 1527 3202 servio?
1547 3162 1710 3216 quare
1726 3148 1917 3202 obedio
1938 3148 2112 3202 verbis

529 3239 677 3293 tuis?
702 3239 815 3295 Non
840 3239 987 3309 rapui
1008 3240 1202 3305 aliena,
1226 3254 1328 3293 non
1353 3238 1548 3293 furtum
1568 3238 1688 3297 feci.
1716 3255 1819 3292 non
1845 3239 2111 3294 hominem

526 3331 721 3398 occidi,
760 3348 863 3387 non
911 3332 1219 3400 cujusquam
1259 3344 1371 3385 rem
1415 3329 1729 3398 concupivi,
1780 3344 1884 3384 non
1922 3329 2111 3385 falsum

527 3423 896 3477 testimonium
925 3414 1181 3475 adversus
1203 3422 1430 3491 aliquem
1452 3420 1582 3487 dixi,
1599 3436 1704 3475 non
1730 3422 1863 3490 patri
1888 3420 1973 3476 vel
1996 3436 2107 3474 ma-

528 3516 596 3570 tri
628 3516 871 3584 injuriam
910 3514 1037 3577 feci,
1084 3528 1188 3568 non
1232 3513 1297 3567 ad
1330 3513 1466 3568 idola
1498 3514 1782 3568 inclinatus
1818 3529 1956 3579 sum,
2006 3528 2109 3567 non

527 3609 708 3675 accepi
741 3621 935 3659 nomen
970 3605 1173 3659 Domini
1220 3604 1314 3658 Dei
1351 3605 1403 3658 in
1438 3620 1633 3659 vanum
1666 3622 1678 3658 :
1712 3606 1916 3660 servavi
1958 3620 2043 3659 me
2080 3620 2109 3659 a

525 3706 763 3771 peccato.
810 3700 1098 3753 Enuuterat
1142 3698 1326 3755 decem
1364 3697 1626 3767 chordas,
1669 3699 1721 3753 id
1770 3708 1872 3764 cst,
1921 3699 2108 3754 decem

524 3802 791 3862 prmcepla
818 3790 971 3860 chis
1003 3789 1195 3859 (Exod.
1220 3807 1309 3855 xx,
1344 3790 1516 3861 l-i7),
1543 3799 1595 3845 et
1616 3792 1903 3861 interrogat
1930 3806 1987 3846 se
2018 3806 2107 3847 se-

523 3882 755 3937 cundum
793 3881 1025 3951 singula,
1070 3892 1121 3936 et
1151 3882 1294 3937 videt
1334 3898 1392 3937 se
1437 3895 1542 3935 non
1583 3896 1863 3951 peccasse,
1911 3898 2011 3937 nec
2055 3883 2107 3936 in

522 3989 657 4039 uno;
689 3984 742 4029 et
770 3976 1115 4029 contristatur
1154 3976 1274 4044 quia
1327 3974 1450 4027 talia
1499 3974 1635 4028 mala
1674 3975 1891 4043 patitur.
1931 3974 2003 4029 Μ
2035 3974 2109 4028 illi

521 4066 611 4134 qui
636 4109 649 4131 ,
679 4082 781 4118 nou
812 4065 951 4123 dico.
985 4064 1187 4134 aliquas
1207 4064 1435 4118 chordas
1466 4073 1718 4133 tangunt,
1751 4066 1841 4121 sed
1866 4082 1963 4120 nec
1986 4076 2105 4119 tan-

521 4166 651 4225 gunt
678 4158 845 4223 ipsum
886 4157 1211 4224 psalterium.
1237 4166 1289 4209 et
1313 4157 1444 4210 nihil
1470 4156 1592 4209 boni
1630 4168 1934 4225 operantur,
1972 4171 2105 4210 eon-

522 4248 703 4299 sulunt
733 4247 904 4299 idola:
930 4256 982 4301 ct
1003 4246 1138 4301 forte
1167 4257 1289 4300 tunc
1313 4248 1556 4301 videntur
1581 4247 2102 4318 cltr‘-tiani,quaudo

518 4339 652 4394 nihil
686 4340 806 4391 mali
839 4340 1035 4407 patitur
1058 4339 1247 4393 domus
1271 4354 1480 4405 eorum;
1503 4340 1715 4410 quando
1735 4348 1908 4394 autem
1927 4342 2099 4411 aliqua

519 4429 595 4483 ibi
628 4428 898 4484 tribulatio
927 4438 1028 4495 est,
1058 4438 1277 4483 currunt
1305 4429 1369 4483 ad
1412 4431 1699 4497 pvthonem
1720 4471 1732 4492 ,
1765 4438 1857 4483 aut
1893 4431 2102 4486 sortile-

518 4534 665 4589 gum,
693 4530 785 4572 aut
814 4518 1267 4573 mathematicum.
1308 4519 1511 4574 Dicitur
1541 4520 1615 4573 illi
1645 4535 1840 4575 nomen
1867 4520 2096 4586 Christi;

517 4614 832 4676 subsannat,
863 4621 1071 4681 torquet
1092 4627 1172 4668 os.
1198 4613 1400 4667 Dicitur
1433 4613 1509 4667 illi
1547 4630 1559 4667 :
1592 4613 1787 4668 Fidelis
1811 4655 1826 4679 ,
1867 4615 2100 4669 consulis

514 4702 983 4759 mathematicum?
1032 4704 1098 4758 Et
1145 4703 1235 4759 ille
1277 4702 1534 4759 :Recede
1576 4719 1606 4758 a
1647 4720 1731 4760 me
1763 4722 1777 4759 :
1807 4705 1921 4776 ipse
1970 4706 2100 4761 mihi

514 4797 750 4867 prodidit
777 4811 864 4852 res
891 4812 1064 4861 nicas;
1094 4813 1213 4852 nam
1257 4796 1609 4867 perdidissem
1636 4838 1651 4864 ,
1695 4806 1752 4852 et
1787 4798 1839 4853 in
1889 4799 2097 4869 planctu

512 4890 915 4945 remansissem.
968 4890 1138 4944 Homo
1181 4889 1351 4954 bone,
1402 4904 1578 4945 nonne
1622 4891 1799 4961 signas
1847 4901 1897 4945 te
1946 4892 2096 4962 signo

512 4982 691 5037 crucis
723 4980 953 5036 Christi?
998 4982 1064 5035 Et
1108 4981 1194 5035 lex
1236 4982 1413 5035 omnia
1460 4980 1556 5035 ista
1585 4980 1851 5051 prohibet.
1884 4982 2094 5038 Gaudes

512 5074 637 5142 quia
666 5088 755 5129 res
786 5083 902 5127 tuas
922 5070 1171 5125 invenisti
1192 5088 1205 5136 ;
1230 5086 1335 5125 non
1363 5086 1423 5125 es
1451 5072 1615 5126 tristis
1635 5072 1758 5141 quia
1788 5082 1839 5126 tu
1872 5072 2095 5143 peristi?

510 5166 721 5233 Quanto
767 5164 958 5221 melius
989 5164 1164 5217 tunica
1203 5172 1290 5217 tua
1330 5166 1526 5232 periret
1564 5178 1724 5234 quam
1764 5164 1935 5218 anima
1965 5166 2093 5220 tua?

509 5256 812 5313 Subsannat
841 5258 891 5310 in
922 5256 1003 5310 his
1027 5254 1308 5319 omnibus;
1335 5254 1751 5311 contumeliosus
1793 5264 1874 5309 cst
1904 5270 2092 5325 paren-

500 5350 670 5413 tibus,
713 5349 825 5403 odit
872 5349 1141 5403 inimicum
1167 5386 1183 5412 ,
1226 5346 1513 5402 insectatur
1536 5362 1705 5418 usque
1728 5347 1796 5402 ad
1822 5357 2047 5403 mortem
2068 5389 2087 5416 ,

568 5470 586 5501 ¹
621 5475 694 5517 sic
715 5474 816 5517 Am.
837 5474 913 5515 Fr.
937 5474 988 5516 et
1008 5474 1116 5516 Mss.
1148 5472 1201 5516 At
1218 5472 1350 5517 Lov..
1369 5463 1544 5517 bibere.

571 5499 585 5501 -
622 5499 694 5517 οη,
715 5499 816 5517 ηιμ.
841 5499 913 5515 ω.
937 5499 988 5516 ιι
1010 5499 1116 5516 ms.
1148 5499 1201 5516 η.
1220 5499 1328 5516 νυ..
1369 5499 1544 5517 om."

569 5533 589 5563 ι
624 5539 742 5579 'l‘t'cs
764 5537 887 5583 Mss.
915 5528 956 5577 si
978 5527 1022 5578 ei
1044 5528 1251 5577 calorem
1272 5499 1593 5579 subtraxeris.

569 5590 1220 5659 saliquol-Mssqnquadidi.
1352 5653 1363 5659 _
1448 5649 1458 5659 ,
1621 5655 1631 5659 _
1699 5646 1711 5659 ,
1758 5651 1771 5659 ,
1946 5646 1956 5659 .

564 5656 586 5685 ι
619 5655 690 5701 sic
710 5646 925 5713 potiores
943 5646 1045 5698 uss.
1069 5660 1122 5713 At
1145 5659 1273 5709 Lov.,
1301 5653 1363 5701 Ili
1381 5649 1507 5713 enim
1528 5646 1855 5713 perturbatum
1874 5646 2086 5713 animum

500 5717 695 5769 lubeat,
716 5708 765 5761 rt
790 5712 998 5773 perdunt
1020 5708 1283 5763 sabbatum.
1312 5722 1362 5763 Et
1382 5712 1464 5773 qui
1488 5708 1646 5775 perdit
1668 5708 1933 5775 sabbatum,
1960 5711 2086 5761 ridet

496 5790 565 5832 se,
596 5786 688 5825 etc.
719 5771 810 5823 sua
832 5786 976 5821 secus
999 5781 1092 5835 lita,
1114 5775 1203 5824 nisi
1225 5776 1351 5838 quod
1375 5771 1541 5835 habet,
1561 5780 1615 5824 Iit
1636 5772 1797 5836 perdit
1818 5771 2078 5835 sabbatum,

432 5856 459 5885 ι.
499 5842 582 5897 αιιὶ
609 5838 731 5890 ιεὶίιιι
757 5854 822 5897 se.
853 5844 947 5886 etc.

1770 353 1830 410 s.
1869 344 2234 410 AUGUSTINI
2270 344 2573 410 EPISCOPI
2612 422 2613 425 γ

3665 354 3804 412 1176

2226 464 2433 522 furatur
2460 468 2548 523 ubi
2575 470 2913 527 occasionem
2944 471 3226 537 invenerit,
3256 487 3284 526 a
3315 474 3450 530 falso
3486 476 3797 537 testimonio‘

2224 576 2329 615 non
2357 573 2550 630 cessat,
2584 564 2860 620 insidiatur
2884 566 3223 621 matrimonio
3247 568 3442 635 alieno,
3474 574 3804 643 concupiscit

2224 669 2337 709 rem
2367 657 2593 725 proximi
2613 658 2695 711 sui
2719 676 2731 710 :
2757 658 2879 713 facit
2899 657 3013 713 hrcc
3037 660 3234 725 omnia,
3258 671 3309 716 et
3330 661 3483 718 floret
3502 664 3553 718 in
3577 664 3803 732 divitiis,

2224 745 2277 802 in
2308 745 2616 814 honoribus,
2646 750 2697 804 in
2728 751 3037 806 excellentia
3066 752 3245 807 mundi
3274 752 3450 825 hujus.
3482 755 3641 812 Videt
3677 774 3801 813 eum

2225 839 2314 895 ille
2341 842 2501 897 miser
2521 842 2654 897 bene
2682 859 2925 913 operans,
2954 854 3005 900 et
3033 846 3167 900 mala
3196 847 3434 915 patiens;
3466 850 3808 919 perturbatur

2224 942 2278 989 et
2304 935 2478 990 dicit:
2522 936 2661 990 Deus
2689 979 2703 1001 ,
2750 947 2910 1007 puto,
2958 939 3080 993 mali
3133 940 3225 994 tibi
3259 940 3485 1009 placent,
3533 952 3588 999 et
3634 944 3807 1001 bonos

2223 1025 2403 1092 odisti,
2434 1042 2581 1082 amas
2611 1042 2703 1083 eos
2724 1029 2809 1098 qui
2834 1028 3034 1084 faciunt
3054 1030 3405 1101 iniquitatem.
3426 1033 3482 1088 Si
3504 1044 3805 1093 commotus

2222 1117 2401 1185 fuerit,
2430 1129 2483 1174 et
2507 1119 2581 1174 illi
2601 1121 2906 1192 cogitationi
2932 1124 3283 1192 consenserit,
3313 1125 3499 1195 perdet
3523 1126 3805 1183 sabbatum

2223 1211 2289 1267 de
2317 1212 2479 1269 corde
2513 1232 2527 1269 :
2556 1214 2663 1285 jam
2706 1215 2887 1285 incipit
2910 1216 2977 1271 ad
3005 1218 3310 1286 psalterium
3340 1218 3439 1274 hoc
3485 1236 3589 1275 non
3634 1232 3807 1277 atten-

2222 1304 2381 1371 dere;
2404 1305 2631 1362 deviavit
2652 1307 2794 1372 inde,
2818 1308 2933 1364 sine
2955 1323 3111 1363 causa
3138 1318 3334 1377 cantat,
3358 1310 3555 1365 Bonum
3580 1324 3652 1367 est
3678 1332 3804 1368 con-

2222 1398 2354 1467 ﬁteri
2382 1396 2623 1466 Domino,
2664 1408 2708 1454 et
2754 1400 2969 1469 psallere
3006 1401 3197 1455 nomini
3236 1412 3351 1467 tuo,
3381 1403 3654 1459 Altissime.
3685 1405 3805 1462 Jam

2221 1491 2428 1561 perdito
2452 1492 2672 1547 sabbato
2696 1492 2764 1548 ab
2794 1492 3043 1548 interiore
3063 1491 3279 1550 homine
3305 1504 3357 1549 et
3380 1497 3599 1551 exclusa
3628 1499 3809 1566 quiete

2221 1583 2420 1649 cordis,
2468 1592 2523 1639 et
2558 1584 2696 1640 bona
2725 1585 3043 1655 cogitatione
3072 1587 3305 1657 repulsa,
3340 1588 3521 1659 incipit
3545 1590 3655 1659 jam
3689 1591 3812 1646 imi-

2221 1672 2322 1728 tari
2352 1673 2498 1728 illum
2526 1691 2685 1746 quem
2715 1675 2858 1731 videt
2886 1676 2941 1731 in
2969 1677 3120 1731 malis
3150 1676 3423 1733 florentem
3450 1696 3464 1743 ;
3497 1690 3549 1734 et
3579 1697 3805 1737 conver-

2223 1764 2286 1819 tit
2314 1779 2371 1821 se
2406 1774 2461 1821 et
2488 1766 2601 1837 ipse
2626 1767 2691 1822 ad
2721 1767 2960 1824 facienda
3003 1768 3162 1824 mala.
3195 1770 3332 1826 Deus
3378 1781 3553 1827 autem
3600 1775 3810 1845 patiens

2222 1863 2323 1921 est,
2356 1858 2476 1926 quia
2513 1867 2747 1913 mternus
2784 1868 2898 1929 est,
2935 1868 2989 1915 et
3032 1862 3178 1918 novit
3205 1861 3344 1918 diem
3368 1861 3549 1934 judicii
3582 1867 3685 1933 sui,
3719 1868 3809 1924 ubi

2222 1949 2398 2003 omnia
2426 1951 2713 2005 examinat.

2292 2040 2347 2096 8.
2394 2039 2549 2113 [vers.
2586 2042 2671 2115 6.]
2725 2044 2837 2099 Hoc
2866 2060 2963 2099 nos
2994 2044 3194 2100 docens
3219 2046 3344 2116 quid
3370 2047 3480 2101 ait?
3513 2048 3673 2115 Quam
3701 2068 3783 2103 ma

2221 2130 2463 2202 gniﬁcata
2505 2142 2623 2186 sunt
2669 2150 2822 2202 opera
2860 2144 2963 2197 tua,
3020 2133 3275 2190 Domine!
3320 2134 3490 2192 Nimis
3542 2141 3809 2209 profunda

2222 2227 2373 2294 facta:
2408 2236 2523 2279 sunt
2577 2227 2897 2297 cogitationes
2952 2236 3070 2281 tuaz.
3126 2227 3329 2283 Revera
3364 2271 3378 2294 ,
3420 2228 3610 2284 fratres
3657 2234 3760 2285 mei
3792 2273 3807 2297 ,

2222 2316 2425 2370 nullum
2478 2333 2623 2371 mare
2677 2327 2782 2371 tam
2834 2318 3151 2387 profundqu
3215 2328 3297 2374 est
3363 2336 3518 2390 quam
3572 2334 3652 2375 est
3710 2323 3809 2381 ista

2221 2409 2470 2478 cogitatio
2523 2410 2635 2477 Dei,
2681 2420 2738 2465 ιιι
2782 2410 2905 2466 mali
2948 2412 3209 2478 floreant,
3260 2423 3313 2467 et
3362 2412 3485 2468 boui
3528 2415 3809 2469 laborent:

2224 2499 2355 2554 nihil
2386 2510 2489 2553 tam
2517 2500 2871 2571 profundum,
2928 2502 3056 2556 nihil
3104 2514 3209 2557 tam
3243 2504 3439 2567 altu-2i;
3480 2505 3549 2558 ibi
3589 2505 3806 2560 naufra-

2220 2601 2311 2662 gat
2350 2592 2525 2646 omuis
2574 2592 2800 2647 inﬁdelis
2824 2634 2839 2660 ,
2874 2594 2925 2647 in
2965 2595 3064 2649 isto
3110 2595 3246 2661 alto,
3298 2595 3350 2651 in
3392 2597 3491 2651 isto
3522 2597 3808 2666 profundo.

2227 2685 2317 2741 Vis
2371 2686 2595 2741 transire
2649 2684 2964 2755 profundum
3014 2687 3152 2742 hoc?
3208 2689 3249 2742 A
3285 2688 3426 2758 ligno
3466 2689 3661 2745 Christi
3700 2692 3808 2749 noli

2222 2780 2457 2845 resilire;
2486 2796 2592 2834 non
2623 2780 2881 2850 mergeris
2925 2798 2937 2833 :
2983 2788 3103 2835 tene
3151 2792 3201 2834 te
3248 2781 3311 2834 ad
3356 2780 3642 2835 Christum.
3672 2782 3810 2850 Quid

2220 2881 2303 2929 est
2323 2871 2463 2942 quod
2482 2872 2621 2937 dico,
2648 2880 2836 2927 tenete
2866 2871 2931 2926 ad
2958 2870 3259 2927 Christum?
3288 2872 3411 2927 Ideo
3441 2873 3602 2927 voluit
3626 2874 3811 2942 ipsein

2223 2972 2364 3018 terra
2412 2962 2672 3018 laborare.
2717 2961 2989 3028 Audistis,
3035 2978 3157 3017 cum
3213 2964 3467 3033 propheta
3506 2964 3808 3033 legeretur,

2221 3070 2328 3109 non
2355 3055 2611 3109 avertisse
2656 3069 2775 3109 eum
2820 3054 3062 3123 scapulas
3088 3069 3117 3108 a
3145 3054 3385 3123 ﬂagellis,
3420 3070 3524 3108 non
3552 3055 3808 3111 avertisse

2220 3161 2342 3201 eum
2378 3146 2564 3201 faciem
2599 3160 2628 3198 a
2664 3145 2831 3214 sputis
2862 3145 3149 3209 hominum,
3184 3160 3288 3199 non
3329 3146 3585 3200 avertisse
3612 3146 3810 3200 maxil-

2222 3238 2325 3292 lam
2356 3253 2385 3291 a
2412 3238 2631 3307 psalmis
2661 3253 2848 3292 eorum
2878 3235 3029 3307 (Isai.
3064 3252 3114 3303 ι,
3144 3236 3201 3305 6)
3240 3255 3252 3290 :
3294 3253 3459 3307 quare
3494 3238 3672 3291 omnia
3706 3238 3807 3295 ista

2220 3330 2329 3399 pati
2358 3329 2542 3394 voluit,
2576 3329 2675 3383 nisi
2708 3339 2761 3383 ut
2789 3329 3092 3383 consoletur
3121 3316 3405 3397 patientes?
3430 3328 3497 3382 Et
3519 3338 3724 3398 poterat
3754 3338 3807 3387 et

2220 3420 2333 3489 ipse
2364 3419 2415 3473 in
2448 3418 2552 3474 line
2572 3420 2920 3474 rescuscitare
2946 3434 3163 3473 carnem
3194 3432 3364 3483 suam;
3394 3418 3486 3473 sed
3508 3427 3559 3474 tu
3582 3420 3671 3489 qui
3698 3434 3806 3476 non

2218 3511 2445 3579 videras,
2474 3512 2577 3567 non
2604 3522 2740 3567 esset
2772 3514 2912 3582 quod
2940 3528 3187 3583 sperares
3218 3529 3230 3564 :
3265 3526 3368 3565 non
3399 3509 3600 3567 distulit
3626 3526 3807 3568 resur~

2217 3605 2513 3659 rectionem
2542 3620 2690 3659 suam
2710 3646 2725 3671 ,
2758 3620 2823 3659 ne
2847 3613 2900 3658 tu
2922 3604 3093 3659 adhuc
3122 3604 3410 3659 dubitares.
3446 3604 3523 3658 Eo
3546 3620 3673 3675 ergo
3701 3608 3806 3663 fine

2218 3707 2397 3770 patere
2417 3707 2470 3753 et
2492 3699 2655 3753 tolera
2682 3698 3047 3753 tribulatioues
3076 3698 3127 3751 in
3161 3697 3377 3762 mundo,
3400 3713 3557 3767 queui
3581 3699 3598 3729 ⁸
3626 3708 3805 3753 atten-

2216 3789 2336 3845 disti
2364 3789 2414 3842 iu
2431 3789 2639 3843 Christo
2663 3806 2677 3854 ;
2704 3798 2754 3844 et
2782 3804 2888 3842 non
2916 3797 2966 3843 te
3011 3797 3259 3843 moveant
3293 3790 3380 3859 qui
3408 3788 3605 3843 faciunt
3638 3790 3801 3859 mala,

2213 3890 2268 3937 et
2307 3881 2358 3935 in
2394 3880 2497 3935 isto
2524 3882 2720 3935 sarculo
2764 3880 2974 3935 ﬂorent.
3006 3880 3174 3935 Nimis
3205 3882 3474 3951 profunda:
3514 3884 3661 3952 facta
3684 3891 3804 3936 sunt

2215 3972 2537 4043 cogitationes
2562 3971 2679 4026 Dei.
2709 3972 2807 4029 Ubi
2836 3981 2918 4027 est
2952 3974 2972 4003 ¹
2997 3972 3246 4042 cogitatio
3280 3971 3415 4027 Dei?
3443 3971 3520 4026 Ad
3564 3988 3802 4042 praesens

2214 4061 2449 4118 habenas
2480 4064 2659 4129 laxat;
2690 4063 2783 4118 sed
2808 4073 2990 4135 postea
3030 4063 3305 4133 astringet.
3333 4063 3451 4117 Noli
3476 4066 3707 4133 gaudere
3733 4065 3801 4122 ad

2212 4154 2410 4224 piscem
2428 4155 2515 4223 qui
2535 4155 2586 4207 in
2605 4169 2723 4208 esca
2741 4170 2833 4209 sua
2847 4155 3102 4220 exsultat;
3124 4154 3354 4208 nondntu
3374 4156 3534 4209 traxit
3547 4156 3761 4212 hamum
3779 4156 3801 4190 ³

2213 4247 2446 4315 piscator
2474 4264 2487 4299 :
2519 4262 2639 4300 nam
2663 4248 2771 4314 jam
2816 4247 2903 4302 ille
2932 4247 3145 4301 hamum
3172 4246 3332 4302 habet
3352 4248 3405 4302 in
3438 4248 3697 4303 faucibus.
3732 4249 3800 4306 Et

2210 4337 2352 4407 quod
2379 4338 2472 4393 tibi
2499 4337 2710 4393 videtur
2738 4339 2972 4409 longum,
3004 4337 3171 4393 breve
3200 4349 3282 4393 est
3314 4356 3327 4392 :
3359 4340 3536 4394 omnia
3568 4340 3663 4395 ista
3691 4341 3801 4398 cito

2211 4438 2506 4483 transeunt.
2537 4428 2673 4495 Quid
2709 4439 2791 4484 est
2819 4430 2974 4499 longa
3001 4429 3104 4483 vita
3151 4428 3382 4484 hominis
3419 4430 3485 4484 ad
3527 4431 3799 4486 aeternita-

2211 4529 2315 4576 tem
2347 4520 2478 4576 Dei?
2504 4520 2598 4575 Vis
2622 4537 2740 4575 esse
2762 4520 3113 4591 longanimis?
3140 4519 3276 4575 Vide
3304 4522 3654 4577 aeternitatem
3677 4522 3795 4579 Dei.

2206 4612 2340 4667 Nam
2364 4612 2595 4667 attendis
2618 4611 2684 4666 ad
2713 4612 2827 4667 dies
2855 4619 2974 4668 tuos
2999 4626 3216 4681 paucos,
3239 4620 3295 4666 et
3323 4612 3509 4667 diebus
3532 4612 3637 4667 tuis
3658 4629 3796 4684 pau-

2206 4705 2284 4761 cis
2314 4706 2391 4758 vis
2429 4704 2635 4775 impleri
2678 4705 2875 4759 omnia.
2925 4703 3052 4771 Qua:
3098 4704 3317 4757 omnia?
3360 4703 3425 4760 Ut
3475 4704 3799 4762 damnentur

2205 4814 2390 4853 omnes
2424 4798 2604 4866 impii,
2631 4806 2684 4852 et
2704 4806 3026 4851 coronentur
3070 4811 3257 4851 omnes
3286 4796 3429 4851 boni.
3458 4796 3579 4852 Istis
3605 4797 3796 4855 diebus

2205 4890 2309 4943 tuis
2339 4878 2429 4942 vis.
2467 4889 2579 4943 haec
2606 4889 2848 4959 impleri?
2876 4888 3062 4957 Implet
3102 4888 3188 4943 illa
3220 4888 3359 4942 Deus
3404 4898 3641 4959 tempore
3670 4905 3793 4945 suo.

2203 4979 2339 5046 Quid
2370 4988 2425 5033 tu
2451 4980 2661 5034 ttedium
2689 4981 2885 5050 pateris
2910 4987 2963 5033 ct
3005 4979 3133 5034 facis
3159 4977 3215 5032 δῖ
3245 4978 3503 5035 Eternus
3531 4988 3650 5044 est;
3685 4988 3797 5034 tar-

2200 5074 2335 5143 dat,
2384 5072 2697 5144 longanimis
2738 5082 2821 5127 est
2850 5090 2861 5125 :
2897 5080 2953 5125 tu
2991 5080 3169 5125 autem
3210 5071 3377 5139 dicis,
3407 5071 3530 5125 ldeo
3554 5086 3657 5142 ego
3682 5088 3792 5128 non

2200 5186 2317 5226 sum
2365 5168 2709 5239 longanimis,
2737 5167 2858 5236 quia
2898 5165 3205 5234 temporalis
3236 5179 3373 5218 sum.
3412 5162 3519 5218 Sed
3560 5163 3613 5217 in
3640 5174 3797 5235 pote-

2200 5276 2335 5322 state
2358 5264 2524 5319 habes
2557 5280 2570 5316 :
2599 5262 2761 5332 junge
2802 5275 2895 5314 eor
2922 5268 3069 5313 tuum
3105 5256 3386 5312 aeternitati
3435 5255 3563 5321 Dei,
3586 5263 3639 5310 et
3662 5270 3790 5351 clum

2198 5360 2290 5416 illo
2312 5369 2545 5414 teternus
2568 5356 2694 5411 eris.
2718 5352 2854 5421 Quid
2879 5354 3019 5407 enim
3050 5349 3249 5407 dictum
3271 5358 3354 5405 est
3378 5348 3447 5404 de
3475 5344 3793 5419 tempori!-

2263 5514 2966 5595 t_Er.‘,lgumiadnt_odwn.Am.
2999 5516 3051 5562 et
3080 5516 3209 5571 μοι,
3228 5520 3363 5572 quas.
3386 5513 3584 5569 Αιιεεη
3608 5519 3751 5595 φιαιι
3769 5518 3791 5557 :

2191 5577 2525 5648 subintelli'ge,
2548 5577 2734 5648 ﬁnem...

2258 5650 2277 5678 ι
2312 5639 2497 5707 Aliquot
2514 5639 2610 5689 ἠδε
2632 5676 2645 5699 ,
2668 5639 2735 5689 ibi
2758 5644 2844 5697 est,
2865 5644 2961 5687 etc.

2256 5710 2276 5741 ³
2309 5707 2531 5768 Plerique
2554 5710 2915 5768 Mssqmanwm
3068 5767 3072 5768 ν
3171 5759 3180 5768 ,
3287 5764 3297 5768 -
3425 5756 3457 5768 ..
3590 5760 3623 5768 ,ν
3665 5754 3677 5766 .

2256 5771 2276 5800 ι
2310 5756 2478 5818 rlure's
2516 5756 2680 5829 probai
2717 5772 2846 5815 uota:
2888 5769 3016 5824 Mss.
3049 5759 3181 5825 Quod
3214 5764 3375 5810 autem
3402 5756 3491 5808 diu
3518 5756 3702 5825 pateris
3740 5759 3793 5810 cf

2191 5832 2327 5891 Iutis.
3042 5898 3051 5931 ἵ
