4084 6474
317 432 458 491 1177

315 549 454 611 bus?
479 545 662 604 Omnis
685 557 804 598 caro
833 540 1026 612 fenum,
1049 544 1097 592 et
1122 531 1283 588 omnis
1306 525 1512 584 claritas
1540 521 1707 577 carnis
1729 525 1782 572 ut
1809 515 1906 590 ﬂos

317 609 424 718 icui
451 657 472 696 :
495 644 668 712 [citum
694 609 860 702 aruit,
887 641 934 688 et
969 632 1066 702 flos
1095 625 1278 682 decidit
1311 619 1460 695 (Isai.
1493 633 1581 682 ιιι,
1604 613 1743 683 6-8).
1785 609 1912 665 0m-

315 702 406 796 iiia
455 702 584 804 εἶ’εο
611 735 860 786 arescunt
887 733 942 780 et
981 720 1271 784 decidunt;
1322 730 1427 770 non
1471 709 1693 766 verbum
1739 702 1908 760 illud:

323 793 548 884 Verbum
584 823 728 882 enim
773 817 978 874 Domini
1013 801 1258 868 manetin
1277 816 1536 864 internum.
1569 797 1780 856 Transit
1827 793 1909 850 fe-

315 939 480 987 num,
509 918 702 976 transit
725 913 938 970 claritas
964 907 1105 974 feni;
1139 903 1236 960 sed
1272 901 1437 956 habes
1468 911 1573 968 quo
1599 903 1651 948 te
1680 901 1862 947 teneas
1893 906 1906 942 :

324 979 548 1070 Verbum
573 1005 782 1064 Domini
801 1009 966 1058 manet
985 999 1040 1054 in
1057 1006 1319 1052 teternum.
1341 990 1437 1046 Dic
1456 1001 1585 1058 ergo
1607 983 1682 1038 illi
1702 1001 1714 1037 :
1741 979 1910 1035 Nimis

317 1101 596 1178 profunda:
615 1099 766 1171 [acus
789 1102 905 1148 sunt
925 1088 1248 1162 cogitationes
1278 1092 1396 1138 tuae.
1423 1075 1660 1136 Tenuisti
1686 1073 1907 1143 lignum,

309 1165 518 1254 irausis
543 1165 636 1265 pe}
656 1192 810 1248 istam
833 1181 1264 1258 profunditatem.
1287 1175 1450 1250 Vides
1475 1172 1546 1227 ibi
1567 1165 1802 1239 aliquid?
1831 1165 1912 1219 in-

318 1287 521 1359 telligis
542 1259 614 1341 ibi
641 1279 874 1352 aliquid?
904 1275 1162 1346 Intelligo,
1189 1269 1343 1326 dicis.
1372 1265 1427 1323 Si
1461 1265 1563 1317 fam
1591 1259 1911 1316 christianus
1945 1327 1949 1350 λ

317 1396 399 1449 es,
440 1355 501 1435 et
539 1377 674 1432 bene
695 1371 954 1434 eruditus,
978 1365 1108 1422 dicis
1134 1381 1148 1418 :
1179 1362 1315 1416 Deus
1335 1355 1536 1428 judicio
1557 1369 1653 1408 suo
1673 1357 1912 1406 reservat

315 1443 522 1532 omnia.
557 1469 688 1526 Boni
710 1466 973 1528 laborant,
997 1460 1120 1532 quia
1152 1455 1483 1526 ﬂagellant'ur
1509 1457 1568 1504 ut
1617 1445 1708 1501 lilii
1738 1462 1751 1498 :
1785 1443 1909 1498 mali

317 1567 618 1630 exsultant,
641 1562 763 1632 quia
790 1558 1110 1614 damnantur
1137 1561 1196 1606 ut
1220 1545 1398 1602 alieni.
1425 1545 1566 1598 Duos
1590 1539 1726 1594 filios
1751 1536 1915 1590 habet.

317 1659 508 1722 homo;
539 1629 765 1711 alterum
796 1649 1052 1719 castigat,
1086 1644 1308 1699 alterum
1339 1633 1594 1693 dimittit:
1624 1629 1750 1686 facit
1779 1642 1914 1682 unus

319 1751 482 1816 male,
513 1757 567 1804 et
587 1761 697 1800 non
724 1741 1008 1810 corripitur
1034 1753 1064 1791 a
1091 1743 1277 1806 patre;
1308 1730 1443 1785 alter
1475 1739 1600 1782 mox
1628 1731 1687 1777 ut
1714 1736 1772 1775 se
1802 1733 1915 1774 mo—

318 1809 496 1904 veriti.
528 1836 766 1908 colaphis
787 1809 1010 1890 cwditur
1029 1869 1042 1893 ,
1076 1825 1392 1896 ﬂagellatur.
1421 1816 1573 1875 Unde
1619 1813 1708 1868 ille
1731 1809 1913 1866 dimit-

319 1939 470 1996 titur,
505 1934 594 1988 ille
619 1906 860 1992 cluditur,
889 1923 990 1979 nisi
1018 1921 1141 1992 quia
1163 1917 1285 1972 huic
1314 1927 1454 1970 οωεο
1477 1906 1760 1964 hrcreditas
1800 1917 1916 1958 ser-

317 2039 502 2094 vatur,
544 2026 632 2080 ille
673 2033 851 2076 autem
901 2015 1152 2072 dimissus
1191 2003 1563 2064 exhaeredatus
1610 1997 1731 2054 est?
1760 1993 1915 2050 Videt

321 2137 452 2176 eum
483 2084 587 2174 non
610 2113 804 2170 habere
830 2123 1010 2179 spem,
1039 2112 1093 2160 et
1115 2099 1332 2156 dimittit
1357 2111 1476 2152 eum
1507 2103 1565 2149 ut
1593 2090 1748 2146 faciat
1775 2084 1916 2157 quod

323 2213 466 2267 vult.
497 2211 628 2264 Puer
651 2214 826 2260 autem
851 2201 936 2272 qui
967 2195 1281 2270 ﬂagellatur,
1314 2191 1358 2246 si
1383 2205 1476 2244 cor
1517 2201 1623 2241 non
1649 2180 1912 2246 habuerit,

319 2315 380 2360 et
411 2301 718 2372 imprudens
749 2295 906 2350 fuerit
947 2301 1002 2348 et
1049 2289 1240 2343 stultus
1263 2327 1276 2350 ,
1303 2281 1598 2356 gratulatur
1625 2274 1775 2330 fratri
1819 2288 1916 2329 suo

321 2398 414 2466 qui
445 2367 552 2450 non
574 2389 786 2461 vapulat
809 2397 824 2453 ;
852 2383 1085 2456 ctgcmit
1110 2380 1177 2435 de
1203 2393 1282 2442 se,
1305 2385 1355 2430 et
1375 2373 1502 2428 dicit
1523 2371 1574 2424 in
1593 2367 1754 2423 corde
1779 2379 1876 2419 suo
1901 2381 1913 2410 ε

321 2460 494 2544 'i‘anta
523 2460 662 2540 mala
687 2481 810 2536 facit
828 2477 994 2533 frater
1020 2486 1190 2538 meus,
1221 2463 1472 2540 quidquid
1503 2462 1614 2517 vult
1641 2460 1764 2514 facit
1789 2471 1918 2512 con-

323 2590 406 2637 tra
441 2585 706 2650 praecepta
745 2571 910 2644 patris
939 2567 1084 2632 mei,
1120 2571 1174 2619 et
1217 2575 1372 2616 nemo
1411 2557 1486 2610 illi
1532 2555 1652 2608 facit
1699 2549 1917 2604 verbum

321 2671 552 2736 durum;
581 2645 702 2738 ego,
734 2679 857 2720 mox
885 2671 939 2716 ut
959 2674 1044 2714 me
1073 2668 1291 2712 movero
1315 2693 1330 2717 ,
1358 2649 1556 2705 caedor.
1586 2645 1788 2700 Stultus
1815 2648 1917 2707 est,

321 2732 642 2834 imprudens
689 2732 810 2822 est;
839 2751 1066 2810 attendit
1109 2745 1236 2820 quid
1277 2742 1512 2815 patitur,
1545 2753 1654 2794 non
1694 2732 1946 2820 attendit

323 2855 452 2925 quid
479 2853 556 2908 illi
579 2860 843 2908 servatur.

398 2947 454 3002 9.
487 2944 650 3018 [vers.
681 2945 733 3007 7,
766 2939 854 3014 8.]
884 2939 1005 2994 Ideo
1021 2950 1142 2990 cum
1173 2931 1429 2996 dixisset,
1463 2925 1632 2981 Nimis
1654 2919 1921 2996 profunda:

327 3015 620 3114 facite—sunt
663 3036 985 3110 cogitationes
1023 3024 1405 3096 tuw;subjecit
1446 3020 1622 3076 statim
1654 3059 1668 3082 ,
1707 3015 1794 3071 Vir
1821 3015 1920 3068 im-

325 3105 551 3210 prudens
571 3148 672 3188 non
701 3105 982 3200 cognoscet,
1014 3132 1058 3176 et
1084 3120 1264 3175 stultus
1285 3132 1386 3171 non
1411 3111 1652 3182 intelliget
1681 3124 1758 3162 ea.
1792 3105 1921 3174 Qua:

325 3239 454 3286 sunt
480 3239 604 3298 quas
647 3238 756 3278 non
785 3217 1044 3288 intelliget
1090 3213 1282 3267 stultus
1306 3251 1320 3275 ,
1352 3215 1407 3264 et
1437 3220 1556 3276 qua:
1585 3217 1693 3256 non
1719 3211 1919 3270 cogno-

323 3332 446 3379 scet
491 3295 842 3388 imprudens?
871 3312 1000 3368 Cum
1032 3307 1329 3364 exoriuntur
1368 3307 1649 3372 peccatores
1678 3295 1802 3350 sicut
1842 3295 1922 3364 [e-

325 3433 474 3472 num.
511 3411 650 3483 Quid
692 3417 804 3474 est,
831 3406 958 3461 sicut
985 3405 1157 3476 fenum
1180 3401 1204 3454 ?
1225 3397 1408 3452 Virent
1433 3407 1554 3448 cum
1587 3389 1758 3444 hiems
1803 3392 1919 3450 est;

325 3508 426 3566 sed
449 3478 696 3562 arescent
715 3508 923 3556 aestate.
953 3492 1196 3551 Attendis
1229 3489 1414 3544 ﬂorem
1442 3484 1568 3540 feni.
1607 3479 1742 3550 Quid
1769 3478 1924 3534 citius

327 3601 564 3659 transit?
593 3595 732 3666 Quid
761 3589 1018 3650 lucidius?
1043 3586 1168 3660 quid
1195 3580 1448 3640 viridius?
1474 3578 1588 3634 Non
1615 3585 1667 3632 te
1695 3574 1924 3629 delectet

328 3695 574 3752 viriditas
615 3689 814 3762 ipsius,
843 3685 938 3742 sed
992 3683 1118 3738 time
1161 3677 1460 3734 ariditatem
1501 3670 1687 3741 ipsius.
1717 3665 1924 3748 Audisti

329 3795 618 3862 peccatores
637 3757 766 3852 sicut
791 3785 984 3851 fenum,
1007 3773 1127 3830 audi
1155 3779 1210 3828 et
1229 3771 1403 3842 justos
1432 3784 1445 3821 :
1468 3763 1720 3833 Quoniam
1743 3774 1854 3813 ecce
1881 3757 1920 3814 ¹.

331 3853 552 3936 interim
576 3875 756 3932 videte
783 3877 1112 3943 peccatores;
1140 3866 1277 3920 sicut
1299 3861 1481 3916 fenum
1510 3855 1724 3920 ﬂorent,
1749 3853 1922 3908 bene:

331 3973 430 4031 sed
457 3972 548 4043 qui
577 3977 702 4024 sunt
729 3966 816 4037 qui
847 3979 956 4020 non
976 3955 1337 4031 cognoscunt?
1357 3951 1515 4009 Stulti
1538 3959 1592 4005 et
1619 3944 1925 4017 impruden-

333 4075 438 4123 tes.
469 4061 600 4121 Cum
627 4059 928 4117 exoriuntur
953 4061 1238 4126 peccatores
1271 4048 1398 4102 sicut
1423 4048 1614 4116 fenum,
1642 4048 1688 4094 et
1714 4052 1926 4110 prospe-

335 4163 506 4218 zerint
535 4172 707 4214 omnes
746 4154 832 4225 qui
861 4157 1138 4219 operantur
1159 4142 1496 4214 iniquitatem.
1533 4135 1732 4192 Omnes
1757 4131 1848 4202 qui
1874 4129 1928 4184 in

337 4253 504 4309 corde
531 4265 632 4306 suo
673 4262 778 4303 non
806 4251 954 4300 recta
998 4238 1238 4296 sentiunt
1265 4233 1332 4290 de
1373 4232 1514 4296 Deo,
1541 4229 1930 4300 prOSpexerunt

338 4351 652 4416 peccatores
675 4335 978 4393 exorientes
1005 4330 1144 4387 sicut
1159 4328 1358 4391 fenum,
1381 4322 1434 4378 id
1458 4330 1560 4388 est,
1589 4319 1843 4374 ﬂorentes
1862 4313 1930 4370 ad

340 4411 574 4506 iempus.
603 4431 780 4500 Quare
805 4427 928 4482 illos
962 4417 1325 4493 prospiciunt?
1365 4415 1432 4471 Ut
1461 4414 1706 4469 intereant
1751 4411 1802 4464 in
1831 4423 1930 4464 sat-

339 4527 516 4584 culnm
533 4523 726 4582 seculi.
753 4515 1048 4576 Attendunt
1071 4513 1214 4568 enim
1245 4509 1432 4566 ﬂorem
1463 4506 1698 4577 ipsorum
1729 4510 1938 4570 tempo—

339 4623 534 4686 ralem,
563 4617 838 4673 imitantur
866 4611 1004 4676 illos,
1037 4615 1091 4664 et
1114 4607 1354 4662 volentes
1376 4617 1499 4658 cum
1521 4599 1625 4656 illis
1649 4596 1842 4652 ﬂorere
1869 4593 1936 4648 ad

343 4723 590 4782 tempus,
613 4711 885 4764 intereunt
923 4704 979 4759 in
1005 4709 1264 4760 aiternum
1298 4713 1312 4752 :
1337 4696 1440 4753 hoc
1464 4703 1566 4762 est,
1597 4691 1664 4748 Ut
1691 4692 1936 4746 intereant

343 4809 402 4863 in
429 4803 674 4862 saeculum
705 4799 901 4856 seaculi.

421 4899 510 4955 10.
533 4897 703 4972 [νει-ε.
735 4895 770 4952 9
793 4935 809 4961 ,
833 4889 965 4963 10.]
991 4888 1074 4944 Tu
1093 4896 1258 4942 autent
1281 4883 1571 4939 Altissimus
1615 4880 1670 4934 in
1696 4887 1938 4934 ueternum

343 5011 436 5062 es,
485 4990 724 5047 Domine.
767 4987 1068 5057 Expectans
1117 4979 1346 5048 desuper
1393 4991 1458 5032 ex
1507 4973 1804 5030 mternitate
1852 4979 1942 5024 tua

345 5084 564 5158 quando
594 5087 830 5137 transeat
855 5087 1064 5146 tempus
1086 5073 1388 5142 iniquorum
1407 5108 1422 5133 ,
1453 5074 1510 5122 et
1533 5065 1710 5120 veniat
1733 5074 1943 5132 tempus

345 5155 640 5252 iustorum.
697 5171 953 5238 Quoniam
1001 5183 1129 5224 ecce.
1163 5161 1459 5228 lntendite,
1487 5157 1700 5214 fratres.
1749 5155 1866 5211 Jam
1890 5161 1946 5209 et

349 5271 470 5343 ipse
497 5269 592 5340 qui
619 5265 852 5338 loquitur
878 5265 899 5296 ³
931 5259 1196 5334 (loquitur
1223 5255 1365 5313 enim
1393 5269 1458 5310 ex
1483 5265 1712 5324 persona
1743 5256 1941 5312 nostra,

351 5339 594 5434 loquitur
636 5375 704 5417 ex
725 5370 956 5429 persona
993 5350 1234 5423 corporis
1262 5346 1458 5404 Christi
1486 5361 1500 5398 :
1532 5341 1779 5398 Christus
1804 5339 1944 5394 enim

353 5428 594 5524 loquitur
616 5453 668 5506 in
695 5428 921 5520 corpore
944 5459 1063 5511 suo,
1093 5441 1146 5498 id
1169 5447 1272 5504 est,
1305 5439 1358 5494 in
1383 5435 1620 5493 Ecclesia
1651 5431 1807 5502 sua),
1835 5428 1948 5501 jam

350 5521 532 5617 iunxit
559 5559 620 5599 se
667 5537 950 5596 aeternitati
975 5535 1070 5591 Dei
1102 5551 1116 5588 :
1149 5533 1286 5590 sicut
1325 5529 1478 5586 vobis
1514 5526 1674 5598 paulo
1697 5534 1822 5580 ante
1868 5521 1950 5578 di-

355 5640 545 5698 cebam
573 5678 587 5703 ,
610 5631 928 5706 longanimis
970 5636 1052 5685 est
1101 5628 1240 5682 Deus
1264 5633 1319 5681 et
1363 5623 1569 5696 patiens
1589 5662 1604 5688 ,
1635 5619 1817 5676 omnia
1849 5617 1950 5672 ista

427 5817 444 5847 ι
483 5811 612 5875 Αριιὰ
635 5816 709 5858 Er.
727 5817 846 5858 ven.
862 5811 914 5856 et
930 5811 1062 5875 ιρι,
1077 5799 1316 5875 quomodo
1369 5808 1489 5874 Ecce
1504 5797 1714 5875 interim,
1731 5803 1826 5875 etc.
1893 5801 1948 5844 Μ.

425 5879 448 5908 ³
480 5859 682 5927 Siciliae.
708 5877 887 5934 praeter
925 5859 1135 5934 alterum
1177 5876 1208 5913 e
1247 5862 1383 5934 garb.
1407 5863 1490 5931 qui
1513 5862 1682 5924 habet,
1713 5865 1760 5914 et
1793 5859 1954 5925 ipsum

491 5926 548 5990 at
565 5926 771 5996 Edd..'et
791 5931 894 5986 inse
918 5927 1158 5993 loquitur;
1180 5926 1372 5986 omisso,
1395 5926 1494 5990 qui.

1420 397 1819 464 ENARBATIO
1853 395 1922 455 IN
1959 395 2285 456 PSALMUM
2319 399 2457 458 XCI.

3457 405 3600 465 i178

2021 531 2140 586 qua:
2177 515 2322 572 videt
2374 517 2509 572 mala
2552 531 2582 572 a
2629 515 2782 574 malis
2823 515 2937 576 ﬁeri
2975 518 3186 576 tolerat.
3222 518 3434 587 Quare?
3461 520 3599 588 Quia

2015 617 2247 664 aeternus
2269 618 2388 678 est,
2417 619 2471 666 et
2490 610 2633 666 videt
2659 610 2785 684 quid
2815 611 2920 666 illis
2959 619 3155 666 servet.
3179 609 3272 667 Vis
3309 621 3362 667 et
3391 619 3446 666 tu
3476 625 3597 668 esse

2015 701 2332 773 longanimis
2370 712 2423 756 et
2451 703 2689 772 patiens?
2717 703 2888 775 Junge
2923 713 2972 759 te
3001 704 3283 758 mternitati
3311 703 3440 769 Dei;
3473 719 3596 759 cum

2015 793 2109 850 illo
2133 803 2379 865 exspecta
2409 795 2496 850 illa
2521 811 2640 865 qua:
2667 795 2801 850 infra
2829 805 2880 852 te
2906 804 3064 850 sunt:
3097 811 3216 850 cum
3243 796 3384 850 enim
3411 795 3590 850 adlue-

2015 889 2145 944 serit
2175 905 2268 946 cor
2293 897 2440 944 tuum
2473 889 2773 954 Altissimo,
2807 889 2943 945 infra
2989 897 3041 945 te
3065 898 3221 944 erunt
3249 889 3427 944 omnia
3455 903 3596 942 mor-

2016 982 2172 1048 talia;
2201 991 2255 1038 et
2279 982 2366 1038 dic
2403 979 2543 1052 quod
2587 983 2844 1052 sequitur,
2878 981 3128 1048 Quoniam
3156 998 3266 1037 ecce
3307 981 3498 1034 inimici
3525 981 3598 1034 tui

2015 1077 2388 1150 peribunt-Qui
2417 1077 2576 1132 modo
2592 1075 2803 1142 ﬂorent,
2836 1086 3016 1146 postea
3045 1075 3310 1147 peribunt.
3341 1076 3440 1144 Qui
3472 1083 3595 1129 sunt

2015 1171 2215 1226 inimici
2239 1169 2364 1225 Dei?
2386 1170 2622 1236 Fratres,
2651 1169 2786 1223 forte
2813 1168 2932 1224 illos
2961 1169 3102 1224 solos
3127 1172 3323 1240 putatis
3351 1166 3596 1222 inimicos

2015 1263 2112 1328 Dei
2139 1263 2226 1333 qui
2254 1261 2646 1330 blaSphemant?
2671 1261 2804 1315 Sunt
2833 1259 3044 1328 quidem
3073 1269 3124 1314 et
3150 1259 3246 1329 ipsi
3271 1300 3286 1325 ,
3315 1267 3368 1313 et
3388 1267 3595 1312 atroces

2015 1353 2100 1409 isti
2140 1353 2228 1422 qui
2281 1367 2380 1430 nec
2404 1352 2579 1422 lingua
2610 1365 2709 1407 nec
2752 1349 3160 1421 cogitationibus
3193 1349 3347 1404 malis
3374 1357 3594 1419 parcunt

2015 1446 2224 1516 injuriis
2247 1445 2358 1501 Dei.
2388 1445 2456 1500 Et
2483 1443 2608 1515 quid
2631 1443 2824 1500 faciunt
2862 1443 2972 1520 D00
2994 1441 3207 1496 excelso
3227 1483 3240 1505 ,
3271 1449 3470 1496 interno
3491 1441 3515 1496 ?
3539 1438 3598 1496 Si

2017 1557 2194 1612 pugno
2219 1539 2274 1594 in
2302 1540 2604 1595 columnam
2631 1537 2812 1602 ferias,
2845 1545 2900 1591 tu
2927 1535 3174 1591 hederis:
3202 1543 3254 1589 et
3284 1543 3435 1604 putas
3475 1534 3596 1603 quia

2016 1631 2344 1703 blasphemia
2395 1628 2561 1686 Déum
2615 1629 2919 1700 percutiens
2964 1642 3070 1682 non
3113 1635 3167 1680 tu
3214 1624 3599 1694 di-rumperis?

2017 1741 2140 1781 nam
2181 1725 2309 1779 nihil
2339 1723 2468 1780 facis
2499 1724 2625 1780 Deo.
2667 1723 2772 1778 Sed
2802 1721 2998 1776 inimici
3027 1720 3116 1774 Dei
3145 1728 3326 1788 aperte
3357 1715 3602 1788 blasphe-

2015 1827 2252 1873 matorcs
2273 1825 2412 1880 sunt,
2438 1825 2491 1872 et
2509 1814 2746 1886 quotidie
2771 1812 2962 1869 occulti
3007 1811 3364 1866 inveniuntur.
3405 1809 3601 1864 Cavete

2019 1911 2152 1966 tales
2197 1909 2496 1964 inimicitias
2538 1907 2650 1962 Dei.
2681 1905 2946 1973 Quosdam
2975 1903 3116 1960 enim
3153 1903 3389 1958 occultos
3431 1901 3604 1956 inimi-

2018 2016 2111 2056 cos
2141 2001 2237 2055 Dei
2253 1999 2525 2069 Scriptura
2557 1999 2757 2068 aperit;
2783 1999 2978 2067 ntquia
3007 2011 3112 2050 non
3135 1993 3252 2049 illos
3279 2003 3430 2063 potes
3449 2005 3604 2047 nosse

2019 2093 2182 2148 corde
2225 2102 2313 2147 tuo
2339 2133 2353 2158 ,
2382 2091 2594 2146 noveris
2623 2090 2740 2145 illos
2784 2089 2836 2143 in
2865 2087 3134 2158 Scriptura
3165 2085 3258 2141 Dei
3286 2125 3299 2148 ,
3327 2095 3381 2139 et
3415 2097 3606 2138 caveas

2019 2185 2244 2242 inveniri
2286 2201 2406 2240 cum
2458 2184 2584 2238 illis.
2616 2185 2815 2252 Aperte
2861 2180 2987 2236 dicit
3013 2179 3240 2235 Jacohus
3285 2177 3335 2231 in
3369 2175 3603 2245 Epistula

2013 2293 2118 2334 sua
2152 2295 2164 2330 :
2195 2275 2414 2330 Nescitis
2443 2277 2562 2345 quia
2600 2273 2791 2326 amicus
2834 2272 2985 2342 hujus
3017 2270 3220 2335 mundi,
3252 2269 3484 2322 inimicus
3508 2265 3606 2320 Dei

2020 2369 2338 2424 constituitur
2367 2366 2566 2435 (Jacobi
2591 2382 2640 2418 tv
2661 2406 2674 2430 ,
2704 2363 2799 2435 4)?
2825 2363 3052 2418 Audisti.
3088 2361 3203 2416 Non
3230 2359 3308 2413 vis
3343 2373 3464 2413 esse
3507 2356 3609 2411 ini-

2022 2461 2192 2516 micus
2224 2459 2354 2514 Dei?
2383 2457 2501 2512 Noli
2529 2472 2648 2512 esse
2695 2457 2896 2510 amicus
2939 2455 3098 2524 hujus
3144 2450 3328 2506 mundi
3361 2467 3375 2505 :
3413 2465 3535 2502 nam
3561 2449 3606 2504 si

2023 2553 2226 2609 amicus
2269 2550 2429 2606 fueris
2456 2549 2610 2619 hujus
2639 2549 2856 2613 mundi,
2890 2547 3133 2602 inimicus
3169 2546 3275 2600 eris
3300 2543 3430 2598 Deo.
3457 2541 3606 2609 Quo-

2019 2647 2182 2704 modo
2208 2647 2349 2702 enim
2378 2659 2482 2700 non
2507 2651 2684 2716 potest
2712 2642 2824 2697 ﬁeri
2861 2640 3098 2695 adultera
3129 2638 3321 2707 conjux
3344 2680 3358 2704 ,
3381 2637 3481 2690 nisi
3509 2635 3607 2690 ini-

2023 2742 2160 2796 mica
2191 2739 2260 2793 sit
2302 2737 2418 2791 viro
2441 2749 2579 2790 suo:
2619 2733 2694 2788 sic
2721 2731 2896 2786 anima
2942 2730 3179 2786 adultera
3217 2742 3399 2782 amore
3429 2741 3608 2782 rerum

2024 2829 2380 2894 saicularium,
2407 2843 2509 2880 non
2541 2832 2714 2896 potest
2736 2823 2836 2878 nisi
2867 2821 3080 2876 inimica
3106 2833 3225 2875 esse
3253 2819 3384 2873 Deo.
3412 2817 3606 2884 Timet,

2024 2921 2118 2977 sed
2149 2935 2256 2975 non
2286 2927 2429 2974 amat
2457 2936 2470 2971 :
2495 2931 2706 2988 pinnam
2731 2915 2899 2976 timet,
2929 2928 3036 2966 non
3057 2911 3261 2984 justitia
3294 2909 3606 2964 delectatur.

2026 3012 2170 3084 Ergo
2199 3011 2398 3066 inimici
2424 3011 2516 3064 Dei
2544 3021 2732 3063 omnes
2769 3017 3033 3060 amatores
3062 3002 3247 3058 mundi
3273 3045 3287 3068 ,
3319 3016 3505 3058 omnes
3532 3001 3614 3056 in-

2024 3104 2310 3177 quisitores
2334 3115 2613 3173 nugarum,
2640 3113 2832 3155 omnes
2856 3097 3190 3153 consultores
3215 3095 3608 3164 sortilegorum,

2023 3196 2519 3252 mathematicorum
2545 3235 2560 3262 ,
2591 3191 2901 3264 pythonum.
2931 3187 3138 3244 lntrent
3162 3189 3179 3220 ¹
3203 3185 3478 3252 ecclesias,
3507 3199 3612 3238 non

2025 3289 2224 3344 intrent
2250 3287 2523 3351 ecclesias;
2556 3282 2755 3339 inimici
2783 3281 2876 3337 Dei
2895 3291 3040 3336 sunt.
3059 3278 3139 3334 Ad
3163 3287 3369 3348 tempus
3391 3284 3614 3346 possunt

2025 3381 2218 3438 ﬂorere
2246 3381 2383 3435 sicut
2410 3379 2620 3443 fenum;
2659 3374 2906 3447 peribunt
2935 3379 3112 3426 autem
3135 3411 3150 3436 ,
3175 3383 3300 3424 cum
3325 3368 3415 3422 ille
3443 3366 3611 3437 inspi-

2025 3491 2150 3532 cere
2200 3473 2451 3544 cteperit,
2476 3469 2810 3542 etjudicium
2852 3481 3005 3521 suum
3043 3465 3095 3518 in
3144 3475 3358 3517 onmem
3395 3473 3611 3515 carnem

2026 3565 2326 3623 adduxerit.
2355 3564 2525 3634 iunge
2569 3570 2624 3618 te
2653 3561 2940 3630 Scriptura:
2969 3555 3102 3622 Dei,
3135 3563 3190 3609 et
3217 3551 3304 3607 die
3333 3550 3461 3606 illud
3491 3565 3612 3604 cum

2019 3660 2132 3726 isto
2169 3659 2416 3729 psalmo:
2453 3655 2704 3723 Quoniam
2746 3668 2857 3706 ecce
2893 3648 3086 3704 inimici
3111 3647 3184 3700 tui
3221 3644 3470 3716 peribunt.
3498 3641 3612 3697 Non

2021 3751 2100 3808 ibi
2149 3751 2466 3812 inveniaris,
2513 3747 2600 3802 ubi
2629 3745 2892 3816 peribunt.
2933 3741 3003 3796 Et
3044 3741 3396 3811 dispergentur
3445 3751 3615 3790 omnes

2027 3846 2114 3918 qui
2142 3851 2416 3916 aperantur
2439 3839 2771 3910 iniquitatem.

2103 3938 2188 3992 11.
2211 3935 2362 4008 [vers.
2388 3931 2500 4006 11.]
2520 3931 2658 4000 Quid
2687 3938 2738 3984 tu
2765 3927 2853 3998 qui
2885 3926 3096 3980 laboras
3125 3922 3286 3978 modo
3306 3963 3319 3987 ,
3344 3921 3388 3975 si
3414 3918 3614 3974 inimici

2031 4029 2125 4085 Dei
2158 4029 2422 4098 peribunt,
2471 4033 2524 4079 et
2552 4023 2923 4092 dispergentur
2963 4031 3150 4072 omnes
3202 4016 3289 4084 qui
3331 4021 3618 4082 operantur

2023 4099 2406 4192 iniquitatem?
2434 4127 2488 4172 tu
2517 4116 2606 4186 qui
2633 4116 2771 4168 inter
2811 4113 2910 4168 ista
2937 4107 3217 4174 scandala,
3249 4105 3392 4160 inter
3419 4102 3617 4173 iniqui-

2033 4223 2168 4270 tates
2188 4215 2445 4268 humanas
2466 4207 2655 4281 gemis,
2683 4207 2770 4277 qui
2794 4201 3058 4260 tribularis
3083 4202 3136 4255 in
3153 4213 3336 4266 carne,
3367 4196 3460 4252 sed
3485 4211 3618 4266 gau-

2030 4307 2130 4364 des
2153 4307 2204 4362 in
2225 4303 2408 4371 corde,
2431 4300 2558 4374 quid
2580 4309 2632 4355 tu
2649 4299 2673 4352 ?
2693 4315 2809 4369 qua:
2841 4297 2934 4352 tibi
2958 4309 3101 4366 spes,
3128 4307 3159 4346 ο
3175 4303 3368 4361 corpus
3385 4286 3620 4344 Christi?

2027 4401 2079 4482 _0
2100 4400 2326 4463 Christe,
2350 4397 2438 4466 qui
2465 4395 2517 4449 in
2544 4392 2694 4448 oculis
2716 4391 2869 4447 sedes
2898 4387 2964 4442 ad
2983 4386 3259 4442 dexteram
3289 4381 3481 4446 Patris,
3527 4378 3623 4435 sed

2029 4475 2259 4565 :pedibus
2286 4489 2387 4542 tuis
2408 4495 2462 4542 et
2485 4483 2738 4540 membris
2765 4481 2869 4536 tuis
2893 4479 3102 4533 laboras
3120 4477 3171 4530 in
3199 4483 3357 4540 terra,
3386 4481 3441 4529 et
3467 4472 3620 4539 dicis,

2030 4570 2220 4650 'Saule,
2245 4581 2421 4647 Saule,
2444 4577 2562 4650 quid
2579 4593 2656 4630 me
2685 4572 2989 4647 persequeris
3017 4569 3150 4642 (Act.
3177 4583 3257 4632 ix,
3274 4565 3360 4637 4)?
3387 4575 3443 4620 tu
3467 4578 3626 4636 quam

2039 4691 2188 4748 spem
2220 4673 2438 4730 habebis
2465 4713 2479 4738 ,
2511 4671 2554 4725 si
2587 4667 2785 4723 inimici
2815 4665 2907 4720 Dei
2937 4663 3204 4734 peribunt,
3233 4669 3288 4717 et
3315 4658 3629 4729 dispergen-

2034 4781 2128 4847 tur
2152 4783 2338 4825 omnes
2370 4766 2458 4836 qui
2490 4772 2774 4832 operantur
2803 4755 3179 4829 iniquitatem?
3207 4751 3333 4825 quid
3365 4751 3456 4806 tibi
3483 4749 3585 4806 erit
3603 4748 3629 4802 ?

2041 4864 2110 4920 Et
2137 4862 2440 4920 exaltabitur
2470 4859 2596 4913 sicut
2640 4855 2896 4910 unicornis
2925 4869 3084 4906 cornu
3127 4865 3314 4904 meum.
3351 4848 3525 4914 Quare
3549 4845 3632 4900 di-

2043 4958 2153 5022 xit,
2181 4955 2308 5010 sicut
2338 4949 2629 5005 unicornis?
2648 4945 2942 5016 Aliquando
2963 4942 3234 4998 unicornis
3263 4938 3523 5010 signiﬁcat
3543 4951 3636 4991 su-

2047 5047 2307 5122 perbiam,
2330 5041 2612 5114 aliquando
2635 5039 2904 5094 unicornis
2924 5035 3301 5092 exultationem
3327 5028 3540 5085 unitatis
3559 5025 3635 5082 si-

2045 5141 2262 5216 gnificat
2281 5159 2293 5194 :
2312 5138 2434 5210 quia
2448 5135 2621 5190 unitas
2633 5133 2913 5194 exaltatur,
2929 5143 3115 5184 omnes
3133 5125 3366 5180 hzereses
3390 5135 3511 5176 cum
3535 5120 3636 5174 ini-

2049 5213 2202 5290 micis
2230 5231 2322 5287 Dei
2347 5228 2611 5300 peribunt.
2639 5223 2702 5278 Et
2724 5221 3025 5278 caaltabitur
3043 5219 3171 5273 sicut
3198 5213 3452 5269 unicornis
3479 5227 3637 5265 cornu

2051 5343 2235 5380 meum.
2267 5323 2336 5378 Et
2365 5318 2574 5391 quando
2595 5315 2734 5372 erit?
2761 5313 2830 5367 Et
2856 5319 3081 5368 senectus
3106 5323 3218 5361 mea
3262 5305 3317 5359 in
3349 5304 3636 5360 misericor-

2053 5421 2138 5474 dia
2165 5415 2359 5488 pingui.
2391 5411 2532 5479 Quid
2561 5408 2720 5474 dixit,
2751 5413 2976 5461 senectus
3000 5398 3153 5454 mea?
3171 5396 3468 5454 Novissima
3496 5408 3636 5450 mea.

2053 5508 2330 5581 Quomodo
2355 5507 2408 5561 in
2439 5503 2682 5558 :etatibus
2703 5497 2898 5554 nostris
2924 5491 3208 5549 novissima
3247 5499 3492 5546 senecms
3518 5494 3637 5551 est;

2055 5606 2134 5662 sic
2161 5611 2332 5659 totum
2377 5599 2480 5655 hoc
2508 5594 2650 5668 quod
2691 5592 2852 5648 modo
2895 5587 3094 5660 patitur
3121 5603 3315 5660 corpus
3358 5585 3556 5644 Christi
3583 5582 3639 5638 in

2055 5701 2330 5758 laboribus
2348 5740 2363 5766 ,
2388 5699 2440 5754 in
2466 5679 2719 5752 aerumnis
2737 5731 2752 5755 ,
2793 5688 2848 5742 in
2875 5685 3068 5758 vigiliis
3086 5724 3102 5752 ,
3133 5685 3185 5739 in
3212 5683 3353 5739 fame
3372 5723 3388 5750 ,
3437 5682 3486 5735 in
3514 5679 3636 5744 siti,

2058 5797 2110 5854 in
2158 5791 2423 5851 scandalis
2447 5833 2464 5857 ,
2495 5789 2548 5844 in
2576 5781 2962 5856 iniquitatibus,
2993 5784 3046 5834 in
3086 5776 3370 5850 pressaris,
3393 5774 3642 5846 juventus

2127 5921 2144 5949 ι
2177 5917 2248 5966 Sic
2271 5922 2375 5968 Ain.
2392 5915 2469 5965 Er.
2492 5914 2544 5960 et
2567 5903 2790 5968 plerique
2815 5907 2922 5954 Mss.
2945 5905 3002 5952 At
3015 5905 3148 5960 Lov.,
3167 5897 3366 5948 latrant.
