4048 6474
449 445 617 520 ipsius
640 455 723 508 est
753 465 766 502 :
799 454 1046 505 senectus
1088 448 1287 521 ipsius,
1319 446 1372 504 id
1396 455 1516 518 est,
1553 446 1840 504 novissima
1865 449 2034 520 ipsius

449 541 504 600 in
524 541 708 598 itetitia
735 550 911 598 erunt.
942 538 1010 598 Et
1037 541 1274 598 intendat
1302 539 1543 598 Charitas
1568 550 1742 598 vestra
1764 585 1780 611 ,
1805 543 1924 614 quia
1948 542 2034 598 di-

447 631 526 692 xit
568 645 918 702 senectutem,
949 651 1016 691 ne
1063 636 1256 707 putetis
1285 644 1341 691 et
1381 645 1605 691 mortem
1641 654 1653 690 :
1689 635 1848 692 homo
1891 637 2034 691 enim

451 731 505 786 in
545 745 706 786 carne
751 729 868 786 ideo
895 734 1160 794 senescit,
1194 737 1247 784 ut
1289 729 1568 785 moriatur.
1596 727 1822 786 Senecta
1852 729 2036 784 Eccle-

448 823 542 878 site
568 822 792 877 candida
820 820 919 876 erit
943 830 1085 876 recte
1113 819 1267 878 factis
1289 863 1304 889 ,
1359 831 1531 877 morte
1556 831 1731 876 autem
1762 837 1864 878 non
1913 837 2034 877 cor-

445 924 740 986 rumpetur.
795 913 945 984 Quod
992 923 1075 970 est
1116 925 1276 985 caput
1313 916 1492 984 senis,
1523 915 1624 972 hoc
1669 924 1826 972 erunt
1871 932 2032 987 opera

446 1019 647 1064 nostra.
679 1007 876 1067 Videtis
902 1005 1352 1080 quemadmodum
1383 1019 1630 1067 canescat
1652 1020 1810 1083 caput
1829 1053 1844 1079 ,
1867 1021 1919 1067 et
1945 1011 2030 1067 in-

444 1102 697 1169 albescat,
722 1109 1209 1174 quantumcumque
1235 1112 1481 1158 senectus
1507 1103 1732 1158 accedit.
1765 1104 1865 1171 Qui
1891 1103 2030 1160 bene

443 1193 674 1250 senescit
701 1194 889 1250 ordine
927 1210 1056 1263 suo,
1086 1195 1280 1266 quzeris
1316 1196 1388 1250 illi
1433 1194 1717 1267 aliquando
1762 1198 1813 1250 in
1857 1197 2030 1266 capite

441 1287 688 1356 capillum
716 1289 948 1358 nigrant,
979 1297 1164 1344 etnon
1194 1287 1398 1344 invenis
1428 1307 1441 1344 :
1474 1289 1550 1344 sic
1589 1304 1709 1344 cum
1740 1288 1898 1344 fuerit
1922 1291 2028 1344 vita

442 1390 622 1436 nostra
651 1381 770 1436 talis
794 1424 809 1448 ,
841 1389 898 1437 ut
939 1391 1207 1453 quzeratur
1252 1384 1517 1455 nigritudo
1557 1393 1929 1454 peccatorum,
1975 1393 2030 1439 et

440 1489 546 1528 non
579 1475 896 1541 inveniatur;
923 1484 1136 1532 senecta
1161 1476 1259 1532 ista
1282 1459 1665 1546 juvenilisilest,
1689 1488 1903 1535 senecta
1927 1478 2026 1532 ista

443 1562 630 1620 viridis
659 1575 761 1634 est,
784 1581 996 1638 semper
1021 1566 1234 1622 virebit.
1260 1567 1497 1624 Audistis
1537 1569 1604 1625 de
1641 1570 1760 1626 leno
1780 1580 2026 1640 peccato-

441 1670 582 1726 rum,
610 1659 788 1716 audite
809 1660 878 1716 de
897 1649 1109 1717 senecta
1133 1660 1394 1732 justorum
1423 1679 1436 1716 :
1462 1659 1705 1718 Senectus
1723 1664 1782 1718 in
1805 1680 1916 1718 mea
1932 1663 2027 1717 mi-

439 1752 713 1806 sericordia
741 1753 935 1826 pingui.

515 1845 603 1901 12.
643 1843 796 1920 [vers.
829 1845 942 1922 12.]
982 1847 1050 1902 Et
1078 1848 1295 1921 respexit
1339 1849 1513 1905 oculus
1541 1865 1682 1904 meas
1721 1850 1775 1903 in
1809 1849 2025 1904 inimicis

445 1939 568 1994 meis
595 1939 633 1993 ί.
661 1939 807 2007 Quos
827 1940 956 1995 dicit
984 1941 1228 1996 inimicos
1263 1941 1424 1996 suos?
1449 1939 1646 1996 Omnes
1672 1941 1762 2011 qui
1791 1955 2023 2011 operan-

439 2039 526 2085 tur
555 2029 908 2100 iuiquitatem.
941 2032 1052 2088 Noli
1088 2033 1366 2089 attendere
1408 2033 1526 2105 quia
1557 2034 1760 2088 amicus
1791 2042 1913 2089 tuus
1941 2042 2024 2089 est

437 2121 649 2193 iniquus
677 2125 738 2178 ἐ
789 2125 1021 2179 incurrat
1059 2125 1328 2196 negotium
1357 2169 1372 2192 ,
1415 2135 1470 2180 ct
1498 2126 1568 2182 ibi
1611 2126 1760 2182 illum
1805 2126 2019 2196 probas.

438 2215 632 2286 Incipis
660 2217 842 2272 venire
861 2227 1043 2272 contra
1068 2218 1397 2289 iniquitatem
1424 2219 1610 2289 ipsius,
1632 2227 1684 2274 et
1709 2218 1778 2274 ibi
1798 2219 2018 2284 videbis,

433 2310 556 2380 quia
609 2309 821 2380 quando
862 2311 956 2366 tibi
1000 2312 1406 2376 blandiebatur,
1453 2315 1701 2368 inimicus
1748 2324 1897 2380 erat;
1926 2315 2020 2370 sed

433 2400 668 2457 nondum
714 2403 1049 2472 pulsaveras,
1083 2421 1188 2459 non
1237 2415 1292 2459 ut
1354 2406 1719 2461 institueretur
1767 2407 1820 2460 in
1859 2407 2022 2462 corde

431 2496 571 2566 quod
601 2513 704 2550 non
734 2507 868 2564 erat,
897 2497 991 2552 sed
1025 2507 1080 2552 ut
1101 2507 1405 2569 erumperet
1434 2499 1572 2568 quod
1596 2507 1729 2553 erat.
1764 2499 1829 2552 Et
1855 2517 2024 2570 respe-

366 2657 374 2664 μ
429 2587 508 2641 xit
533 2586 709 2641 oculus
739 2605 879 2644 meus
907 2590 959 2643 in
979 2590 1194 2644 inimicis
1222 2592 1376 2657 meis;
1403 2601 1448 2645 et
1481 2591 1530 2644 in
1557 2590 1628 2645 eis
1647 2591 1730 2662 qui
1759 2592 2022 2662 insurgunt

429 2681 484 2732 in
504 2695 582 2732 me
606 2679 1013 2750 ntalignantibus,
1045 2681 1214 2735 audiet
1243 2683 1381 2736 auris
1409 2699 1539 2736 mea.
1557 2681 1820 2750 Quando?
1848 2682 1902 2736 ln
1931 2698 2020 2738 sev

431 2783 607 2830 necta.
653 2775 794 2841 Quid
821 2785 938 2841 est,
971 2776 1026 2829 in
1056 2775 1308 2831 senecta?
1334 2775 1390 2831 ln
1425 2777 1736 2832 novissimo.
1783 2776 1850 2832 Et
1895 2775 2021 2846 quid

433 2867 614 2924 audiet
639 2869 785 2923 auris
815 2870 1033 2925 nostra?
1063 2869 1277 2925 Stantes
1320 2868 1386 2923 ad
1435 2869 1710 2925 dexteram
1741 2868 2019 2924 audiemus

432 2962 574 3032 quod
599 2962 808 3018 dicetur
832 2963 909 3018 eis
954 2963 1044 3034 qui
1075 2971 1199 3018 sunt
1226 2962 1293 3017 ad
1320 2962 1590 3018 sinistram
1621 2979 1633 3015 :
1666 2961 1748 3018 Ite
1776 2963 1828 3016 in
1855 2962 2022 3033 ignem

433 3064 697 3121 internum,
724 3056 810 3125 qui
834 3067 1043 3126 paratus
1060 3064 1136 3110 est
1157 3055 1359 3110 diabolo
1378 3060 1425 3109 et
1448 3056 1641 3126 angelis
1664 3056 1776 3124 ejus
1807 3054 2016 3127 (Matth.

435 3163 566 3211 xxv,
599 3149 712 3220 41).
759 3149 842 3203 Ah
887 3149 990 3204 isto
1029 3149 1215 3204 auditu
1247 3149 1387 3204 malo
1417 3149 1596 3219 justus
1635 3165 1740 3204 non
1785 3149 2011 3205 timebit.

430 3240 588 3296 Scitis
625 3242 745 3310 quia
772 3241 969 3296 dictum
1011 3251 1091 3296 est
1123 3242 1178 3296 in
1209 3241 1438 3312 quodam
1476 3243 1682 3312 psalmo
1711 3261 1723 3297 :
1763 3261 1782 3294 ι
1817 3243 1871 3297 ln
1904 3258 2017 3297 ηιθ-

432 3333 598 3387 moria
623 3343 818 3388 atterna
846 3333 950 3390 erit
965 3333 1173 3404 justus;
1198 3333 1265 3388 ab
1279 3334 1459 3388 auditu
1484 3335 1625 3388 malo
1647 3350 1750 3388 non
1779 3334 2012 3390 timebit)

432 3421 604 3496 (Psal.
635 3438 744 3490 CXI,
773 3425 852 3493 7).
889 3424 1005 3492 Quo
1043 3425 1226 3480 auditu
1253 3424 1429 3479 malo?
1457 3423 1534 3480 ite
1564 3426 1616 3480 in
1650 3426 1821 3494 ignem
1862 3436 2019 3479 aster-

429 3529 594 3578 num,
621 3515 708 3582 qui
751 3524 964 3582 paratus
995 3524 1076 3569 est
1100 3515 1313 3570 diabolo
1350 3526 1401 3569 et
1429 3515 1633 3586 angelis
1665 3516 1802 3586 ejus.
1850 3517 1912 3570 Et
1965 3516 2015 3570 in

428 3609 508 3662 eis
545 3606 635 3676 qui
666 3608 945 3677 insurgunt
989 3609 1040 3662 in
1071 3623 1156 3664 me
1182 3609 1624 3678 malignantibus,
1653 3609 1828 3666 audiet
1876 3611 2020 3666 auris

429 3713 570 3753 mea.
607 3717 626 3752 ι

508 3790 592 3844 13.
630 3787 793 3862 [rers.
819 3789 931 3863 13.]
960 3789 1174 3846 Transit
1202 3790 1401 3856 fenum,
1429 3793 1618 3848 transit
1641 3792 1738 3850 llos
1767 3805 2018 3865 peccato-

430 3897 550 3935 rum
585 3882 747 3952 :qttid
777 3882 844 3938 de
861 3883 1054 3951 justis?
1081 3883 1260 3938 Justus
1299 3894 1356 3938 ut
1386 3886 1557 3956 palma
1583 3887 1799 3957 florebit.
1831 3886 1907 3941 llli
1928 3905 2022 3942 ex-

429 3973 675 4027 oriuntur
699 3974 836 4029 sicut
859 3974 1074 4040 fenum;
1091 3977 1264 4045 justus
1294 3985 1347 4030 ut
1376 3978 1546 4047 palma
1575 3979 1792 4048 ﬂorebit.
1824 3980 1880 4034 ln
1906 3981 2020 4050 pal-

430 4081 516 4119 ma
555 4067 890 4122 altitudinem
921 4067 1258 4137 signiﬁcavit.
1287 4068 1448 4124 Forte
1477 4078 1532 4125 et
1559 4069 1662 4126 hoc
1704 4072 2021 4141 signiﬁcavit

430 4157 484 4210 in
509 4157 702 4225 palma,
736 4157 856 4227 quia
883 4157 933 4210 in
971 4158 1280 4212 novissimis
1309 4161 1418 4214 suis
1449 4159 1665 4228 pulchra
1693 4169 1808 4228 est;
1837 4174 1892 4217 ut
1919 4163 2020 4216 ini-

439 4249 568 4300 tium
619 4247 736 4315 ejus
788 4263 818 4301 a
875 4257 1012 4303 terra
1063 4249 1256 4314 ducas,
1307 4250 1464 4303 ﬁnem
1527 4251 1692 4321 ipsius
1750 4253 1800 4305 in
1860 4267 2020 4306 cacu-

433 4339 599 4402 mine,
625 4339 714 4394 ubi
743 4339 900 4395 habet
941 4349 1102 4395 totam
1134 4340 1581 4409 pulchritudinem
1614 4359 1626 4395 :
1656 4358 1844 4413 aspera
1872 4345 2022 4400 radix

431 4431 643 4485 videtur
695 4431 746 4484 in
806 4441 943 4486 terra
969 4473 982 4495 ,
1023 4433 1237 4502 pulchra
1270 4447 1419 4487 coma
1458 4433 1558 4488 sub
1596 4435 1734 4489 caelo
1777 4444 1876 4490 est.
1908 4435 2025 4491 Erit

438 4537 567 4591 ergo
592 4531 646 4576 et
669 4530 754 4577 tua
777 4522 1113 4592 pulchritudo
1135 4524 1184 4576 in
1211 4524 1335 4578 ﬁne.
1362 4523 1526 4577 Radix
1553 4533 1639 4580 tua
1670 4527 1775 4580 ﬁxa
1803 4528 1901 4581 sit:
1927 4529 2023 4583 sed

435 4630 647 4669 sursum
693 4631 874 4670 versus
922 4615 1181 4670 habemus
1212 4615 1233 4647 ³
1262 4615 1495 4672 radicem
1542 4628 1800 4672 nostram.
1853 4619 2023 4676 Radix

432 4709 576 4763 enim
631 4717 810 4763 nostra
852 4709 1093 4764 Christus
1135 4717 1252 4775 est,
1284 4710 1372 4778 qui
1419 4712 1658 4765 ascendit
1702 4714 1755 4766 in
1803 4713 2021 4769 coelum.

435 4801 753 4856 Humiliatus
781 4801 1120 4856 exaltabitur.
1165 4801 1313 4856 Velut
1347 4803 1528 4858 cedrus
1557 4803 1609 4857 in
1635 4803 1829 4860 Libano
1849 4849 1862 4870 ,
1887 4808 2023 4861 ηηιιι

435 4896 761 4966 tiplicabitur.
783 4895 968 4950 Videte
989 4911 1123 4965 quas
1149 4895 1370 4952 arbores
1389 4896 1750 4953 dixitzlustus
1776 4910 1829 4953 ttt
1851 4901 2024 4970 palma

430 4990 650 5060 ﬂorebit;
676 4991 809 5044 velut
853 4989 1033 5043 cedrus
1060 4990 1110 5042 in
1150 4989 1365 5058 Libano,
1395 4992 1830 5063 multiplicabitur.
1857 4993 2022 5050 Num-

434 5082 558 5151 quid
584 5098 704 5138 eum
729 5081 811 5138 sol
839 5082 1027 5135 exierit
1053 5123 1068 5146 ,
1101 5083 1297 5137 arescit
1324 5084 1521 5152 palma?
1549 5087 1804 5155 numquid
1827 5087 2026 5142 arescit

433 5174 664 5228 cedrus?
685 5176 814 5228 Cum
839 5184 1016 5227 autem
1040 5173 1120 5228 sol
1146 5174 1380 5229 candens
1399 5177 1682 5245 aliquando
1705 5178 1884 5244 fuerit,
1905 5195 2025 5233 are-

433 5268 533 5321 scit
566 5268 763 5322 ienum.
798 5268 987 5323 Veniet
1013 5282 1144 5338 ergo
1166 5268 1450 5337 judicium,
1483 5279 1539 5324 ut
1566 5282 1810 5328 arescant
1834 5288 2022 5342 pecca-

433 5365 595 5420 tores,
623 5366 676 5412 et
694 5359 955 5413 virescant
977 5359 1180 5414 lideles.
1213 5358 1362 5414 Velut
1389 5361 1566 5416 cedrus
1581 5364 1631 5416 in
1654 5361 1868 5432 Libano,
1895 5365 2025 5420 mul-

433 5448 763 5518 tiplicabitur.

509 5539 595 5600 14.
627 5536 778 5610 [vers.
803 5539 1012 5614 14-16.]
1040 5541 1272 5598 Plantati
1296 5544 1350 5598 in
1379 5543 1527 5614 domo
1553 5544 1780 5614 Domini,
1804 5549 1857 5602 in
1881 5550 2025 5604 atriis

439 5711 452 5724 .
494 5652 514 5722 ,ί
551 5653 624 5722 sic
660 5651 892 5701 meliores
921 5660 1026 5702 uss.
1069 5655 1208 5716 juxta
1248 5657 1375 5706 Lxx;
1410 5664 1466 5708 At
1508 5657 1636 5719 Edd.,
1678 5659 1844 5712 oculus
1889 5675 2026 5724 meus

430 5725 651 5768 minutos
672 5726 818 5764 meos.

498 5778 519 5841 ξ
551 5781 625 5841 mf.
653 5783 771 5827 Ven.
799 5781 852 5826 et
873 5782 1005 5836 Lov.,
1049 5777 1164 5838 quia
1184 5777 1375 5841 iniquus
1396 5787 1468 5832 est
1487 5781 1573 5833 tibi
1594 5783 1792 5838 amicus.
1841 5792 1896 5836 Μ.

501 5839 522 5872 ³
550 5840 624 5890 sic
645 5845 746 5890 Am.
770 5844 826 5890 Et
845 5845 951 5891 ω
973 5844 1029 5891 At
1053 5845 1129 5893 Er.
1158 5847 1212 5908 et
1231 5839 1364 5905 me,
1387 5841 1662 5899 habeamus.

1676 333 1736 390 S.
1774 333 2140 400 AUGUSTIM
2177 335 2479 394 EPISCOPI

3594 333 3736 418 1180

2141 447 2318 504 domus
2352 449 2447 506 Dei
2480 454 2639 507 nostri
2663 453 2947 525 ﬂorebunt,
2979 455 3158 510 Adhuc
3182 455 3652 526 multiplicabuntur
3675 459 3733 515 in

2139 552 2334 597 senecta
2361 547 2501 599 uberi
2529 563 2547 600 :
2577 554 2622 600 et
2654 547 2915 615 tranquilli
2941 557 3119 615 erunt,
3152 559 3207 604 ut
3245 551 3568 606 annuntient.
3615 547 3731 612 Hoc

2139 643 2220 688 est
2235 635 2512 692 sabbatum
2531 637 2669 709 quod
2692 640 2840 694 vobis
2859 639 3014 710 paulo
3037 650 3159 697 ante
3174 640 3564 712 commendavi,
3578 646 3733 702 unde

2139 724 2301 782 habet
2339 727 2545 784 titulum
2573 729 2837 786 Psalmus.
2878 729 3170 804 Tranquilli
3204 743 3381 802 erant,
3429 743 3487 788 ut
3523 752 3728 792 annun-

2137 819 2277 872 tient.
2312 819 2489 888 Quare
2537 821 2805 893 tranquilli
2834 824 3192 879 annuntiant?
3225 823 3344 880 Non
3381 826 3504 882 idos
3541 837 3732 886 movet

2136 908 2314 966 fenum
2339 923 2672 982 peccatorum
2705 933 2718 970 :
2748 916 2940 972 cedrus
2963 928 3015 972 et
3038 917 3216 989 palma
3243 931 3341 974 nec
3361 920 3413 974 in
3439 928 3730 992 tempesta-

2137 1001 2278 1058 tibus
2307 1015 2612 1061 curvantur.
2645 1008 2786 1084 Ergo
2816 1009 3081 1080 tranquilli
3111 1011 3236 1075 sint,
3263 1020 3318 1066 ut
3347 1015 3665 1070 annuntient
3700 1029 3716 1068 :

2135 1103 2190 1150 et
2214 1111 2360 1162 vere,
2390 1097 2511 1168 quia
2535 1097 2691 1153 modo
2717 1101 3134 1156 annuntiandum
3158 1111 3240 1158 est
3268 1111 3323 1157 et
3349 1105 3730 1160 subsannantic

2137 1185 2233 1242 bus
2279 1187 2600 1244 hominibus.
2633 1191 2676 1245 Ο
2707 1191 2884 1247 miseri
2926 1192 3167 1248 homines
3207 1201 3474 1250 amatores
3503 1196 3724 1252 mundi!

2133 1282 2448 1337 annnntiant
2479 1283 2628 1338 vobis
2658 1285 2744 1355 qni
2789 1286 3005 1355 plantati
3033 1294 3156 1341 sunt
3197 1287 3247 1341 in
3287 1284 3448 1343 domo
3475 1287 3726 1358 Domini;

2133 1371 2220 1440 qui
2250 1373 2574 1429 conﬁtentur
2604 1375 2827 1431 Domino
2853 1377 2904 1431 in
2933 1379 3140 1434 cantico
3160 1387 3213 1434 et
3235 1379 3460 1448 cithara,
3482 1380 3533 1436 in
3558 1382 3728 1437 verbo

2133 1471 2185 1517 et
2229 1479 2426 1536 opere,
2457 1467 2773 1522 annuntiant
2801 1468 2986 1536 vobis,
3034 1478 3088 1525 et
3115 1469 3299 1525 dicunt
3324 1471 3475 1527 vobis
3502 1488 3517 1523 :
3548 1472 3730 1530 Nolite

2131 1554 2311 1611 seduci
2353 1556 2603 1615 felicitate
2639 1560 2971 1631 iniquorum,
3002 1562 3166 1618 nolite
3210 1563 3485 1620 attendere
3530 1563 3723 1620 ﬂorem

2132 1645 2267 1714 feni;
2304 1651 2467 1706 nolite
2501 1652 2779 1708 attendere
2807 1653 2871 1708 ad
2902 1663 3107 1724 tempus
3127 1653 3347 1720 beatos,
3372 1656 3422 1710 in
3454 1665 3721 1714 aeternum

2131 1741 2378 1798 miseros.
2405 1741 2516 1799 Nec
2544 1743 2642 1800 ista
2683 1745 2952 1800 beatitudo
2985 1762 3104 1818 quae
3137 1746 3299 1802 modo
3334 1746 3464 1802 loris
3487 1747 3728 1816 videtur,

2123 1847 2258 1890 .vera
2304 1844 2421 1900 est;
2475 1851 2572 1890 nec
2601 1835 2653 1890 in
2701 1835 2862 1892 corde
2907 1836 3046 1892 beati
3087 1847 3230 1903 surt,
3259 1839 3381 1908 quia
3407 1847 3732 1910 torquentur

2136 1925 2270 1979 mala
2303 1928 2651 1983 conscientia.
2685 1928 2761 1983 Tu
2791 1938 2966 1984 autem
2995 1932 3310 2002 tranquillus
3331 1941 3467 1999 esto,
3498 1949 3727 2004 sperans

2130 2014 2198 2070 de
2227 2018 2506 2088 promissis
2545 2019 2755 2074 Domini
2785 2020 2881 2076 Dei
2915 2022 3006 2076 tui.
3039 2021 3174 2089 Quid
3204 2023 3343 2078 enim
3380 2025 3723 2081 annuntiabis

2130 2106 2182 2162 in
2230 2111 2644 2179 tranquillitate?
2673 2113 2923 2179 Quoniam
2967 2125 3131 2169 rectus
3167 2113 3414 2171 Dominus
3455 2115 3624 2184 Deus,
3670 2128 3724 2174 et

2129 2219 2229 2256 non
2267 2214 2337 2258 est
2366 2204 2605 2276 iniquitas
2640 2206 2690 2259 in
2717 2223 2796 2260 eo.
2831 2207 3129 2275 Attend-ite,
3165 2207 3389 2275 fratres,
3423 2209 3466 2264 si
3499 2210 3726 2280 plantati

2129 2295 2256 2350 estis
2287 2295 2336 2349 in
2363 2295 2523 2351 domo
2550 2297 2780 2364 Domini,
2812 2298 2856 2352 si
2886 2299 3046 2354 vultis
3070 2299 3258 2355 florere
3286 2301 3423 2355 sicut
3448 2301 3642 2370 palma,
3667 2309 3730 2358 et

2129 2387 2464 2458 multiplicari
2495 2390 2630 2444 sicut
2653 2389 2865 2457 cedrus,
2899 2391 3105 2458 Libani,
3135 2402 3188 2446 et
3211 2407 3317 2446 non
3348 2406 3590 2449 arescere
3615 2395 3728 2449 sic-

2130 2490 2186 2534 ut
2213 2480 2393 2536 l‘enum
2424 2481 2537 2537 sole
2562 2483 2856 2549 candente;
2890 2483 3027 2539 sicut
3055 2484 3109 2539 hi
3136 2486 3224 2556 qui
3255 2486 3503 2542 videntur
3526 2486 3726 2544 ﬂorere

2129 2573 2240 2627 sole
2267 2575 2506 2629 absente.
2541 2575 2595 2629 Si
2631 2591 2758 2646 ergo
2785 2590 2889 2629 non
2919 2577 3075 2630 vultis
3100 2591 3219 2633 esse
3249 2576 3454 2647 fenum,
3484 2578 3576 2634 sed
3600 2579 3727 2651 pal-

2131 2680 2214 2718 ma
2255 2675 2308 2720 et
2350 2665 2562 2732 cedrus,
2603 2667 2727 2737 quid
2757 2667 3219 2723 annuntiabitis'?
3257 2669 3512 2736 Quoniam
3556 2680 3732 2726 rectus

2128 2756 2377 2812 Dominus
2407 2757 2574 2826 Deus,
2607 2770 2655 2814 et
2697 2777 2795 2814 non
2836 2773 2907 2816 est
2944 2763 3185 2830 iniquitas
3222 2763 3275 2817 in
3302 2764 3410 2818 illo.
3439 2764 3732 2833 Quomodo

2129 2866 2233 2904 nun
2253 2861 2333 2906 est
2362 2852 2611 2923 iniquitas
2632 2852 2655 2906 ‘i
2677 2853 2843 2908 Tanta
2875 2855 3011 2909 mala
3039 2854 3197 2910 facit'
3220 2873 3234 2921 ;
3261 2866 3419 2910 sanus
3447 2866 3548 2920 est,
3575 2857 3730 2912 ﬁlios

2129 2941 2308 3010 habet,
2341 2944 2554 3013 plenam
2575 2943 2815 3012 domum,
2849 2946 3083 3002 abundat
3105 2947 3290 3018 gloria,
3321 2949 3585 3004 exaltatur
3611 2949 3722 3004 ho-

2128 3036 2369 3100 naribus,
2413 3037 2478 3090 de
2506 3037 2734 3091 inimicis
2761 3037 3080 3106 vindicatur,
3113 3049 3165 3094 ct
3192 3039 3371 3094 omnia
3398 3040 3534 3095 mala
3563 3056 3727 3096 com-

2127 3125 2325 3181 mittit:
2359 3127 2492 3181 alius
2521 3127 2776 3182 innocens
2806 3129 2887 3184 sui
2916 3131 3113 3201 negotii
3135 3128 3182 3198 ³,
3215 3145 3320 3185 non
3351 3132 3561 3201 rapiens
3585 3131 3732 3187 alie-

2128 3234 2217 3286 na,
2241 3234 2345 3273 non
2369 3230 2552 3274 contra
2578 3235 2894 3291 quemquam
2925 3221 3140 3288 faciens,
3169 3223 3371 3277 laborat
3396 3223 3445 3276 in
3469 3223 3726 3286 vinculis,

2128 3310 2180 3364 in
2207 3312 2531 3377 carceribus,
2565 3313 2616 3366 in
2655 3313 2830 3382 inepia
2859 3301 3046 3368 Ecstuat
3074 3321 3128 3368 et
3155 3315 3406 3385 suspirat.
3438 3315 3731 3383 Quomodo

2129 3417 2229 3455 non
2258 3412 2328 3456 est
2359 3403 2595 3471 iniquitas
2613 3405 2665 3457 in
2691 3403 2791 3458 eo?
2819 3401 2942 3459 Esto
2971 3404 3306 3476 tranquillus,
3334 3416 3386 3460 et
3415 3405 3718 3477 intelliges;

2129 3509 2250 3548 nam
2285 3493 2610 3564 perturbaris
2630 3537 2645 3563 ,
2679 3505 2733 3550 et
2764 3496 2813 3550 in
2842 3496 3086 3552 cubiculo
3113 3507 3204 3551 tuo
3229 3497 3484 3552 obscuras
3517 3499 3610 3553 tibi
3637 3499 3726 3554 lu-

2128 3601 2266 3641 cem.
2296 3586 2524 3642 Radiare
2553 3587 2646 3642 tibi
2677 3587 2789 3642 vult
2821 3596 3054 3642 aeternus
3083 3589 3255 3654 Deus;
3285 3589 3393 3644 noli
3421 3589 3512 3644 tibi
3539 3589 3720 3646 facere

2129 3677 2365 3734 nubilum
2396 3679 2463 3734 de
2493 3679 2915 3750 perturbatione.
2959 3679 3088 3736 Esto
3131 3682 3450 3752 tranquillus
3485 3683 3538 3738 in
3570 3689 3643 3750 te,
3668 3692 3726 3739 et

2128 3773 2248 3828 vide
2274 3773 2398 3843 quid
2425 3772 2518 3828 tibi
2543 3771 2738 3828 dicam.
2767 3774 2898 3841 Quia
2923 3774 3062 3829 Deus
3084 3782 3316 3829 aeternus
3337 3785 3438 3842 est,
3461 3775 3582 3845 quia
3605 3770 3727 3829 mo-

2127 3864 2198 3920 do
2227 3865 2398 3934 parcit
2432 3864 2584 3919 malis
2603 3906 2619 3932 ,
2648 3864 2920 3921 adducens
2950 3865 3068 3920 illos
3093 3865 3160 3919 ad
3188 3867 3589 3935 pmnitentiam;
3621 3865 3728 3921 ﬂa-

2127 3957 2290 4028 gellat
2309 3957 2497 4025 honos,
2526 3957 2773 4013 erudiens
2804 3958 2924 4013 illos
2949 3957 3015 4013 ad
3039 3972 3264 4030 regnum
3290 3959 3586 4027 enatorum;
3617 3975 3728 4016 non

2129 4057 2201 4102 est
2240 4049 2478 4114 iniquitas
2515 4050 2567 4102 in
2609 4061 2665 4103 eo
2694 4065 2712 4103 :
2739 4049 2846 4104 noli
2893 4049 3099 4104 timere.
3138 4049 3276 4105 Ecce
3302 4063 3403 4122 ego
3430 4049 3728 4122 ﬂagellatur.

2129 4151 2246 4193 sum
2273 4149 2498 4206 tantum,
2531 4140 2868 4194 manifestum
2891 4148 3004 4208 est,
3023 4139 3308 4208 conﬁteor,
3332 4143 3545 4212 peccavi
3576 4159 3589 4174 -
3617 4158 3728 4198 non

2129 4231 2270 4286 enim
2319 4231 2437 4286 dico
2481 4247 2566 4287 me
2609 4232 2832 4302 justum.
2880 4231 2995 4288 Hoc
3041 4233 3184 4288 enim
3231 4233 3418 4289 dicunt
3457 4235 3726 4305 plerique.

2131 4323 2355 4391 Quando
2381 4333 2464 4379 est
2483 4324 2619 4380 forte
2649 4326 2929 4396 quisquam
2949 4326 3004 4380 in
3031 4325 3205 4396 aliqua
3227 4328 3463 4396 miseria,
3493 4328 3546 4383 in
3575 4328 3734 4383 dolo-

2131 4415 2301 4484 rihns,
2333 4418 2499 4472 intras
2524 4419 2791 4473 consolari
2819 4418 2966 4473 illum
3002 4435 3016 4472 :
3049 4427 3103 4474 et
3128 4419 3237 4484 ille,
3267 4420 3510 4486 Peccavi,
3534 4421 3727 4486 fateor,

2132 4520 2254 4564 sunt
2299 4519 2516 4579 peccata
2547 4525 2664 4566 mea
2687 4553 2703 4578 ,
2733 4525 2965 4581 agnosco
2993 4510 3114 4576 illa;
3157 4511 3248 4567 sed
3294 4512 3550 4582 numquid
3583 4522 3730 4568 tanta

2133 4602 2382 4672 peccavi,
2415 4611 2609 4671 quanta
2639 4599 2770 4655 ille?
2800 4601 2914 4672 Ego
2940 4604 3060 4656 novi
3105 4609 3297 4672 quanta
3325 4601 3456 4657 fecit
3482 4603 3592 4668 ille,
3623 4619 3730 4674 ego

2132 4694 2257 4748 novi
2285 4702 2478 4764 quanta
2509 4693 2778 4748 commisit
2812 4711 2825 4745 :
2867 4701 3085 4762 peccata
3110 4705 3232 4748 mea
3263 4702 3406 4757 sunt,
3436 4693 3606 4748 fateor
3635 4695 3729 4749 illa

2132 4786 2264 4852 Deo,
2308 4785 2401 4840 sed
2431 4785 2637 4838 minora
2667 4793 2790 4838 sunt
2825 4799 2982 4853 quam
3013 4783 3193 4847 illius;
3224 4792 3281 4838 et
3313 4797 3444 4840 ecce
3470 4784 3557 4839 ille
3596 4784 3730 4839 nihil

2133 4877 2256 4931 mali
2285 4877 2500 4946 patitur.
2545 4875 2663 4930 Noli
2705 4875 2932 4940 turbari,
2965 4875 3288 4944 tranquillus
3314 4885 3431 4930 esto
3451 4917 3466 4940 ,
3507 4888 3564 4930 ut
3592 4877 3733 4931 scias

2133 4969 2371 5040 quoniam
2417 4978 2581 5022 rectus
2626 4967 2873 5021 Dominus
2893 5007 2906 5029 ,
2943 4975 2992 5020 et
3041 4982 3142 5020 non
3177 4976 3252 5021 est
3295 4968 3534 5038 iniquitas
3566 4968 3619 5021 in
3649 4984 3732 5023 eo.

2133 5061 2270 5128 Quid
2292 5104 2307 5128 ,
2339 5061 2384 5116 si
2415 5069 2467 5116 te
2511 5069 2795 5131 propterea
2841 5057 3078 5128 ﬂagellat
3104 5051 3292 5122 modo,
3343 5060 3469 5128 quia
3504 5073 3608 5113 non
3633 5059 3735 5115 tibi

2135 5163 2311 5210 servat
2337 5155 2510 5225 ignem
2557 5152 2976 5222 sempiternum?
3000 5150 3158 5218 Quid,
3187 5151 3230 5206 si
3261 5151 3410 5206 illum
3451 5160 3738 5220 propterea

2135 5247 2356 5302 dimittit
2393 5244 2574 5310 modo,
2612 5245 2731 5312 quia
2761 5241 3040 5296 auditurus
3063 5253 3167 5304 est,
3205 5240 3286 5296 Ite
3307 5242 3364 5294 in
3393 5241 3558 5311 ignem
3581 5249 3738 5293 mter-

2137 5341 2301 5396 num?
2333 5338 2439 5396 Sed
2478 5337 2733 5409 quando?
2757 5335 2888 5391 Cum
2917 5343 2974 5389 tu
3007 5336 3210 5404 positus
3239 5337 3404 5391 fueris
3444 5336 3512 5390 ad
3542 5335 3738 5390 dexte-

2137 5445 2253 5488 ram
2275 5472 2289 5497 ,
2319 5439 2448 5486 tunc
2486 5430 2696 5484 dicetur
2721 5428 2908 5498 positis
2937 5426 3001 5482 ad
3027 5427 3300 5482 sinistram
3336 5446 3349 5481 :
3383 5428 3464 5483 Ite
3490 5429 3544 5482 in
3565 5429 3741 5499 ignem

2135 5535 2386 5581 aternum
2404 5566 2419 5592 ,
2458 5523 2544 5595 qui
2586 5529 2794 5593 paratus
2823 5529 2898 5575 est
2931 5520 3135 5575 diabolo
3159 5529 3207 5575 et
3234 5520 3427 5593 angelis
3452 5523 3580 5593 ejus.
3610 5521 3734 5576 Non

2208 5664 2226 5694 ι
2264 5661 2450 5731 Aliquot
2471 5668 2599 5731 uss,
2629 5656 2882 5731 tet-cedrus
2919 5655 3015 5731 qui
3042 5654 3349 5709 amuntietis.
3375 5659 3552 5723 Regius
3586 5657 3740 5722 liber,

2139 5729 2193 5787 βε
2214 5720 2410 5784 cedrus,
2435 5722 2588 5773 ridete
2611 5720 2728 5786 quid
2749 5720 3055 5787 annuntietis.

2211 5781 2485 5856 ξιιμ-νόει.
2513 5792 2565 5856 et
2766 5781 2882 5856 facit
2901 5781 3029 5846 quis.
3072 5788 3208 5856 ἔζη
3271 5855 3297 5856 η
3520 5841 3534 5854 .

2213 5849 2240 5883 ³
2272 5848 2434 5900 Proba:
2457 5853 2586 5898 nota:
2608 5847 3424 5916 Hssﬁnnoaerts
3455 5847 3552 5898 αἱ.

2045 5982 2134 5998 ιη,
