4084 6500
257 427 397 486 iis!

260 554 318 602 te
349 557 480 614 ergo
524 540 622 600 ista
649 543 902 596 moveant
931 554 945 591 :
973 535 1292 607 tranquillus
1314 541 1451 600 esto,
1483 530 1772 594 sabbatiza,
1801 536 1857 585 et

261 635 524 693 annuntio
550 634 790 706 quoniam
814 641 977 688 rectus
1001 628 1250 685 Dominus
1273 627 1433 693 Deus,
1460 633 1508 681 et
1531 641 1632 681 non
1657 632 1726 678 est
1755 620 1854 678 ini-

264 729 434 799 quitas
459 728 513 782 in
538 742 615 782 eo.

268 848 1844 875 ⁸-,-,,,,,.,-....-.,,..,-...,.--...-...-----.-.--------

713 940 795 1001 ΙΝ
837 934 1222 1000 PSALMUM
1263 931 1439 994 XCII

845 1054 1258 1115 ENARBATIO.

803 1189 974 1232 εειιιιο
1012 1188 1081 1228 AD
1127 1186 1352 1228 Ριειιιςιι.

344 1293 402 1348 1.
434 1287 634 1346 Psalmi
656 1285 816 1358 hujus
837 1285 1071 1351 titulum,
1089 1298 1214 1339 eum
1243 1278 1696 1352 pronuntiaretur,
1717 1275 1868 1331 audi-

271 1386 496 1450 vimus;
526 1391 582 1438 et
609 1380 738 1452 quid
766 1379 877 1436 sibi
916 1377 1076 1443 velit,
1103 1376 1169 1432 de
1196 1374 1467 1445 Scriptura
1498 1371 1615 1439 Dei,
1645 1370 1747 1426 hoc
1786 1375 1871 1424 est

275 1494 342 1534 ex
370 1477 514 1532 libro
540 1473 765 1532 Genesis
785 1515 798 1539 ,
833 1487 938 1527 non
966 1478 1050 1526 est
1085 1469 1301 1531 difficile
1326 1480 1650 1538 cognoscere
1681 1482 1695 1519 :
1728 1466 1779 1520 in
1803 1463 1870 1518 ti-

273 1571 393 1625 tulo
417 1567 560 1624 enim
591 1573 841 1636 tanquam
871 1562 1224 1620 admonemur
1252 1561 1304 1616 in
1336 1559 1521 1614 limine
1557 1555 1684 1628 quid
1728 1557 1871 1610 intus

271 1675 606 1733 qumramus.
644 1657 935 1728 l-nscriptus
963 1671 1090 1727 ergo
1119 1663 1201 1710 est
1225 1653 1294 1708 ita
1324 1669 1338 1706 λ
1372 1651 1510 1707 Laus
1535 1649 1717 1705 cantici
1737 1647 1835 1720 ipsi
1853 1648 1869 1679 ί

277 1754 468 1823 Dauid,
491 1755 544 1807 in
568 1751 702 1806 diem
721 1760 836 1806 ante
859 1748 1139 1815 sabbatum,
1163 1745 1366 1816 quando
1385 1745 1600 1817 fundata
1622 1751 1694 1797 est
1715 1751 1871 1796 terra.

280 1845 650 1902 Recordantes
673 1857 806 1914 ergo
850 1858 944 1912 per
970 1856 1160 1896 omnes
1194 1839 1312 1895 dies
1339 1837 1463 1908 quid
1495 1835 1680 1892 fecerit
1708 1835 1870 1900 Deus,

276 1937 500 2010 quando
521 1935 725 1992 creavit
753 1943 807 1990 et
833 1932 1098 1988 ordinavit
1123 1931 1368 1985 universa
1398 1944 1427 1982 a
1462 1928 1639 1999 primo
1667 1926 1754 1981 die
1778 1939 1874 1978 us-

274 2047 389 2102 que
427 2030 496 2085 ad
533 2036 741 2084 sextum
781 2025 924 2082 diem
955 2026 1260 2098 (septimum
1297 2021 1438 2077 enim
1487 2017 1874 2083 sanetilicavit,

275 2121 413 2192 quia
440 2122 496 2174 in
519 2119 609 2176 illo
628 2119 894 2189 requievit
920 2126 1041 2187 post
1059 2116 1238 2172 omnia
1263 2128 1448 2185 opera,
1478 2127 1596 2183 qua:
1627 2110 1751 2166 fecit
1777 2109 1876 2164 bo-

280 2227 360 2266 sia
393 2210 614 2282 valde),
652 2219 706 2265 et
749 2209 1052 2265 invenimus
1089 2223 1209 2264 eum
1251 2215 1406 2263 sexto
1433 2203 1519 2260 die
1546 2201 1737 2258 fecisse
1764 2199 1879 2271 (qui

273 2304 525 2359 dieshic
551 2310 1014 2367 commemoratur,
1049 2301 1169 2371 quia
1215 2300 1376 2366 dicit,
1422 2306 1538 2351 ante
1578 2291 1878 2362 sabbatum)

283 2394 475 2450 omnia
504 2393 753 2450 animalia
780 2394 832 2447 in
861 2403 1002 2448 terra
1032 2411 1046 2446 :
1079 2390 1274 2447 deinde
1304 2391 1419 2460 ipso
1448 2389 1535 2444 die
1562 2387 1689 2442 fecit
1711 2384 1882 2440 homi-

287 2503 415 2543 nem
443 2486 510 2540 ad
536 2486 820 2556 imaginem
849 2494 902 2541 et
930 2483 1330 2541 similitudinem
1357 2495 1529 2536 suam.
1557 2478 1674 2534 Non
1703 2485 1882 2532 autem

281 2581 406 2635 sine
433 2594 599 2636 causa
626 2579 700 2634 illi
727 2579 840 2634 dies
879 2579 957 2634 sic
985 2577 1376 2641 suntordinati,
1417 2573 1519 2629 nisi
1549 2572 1670 2643 quia
1698 2578 1756 2627 et
1777 2585 1883 2626 ste-

291 2671 411 2725 cula
465 2670 546 2724 sic
593 2685 815 2725 cursura
859 2677 1030 2735 erant,
1081 2678 1362 2739 antequam
1391 2665 1788 2738 requiescamus
1829 2662 1884 2718 in

293 2761 427 2817 Deo.
460 2761 612 2817 Tunc
636 2768 813 2816 autem
842 2761 1246 2830 requiescimus,
1277 2760 1321 2813 si
1347 2757 1569 2812 facimus
1596 2769 1758 2824 Opera
1783 2752 1885 2810 bo-

290 2870 381 2908 na.
411 2853 495 2910 Ad
524 2853 625 2908 hoc
655 2853 957 2924 exemplum
985 2854 1240 2922 scriptum
1271 2861 1352 2906 est
1378 2850 1446 2907 de
1476 2851 1602 2916 Deo,
1632 2847 1888 2919 Requierit

293 2946 437 3000 Deus
466 2947 680 3016 septimo
702 2946 802 3011 die,
834 2961 954 3000 cum
982 2944 1195 3000 fecisset
1223 2943 1402 2998 omnia
1423 2957 1586 3012 opera
1613 2941 1750 2996 bona
1776 2939 1888 2994 val-

291 3039 365 3096 de
398 3038 548 3108 (Gen.
583 3055 623 3104 ι,
653 3049 701 3094 ει
737 3055 792 3106 ιι,
825 3039 956 3109 1-5).
992 3037 1107 3093 Νοιι
1136 3038 1278 3092 enim
1310 3035 1558 3105 fatigatus
1584 3044 1686 3100 est,
1712 3041 1771 3089 ut
1799 3049 1887 3087 re-

295 3131 634 3202 quiesceret,
675 3141 766 3185 aut
792 3129 953 3186 modo
978 3144 1084 3184 non
1112 3137 1362 3200 operatur
1382 3145 1396 3194 ;
1419 3142 1540 3182 cum
1576 3135 1759 3194 aperte
1787 3123 1893 3179 Do-

295 3225 480 3279 minus
506 3223 752 3279 Christus
781 3223 958 3278 dicat:
982 3221 1142 3276 Pater
1167 3237 1303 3275 meus
1323 3235 1479 3290 usque
1503 3233 1634 3272 nunc
1655 3225 1892 3285 operatur

293 3317 482 3388 (Joan.
522 3335 572 3384 v,
608 3317 717 3390 l7).
745 3317 884 3373 Dicit
912 3316 1043 3372 illud
1073 3317 1214 3372 enim
1244 3314 1466 3381 Judaeis,
1492 3312 1894 3384 qui'carnaliter

293 3412 608 3468 sentiebant
635 3412 703 3467 de
739 3411 884 3478 Deo,
917 3426 1017 3466 nec
1054 3407 1419 3480 intelligehant
1448 3406 1568 3477 quia
1602 3405 1742 3460 Deus
1769 3418 1892 3458 cum

293 3505 483 3575 quiete
512 3513 786 3574 Operatur,
817 3511 872 3558 et
891 3517 1105 3572 semper
1125 3509 1398 3571 operatur,
1421 3507 1476 3554 et
1499 3512 1712 3567 semper
1739 3495 1893 3566 quie-

297 3606 390 3651 tus
416 3607 519 3652 est.
545 3595 686 3667 Ergo
707 3604 762 3651 et
785 3609 902 3659 nos,
936 3609 1070 3663 quos
1097 3593 1150 3648 in
1171 3608 1230 3648 se
1253 3592 1418 3647 voluit
1438 3591 1579 3645 Deus
1609 3596 1737 3644 tunc
1758 3587 1894 3656 figu-

300 3704 448 3755 rare,
475 3697 603 3758 post
625 3687 804 3742 omnia
840 3701 1002 3757 Opera
1032 3687 1170 3740 bona
1197 3684 1508 3740 habebimus
1535 3683 1796 3751 requiem.
1827 3679 1898 3734 Et

297 3780 522 3850 quidem
547 3795 710 3850 opera
735 3777 873 3833 bona
896 3787 1101 3843 nostra,
1131 3776 1342 3844 fratres,
1365 3791 1483 3846 quae
1506 3775 1592 3829 hic
1613 3787 1898 3844 operemur

299 3873 356 3929 in
399 3873 600 3930 sreculo
629 3881 752 3928 ante
779 3872 1019 3942 requiem
1039 3912 1057 3938 ,
1096 3871 1248 3941 quasi
1275 3885 1396 3926 cum
1435 3869 1618 3927 labore
1659 3875 1814 3949 sunt;
1843 3875 1898 3922 et

300 3965 525 4035 requies
553 3965 639 4019 illa
667 3965 718 4019 in
737 3979 835 4035 spe
865 3973 966 4029 est,
994 3963 1228 4019 nondum
1260 3971 1469 4019 tenetur
1497 3963 1550 4017 in
1584 3977 1642 4017 re
1672 3980 1685 4016 :
1713 3969 1768 4017 et
1795 3960 1898 4015 nisi

301 4067 450 4112 esset
492 4058 544 4110 in
591 4073 707 4127 spe,
753 4055 1105 4114 deliceremus
1151 4056 1202 4110 in
1235 4055 1451 4120 labore;
1485 4053 1579 4110 sed
1624 4061 1902 4108 transeunt

303 4164 470 4216 Opera
500 4147 768 4203 laboriosa
785 4157 839 4203 et
864 4149 1022 4204 bona.
1037 4149 1180 4217 Quid
1201 4149 1342 4204 enim
1361 4157 1467 4203 tam
1499 4148 1720 4213 bonum,
1739 4161 1897 4217 quam

308 4242 584 4310 porrigere
616 4255 805 4310 panem
835 4243 1126 4298 esurienti?
1155 4249 1210 4297 et
1242 4241 1384 4312 quod
1408 4241 1754 4296 audiebamus
1779 4254 1898 4294 mo-

308 4331 400 4400 do,
440 4347 564 4386 cum
613 4331 959 4402 Evangelium
1011 4333 1299 4402 legeretur,
1321 4332 1450 4402 quid
1502 4342 1606 4387 tam
1666 4331 1896 4398 bonum,

305 4440 467 4494 quam
497 4424 551 4478 id
571 4424 714 4494 quod
738 4425 1060 4480 admonebat
1083 4426 1420 4495 generaliter,
1454 4424 1631 4480 Omnis
1649 4426 1735 4495 qui
1755 4425 1901 4479 habet

304 4517 438 4570 duas
463 4518 683 4584 tunicas,
705 4518 788 4572 det
813 4534 911 4572 non
942 4519 1178 4585 habenti;
1203 4528 1250 4573 et
1274 4521 1358 4589 qui
1383 4519 1528 4572 habet
1546 4535 1702 4586 escas,
1730 4527 1903 4590 pascat

304 4609 608 4663 esurientem
629 4608 779 4680 (Luc.
810 4626 886 4676 ιιι,
908 4611 1038 4679 H)?
1064 4609 1276 4665 Nudum
1305 4610 1519 4675 vestire,
1548 4611 1745 4665 bonum
1767 4625 1902 4680 opus

305 4709 394 4756 est
423 4716 437 4752 :
469 4700 722 4770 numquid
762 4715 976 4771 semper
1016 4701 1117 4755 erit
1159 4703 1259 4756 hoc
1295 4717 1430 4772 opus
1474 4702 1704 4757 bonum?
1733 4701 1905 4756 Habet

307 4792 699 4863 aliquantulum
729 4793 989 4858 laborem,
1020 4792 1114 4848 sed
1147 4793 1306 4848 habet
1332 4794 1580 4848 solatium
1610 4794 1661 4846 in
1694 4808 1789 4863 spe
1816 4792 1902 4846 fu-

309 4892 447 4938 turze
468 4883 682 4954 quietis.
707 4884 972 4951 Quantum
997 4893 1178 4938 autem
1205 4885 1442 4940 laborem
1465 4885 1626 4939 habet
1647 4884 1787 4954 quod
1813 4900 1906 4938 ve-

310 4977 410 5030 stis
437 4975 678 5030 nudum?
706 4975 911 5030 Bonum
937 4990 1072 5045 opus
1100 4992 1204 5030 non
1244 4976 1470 5030 multum
1495 4975 1708 5031 laborat
1741 4994 1753 5029 :
1787 4991 1902 5028 ma-

310 5067 423 5123 lum
449 5083 588 5138 opus
618 5068 779 5124 habet
812 5069 1068 5124 laborem.
1101 5068 1202 5137 Qui
1232 5069 1376 5145 enim
1425 5072 1582 5123 vestit
1608 5069 1829 5137 nudum,
1858 5069 1903 5124 si

311 5158 474 5214 habet
500 5159 641 5215 unde
664 5158 842 5225 faciat,
867 5175 970 5214 non
1003 5159 1209 5214 laborat
1237 5177 1249 5214 :
1280 5160 1325 5215 si
1355 5176 1460 5214 non
1484 5159 1644 5215 habet
1665 5160 1804 5214 unde
1827 5159 1906 5214 fa-

309 5251 437 5313 ciat,
469 5248 647 5305 Gloria
674 5251 728 5304 in
752 5250 957 5305 excelsis
996 5249 1123 5313 Deo,
1155 5260 1202 5304 et
1235 5251 1290 5304 in
1327 5259 1460 5304 terra
1497 5268 1598 5320 pax
1628 5251 1907 5306 hominibus

310 5340 457 5394 bona:
485 5340 758 5394 uoluntatis
783 5337 907 5413 (Id.
941 5355 1017 5406 ιι,
1050 5337 1175 5411 14).
1209 5339 1309 5406 Qui
1335 5349 1514 5395 autem
1541 5341 1651 5394 vult
1676 5340 1907 5411 spoliare

309 5436 590 5503 vestitum,
621 5443 875 5504 quantum
905 5434 1131 5502 laboret,
1167 5434 1288 5505 quis
1317 5435 1602 5490 numerat?
1633 5435 1701 5491 Et
1731 5447 1905 5492 tamen

309 5541 365 5586 et
407 5532 508 5585 ista
555 5529 844 5585 transitura
870 5537 1016 5594 sunt,
1047 5543 1169 5583 cum
1199 5529 1506 5585 venerimus
1532 5528 1598 5584 ad
1638 5529 1782 5584 illam
1815 5545 1907 5586 re-

309 5623 523 5694 quiem,
558 5621 651 5678 ubi
668 5625 842 5677 'nemo
869 5619 1036 5677 esurit
1077 5622 1168 5691 qui
1216 5631 1496 5690 pascatur,
1543 5637 1706 5679 nemo
1733 5623 1906 5679 nudus

309 5724 394 5771 est
418 5714 508 5785 qui
525 5719 801 5770 vestiatur.
821 5713 946 5770 Ideo
969 5715 1092 5785 quia
1110 5723 1164 5770 et
1185 5715 1284 5770 ista
1304 5717 1585 5772 transitura
1601 5725 1723 5772 sunt
1745 5732 1908 5789 opera

308 5806 478 5875 bona,
512 5815 568 5863 et
611 5817 793 5891 sextus
823 5807 923 5862 iste
949 5806 1065 5862 dies
1086 5848 1100 5873 ,
1133 5807 1346 5878 quando
1373 5809 1719 5894 perficiuntur
1746 5825 1908 5884 opera

378 5922 507 5973 tate
530 5927 641 5974 uss.
663 5920 778 5972 Edd.
795 5933 934 5984 vero,
954 5920 1123 5986 ipsius.

1366 411 1764 473 ENABRATIO
1801 408 1868 466 ιιι
1908 407 2230 470 PSALMUM
2273 412 2430 472 XCII.

3406 411 3544 474 “8!

1962 528 2100 584 bona
2129 529 2315 595 valde,
2348 529 2507 587 habet
2549 546 2846 602 vesperam.
2881 532 2936 588 lu
2972 532 3192 591 sabbato
3231 545 3406 592 autem
3438 549 3544 594 non

1962 623 2262 679 invenimus
2289 639 2406 680 esse
2433 640 2710 695 vestieram
2733 667 2748 692 ,
2791 627 2913 696 quia
2965 628 3176 697 requies
3228 639 3408 683 nostra
3437 643 3542 684 non

1963 715 2179 773 habebit
2207 717 2365 772 ﬁnem
2406 736 2418 772 :
2453 735 2669 789 vespera
2699 721 2843 776 enim
2881 736 2975 790 pro
3004 719 3107 774 fine
3135 720 3368 790 ponitur.
3397 719 3544 778 Sicut

1965 826 2093 882 ergo
2148 820 2298 866 sexto
2337 810 2423 866 die
2473 811 2598 867 fecit
2637 813 2775 868 Deus
2825 813 3096 869 hominem
3143 813 3209 868 ad
3261 813 3542 884 imaginem

1967 917 2147 970 suam;
2178 903 2254 958 sic
2285 903 2584 960 invenimus
2611 914 2762 960 sexto
2790 906 2985 961 saeculo
3012 906 3230 961 venisse“
3258 906 3543 960 Dominum

1969 995 2149 1051 Iesum
2177 996 2466 1064 Christum,
2496 1005 2553 1051 ut
2577 996 2954 1054 reformaretur
2975 997 3136 1054 homo
3164 997 3230 1054 ad
3260 998 3544 1069 imaginem

1971 1089 2084 1145 Dei.
2117 1090 2352 1146 Primum
2381 1090 2523 1146 enim
2556 1101 2783 1162 tempus,
2815 1103 3061 1163 tanquam
3091 1093 3293 1163 primus
3319 1092 3452 1158 dies,
3480 1091 3548 1148 ab

1971 1182 2139 1238 Adam
2170 1198 2336 1254 usque
2379 1183 2446 1238 ad
2488 1182 2599 1239 Noe
2638 1202 2650 1237 :
2691 1184 2978 1240 secundum
3023 1195 3249 1254 tempus,
3285 1194 3537 1253 tauquam

1972 1275 2241 1332 secundus
2269 1276 2383 1332 dies
2403 1315 2419 1338 ,
2451 1294 2480 1332 a
2511 1276 2624 1334 Noe
2662 1293 2832 1348 usque
2860 1277 2927 1332 ad
2971 1278 3237 1334 Abraham
3275 1295 3288 1332 :
3335 1279 3550 1334 tertium

1975 1379 2204 1441 tempus,
2235 1378 2482 1441 tanquam
2515 1371 2702 1426 tertius
2728 1370 2860 1437 dies,
2901 1370 2970 1426 ab
2994 1370 3261 1426 Abraham
3295 1386 3459 1442 usque
3484 1369 3551 1427 ad

1975 1464 2179 1520 David:
2211 1472 2457 1535 quartum
2509 1475 2752 1535 tempus,
2799 1474 3046 1536 tanquam
3086 1474 3306 1533 quartus
3341 1466 3490 1532 dies,
3521 1481 3549 1519 a

1975 1557 2140 1614 David
2168 1573 2333 1629 usque
2357 1557 2425 1614 ad
2462 1558 2978 1630 transmigratiouem
3011 1558 3311 1630 Babyloniae
3348 1576 3362 1612 :
3394 1559 3554 1629 quin-

1976 1661 2088 1708 tum
2116 1661 2344 1722 tempus,
2370 1661 2616 1725 tanquam
2638 1653 2853 1723 quintus
2878 1651 3012 1716 dies,
3036 1668 3065 1708 a
3093 1650 3556 1724 transmigratione

1977 1746 2280 1818 Babyloniae
2307 1761 2475 1817 usque
2511 1746 2579 1802 ad
2621 1745 3048 1816 praedicationem
3088 1745 3327 1801 Joannis.
3365 1745 3557 1802 Sextus

1979 1837 2093 1894 dies
2117 1841 2225 1907 jam
2260 1854 2290 1892 a
2322 1837 2696 1908 prmdicatione
2735 1837 2956 1894 Joannis
2990 1837 3164 1908 agitur
3193 1853 3360 1909 usque
3396 1837 3463 1892 ad
3493 1837 3555 1892 li-

1980 1949 2124 2000 nem,
2149 1941 2202 1987 et
2228 1943 2346 2001 post
2371 1931 2526 1988 finem
2550 1933 2685 1988 sexti
2714 1932 2817 1988 diei
2840 1931 3182 2002 pervenimus
3210 1931 3276 1985 ad
3297 1930 3556 2001 requiem.

1981 2025 2137 2081 Modo
2166 2042 2292 2095 ergo
2320 2035 2503 2081 sextus
2523 2025 2643 2081 dies
2671 2028 2860 2096 agitur.
2903 2025 2956 2082 Si
2987 2034 3170 2080 sextus
3210 2023 3326 2080 dies
3363 2023 3558 2094 agitur,

1982 2117 2157 2172 videte
2183 2117 2306 2188 quid
2355 2118 2546 2172 habeat
2573 2117 2755 2173 titulus
2789 2136 2800 2171 :
2835 2116 2900 2171 In
2941 2118 3074 2171 diem
3113 2126 3229 2171 ante
3266 2115 3559 2183 sabbatum,

1982 2209 2184 2282 quando
2211 2209 2424 2281 fundata
2449 2219 2521 2264 est
2549 2219 2699 2264 terra.
2727 2209 2847 2266 Jam
2883 2210 3193 2265 audiamus‘
3224 2211 3393 2280 ipsum
3417 2209 3566 2264 Psalo

1983 2318 2173 2368 mum;
2226 2302 2401 2372 ipsum
2449 2304 2842 2373 interrogemus
2889 2304 3156 2373 quomodo
3213 2302 3427 2357 fundata
3481 2309 3567 2358 est

1987 2403 2152 2461 terra,
2180 2410 2248 2450 ne
2278 2393 2413 2450 forte
2434 2403 2557 2449 tunc
2586 2395 2723 2450 facta
2746 2403 2829 2449 est
2849 2405 2992 2449 terra
3019 2413 3031 2448 :
3065 2410 3164 2450 nec
3189 2401 3241 2449 In
3267 2393 3464 2449 Genesi
3491 2393 3568 2447 sic

1988 2487 2232 2558 legimus.
2255 2487 2481 2555 Quando
2503 2503 2631 2558 ergo
2652 2486 2867 2542 fundata
2895 2496 2976 2541 est
2996 2486 3174 2541 terra?
3194 2486 3436 2552 Quando,
3462 2486 3565 2540 nisi

1987 2593 2108 2634 cum
2135 2578 2202 2634 fit
2227 2578 2367 2648 quod
2387 2579 2582 2635 lectum
2611 2586 2694 2634 est
2719 2577 2879 2634 modo
2909 2579 2960 2631 in
2989 2578 3242 2646 Apostolo
3269 2594 3282 2629 :
3317 2577 3376 2631 Si
3407 2587 3571 2630 tamen

1988 2673 2134 2730 statis
2155 2673 2210 2727 in
2236 2671 2359 2742 fide,
2377 2672 2472 2736 ait,
2499 2670 2699 2726 stabiles
2724 2680 2771 2724 et
2801 2671 3079 2725 immobiles
3107 2669 3151 2742 (Ι
3174 2667 3292 2725 Cor.
3319 2685 3406 2734 xv,
3437 2667 3572 2738 58)?

1991 2767 2122 2821 Cum
2149 2778 2337 2820 omnes
2357 2763 2445 2834 qui
2473 2762 2698 2818 credunt
2718 2777 2813 2832 per
2838 2763 3137 2818 universam
3162 2771 3357 2816 terram
3385 2761 3575 2815 immo-

1990 2861 2125 2918 biles
2147 2869 2272 2915 sunt
2302 2859 2356 2913 in
2379 2856 2504 2923 fide,
2532 2855 2747 2911 fundata
2775 2863 2858 2910 est
2878 2863 3017 2910 terra
3045 2874 3057 2908 :
3093 2865 3217 2909 tunc
3239 2854 3298 2907 fit
3328 2852 3487 2907 homo
3510 2851 3575 2908 ad

1992 2953 2279 3025 imaginem
2311 2951 2431 3006 Dei.
2449 2949 2608 3016 Quod
2627 2947 2891 3018 signiﬁcat
2913 2956 3093 3001 sextus
3121 2947 3210 3000 ille
3235 2945 3350 3000 dies
3374 2945 3442 3000 de
3467 2943 3578 2999 Ge»

1993 3046 2130 3102 nesi.
2173 3044 2280 3102 Sed
2319 3042 2587 3114 quomodo
2626 3040 2753 3096 illud
2791 3039 2917 3096 fecit
2945 3040 3124 3094 Deus?
3150 3038 3417 3108 quomodo
3454 3037 3578 3094 fun-

1994 3137 2119 3194 data
2153 3144 2234 3192 est
2263 3134 2443 3190 terra?
2469 3133 2717 3188 Christus
2758 3131 2935 3193 venit,
2977 3140 3036 3184 ut
3065 3129 3311 3185 fundaret
3349 3139 3572 3185 terram.

1996 3231 2410 3286 Fundamentum
2443 3230 2574 3283 enim
2603 3243 2746 3282 nemo
2768 3235 2924 3295 potest
2953 3242 3134 3296 ponere
3163 3234 3343 3296 praeter
3366 3227 3420 3279 id
3449 3227 3580 3296 quod

1997 3327 2213 3398 positum
2237 3333 2343 3392 est,
2373 3323 2508 3393 quod
2531 3331 2604 3376 est
2629 3320 2858 3376 Christus
2892 3319 3042 3374 Jesus
3075 3320 3093 3391 (
3117 3318 3200 3372 Id.
3233 3334 3321 3387 ιιι,
3347 3319 3406 3373 ll
3434 3318 3477 3389 ).
3506 3319 3583 3374 De

1998 3420 2090 3474 illo
2117 3433 2244 3489 ergo
2270 3423 2449 3472 cantat
2478 3415 2717 3469 Psalmus
2751 3429 2768 3469 :

2067 3513 2121 3566 2.
2168 3510 2316 3584 [vers.
2347 3507 2422 3580 1.]
2458 3508 2703 3562 Dominus
2737 3507 2981 3578 regnavit,
3010 3505 3238 3560 decorem
3263 3504 3466 3569 induit;
3502 3505 3583 3558 in-

2000 3603 2107 3658 duit
2135 3601 2382 3656 Dominus
2411 3599 2756 3668 fortitudinem
2773 3640 2786 3661 ,
2815 3611 2861 3651 et
2893 3597 3189 3668 praecinctus
3213 3608 3306 3650 est.
3333 3596 3584 3651 Videmus

2000 3696 2121 3767 quia
2160 3695 2292 3749 duas
2329 3707 2418 3748 res
2461 3690 2650 3756 induit,
2705 3690 2954 3745 decorem
2997 3698 3052 3744 et
3079 3687 3460 3744 fortitudinem.
3487 3688 3584 3742 Ut-

2001 3786 2126 3857 quid
2174 3784 2390 3839 autem?
2427 3782 2495 3838 Ut
2536 3771 2781 3836 fundaret
2825 3789 3042 3835 terram.
3091 3779 3341 3849 Sequitur
3385 3780 3527 3832 enim
3565 3796 3579 3832 :

2003 3879 2201 3934 Etenim
2226 3877 2540 3946 conﬁrmavit
2559 3875 2727 3929 orbem
2755 3882 2918 3938 terrae,
2947 3873 3033 3944 qui
3054 3889 3154 3925 non
3179 3872 3583 3926 commovebitur.

2005 3971 2154 4026 Unde
2183 3967 2554 4024 confirmavit?
2577 3967 2712 4035 Quia
2745 3967 2994 4020 decorem
3026 3965 3214 4019 induit.
3245 3965 3359 4019 Non
3390 3966 3586 4019 confir-

2004 4069 2175 4117 maret
2197 4103 2210 4127 ,
2242 4060 2285 4114 si
2311 4059 2483 4114 solum
2509 4059 2759 4113 decorem
2787 4056 3063 4120 indueret,
3095 4071 3199 4110 non
3229 4065 3281 4110 et
3317 4054 3584 4110 fortitudi-

2005 4168 2148 4208 nem.
2205 4151 2381 4217 Quare
2429 4164 2557 4219 ιιι·εο
2609 4148 2904 4203 decorem?
2954 4161 3119 4217 quare
3183 4145 3587 4202 fortitudinem?

2004 4245 2301 4313 Utrumque
2328 4241 2470 4296 enim
2499 4239 2633 4295 dixit
2656 4255 2668 4298 :
2700 4238 2950 4294 Dominus
2976 4238 3217 4309 regnauit,
3248 4239 3476 4292 decorem
3505 4240 3588 4292 in-

2005 4339 2145 4404 duit;
2184 4337 2346 4390 induit
2386 4334 2634 4388 Dominus
2673 4332 3048 4403 fortitudinem;
3083 4341 3131 4386 et
3165 4332 3460 4403 prwcinctus
3497 4340 3586 4386 est.

2005 4431 2203 4496 Nostis,
2235 4428 2445 4492 fratres,
2470 4426 2591 4496 quia
2624 4426 2880 4480 Dominus
2922 4433 3104 4479 noster
3123 4439 3244 4478 cum
3273 4424 3506 4478 venisset
3533 4424 3588 4477 in

2006 4538 2202 4589 carne,
2245 4522 2329 4576 his
2371 4520 2603 4591 quibus'
2649 4518 2969 4589 praedicabat
3021 4517 3361 4588 Evangelium
3402 4518 3586 4586 regni,

2007 4615 2126 4670 aliis
2165 4613 2428 4684 placebat,
2461 4613 2578 4667 aliis
2601 4611 2935 4680 displicebat.
2978 4609 3108 4664 Nam
3139 4610 3323 4664 divisae
3351 4617 3474 4664 sunt
3499 4608 3595 4665 ad-

2008 4723 2198 4766 versus
2222 4723 2281 4762 se
2310 4707 2501 4776 lingua:
2528 4704 2833 4760 Iudaeorum
2866 4719 2879 4756 τ
2915 4703 3016 4756 Alii
3041 4702 3300 4766 dicebant,
3332 4701 3464 4768 Quia
3501 4701 3594 4755 bo-

2009 4820 2104 4858 nus
2129 4811 2200 4856 est
2221 4819 2240 4868 ;
2265 4801 2354 4854 alii
2386 4799 2645 4863 dicebant,
2689 4795 2808 4850 Non
2829 4839 2842 4860 ,
2879 4796 2966 4850 sed
2997 4795 3190 4850 seducit
3217 4794 3388 4849 turbas
3416 4794 3592 4863 (Joan.

2011 4913 2083 4963 vi,
2114 4894 2226 4966 12).
2258 4894 2358 4948 Alii
2386 4908 2512 4963 ergo
2532 4891 2668 4946 bene
2694 4890 3076 4960 loquebantur;
3104 4889 3190 4942 alii
3219 4887 3591 4953 detrahebant,

2011 4991 2313 5045 lacerabant
2329 4987 2372 5053 ³,
2396 4985 2731 5049 mordebant,
2765 4982 3219 5038 conviciabantur.
3251 4980 3329 5035 Ad
3353 4994 3447 5035 eos
3467 4993 3597 5048 ergo

2012 5084 2204 5156 quibus
2230 5081 2490 5154 placebat,
2521 5079 2747 5134 decorem
2795 5077 2996 5133 induit:
3026 5077 3091 5130 ad
3133 5089 3227 5130 eos
3267 5072 3459 5144 quibus
3485 5070 3597 5126 dis-

2012 5175 2272 5248 plicebat,
2328 5172 2674 5245 fortitudinem
2698 5171 2880 5225 induit.
2910 5169 3124 5224 Imitare
3153 5181 3280 5236 ergo
3305 5173 3359 5220 et
3401 5172 3458 5218 tu
3489 5163 3597 5218 Do.

2013 5271 2214 5327 minum
2244 5279 2387 5324 tuum
2406 5311 2420 5334 ,
2453 5277 2510 5322 ut
2549 5267 2725 5337 possis
2752 5280 2871 5322 esse
2900 5264 3060 5319 vestis
3089 5261 3253 5332 ipsius
3285 5276 3300 5312 :
3333 5266 3448 5316 esto
3477 5273 3597 5314 cum

2014 5364 2209 5419 decore
2236 5362 2302 5416 ad
2348 5375 2443 5416 eos
2470 5359 2661 5431 quibus
2708 5361 2920 5429 placent
2945 5356 3086 5410 bona
3116 5365 3277 5423 opera
3326 5359 3447 5417 tua;
3485 5359 3602 5405 esto

2013 5455 2165 5512 fortis
2195 5444 2451 5509 adversus
2478 5452 2826 5507 detracturos.
2860 5446 2995 5502 Audi
3034 5443 3333 5515 apostolum
3379 5441 3598 5498 Paulum

2015 5550 2310 5606 imitantem
2352 5546 2634 5602 Dominum
2666 5557 2818 5598 suum
2842 5583 2856 5607 ,
2884 5536 3154 5610 quomodo
3181 5543 3234 5591 et
3276 5535 3390 5607 ipse
3419 5533 3602 5588 habuit

2015 5640 2266 5698 decorem
2287 5681 2303 5707 ,
2331 5637 2518 5694 habuit
2544 5633 2924 5693 fortitudinem.
2951 5629 3141 5686 Christi
3175 5628 3333 5685 bonus
3360 5626 3486 5685 odor
3511 5642 3601 5683 su-

2081 5803 2099 5831 ι
2135 5803 2284 5848 Vetus
2299 5795 2423 5845 liber
2445 5793 2600 5854 σοι-δη
2625 5789 2911 5854 audivimus.

2073 5863 2100 5893 ²
2132 5859 2356 5920 Plerique
2378 5863 2504 5920 Mss,
2528 5852 2812 5920 ineuntem,
2831 5852 3016 5919 quibus.

2084 5923 2106 5955 ³
2138 5922 2223 5972 Hic
2243 5913 2425 5971 addunt
2447 5913 2581 5980 add,
2611 5913 2880 5982 latrabartt;
2901 5914 3032 5982 quod
3053 5914 3198 5967 abest
3216 5921 3247 5963 ι
3267 5915 3377 5969 IIII.-

3464 6016 3573 6031 ⁵νειμ...
