4084 6472
474 423 613 482 “85

475 560 586 598 mus
607 585 620 609 ,
646 538 814 610 inquit
841 581 854 606 ,
887 537 938 592 in
967 533 1104 590 omni
1133 533 1272 600 loco,
1301 539 1347 585 et
1375 529 1429 583 in
1459 528 1535 583 his
1562 529 1644 598 qui
1671 526 2049 628 salvi‘ﬁuntaet

475 637 528 690 in
564 636 640 688 his
665 633 750 704 qui
785 637 1010 701 pereunt.
1049 626 1250 696 Quibus
1288 623 1427 678 enim
1456 623 1627 692 placet
1654 621 1848 674 bonum
1870 660 1884 684 ,
1917 617 2051 672 salvi

476 727 639 791 ﬁunt;
669 726 758 796 qui
779 721 1061 778 detrahunt
1087 719 1246 782 bono,
1275 725 1516 785 pereunt.
1548 712 1696 779 Quod
1720 727 1870 766 suum
1896 719 2011 766 erat
2034 751 2048 777 ,

477 821 566 875 ille
601 819 821 873 odorem
853 814 1078 869 habebat
1117 812 1350 875 bonum;
1390 809 1496 862 imo
1530 808 1699 862 boans
1738 805 1869 859 odor
1898 813 2048 858 erat:

477 913 570 968 sed
601 930 678 965 vze
711 910 918 965 miseris
955 907 1042 977 qui
1087 914 1139 960 et
1179 905 1319 958 bono
1363 901 1526 956 odore
1568 902 1886 954 moriuntur.
1937 897 2051 954 Non

477 1005 619 1059 enim
643 1004 734 1068 ait,
765 1001 871 1054 Illis
901 1000 1069 1053 bonus
1093 996 1225 1052 odor
1253 1009 1456 1058 sumus,
1484 993 1586 1048 illis
1613 992 1780 1047 malus
1810 991 1942 1045 odor
1967 1005 2056 1046 su-

479 1113 629 1161 mus;
662 1094 775 1160 sed,
807 1093 991 1148 Christi
1019 1092 1174 1146 bonus
1196 1089 1321 1143 odor
1338 1104 1530 1154 sumus,
1561 1085 1651 1152 ait,
1681 1086 1730 1139 in
1761 1085 1898 1139 omni
1922 1085 2050 1148 loco,

480 1199 527 1242 et
554 1189 605 1240 in
636 1186 713 1239 his
740 1185 824 1253 qui
855 1184 982 1238 salvi
1012 1183 1170 1252 ﬁunt,
1199 1189 1243 1234 et
1268 1180 1321 1234 in
1347 1179 1424 1232 his
1450 1177 1536 1249 qui
1563 1185 1788 1246 pereunt.
1820 1174 2057 1244 Subjecit

479 1279 690 1341 statim,
720 1276 846 1330 Aliis
878 1275 1079 1345 quidem
1111 1288 1284 1326 sumus
1325 1272 1450 1325 odor
1496 1270 1611 1325 vita:
1637 1269 1689 1323 in
1729 1269 1901 1336 vitam,
1942 1267 2056 1322 aliis

479 1371 605 1424 odor
631 1370 802 1424 mortis
831 1369 884 1421 in
911 1375 1119 1420 mortem
1146 1365 1212 1434 (11
1244 1364 1360 1418 Cor.
1396 1380 1451 1427 tt,
1481 1360 1675 1434 14-16).
1713 1362 1911 1429 Quibus
1942 1370 2057 1416 erat

481 1461 614 1515 odor
641 1459 762 1514 vitm
801 1459 852 1512 in
879 1457 1038 1510 vitam
1063 1497 1076 1522 ,
1117 1455 1366 1512 decorem
1399 1453 1643 1509 induerat
1671 1470 1682 1504 :
1718 1452 1909 1522 quibus
1941 1461 2056 1507 erat

480 1557 613 1612 odor
636 1554 819 1609 mortis
846 1554 896 1608 in
919 1561 1166 1616 mortem,
1198 1548 1560 1604 fortitudinem
1589 1547 1848 1602 induerat.
1875 1545 1930 1600 Si
1958 1561 2055 1600 au-

481 1657 588 1703 tem
619 1657 741 1701 tunc
761 1645 981 1716 gaudes,
1010 1642 1222 1714 quando
1251 1652 1302 1696 te
1329 1639 1544 1695 laudant
1566 1640 1830 1704 homines,
1861 1648 1913 1694 et
1941 1639 2053 1708 pla-

479 1748 605 1795 cent
632 1738 732 1792 illis
752 1737 889 1792 bona
918 1751 1079 1805 Opera
1107 1743 1228 1800 tua;
1260 1748 1379 1788 cum
1409 1742 1584 1787 autem
1615 1731 2055 1800 vituperaveriut,

481 1831 667 1887 deﬁcis
696 1831 746 1885 in
772 1830 928 1886 bonis
955 1828 1204 1897 operibus
1224 1867 1238 1894 ,
1267 1836 1321 1900 et
1349 1825 1500 1896 quasi
1530 1825 1756 1880 fructum
1798 1826 2056 1880 bonorum

479 1934 533 1979 te
569 1922 860 1993 perdidisse
891 1921 1183 1986 arbitraris,
1213 1919 1332 1990 quia
1363 1918 1568 1973 invenis
1595 1917 2008 1987 reprehensores
2041 1935 2054 1970 :

479 2030 586 2069 non
617 2013 806 2069 stetisti
846 2012 1168 2078 immobilis;
1212 2026 1318 2066 non
1348 2013 1582 2081 pertines
1616 2010 1680 2065 ad
1709 2011 1873 2064 orbem
1902 2020 2059 2063 terra-

481 2122 616 2172 rum,
649 2105 732 2174 qui
758 2119 857 2156 non
881 2103 1286 2156 commovebitur.
1325 2100 1501 2154 Induit
1527 2099 1774 2154 Dominus
1803 2100 2059 2171 fortitudi-

479 2212 610 2260 nem,
654 2203 700 2248 et
744 2195 1040 2262 praecinctus
1077 2202 1168 2247 est.
1203 2193 1275 2247 De
1313 2191 1429 2262 ipso
1457 2191 1650 2247 decore
1675 2201 1728 2245 et
1753 2191 2058 2247 fortitudine

479 2284 639 2339 habet
669 2285 827 2339 alium
857 2283 1028 2338 locum
1061 2283 1336 2352 apostolus
1360 2283 1552 2337 Paulus
1583 2300 1595 2338 :
1620 2281 1727 2338 Per
1749 2300 1891 2336 arma
1901 2285 2060 2355 justi-

477 2377 561 2430 tice
585 2376 760 2430 dextra
789 2385 836 2429 et
859 2376 1079 2429 sinislra.
1118 2373 1245 2430 Vide
1273 2375 1362 2430 tibi
1383 2375 1651 2440 decorem,
1677 2375 1766 2430 ubi
1799 2375 2060 2432 fortitudi-

477 2484 600 2523 nem
625 2485 636 2522 :
675 2467 774 2520 Per
793 2467 1028 2538 gloriam,
1055 2476 1100 2523 et
1125 2467 1507 2539 ignobilitatem.
1538 2467 1594 2522 In
1621 2468 1786 2538 gloria
1809 2467 2056 2538 decorus,

476 2561 527 2616 in
553 2561 878 2631 ignobilitate
910 2561 1078 2616 fortis.
1117 2563 1270 2632 Apud.
1290 2561 1423 2616 alios
1447 2562 1708 2632 gloriosus
1736 2563 2060 2632 praedicaba-

476 2661 590 2718 tur;
619 2651 756 2722 apud
787 2653 920 2707 alios
939 2652 1184 2723 ignobilis
1213 2653 1668 2708 contemnebatur.
1699 2654 1956 2710 Decorem
1981 2655 2062 2709 af-

476 2743 676 2799 ferebat
697 2745 775 2798 eis
795 2745 987 2814 quibus
1013 2745 1270 2814 placebat,
1297 2745 1660 2820 fortitudinem
1688 2745 1943 2802 adversus
1965 2762 2058 2804 eos

477 2837 668 2906 quibus
707 2837 1034 2907 displicebat.
1077 2838 1146 2892 Et
1184 2838 1262 2893 sic
1290 2847 1565 2893 enumerat
1593 2840 1770 2894 omnia
1799 2855 1965 2911 usque
2005 2841 2058 2895 in

481 2929 662 2994 finem,
694 2930 782 2983 ubi
808 2930 937 2985 dicit
966 2949 978 2985 :
1015 2931 1174 2998 Quasi
1195 2930 1323 2984 nihil
1342 2931 1592 2998 habentes,
1635 2942 1682 2986 et
1708 2933 1875 2986 omnia
1898 2933 2061 3003 possi-

477 3021 647 3076 dentes
675 3020 784 3092 (Id.
805 3038 877 3085 vr,
907 3021 958 3088 7,
982 3022 1036 3088 8,
1066 3020 1176 3095 10).
1199 3021 1329 3077 Cum
1355 3023 1531 3076 omnia
1556 3022 1811 3093 possidet,
1836 3024 2060 3079 decorus

478 3122 592 3178 est;
623 3128 742 3167 cum
773 3112 900 3167 nihil
936 3113 1126 3179 habet,
1157 3113 1306 3167 fortis
1334 3123 1434 3166 est.
1465 3112 1576 3167 Non
1604 3127 1730 3184 ergo
1768 3114 1980 3178 mirum,
2011 3115 2060 3168 si

477 3203 736 3272 sequitur,
766 3201 967 3257 Etenim
989 3203 1302 3266 confirmavit
1324 3203 1490 3258 orbem
1509 3213 1674 3270 teme,
1701 3205 1787 3273 qui
1807 3221 1906 3258 non
1924 3221 2062 3259 com-

479 3295 771 3350 movebitur.
813 3294 1093 3362 Quomodo
1123 3295 1264 3350 enim
1306 3311 1410 3352 non
1455 3296 1876 3352 commovebitur
1915 3297 2060 3352 orbis

479 3388 784 3443 terrarum?
813 3389 941 3443 Cum
970 3387 1194 3443 credunt
1238 3388 1289 3441 in
1327 3385 1597 3442 Christum
1625 3404 1813 3443 omnes
1841 3389 2021 3444 ﬁdeles
2042 3433 2056 3457 ,

480 3491 533 3533 et
553 3481 719 3551 parati
746 3490 865 3536 sunt
883 3481 947 3534 ad
972 3490 1284 3551 utrumque;
1308 3481 1541 3551 gaudere
1561 3497 1680 3538 cum
1699 3483 2055 3550 laudantibus,

478 3571 646 3628 fcrtcs
695 3588 813 3628 esse
852 3572 1107 3627 adversus
1154 3574 1547 3641 vituperantes;
1604 3590 1707 3628 non
1749 3575 2060 3631 mollescere

479 3663 671 3733 linguis
701 3664 1049 3730 laudantium,
1081 3679 1179 3720 nec
1204 3663 1372 3735 frangi
1398 3665 1590 3735 linguis
1623 3666 2054 3735 vituperantium.

551 3756 603 3810 5.
648 3755 805 3811 Forte
831 3769 1129 3826 quaeramus
1155 3762 1209 3810 et
1239 3754 1307 3809 de
1337 3754 1438 3810 hoc
1478 3755 1661 3822 verbo,
1691 3771 1855 3826 quare
1899 3756 2056 3824 dixit,

480 3847 780 3918 prwcinclus
808 3856 900 3900 est.
931 3846 1134 3902 Ciuctio
1159 3861 1320 3916 opera
1348 3847 1643 3917 significat:
1673 3856 1798 3902 tunc
1829 3847 1968 3902 enim
2000 3864 2059 3904 se

479 3939 706 4009 quisque
745 3939 928 4008 cingit,
955 3953 1074 3993 cum
1116 3948 1434 4009 Operaturus
1480 3947 1580 3994 est.
1615 3939 1720 3995 Sed
1759 3955 1924 4010 quare
1952 3956 2057 3996 non

479 4029 631 4096 dixit,
659 4030 874 4086 Cincius
904 4039 1011 4095 est;
1045 4030 1159 4095 sed,
1193 4031 1491 4100 praecinctus
1531 4031 1640 4085 est?
1671 4033 1807 4086 Dicit
1835 4033 1976 4088 enim
2005 4034 2057 4088 in

477 4119 581 4175 alio
604 4121 806 4190 psalmo
825 4121 1122 4193 :Accingere
1139 4122 1366 4192 gladium
1382 4133 1520 4176 tuum
1541 4123 1672 4176 circa
1691 4124 1873 4194 femur,
1896 4135 2061 4196 poten-

478 4213 695 4276 tissime;
721 4213 894 4283 populi
912 4215 1002 4268 sub
1028 4223 1074 4268 te
1092 4218 1270 4268 cadent
1299 4213 1470 4287 (Psal.
1502 4231 1642 4284 xuv,
1672 4217 1723 4282 4,
1758 4217 1833 4290 6).
1863 4218 1970 4273 Nec
1990 4219 2059 4274 ibi

478 4303 631 4370 dixit,
653 4303 896 4382 Cingere,
921 4320 1112 4375 neque,
1141 4305 1484 4375 prmcingere,
1513 4306 1630 4372 sed,
1657 4307 1948 4378 accingere:
1967 4323 2058 4364 ac-

477 4399 707 4470 cingeris
737 4401 876 4455 enim
920 4399 1130 4470 quando
1159 4398 1354 4469 aliquid
1380 4399 1620 4470 adjungis
1652 4401 1802 4456 lateri
1847 4410 1936 4456 tuo
1965 4419 2059 4471 per

477 4491 828 4555 cinctionem;
872 4489 1011 4555 ideo,
1055 4491 1326 4562 Accingere
1369 4491 1596 4562 gladium
1637 4502 1800 4548 tuum.
1843 4493 2058 4548 Gladius

476 4578 689 4637 Domini
719 4579 858 4635 unde
895 4580 1176 4636 debellavit
1219 4581 1400 4636 urbem
1444 4591 1723 4650 terrarum,
1768 4583 2058 4639 occidendo

475 4672 788 4744 nequitiam,
820 4672 1048 4743 Spiritus
1079 4673 1171 4729 Dei
1198 4674 1313 4728 est'
1338 4674 1390 4728 in
1412 4674 1633 4729 veritate
1661 4676 1922 4730 sermonis
1941 4676 2054 4761 Dei.

475 4766 651 4836 Quare
689 4766 828 4822 circa
859 4764 1030 4820 femur
1057 4767 1332 4837 accingere
1377 4766 1570 4822 dicitur
1604 4767 1872 4838 gladium?
1900 4768 2058 4823 Aliud

473 4861 691 4933 quidem
719 4876 782 4917 ex
813 4861 954 4915 alio’
978 4860 1046 4915 de
1074 4860 1179 4914 alio
1210 4861 1414 4930 psalmo
1456 4860 1521 4916 ad
1553 4862 1870 4917 cinctionem
1917 4861 2055 4915 dixi-

472 4967 621 5017 mus;
655 4951 746 5006 sed
791 4959 967 5005 tamen
997 4950 1118 5020 quia
1157 4959 1629 5004 commemoratum
1681 4959 1780 5016 cst,
1832 4967 1936 5006 non
1977 4960 2058 5006 est

475 5040 1011 5113 praetermitteMum.
1052 5039 1189 5108 Quid
1215 5049 1296 5096 est
1335 5041 1591 5096 accinctio
1619 5041 1777 5111 gladii
1807 5043 1944 5098 circa
1973 5041 2056 5098 fe-

473 5134 626 5190 tmtr?
655 5133 757 5190 Per
783 5133 954 5190 femur
983 5149 1197 5189 carnem
1228 5133 1506 5204 signiﬁcat.
1550 5134 1663 5189 Non
1713 5141 1852 5189 enim
1899 5137 2054 5192 aliter

471 5226 762 5283 debellaret
801 5225 1058 5281 Dominus
1075 5226 1259 5282 orbem
1289 5235 1569 5294 terrarum,
1617 5227 1716 5282 nisi
1757 5227 1808 5282 in
1838 5243 2052 5283 carnem

469 5322 678 5376 veniret
702 5321 907 5391 gladius
937 5319 1191 5376 veritatis.
1238 5319 1336 5374 Hic
1378 5335 1506 5390 ergo
1544 5335 1709 5390 quare
1757 5322 2054 5390 prwcincltts

468 5411 578 5466 est?
605 5411 706 5478 Qui
733 5425 792 5466 se
815 5411 1104 5482 praecingit,
1126 5418 1250 5468 ante
1279 5425 1337 5467 se
1367 5410 1515 5481 ponit
1550 5411 1747 5482 aliquid
1784 5417 1888 5483 quo
1913 5429 2054 5483 pra:-

532 5569 548 5599 ί
585 5574 691 5616 Mss.
710 5569 960 5630 omittunt,
992 5572 1098 5630 est;
1135 5575 1188 5618 et
1210 5575 1319 5630 post
1342 5580 1527 5628 vocem,
1553 5567 1799 5626 sermonis,
1841 5582 1937 5618 non
1971 5571 2054 5619 ad-

465 5629 605 5691 dunt,
632 5627 736 5678 Dei.
773 5636 827 5679 At
849 5632 1024 5691 Regius
1046 5627 1171 5679 liber
1202 5627 1352 5680 habet
1387 5633 1458 5680 sic
1481 5645 1492 5679 :
1514 5627 1660 5691 Linde
1689 5629 1940 5682 debellavit
1971 5646 2053 5682 or-
2091 5657 2096 5662 λ

470 5688 871 5761 bemterrarum?
893 5688 1166 5743 decidendo
1195 5692 1428 5756 nequitias
1448 5690 1644 5755 spiritus
1665 5691 1715 5742 iu
1734 5692 1929 5745 veritate
1953 5708 2053 5746 ser-

465 5762 637 5802 monts.
2027 5785 2029 5787 .

531 5816 551 5884 ξ
585 5824 681 5886 aut.
708 5815 900 5875 omittit,
918 5816 1098 5886 cxttlio
1123 5830 1135 5864 :
1162 5817 1249 5886 sed
1274 5823 1350 5886 est
1375 5819 1423 5866 in
1443 5826 1544 5886 Mss.
1572 5818 1803 5886 aquibus
1835 5819 2054 5872 nonnulli

463 5875 594 5928 intra
609 5877 804 5940 habent,
822 5875 1163 5933 accinctionem
1180 5877 1412 5954 diximus,
1436 5879 1535 5943 vel,
1561 5875 1782 5938 dicimus.

1671 408 1729 465 S.
1770 403 2136 464 AUGUSTINI
2172 405 2480 466 EPISCOPI

3601 423 3741 481 1184

2157 526 2415 597 cingitur:
2441 527 2581 582 unde
2604 527 2803 583 dictum
2831 537 2930 594 est,
2962 529 3273 588 Prwcinctus
3293 543 3365 590 est
3389 535 3563 604 linteo,
3591 547 3638 595 et
3657 539 3741 594 la-

2155 619 2226 672 vit
2251 619 2398 688 pedes
2417 619 2778 694 discipulorum
2797 638 3020 676 suorum.
3043 622 3175 692 Quia
3203 626 3343 680 enim
3375 635 3501 683 tunc
3524 627 3743 686 humilis

2158 709 2278 773 fuit,
2307 711 2517 780 quando
2545 712 2711 768 linteo
2751 715 3071 784 praecinctus
3096 727 3197 782 est,
3232 718 3360 774 lavit
3389 720 3550 790 pedes
3576 722 3741 778 disci-

2159 802 2402 872 pulorum
2430 815 2670 876 suorum.
2701 805 2887 862 Omnis
2929 818 3105 863 autem
3155 807 3412 866 fortitudo
3439 813 3492 867 iu
3522 812 3741 870 humili-

2159 902 2300 960 tate;
2334 895 2454 965 quia
2484 895 2686 966 fragilis
2729 906 2812 953 est
2851 899 3026 955 omnis
3071 902 3350 971 superbia:
3380 902 3500 959 ideo
3527 921 3645 960 cum
3673 906 3743 962 de

2160 984 2470 1042 fortitudine
2495 986 2716 1054 diceret,
2749 988 2973 1057 addidit,
3001 993 3299 1061 praecinctus
3317 1003 3422 1061 est;
3451 1003 3508 1049 ut
3536 998 3745 1054 recolas

2161 1077 2327 1132 Deum
2355 1080 2694 1147 praecinctum
2723 1080 2999 1151 humilem,
3030 1085 3242 1156 quando
3269 1087 3431 1157 pedes
3451 1087 3745 1160 discipulo-

2161 1184 2279 1225 rum
2300 1170 2444 1225 lavit.
2473 1171 2829 1229 Etexhorruit
2855 1161 3041 1232 Petrus
3068 1177 3348 1234 Dominum
3374 1197 3547 1239 suum.
3577 1183 3748 1253 magi-

2161 1268 2328 1314 strum
2358 1277 2509 1316 suum
2539 1264 2735 1333 (minus
2761 1265 2868 1320 dixi
2900 1268 3208 1338 magistrum
3235 1287 3406 1339 suum,
3441 1289 3561 1328 cum
3581 1274 3748 1330 dixisr-

2161 1365 2273 1406 sem
2305 1353 2583 1408 Dominum
2630 1354 2809 1430 suum)
2854 1369 3162 1416 curvantem
3209 1376 3268 1417 se
3307 1363 3374 1418 ad
3407 1364 3566 1434 pedes
3595 1381 3742 1433 suos,

2161 1452 2215 1499 et
2242 1444 2502 1502 lavantem
2531 1447 2631 1503 sibi
2661 1450 2841 1518 pedes,
2865 1454 3096 1522 expavit,
3125 1455 3326 1510 etdixit
3346 1473 3358 1510 :
3381 1456 3618 1524 Domine,
3641 1477 3745 1515 non

2163 1535 2352 1592 lavabis
2389 1541 2513 1595 mihi
2541 1544 2709 1612 pedes.
2744 1545 2810 1600 Et
2852 1546 2970 1601 ille:
3003 1547 3154 1613 Quod
3189 1567 3280 1622 ego
3321 1553 3476 1623 facio,
3506 1564 3559 1608 tu
3584 1557 3746 1612 nescis

2162 1633 2342 1698 modo;
2368 1633 2494 1687 scies
2531 1645 2697 1689 autem
2741 1647 2934 1708 postea.
2977 1640 3044 1695 Et
3087 1641 3210 1697 ille:
3240 1641 3362 1698 Non
3404 1647 3594 1702 lavabis
3621 1649 3745 1703 mihi

2163 1723 2312 1792 pedes
2335 1723 2386 1776 in
2413 1734 2677 1780 aeternum.
2709 1727 2778 1783 Et
2807 1729 2930 1785 ille:
2967 1731 3028 1787 Si
3052 1749 3152 1786 non
3183 1733 3350 1790 lavero
3374 1745 3440 1805 te,
3469 1755 3568 1794 non
3595 1739 3747 1795 habe-

2164 1813 2237 1868 bis
2262 1825 2454 1885 partem
2483 1833 2694 1872 mecum.
2727 1820 2824 1887 Qui
2853 1823 3024 1891 primo
3051 1824 3238 1882 Petrus
3263 1840 3546 1898 expaverat
3570 1832 3749 1890 Domi-

2162 1920 2288 1960 num
2333 1906 2594 1962 lavantem
2625 1911 2722 1964 sibi
2755 1913 2932 1981 pedes,
2967 1915 3084 1984 plus
3126 1920 3359 1988 expavit,
3393 1919 3514 1975 Non
3545 1922 3748 1980 habebis

2165 2007 2357 2066 partem
2390 2015 2614 2066 mecum;
2640 2011 2694 2056 et
2722 2004 2949 2060 credidit
2975 2022 3077 2062 non
3108 2011 3223 2064 sine
3254 2025 3413 2067 causa
3443 2013 3546 2070 hoc
3570 2015 3748 2073 facere

2166 2088 2469 2156 Dominum,
2497 2093 2600 2146 nisi
2623 2095 2743 2164 quia
2770 2095 2984 2167 aliquod
3004 2109 3120 2154 erat
3137 2100 3262 2157 illud
3288 2102 3424 2160 forte
3445 2120 3747 2166 sacramen-

2166 2188 2297 2248 tum,
2313 2190 2366 2236 et
2379 2183 2469 2236 ait:
2488 2182 2718 2251 Domine,
2741 2203 2841 2241 non
2860 2189 3008 2258 pedes
3024 2200 3239 2262 tantum,
3257 2195 3346 2250 sed
3359 2206 3405 2250 et
3420 2209 3592 2269 caput,
3607 2209 3653 2256 et
3671 2209 3748 2257 to-

2165 2281 2286 2328 tum.
2322 2274 2388 2328 Et
2415 2275 2536 2332 ille:
2565 2278 2663 2345 Qui
2684 2279 2815 2335 lotus
2834 2293 2905 2336 est
2926 2286 3097 2353 semel,
3121 2303 3223 2342 non
3242 2290 3390 2346 habet
3409 2294 3748 2351 necessitatem

2161 2365 2342 2419 iterum
2374 2366 2599 2438 lavandi,
2622 2371 2711 2424 sed
2740 2382 2813 2425 est
2839 2375 3056 2431 mundus
3084 2387 3237 2432 totus.
3265 2379 3380 2434 Non
3410 2397 3538 2453 ergo
3561 2383 3628 2440 ad
3656 2400 3748 2440 sa-

2163 2469 2491 2516 cramentum
2523 2471 2772 2534 tanquam
2793 2468 2808 2498 ¹
2842 2469 3201 2528 mundationis
3244 2476 3560 2546 pertinebat,
3605 2479 3748 2552 quod

2163 2549 2287 2606 lavit
2328 2553 2406 2608 eis
2452 2555 2633 2624 pedes,
2684 2559 2775 2614 sed
2821 2560 2888 2617 ad
2936 2565 3235 2634 exemplum
3280 2568 3589 2627 humilitatis
3608 2549 3749 2630 :vhoe

2165 2643 2307 2697 enim
2330 2643 2556 2711 dixerat,
2589 2647 2740 2714 Quod
2760 2653 2891 2706 enim
2918 2671 3008 2724 ego
3029 2656 3181 2726 facio,
3212 2661 3403 2727 nescis;
3429 2663 3554 2717 scies
3581 2675 3750 2720 autem

2164 2745 2356 2804 postea.
2387 2738 2671 2796 Videamus
2699 2743 2741 2798 si
2763 2745 2998 2802 scierunt
3025 2758 3226 2817 postea,
3257 2753 3530 2812 videamus
3556 2757 3599 2812 si
3622 2773 3751 2831 ape-

2163 2828 2270 2882 ruit
2299 2829 2404 2885 illis
2431 2832 2574 2901 quod
2605 2834 2849 2904 faciebat,
2884 2849 2943 2894 ut
2969 2839 3240 2899 videamus
3279 2845 3560 2904 Dominum
3610 2828 3750 2921 pra:-

2163 2920 2392 2976 cinctum
2422 2922 2757 2994 fortitudine;
2786 2930 2907 3000 quia
2938 2931 2988 2985 in
3026 2932 3322 2993 humilitate
3348 2949 3429 2994 est
3451 2948 3561 2996 tota
3597 2920 3749 2999 forti-

2163 3013 2311 3070 tudo.
2335 3016 2467 3071 Cum
2498 3019 2712 3076 lavisset
2735 3023 2813 3077 eis
2841 3025 3021 3093 pedes,
3055 3043 3240 3104 rursus
3277 3030 3565 3100 discubuit,
3595 3045 3649 3092 et
3675 3037 3750 3093 ait

2163 3103 2302 3159 illis:
2329 3105 2507 3162 Dicitis
2532 3127 2609 3164 me
2634 3111 2957 3183 Magistrum,
2983 3127 3027 3170 et
3048 3103 3219 3174 verum
3237 3120 3438 3188 dicitis;
3453 3141 3565 3178 sum
3585 3127 3716 3180 enim
3731 3143 3750 3182 :

2164 3195 2330 3252 dicitis
2355 3216 2434 3252 me
2463 3200 2758 3272 Dominum,
2800 3216 2847 3260 et
2892 3224 3061 3263 verum
3089 3211 3291 3278 dicitis;
3333 3231 3447 3268 sunt
3489 3219 3622 3272 enim
3656 3234 3677 3272 .·
3706 3220 3751 3274 si

2163 3303 2281 3359 ergo
2311 3306 2400 3360 ego
2433 3290 2676 3362 Magister
2704 3306 2748 3349 et
2783 3289 3028 3353 Dominus
3073 3312 3230 3358 vester
3274 3305 3374 3360 lavi
3403 3307 3537 3363 vobis
3577 3309 3747 3379 pedes,

2162 3381 2411 3449 quomodo
2458 3395 2653 3452 oportet
2705 3389 2840 3443 vobis
2890 3391 3098 3447 invicem
3144 3397 3343 3465 faciatis
3395 3398 3586 3471 (Joan.
3628 3419 3747 3472 xm,

2163 3470 2349 3540 4-15)?
2389 3474 2443 3528 Si
2485 3489 2614 3545 ergo
2659 3477 2712 3532 in
2756 3479 3050 3538 humilitate
3079 3495 3160 3541 est
3187 3470 3460 3558 tantum,
3493 3495 3656 3549 nolite
3684 3470 3750 3549 ii;

2164 3577 2311 3619 mere
2338 3566 2616 3635 superbos.
2649 3568 2887 3628 Humiles
2936 3585 3180 3646 tauquam
3228 3589 3377 3650 petra
3410 3592 3570 3639 sunt:
3599 3594 3748 3655 petra

2161 3653 2409 3711 deorsum
2438 3658 2665 3727 videtur,
2696 3663 2791 3718 sed
2823 3665 2990 3720 solida
3016 3677 3115 3723 est.
3149 3669 3373 3740 Superbi
3395 3675 3562 3744 quid?
3585 3653 3747 3744 Quasi

2161 3747 2369 3803 fumus:
2398 3753 2494 3806 etsi
2520 3753 2610 3808 alti
2640 3764 2782 3822 sunt,
2816 3770 3155 3816 evanescunt.
3203 3764 3342 3834 Ergo
3369 3765 3434 3820 ad
3480 3767 3750 3823 humilita.

2164 3847 2271 3894 tem
2319 3841 2527 3919 Domini
2577 3844 2778 3901 referre
2823 3848 3080 3906 debemus
3127 3854 3267 3920 quod
3300 3857 3616 3924 prmcinctus
3641 3870 3745 3927 est,

2163 3933 2455 3988 secundum
2485 3942 3049 3998 commemorationem
3100 3945 3393 4018 Evangelii,
3436 3943 3577 4022 quod
3610 3969 3750 4025 prte-

2162 4023 2366 4080 cinctus
2391 4018 2494 4092 est,
2529 4038 2586 4082 ut
2611 4029 2812 4086 lavaret
2841 4032 3003 4102 pedes
3033 4035 3305 4108 discipulis
3331 4018 3460 4097 suis.

2236 4118 2289 4172 tl.
2321 4119 2415 4173 Est
2439 4120 2580 4174 aliud
2605 4123 2746 4192 quod
2765 4125 2817 4179 in
2837 4125 2938 4181 hoc
2958 4129 3124 4184 verbo
3146 4131 3410 4200 possimus
3431 4137 3744 4208 intelligere.

2163 4205 2403 4263 Diximus
2421 4210 2542 4280 quia
2568 4213 2655 4282 qui
2683 4229 2742 4268 se
2765 4218 3054 4287 praecingit,
3085 4230 3209 4276 ante
3233 4237 3291 4277 se
3316 4226 3461 4292 ponit
3481 4205 3622 4295 quod
3644 4229 3746 4285 sibi

2161 4297 2416 4370 adiungit,
2449 4309 2504 4355 ut
2530 4317 2589 4356 se
2617 4303 2812 4374 cingat.
2836 4305 2968 4373 Quia
2994 4324 3123 4379 ergo
3145 4310 3218 4364 illi
3240 4313 3329 4382 qui
3351 4314 3749 4374 detrahuntno-

2161 4389 2265 4456 bis,
2295 4392 2578 4463 aliquando
2601 4395 2753 4450 nobis
2774 4397 3082 4456 absentibus
3107 4401 3322 4470 faciunt,
3347 4415 3595 4478 tauquam
3629 4421 3749 4480 post

2161 4481 2413 4550 dorsum;
2460 4486 2745 4558 aliquando
2789 4505 2968 4546 coram
3000 4494 3054 4548 in
3089 4495 3296 4561 faciem,
3339 4499 3477 4554 sicut
3518 4501 3748 4560 D-unino

2161 4571 2426 4628 faciebant
2455 4577 2702 4645 pendenti
2732 4580 2782 4634 in
2809 4597 2990 4648 cruce,
3023 4582 3084 4638 Si
3126 4587 3263 4654 ﬁlius
3301 4588 3399 4644 Dei
3422 4601 3512 4656 est,
3541 4592 3748 4648 descen-

2163 4663 2249 4718 dat
2275 4665 2338 4718 de
2365 4683 2512 4721 cruce
2531 4668 2746 4739 (Matth.
2777 4688 2938 4740 xxvu,
2968 4673 3092 4746 40):
3118 4693 3225 4733 non
3251 4695 3384 4750 opus
3411 4681 3572 4739 habes
3595 4685 3746 4740 forti-

2163 4754 2342 4811 tudine
2366 4759 2576 4827 quando
2615 4761 2708 4815 tibi
2743 4762 2934 4833 aliquis
2957 4765 3188 4822 detrahit
3211 4771 3438 4838 absenti,
3480 4775 3601 4844 quia
3638 4791 3745 4833 non

2161 4845 2330 4910 audis,
2356 4863 2454 4902 nec
2479 4851 2678 4916 sentis;
2710 4853 2754 4906 si
2779 4863 2954 4909 autem
2991 4856 3060 4930 in.
3079 4855 3268 4913 faciem
3294 4861 3385 4916 tibi
3410 4862 3572 4931 dicat,
3601 4881 3738 4936 opus

2162 4946 2326 4993 estut
2354 4935 2505 4995 fortis
2532 4944 2625 4996 sis.
2669 4945 2802 5010 Quid
2831 4957 2934 5011 est,
2987 4947 3165 5004 Fortis
3207 4951 3317 5006 sis?
3361 4952 3429 5009 Ut
3473 4954 3645 5010 feras:
3676 4974 3746 5014 ne

2161 5025 2298 5083 forte
2328 5028 2449 5084 ideo
2476 5040 2526 5085 te
2556 5043 2708 5102 putes
2737 5033 2951 5104 fortem,
2975 5053 3094 5092 cum
3122 5040 3375 5109 audieris,
3401 5044 3521 5115 quia
3549 5061 3744 5116 percu-

2163 5117 2228 5172 tis
2260 5133 2434 5190 pugno
2479 5121 2650 5178 victus
2689 5126 2948 5181 convicio.
2997 5128 3112 5183 Non
3144 5139 3224 5184 est
3255 5131 3355 5187 ista
3393 5134 3668 5202 fortitudo,
3698 5143 3745 5193 si

2159 5211 2485 5268 conviciatus
2529 5217 2812 5284 percutias,
2843 5220 3093 5287 quoniam
3125 5222 3194 5276 ab
3224 5223 3301 5277 ira
3342 5226 3511 5280 victus
3537 5244 3594 5282 es
3613 5232 3633 5260 ³
3654 5248 3666 5283 :
3691 5241 3746 5286 et

2157 5303 2314 5359 valde
2356 5306 2572 5360 stultum
2622 5317 2723 5374 est,
2773 5308 3044 5366 hominem
3077 5314 3274 5370 victum
3323 5319 3513 5374 fortem
3540 5321 3742 5390 dicere,

2159 5409 2280 5449 cum
2305 5395 2448 5451 dicat
2487 5397 2777 5470 Scriptura,
2820 5401 3005 5457 Melior
3035 5414 3107 5458 est
3137 5407 3220 5475 qui
3247 5409 3397 5463 vincit
3416 5411 3564 5477 iram,
3594 5429 3743 5482 quam

2157 5489 2243 5558 qui
2268 5489 2402 5557 capit
2421 5491 2668 5546 civitatem
2690 5491 2870 5562 (Prov.
2911 5512 3019 5560 xvr,
3049 5496 3161 5568 32).
3185 5499 3458 5558 Meliorem
3488 5503 3623 5559 dixit
3650 5508 3744 5562 ira:

2158 5579 2433 5647 victorem,
2484 5597 2643 5653 quam
2688 5585 2915 5642 civitatis
2958 5589 3360 5660 captivatorem.
3408 5595 3586 5652 Habes
3615 5612 3744 5669 ergo

2221 5760 2240 5831 ξ
2272 5761 2344 5809 sic
2366 5768 2465 5811 Am.
2491 5769 2542 5812 et
2562 5770 2672 5831 Mss.
2697 5773 2748 5816 At
2871 5775 2922 5817 et
2945 5775 3070 5831 lov.,
3097 5777 3297 5822 tantum.

2168 5883 2178 5892 _
2207 5823 2374 5934 $1231.
2402 5831 2453 5874 et
2475 5829 2624 5878 nostri
2646 5842 2818 5882 omnes
2837 5839 2960 5893 Mss,
2997 5831 3040 5884 si
3059 5823 3218 5887 'vt'ctus
3249 5841 3508 5900 percutias,
3531 5851 3641 5891 cum
3678 5838 3743 5892 ab

2168 5897 2206 5934 lt’
2320 5920 2322 5922 -
2350 5899 2403 5934 us
2424 5899 2492 5934 es.
3005 5929 3007 5932 ι

2158 5897 2236 5936 tra
2257 5897 2403 5938 υισιιιδ
2424 5899 2492 5937 es.
3005 5929 3007 5932 .
