4084 6474
343 387 482 448 "85

337 496 710 556 adversarium
733 505 984 566 magnum
1027 491 1084 554 in
1113 495 1302 568 teipso.
1323 495 1458 551 Cum
1487 497 1666 552 audito
1685 496 1930 552 convicio

342 593 422 648 ira
452 588 681 660 eruperit
708 602 954 664 surgere,
987 599 1045 646 ut
1070 589 1262 646 reddas
1289 588 1484 642 malum
1519 602 1614 657 pro
1643 587 1805 654 malo,
1843 601 1934 642 re-

341 685 574 743 cordare
619 687 782 741 verba
827 682 1069 754 Apostoli
1098 700 1110 736 :
1139 679 1260 734 Non
1301 679 1564 734 reddentes
1605 677 1794 733 malum
1843 695 1937 750 pro

343 783 501 846 malo,
551 795 708 851 neque
748 776 1069 830 maledictum
1097 790 1188 844 pro
1214 773 1476 826 maledicto
1508 772 1549 842 (Ι
1577 770 1719 825 Petr.
1749 786 1826 836 Ill,
1859 769 1938 844 9).

345 879 440 932 llis
467 875 648 930 verbis
667 869 962 926 rccordalis
984 867 1179 938 frangis
1203 866 1355 928 iram,
1376 873 1524 920 tenes
1551 863 1936 931 fortitudinem;

345 983 392 1025 ct
431 971 555 1042 quia
585 982 765 1023 coram
795 975 844 1019 te
874 963 962 1018 ille
991 961 1084 1016 tibi
1109 959 1400 1040 maledixit,
1433 972 1536 1013 non
1567 966 1686 1028 post
1715 955 1940 1012 dorsum

347 1072 524 1128 tuum,
555 1060 875 1130 praecinctus
901 1073 960 1113 es
986 1056 1096 1110 illa.

419 1155 474 1209 5.
517 1152 634 1208 Jam
665 1160 858 1206 caetera
888 1149 1197 1204 audiamus:
1225 1143 1406 1202 brevis
1435 1151 1519 1200 est
1545 1142 1808 1208 Psalmus,
1857 1141 1942 1196 Et-

345 1246 483 1300 enim
528 1243 848 1312 conﬁrmavit
877 1243 1044 1296 orbem
1068 1248 1232 1304 terrte,
1275 1237 1362 1310 qui
1401 1254 1504 1292 non
1533 1235 1938 1290 commovebitur.

347 1337 580 1406 Videtis,
623 1337 835 1402 fratres,
881 1333 1031 1388 multi
1062 1331 1287 1387 credunt
1329 1330 1386 1384 in
1429 1327 1720 1392 Christum,
1753 1340 1942 1396 magna

349 1431 506 1488 turba
537 1439 622 1486 est
643 1448 656 1484 :
677 1438 731 1484 et
757 1439 930 1482 tamen
961 1426 1012 1480 in
1043 1425 1142 1480 hac
1166 1437 1354 1494 magna
1383 1421 1554 1488 turba,
1585 1419 1806 1475 audistis
1823 1434 1940 1473 mo-

350 1525 424 1580 do
467 1540 592 1579 cum
636 1519 984 1590 Evangelium
1009 1517 1295 1588 legeretur,
1337 1514 1459 1586 quia
1486 1512 1666 1568 veniet
1691 1511 1943 1566 Dominus

351 1615 537 1672 ferens
563 1614 738 1686 palam
769 1613 820 1666 in
851 1625 1012 1666 manu
1035 1624 1150 1674 sua,
1184 1618 1238 1664 et
1267 1605 1543 1662 mundabit
1562 1621 1740 1660 aream
1770 1618 1940 1672 suam;

352 1705 684 1762 frumentum
720 1701 974 1760 recondat
998 1701 1051 1756 in
1079 1699 1294 1766 horreo,
1325 1697 1505 1769 paleas
1531 1696 1808 1752 comburet
1834 1695 1944 1765 igni

351 1795 769 1868 inexstinguibili
812 1793 1024 1868 (Matth.
1070 1808 1146 1858 Ill,
1183 1788 1294 1862 12).
1327 1789 1463 1844 Sunt
1489 1803 1616 1860 ergo
1643 1802 1739 1858 per
1777 1794 1945 1842 totam

353 1901 554 1948 terram
601 1898 654 1944 et
677 1888 803 1943 boni
833 1895 886 1940 et
914 1885 1075 1940 mali:
1103 1885 1223 1939 boui
1255 1897 1416 1954 grana
1447 1891 1590 1947 sunt,
1617 1881 1742 1934 mali
1773 1881 1952 1952 palea.

353 1993 412 2048 ιιι
433 1999 613 2048 aream
635 1983 794 2040 intrat
815 1979 1036 2052 tribula;
1067 1977 1271 2056 paleam
1291 1974 1544 2048 concidit,
1569 1973 1800 2032 triticum
1820 1988 1947 2048 pur-

354 2095 470 2158 gat.
492 2083 622 2150 Quis
649 2089 730 2137 est
757 2095 885 2152 ergo
911 2079 1054 2133 orbis
1082 2084 1341 2131 terrarum
1369 2073 1456 2144 qui
1486 2088 1588 2126 non
1615 2070 1944 2126 commovebi-

361 2175 486 2230 tur?
513 2173 660 2243 Quod
684 2172 866 2242 utique
893 2185 998 2226 non
1027 2168 1248 2232 diceret,
1280 2166 1380 2221 nisi
1415 2172 1635 2220 essetet
1661 2161 1808 2217 orbis
1836 2171 1944 2218 ter-

355 2283 542 2325 rarum
571 2267 656 2338 qui
681 2262 1126 2320 commovebitur.
1153 2260 1246 2315 Est
1266 2257 1412 2313 orbis
1438 2265 1698 2312 terrarum
1720 2253 1810 2325 qui
1838 2269 1944 2308 non

351 2360 800 2424 commovebitur,
825 2367 908 2414 est
931 2355 1079 2412 orbis
1103 2365 1362 2408 terrarum
1391 2351 1480 2422 qui
1496 2348 1942 2405 commovebitur.

355 2454 493 2522 Quia
525 2463 580 2510 et
606 2453 728 2508 boni
759 2451 846 2523 qui
873 2449 1092 2506 stabiles
1119 2455 1244 2502 sunt
1273 2446 1324 2500 in
1355 2443 1480 2510 fide,
1505 2443 1649 2498 orbis
1679 2451 1940 2496 terrarum

353 2556 466 2612 est;
499 2561 569 2602 ne
599 2546 718 2616 quis
745 2543 968 2606 diceret,
1001 2541 1059 2596 In
1090 2547 1240 2609 parte
1270 2545 1428 2592 sunt:
1457 2544 1512 2590 et
1540 2535 1686 2600 mali,
1713 2533 1804 2604 qui
1833 2547 1938 2588 non

351 2647 500 2694 stant
519 2637 574 2692 in
601 2637 705 2692 fide
727 2650 847 2692 eum
869 2631 1136 2690 senserint
1159 2630 1392 2700 aliquam
1416 2626 1834 2692 tribulationem,
1851 2639 1948 2693 per

353 2733 541 2788 orbem
571 2742 832 2786 terrarum
859 2735 1002 2782 sunt.
1043 2725 1141 2780 Est
1161 2738 1288 2794 ergo
1317 2721 1463 2777 orbis
1491 2727 1752 2775 terrarum
1779 2716 1948 2774 mobi-

355 2827 444 2894 lis,
473 2834 558 2881 est
585 2824 736 2880 orbis
762 2831 1022 2878 terrarum
1053 2813 1339 2873 immobilis
1361 2812 1460 2869 :de
1472 2826 1578 2883 quo
1607 2811 1624 2842 ¹
1645 2809 1772 2866 dicit
1802 2811 1948 2880 Apo-

357 2918 550 2974 Stolus.
600 2915 734 2972 Vide
773 2914 958 2970 orbem
999 2919 1259 2966 terrarum
1288 2905 1562 2962 mobilem.
1599 2903 1750 2973 Rogo
1781 2909 1851 2968 te,
1881 2899 1948 2956 de

355 3009 552 3080 quibus
572 3007 786 3064 dicebat
813 3002 1120 3076 Apostolus,
1151 3019 1168 3052 ι
1195 2999 1273 3056 Ex
1305 2998 1497 3070 quibus
1520 3006 1602 3052 est
1629 2995 1950 3067 Hymenaeus

357 3112 414 3158 et
443 3101 704 3166 Philetus,
734 3099 822 3170 qui
849 3098 988 3154 circa
1017 3095 1297 3150 veritatem
1327 3093 1733 3156 aberraverunt,
1765 3087 1949 3144 dicen-

357 3201 442 3248 tes
469 3189 919 3248 resurrectionem
961 3186 1067 3258 jam
1107 3183 1304 3240 factam
1347 3198 1490 3246 esse.
1532 3191 1586 3238 et
1629 3181 1786 3237 fidem
1817 3194 1950 3250 quo-

359 3283 606 3340 rumdam
639 3278 992 3336 subvertant?
1017 3297 1035 3330 ι
1064 3273 1329 3346 Numquid
1357 3273 1442 3330 isti
1469 3272 1536 3327 ad
1557 3272 1742 3328 orbem
1777 3279 1950 3326 terra-

359 3392 480 3432 rum
513 3375 870 3447 pertinebaut,
909 3371 1001 3441 qui
1029 3385 1134 3424 non
1177 3364 1638 3424 commovebitur?
1676 3362 1770 3418 sed
1800 3363 1953 3434 palea

359 3478 549 3526 erant:
575 3467 644 3522 Et
670 3467 845 3537 ﬁdem,
887 3463 1077 3534 inquit,
1125 3459 1458 3532 quorumdam
1502 3456 1809 3512 subvertant.
1838 3453 1952 3510 Non

361 3561 520 3626 dixit,
555 3558 838 3623 Omnium;
864 3564 917 3612 et
941 3555 988 3610 si
1015 3552 1254 3608 omnium
1280 3550 1508 3612 diceret,
1539 3561 1727 3602 omnes
1755 3544 1953 3600 intelli—

363 3633 493 3722 gere
518 3649 836 3704 deberemus
855 3643 1184 3716 pertinentes
1205 3641 1272 3696 ad
1298 3640 1564 3696 civitatem
1587 3637 1952 3708 Babyloniam,

363 3757 484 3813 quae
509 3740 672 3794 habet
700 3737 940 3794 damnari
959 3751 1080 3791 cum
1099 3733 1342 3790 diabolo:
1369 3740 1542 3786 tamen
1561 3729 1959 3800 ﬁdemquorum-

366 3835 490 3888 dam
513 3833 666 3888 dixit.
689 3833 757 3888 Et
773 3830 924 3904 quasi
952 3829 1219 3884 diceretur
1247 3825 1318 3891 ei,
1347 3823 1414 3878 Et
1436 3823 1554 3893 quis
1575 3822 1652 3876 eis
1675 3829 1847 3890 potest
1875 3833 1960 3875 re-

367 3927 598 3983 sistere?
624 3926 852 3994 subjecit
876 3924 1054 3978 statim
1076 3939 1089 3974 :
1125 3919 1358 3973 Firmum
1378 3925 1546 3970 autent
1570 3914 1959 3986 fundamentum

355 4020 466 4076 -Dei
494 4031 616 4074 stat.
645 4019 782 4074 Ecce
807 4016 971 4073 habes
993 4013 1178 4070 orbem
1202 4021 1458 4066 terrarum
1483 4007 1569 4076 qui
1593 4020 1697 4060 non
1724 4016 1960 4060 commo-

369 4111 604 4167 vebitur.
655 4109 860 4163 Habeas
907 4104 1224 4177 signaculum
1269 4103 1384 4154 hoc.
1439 4096 1588 4163 Quod
1633 4095 1958 4164 signaculum

370 4205 536 4260 habet
565 4203 776 4258 firmum
803 4195 1244 4256 fundamentum?
1277 4192 1432 4247 Novit
1459 4189 1708 4244 Dominus
1741 4189 1825 4260 qui
1848 4195 1963 4242 sunt

372 4299 505 4368 ejus.
536 4295 642 4368 Iste
671 4303 752 4348 est
775 4293 920 4348 orbis
953 4301 1212 4345 terrarum
1239 4287 1328 4358 qui
1355 4300 1462 4339 non
1503 4279 1959 4338 commovebitur:

375 4389 536 4444 Novit
567 4387 811 4442 Dominus
837 4385 920 4456 qui
943 4391 1059 4436 sunt
1085 4383 1216 4452 ejus.
1243 4380 1308 4434 Et
1337 4376 1478 4448 quod
1503 4373 1831 4446 signaculum
1865 4370 1964 4424 ha-

376 4479 503 4536 bet?
531 4478 599 4532 Et
625 4478 822 4532 recedat
849 4475 911 4529 ab
940 4473 1190 4545 injustitia
1219 4471 1380 4525 omnis
1409 4469 1494 4539 qui
1521 4468 1746 4520 nominat
1785 4479 1966 4518 nomen

377 4569 593 4626 Domini
623 4568 690 4642 (ιι
715 4567 844 4622 Tim.
873 4583 930 4632 ll,
967 4563 1179 4635 17-19).
1209 4560 1366 4616 Modo
1405 4559 1472 4612 ab
1512 4557 1786 4628 iniquitate
1812 4569 1965 4608 rece-

377 4664 502 4718 dat:
525 4663 595 4718 ab
616 4663 810 4731 iniquis
836 4659 978 4714 enim
1007 4671 1112 4712 non
1145 4662 1318 4727 potest
1348 4651 1621 4715 recedere,
1652 4649 1774 4720 quia
1805 4648 1966 4702 mixta

379 4761 464 4808 est
487 4753 640 4822 palea
668 4751 842 4804 tritico
871 4763 1040 4818 usque
1067 4746 1190 4802 dum
1215 4743 1518 4798 ventiletur.
1552 4739 1688 4806 Quid
1718 4738 1966 4803 dicimus,

379 4847 608 4902 fratres?
633 4845 698 4898 Et
725 4845 776 4898 in
803 4843 918 4915 ipsa
946 4855 1094 4906 area,
1123 4838 1258 4892 mira
1286 4850 1372 4892 res
1401 4843 1482 4891 est
1508 4833 1572 4888 de
1600 4832 1806 4887 tritico:
1829 4844 1972 4886 rece-

381 4941 461 4996 dit
489 4956 520 4994 a
547 4940 720 5011 palea,
749 4952 869 4992 cum
901 4933 1260 5004 exspoliatur;
1289 4937 1470 4986 etnon
1500 4925 1703 4982 recedit
1729 4924 1796 4978 ab
1821 4939 1968 4988 area,

381 5049 506 5090 cum
532 5032 832 5087 trituratur.
864 5025 1088 5096 Quando
1124 5032 1302 5078 autem
1347 5020 1565 5075 omnino
1606 5015 1972 5088 separabitur?

385 5127 524 5183 Cum
552 5123 764 5180 venerit
790 5121 1094 5178 ventilator.
1118 5118 1258 5187 Ergo
1287 5113 1446 5169 modo
1472 5126 1592 5168 area
1625 5111 1676 5164 in
1707 5109 1836 5164 orbe
1866 5117 1973 5163 ter-

383 5232 568 5272 rarum
596 5223 712 5271 est:
741 5227 960 5269 necesse
989 5218 1071 5266 est
1111 5216 1188 5272 ut,
1234 5206 1278 5262 si
1323 5203 1558 5275 proﬁcis.
1593 5201 1728 5256 inter
1767 5199 1974 5270 iniquos

385 5308 558 5362 vivas.
592 5306 676 5361 Ab
720 5305 918 5373 iniquis
957 5299 1213 5357 recedere
1243 5311 1347 5351 non
1374 5303 1558 5366 potes;
1605 5292 1672 5346 ab
1701 5291 1976 5360 iniquitate

386 5397 604 5454 recede.
638 5394 858 5450 Recedat
885 5394 946 5447 ab
971 5392 1234 5461 iniquitate
1281 5388 1442 5441 omnis
1486 5385 1571 5456 qui
1611 5383 1838 5437 nominat
1882 5398 1976 5436 no-

387 5505 505 5542 men
529 5487 774 5552 Domini;
805 5494 857 5541 et
881 5485 984 5539 erit
1014 5483 1066 5537 in
1093 5482 1220 5537 orbe
1249 5490 1510 5536 terrarum
1555 5475 1644 5547 qui
1685 5491 1788 5531 non
1828 5489 1976 5530 com-

389 5579 713 5636 movebitur.

463 5673 516 5730 6.
543 5671 566 5746 [
593 5689 721 5726 vers.
739 5669 819 5744 2.]
849 5669 1042 5724 Parata
1064 5675 1136 5722 est
1161 5666 1299 5720 sedes
1321 5674 1426 5730 tua,
1461 5662 1618 5726 Deus,
1640 5677 1702 5716 ex
1719 5661 1807 5715 illo
1827 5662 1870 5714 ¹.
1897 5658 1982 5714 Ea:

457 5777 477 5808 ί
511 5781 672 5836 Forte,
695 5773 756 5824 de
779 5779 997 5834 utroque.

456 5840 480 5871 ³
513 5823 835 5900 inple'risque
860 5823 1006 5900 Μέθη.
1029 5835 1206 5900 Parata
1227 5835 1298 5900 est
1329 5826 1468 5882 sedes
1498 5833 1581 5879 tua
1617 5839 1681 5878 ea:
1717 5823 1819 5886 illo,
1843 5824 1982 5877 sedes

395 5905 482 5962 tua
503 5892 634 5951 Deus
651 5911 714 5950 ea:
729 5892 830 5950 illo.
855 5905 930 5947 Ex
951 5893 1036 5946 illo
1055 5892 1174 5958 quid
1196 5897 1283 5944 est.

1425 374 1826 442 ENARRATIO
1863 382 1930 442 IN
1967 381 2294 444 PSALMUM
2332 384 2496 462 xctt.

3485 393 3625 456 H86

2045 499 2155 566 illo,
2187 499 2313 570 quid
2341 500 2458 556 est?
2485 499 2563 556 Ex
2593 506 2740 558 tunc.
2767 499 3039 572 Tanquam
3064 503 3110 558 si
3137 502 3357 576 diceret,
3385 507 3514 577 Quae
3542 519 3624 567 est

2041 590 2198 646 sedes
2227 591 2352 646 Dei?
2377 592 2464 646 ubi
2495 592 2644 648 sedet
2679 593 2857 650 Deus?
2897 593 2952 649 ln
2981 597 3180 651 sanctis
3209 598 3338 654 suis.
3385 600 3475 654 Vis
3505 617 3625 658 esse

2043 681 2196 738 sedes
2221 683 2346 737 Dei?
2375 685 2508 739 Para
2552 687 2720 742 locum
2767 688 2816 741 in
2843 687 3005 743 corde
3028 697 3117 744 tuo
3145 691 3232 746 ubi
3263 692 3464 748 sedeat.
3495 693 3626 764 Qua:

2009 773 2295 844 _estsedes
2321 773 2436 842 Dei,
2468 775 2568 830 nisi
2599 778 2684 832 ubi
2709 777 3100 834 habitatDeus?
3131 780 3224 838 Ubi
3244 782 3622 850 habitatDeus,

2043 865 2144 920 nisi
2175 867 2226 920 in
2255 867 2453 935 templo
2482 868 2612 923 suo?
2638 869 2788 938 Quod
2828 882 2908 926 est
2948 873 3201 943 templmn
3229 875 3377 946 ejus?
3405 877 3628 934 Parieti-

2043 957 2145 1012 bus
2187 958 2497 1013 instruitur?
2523 959 2694 1015 Absit.
2725 961 2951 1018 Mundus
2980 963 3080 1020 iste
3109 957 3190 1021 est
3216 965 3349 1023 forte
3372 971 3626 1040 templum

2045 1049 2230 1119 ipsius,
2260 1049 2381 1120 quia
2401 1050 2556 1106 valde
2579 1066 2802 1122 magnus
2826 1062 2927 1118 est,
2953 1065 3006 1110 et
3027 1056 3184 1126 digna
3210 1073 3297 1114 res
3320 1076 3439 1132 qua:
3455 1063 3630 1132 capiat

2045 1140 2248 1196 Deum?
2273 1141 2380 1196 Nec
2415 1145 2555 1213 capit
2598 1159 2718 1198 eum
2745 1161 2776 1200 a
2804 1161 2909 1216 quo
2933 1145 3103 1204 factus
3132 1160 3232 1204 est.
3267 1151 3334 1206 Et
3361 1152 3448 1208 ubi
3479 1153 3626 1222 capi—

2048 1231 2167 1286 tur?
2199 1233 2254 1287 In
2282 1235 2456 1290 anima
2485 1235 2682 1306 quieta,
2714 1235 2766 1292 in
2795 1238 2971 1293 anima
2996 1239 3136 1310 justa
3161 1260 3173 1296 :
3199 1243 3310 1313 ipsa
3335 1243 3480 1299 illum
3505 1259 3629 1314 por-

2047 1331 2142 1378 tat.
2169 1323 2354 1395 Magna
2382 1342 2488 1394 res,
2522 1327 2745 1384 fratres:
2768 1338 2914 1386 certe
2944 1346 3165 1402 magnus
3190 1343 3271 1388 est
3315 1335 3486 1401 Deus;
3523 1338 3632 1392 lor.-

2047 1413 2187 1469 tibus
2229 1417 2423 1486 gravis,
2453 1417 2676 1474 infirmis
2703 1419 2834 1476 levis
2862 1429 2962 1476 est.
2988 1421 3131 1488 Quos
3158 1421 3266 1478 dixi
3297 1424 3495 1481 fortes?
3522 1427 3627 1484 Su-

2045 1506 2276 1576 perbos,
2329 1509 2418 1578 qui
2463 1511 2614 1578 quasi
2670 1509 2866 1566 habent
2921 1513 3386 1586 praesumptionem
3439 1519 3627 1574 virium

2047 1613 2280 1654 suarum.
2311 1598 2442 1654 Nam
2473 1599 2752 1656 inﬁrmitas
2783 1601 2872 1656 illa
2897 1602 2948 1656 in
2968 1599 3264 1662 humilitate
3288 1607 3459 1678 major
3477 1607 3631 1665 forti-

2047 1691 2178 1746 tudo
2205 1702 2304 1746 cst.
2329 1692 2468 1746 Audi
2493 1695 2803 1764 Apostolum
2832 1693 3118 1761 dicentem,
3145 1698 3360 1765 Quando
3379 1700 3632 1769 inﬁrmor,

2050 1793 2167 1837 tunc
2191 1793 2368 1854 potens
2394 1801 2506 1838 sum
2536 1785 2604 1856 (ll
2626 1783 2744 1840 Cor.
2771 1802 2865 1852 xu,
2899 1785 3010 1858 10).
3039 1788 3150 1844 Hoc
3189 1799 3270 1844 est
3305 1791 3448 1860 quod
3490 1805 3632 1848 com-

2047 1877 2350 1944 mendavi‘,
2383 1878 2502 1948 quia
2535 1879 2792 1934 Dominus
2835 1883 3149 1950 prteeinctus
3178 1893 3258 1936 est
3300 1881 3630 1952 fortitudine,

2011 1989 2015 1994 ·
2051 1969 2264 2043 quando
2291 1969 2643 2029 humilitatem
2675 1970 2918 2031 docebat.
2949 1972 3088 2046 Ergo
3117 1973 3227 2046 ipsa
3245 1983 3328 2032 est
3343 1975 3498 2032 sedes
3515 1975 3630 2048 Dei,

2049 2083 2167 2137 quae
2197 2077 2378 2136 aperte
2404 2069 2508 2122 alio
2539 2069 2656 2123 loco
2683 2069 2733 2122 in
2762 2068 3020 2140 propheta
3059 2069 3270 2134 dicitur,
3303 2069 3469 2140 Super
3489 2087 3636 2141 quem

2049 2157 2321 2229 requies'cet
2349 2159 2574 2230 Spiritus
2601 2161 2779 2214 nteus?
2807 2161 2859 2216 id
2891 2171 2992 2226 est,
3025 2161 3113 2216 ubi
3145 2163 3441 2234 requiescet
3469 2162 3638 2233 Spiri-

2052 2257 2136 2304 tus
2163 2249 2278 2315 Dei,
2310 2249 2411 2304 nisi
2441 2251 2491 2304 in
2535 2250 2662 2306 sede
2709 2251 2837 2305 Dei?
2882 2252 3020 2306 Audi
3067 2253 3333 2322 quomodo
3371 2253 3639 2310 describat

2048 2343 2218 2413 ipsam
2243 2343 2446 2398 sedem.
2487 2343 2646 2400 Forte
2673 2345 2948 2401 auditurus
2972 2361 3091 2400 eras
3133 2359 3509 2420 marmoratam
3537 2349 3638 2404 do-

2051 2451 2216 2502 mum,
2247 2436 2416 2505 ampla
2446 2437 2617 2506 spatia
2660 2437 2936 2505 atriorum,
2979 2438 3032 2494 in
3065 2454 3252 2509 magna
3280 2439 3556 2495 altitudine
3583 2449 3638 2495 et

2049 2527 2254 2598 fulgore
2284 2537 2541 2583 tectorum
2561 2531 2601 2582 ¹.
2637 2530 2774 2584 Audi
2804 2530 2929 2600 quid
2960 2530 3058 2586 sibi
3089 2541 3240 2600 paret
3270 2531 3439 2587 Deus:
3471 2531 3640 2602 Super

2051 2635 2195 2690 quem
2230 2621 2497 2691 requiescet
2539 2619 2764 2691 Spiritus
2785 2623 2962 2677 meus?
2989 2622 3156 2692 Super
3181 2624 3418 2678 humilem
3439 2632 3483 2678 et
3504 2625 3642 2693 quie-

2053 2719 2179 2777 tum,
2209 2722 2253 2765 et
2283 2722 2570 2766 trementem
2595 2715 2742 2766 verba
2769 2729 2877 2767 mea
2909 2713 3219 2784 (lsai.1.xv1,
3243 2715 3321 2786 Et).
3361 2715 3501 2771 Ecce
3539 2715 3642 2771 hu-

2051 2803 2194 2858 milis
2221 2819 2277 2858 es
2304 2813 2356 2858 et
2381 2805 2614 2874 quietus,
2647 2815 2703 2860 et
2734 2805 2786 2859 in
2820 2814 2870 2866 te
2909 2804 3112 2861 habitat
3155 2806 3296 2862 Deus
3311 2806 3352 2859 ³.
3381 2808 3535 2862 Altus
3560 2817 3644 2864 est

2055 2894 2213 2962 Deus,
2247 2911 2352 2949 non
2380 2895 2431 2949 in
2466 2905 2515 2950 te
2546 2895 2770 2962 habitat,
2802 2897 2845 2951 si
2877 2897 3015 2951 altus
3043 2912 3163 2952 esse
3200 2897 3449 2954 volueris.
3484 2900 3642 2956 Certe

2054 2989 2194 3043 altus
2222 2990 2299 3043 vis
2336 3005 2474 3056 esse,
2507 2999 2564 3044 ut
2601 2988 2806 3045 habitet
2843 2991 2898 3044 in
2939 2999 3021 3046 te:
3053 2989 3269 3046 humilis
3299 3001 3416 3047 esto
3444 3000 3497 3047 et
3537 3001 3645 3048 tre-

2057 3095 2212 3135 mens
2241 3081 2400 3136 verba
2429 3081 2565 3150 ejus,
2598 3089 2652 3135 et
2682 3081 2753 3135 ibi
2783 3080 3004 3137 habitat.
3023 3081 3136 3137 Non
3161 3083 3312 3140 timet
3331 3091 3644 3140 trementem

2055 3173 2292 3241 domum,
2323 3175 2443 3243 quia
2497 3175 2608 3244 ipse
2637 3162 2780 3228 illam
2805 3173 3002 3232 firmat.
3031 3173 3224 3229 Parata
3249 3186 3321 3230 est
3347 3178 3490 3233 sedes
3536 3187 3642 3246 tua,

2056 3263 2215 3332 Deus,
2262 3281 2325 3319 ea:
2365 3264 2475 3319 illo.
2517 3263 2602 3320 Ea:
2643 3265 2753 3332 illo,
2798 3265 2849 3320 id
2875 3275 2976 3331 est,
3004 3281 3068 3322 ex
3097 3277 3255 3332 tunc;
3284 3267 3334 3322 id
3363 3276 3466 3336 est,
3494 3269 3646 3340 quasi

2058 3354 2322 3426 quoddam
2358 3365 2566 3424 tempus
2595 3355 2875 3425 signiﬁcat.
2911 3358 2986 3411 Ex
3035 3367 3179 3426 tunc,
3211 3375 3276 3414 es
3312 3359 3455 3431 quo?
3485 3359 3647 3418 Forte

2059 3463 2122 3501 ex
2139 3447 2226 3501 die
2248 3455 2364 3499 ante
2389 3446 2672 3502 sabbatum.
2697 3445 2782 3502 Ea;
2799 3449 2913 3516 illo,
2935 3448 3056 3520 quia
3087 3449 3269 3506 titulus
3296 3451 3490 3506 Psalmi
3513 3467 3647 3522 pra:-

2061 3541 2245 3596 scribit
2267 3541 2420 3596 nobis
2450 3556 2516 3596 ex
2547 3555 2672 3611 quo.
2707 3541 2871 3598 Sexto
2897 3543 3040 3597 enim
3069 3543 3175 3612 die,
3207 3543 3258 3598 id
3278 3551 3378 3609 est,
3407 3556 3648 3614 tempore

2062 3634 2222 3706 hujus
2251 3636 2436 3690 mundi
2473 3645 2647 3702 sexto,
2681 3637 2824 3692 venit
2857 3637 3108 3692 Dominus
3146 3638 3197 3691 in
3241 3651 3420 3692 carne.
3449 3637 3529 3692 Ex
3556 3637 3648 3692 illo

2062 3741 2211 3797 ergo,
2245 3727 2400 3796 plane
2430 3743 2496 3781 ex
2527 3727 2619 3782 illo
2657 3727 2947 3783 secundum
2991 3727 3281 3793 hominem,
3325 3743 3389 3783 ex
3435 3727 3526 3782 illo
3575 3741 3647 3782 ex

2063 3827 2234 3873 utero.
2294 3817 2432 3885 Quid
2462 3819 2604 3873 enim
2634 3818 2763 3874 dicit
2812 3819 2945 3874 alius
2987 3819 3256 3889 psalmus?
3284 3817 3351 3873 In
3382 3819 3648 3890 splendore

2063 3919 2353 3962 sanctorum
2379 3926 2442 3963 ea:
2466 3919 2628 3964 utero.
2653 3909 2720 3964 In
2752 3911 3018 3980 splendore
3046 3920 3352 3977 sanctorum,
3380 3911 3431 3964 id
3460 3921 3560 3978 est,
3592 3919 3652 3967 ut

2064 3999 2431 4054 illuminentur
2456 4001 2644 4066 sancti,
2663 4009 2720 4054 ut
2739 4001 2954 4054 videant
2977 3999 3144 4055 Deum
3173 4001 3224 4055 in
3247 4016 3405 4056 carne
3423 4018 3437 4068 ;
3454 4012 3508 4057 et
3524 4019 3652 4072 pur-

2065 4098 2218 4162 getur
2241 4105 2352 4152 cor,
2405 4089 2545 4145 unde
2574 4090 2816 4146 videatur
2847 4092 2896 4145 in
2927 4091 3223 4146 divinitate.
3271 4091 3339 4146 In
3382 4093 3649 4164 splendore

2067 4193 2356 4240 sanctorum
2401 4201 2463 4240 ea:
2502 4194 2662 4239 utero.
2693 4184 2797 4242 Sed
2831 4184 2957 4254 quid
2985 4185 3055 4242 ibi
3086 4185 3360 4258 sequitur?
3392 4187 3471 4242 Ne
3515 4187 3653 4243 forte

2069 4291 2131 4332 ex
2164 4286 2314 4331 utero
2345 4276 2468 4332 inde
2507 4277 2741 4348 incipere
2784 4288 3000 4346 putares
3040 4293 3159 4334 esse
3187 4275 3454 4333 Christum
3481 4295 3494 4332 :
3525 4280 3656 4333 Ante

2071 4367 2334 4439 luciferum
2384 4368 2534 4438 genui
2577 4378 2623 4421 te
2666 4367 2835 4441 (Psal.
2879 4383 2983 4434 αις,
3019 4369 3100 4440 5).
3153 4368 3286 4424 Cum
3315 4369 3555 4436 dixisset,
3587 4368 3654 4424 1η

2070 4461 2336 4531 splendore
2359 4471 2646 4514 sanctorum
2687 4478 2748 4515 ex
2788 4472 2948 4526 utero,
2983 4462 3206 4532 subjecit
3231 4464 3427 4529 statim,
3459 4480 3524 4518 ne
3555 4481 3654 4534 pu-

2072 4561 2214 4607 tares
2241 4553 2512 4607 Christum
2534 4569 2562 4606 a
2593 4562 2834 4622 tempore
2862 4568 2982 4609 esse
3008 4555 3234 4624 coapisse
3265 4571 3330 4609 ex
3356 4572 3462 4626 quo
3501 4563 3659 4610 natus

2074 4653 2174 4708 est,
2209 4644 2348 4698 sicut
2388 4643 2550 4713 ctepit
2578 4643 2770 4710 Adam,
2804 4645 2940 4699 sicut
2968 4644 3257 4710 Abraham,
3299 4647 3435 4701 sicut
3463 4646 3655 4716 David,

2073 4735 2202 4790 Ante
2230 4734 2496 4805 luciferum
2517 4735 2666 4804 genui
2689 4743 2769 4788 te:
2795 4745 2918 4790 ante
2936 4750 3094 4790 omne
3117 4735 3255 4806 quod
3278 4737 3658 4794 illuminatur".

2075 4829 2178 4884 Per
2207 4827 2480 4882 luciferum
2519 4827 2681 4894 enim,
2731 4837 2822 4882 aut
2861 4828 3043 4883 stellas
3080 4844 3267 4885 omnes
3294 4831 3575 4902 significat,
3607 4842 3661 4889 et

2075 4937 2171 4993 per
2205 4921 2385 4976 stellas
2437 4929 2697 4991 tempora,
2749 4919 2871 4991 quia
2899 4920 3022 4977 fecit
3051 4923 3186 4977 Deus
3216 4923 3397 4978 stellas
3429 4923 3479 4977 in
3512 4925 3661 4994 signa

2077 5025 2376 5086 temporum
2402 5013 2552 5086 (Gen.
2581 5030 2620 5080 ι,
2653 5014 2762 5087 14),
2794 5021 2851 5069 ιιι
2874 5023 2998 5070 ante
3027 5024 3262 5085 tempora
3289 5015 3530 5071 invenias
3561 5033 3660 5071 na-

2077 5115 2189 5162 tum
2215 5121 2335 5162 esse
2363 5105 2666 5161 Christum:
2696 5114 2749 5161 et
2774 5106 2955 5177 utique
2981 5107 3070 5177 qui
3098 5116 3253 5162 natus
3278 5115 3360 5162 est
3377 5116 3501 5163 ante
3523 5116 3660 5164 tem-

2078 5215 2232 5272 pora,
2280 5214 2384 5254 non
2418 5207 2593 5270 potest
2637 5197 2803 5254 videri
2847 5207 3002 5254 natus
3041 5214 3110 5255 ex
3145 5207 3413 5267 tempore;
3463 5200 3583 5270 quia
3611 5209 3666 5258 et

2081 5301 2320 5363 tempora
2345 5301 2590 5347 creatura
2619 5291 2713 5347 Dei
2745 5300 2887 5347 sunt.
2921 5292 2987 5346 Et
3030 5279 3208 5362 utique
3252 5290 3300 5346 si
3347 5293 3522 5347 omnia
3569 5310 3665 5365 per
3765 5313 3782 5328 ’

2145 5451 2164 5482 ι
2197 5446 2334 5506 Edd.,
2352 5443 2700 5496 commendavit
2721 5440 3043 5507 euangelium.
3081 5447 3138 5493 At
3172 5450 3277 5507 Mss,
3299 5445 3510 5507 quidam,
3545 5458 3674 5496 com-

2081 5503 2333 5570 mendavi;
2354 5516 2406 5558 et
2428 5507 2643 5570 nonnulli
2673 5520 2784 5558 cum
2804 5503 2924 5566 an,
2947 5503 3294 5556 conmendavit
3317 5503 3446 5558 Esed
3466 5503 3564 5558 non
3585 5509 3671 5558 ad-
3739 5525 3758 5554 δ

2081 5574 2220 5630 dunt,
2245 5569 2564 5632 evangelium.

2147 5627 2270 5696 {Sic
2290 5627 2395 5696 Mss.
2410 5633 2540 5696 βω.
2554 5644 2690 5692 vero,
2705 5627 2934 5696 amplam,
2951 5627 3225 5696 spatiosum,
3239 5629 3474 5682 atriorum
3487 5631 3674 5695 magni-

2084 5693 2250 5747 tudine
2272 5701 2318 5744 et
2345 5691 2534 5758 fulgore
2553 5691 2801 5758 tectorum}
2960 5691 2986 5758 _'
3108 5754 3124 5758 _
3167 5703 3170 5706 ·

2150 5758 2172 5790 ³
2204 5764 2276 5806 Er.
2297 5753 2510 5804 veniet.
2537 5761 2644 5804 nov.
2681 5756 2751 5803 sic
2771 5753 2946 5810 legunt
2959 5755 3089 5806 hunc
3108 5754 3268 5806 locum
3293 5769 3306 5807 :
3343 5765 3460 5807 Ecce
3483 5753 3678 5810 humilis

2085 5825 2184 5873 esto
2205 5825 2250 5870 et
2274 5817 2478 5881 quietus,
2506 5822 2558 5866 ut
2579 5821 2626 5866 et
2637 5815 2690 5866 in
2711 5823 2756 5867 te
2771 5815 2948 5881 habitet
2975 5827 3132 5881 nens.
3187 5825 3242 5867 Μ.

2151 5885 2174 5916 ι
2207 5877 2385 5944 neg'ius
2407 5877 2509 5941 ass,
2533 5884 2642 5929 ante
2665 5877 2826 5930 omnia
2847 5893 2956 5944 qtae
2975 5879 3268 5932 illuminant.
