4048 6480
525 401 664 467 H87

526 495 714 596 ipsum,
754 521 891 577 facta
933 528 1057 577 sunt
1098 515 1276 589 (Joan.
1310 529 1350 585 ι,
1377 515 1431 588 3)
1460 521 1513 571 et
1551 521 1788 583 tempora
1814 528 1908 583 per
1932 513 2104 582 ipsum

524 616 660 671 facta
692 624 834 670 sunt.
858 617 961 669 Aut
985 623 1130 670 certe
1156 622 1278 667 ante
1307 625 1518 665 omnem
1537 610 1778 680 spiritum
1801 607 1889 679 qui
1916 605 2109 662 illumi-

525 717 701 772 natur,
756 706 821 762 de
871 707 1141 775 Sapientia
1185 705 1334 766 dixit,
1391 704 1519 758 Ante
1566 703 1830 772 luciferum
1864 701 2012 772 genui
2040 708 2104 754 te.

524 797 769 855 lntendat
801 798 1045 852 Charitas
1089 806 1284 852 vestra.
1329 795 1608 862 Quomodo
1647 809 1771 862 ergo
1791 808 1910 847 cum
1939 791 2108 846 dixis-

525 901 628 959 set,
663 890 746 945 Ea:
771 899 928 956 utero,
962 891 1120 944 veluti
1156 903 1461 958 praecavens
1490 887 1608 942 tidei
1642 895 1857 952 nostrte,
1894 903 1959 939 ne
1983 885 2106 941 inde

524 994 832 1056 putaremus
859 983 1087 1052 cmpisse
1116 983 1386 1038 Christum
1417 998 1479 1036 ex
1503 998 1606 1051 quo
1630 998 1690 1034 ex
1719 989 1867 1034 utero
1883 979 2105 1049 virginis

525 1087 682 1133 natus
708 1085 818 1143 est;
852 1077 1078 1146 subjecit
1107 1077 1307 1139 statim,
1342 1075 1470 1128 Ante
1511 1074 1775 1144 luciferum
1823 1073 1974 1144 genui
2012 1082 2058 1127 te
2085 1088 2104 1127 :

520 1169 598 1223 Sic
626 1177 678 1223 et
709 1167 795 1223 hic
824 1183 943 1222 eum
973 1168 1214 1230 dixisset,
1248 1165 1333 1220 Ex
1371 1166 1480 1228 illo,
1532 1165 1585 1220 id
1625 1175 1723 1229 est,
1767 1181 1830 1219 ex
1873 1164 2103 1234 quodam

521 1257 779 1330 tempore,
818 1277 883 1315 ex
905 1259 992 1314 die
1015 1270 1138 1313 ante
1164 1258 1462 1323 sabbatum,
1506 1273 1570 1312 ex
1617 1257 1706 1311 illa
1751 1266 1905 1312 sexta
1947 1265 2104 1311 tetate

519 1353 726 1421 mundi,
769 1353 981 1422 quando
1012 1353 1155 1406 venit
1189 1351 1442 1404 Dominus
1471 1349 1736 1414 Christus,
1781 1357 1832 1402 et
1862 1349 1910 1401 itt
1943 1363 2102 1402 carne

519 1455 676 1502 natus
705 1456 804 1510 est,
834 1445 953 1515 quia
979 1445 1225 1514 dignatus
1243 1451 1343 1509 est,
1366 1442 1525 1496 homo
1555 1441 1724 1496 factus
1748 1451 1959 1511 propter
1983 1456 2099 1506 nos,

520 1535 697 1596 Deus‘
736 1554 839 1594 non
871 1539 1039 1591 solum
1074 1547 1196 1590 ante
1226 1529 1515 1601 Abraham,
1549 1535 1641 1589 sed
1675 1543 1798 1590 ante
1824 1534 2018 1588 cmlum
2050 1543 2102 1587 et

520 1631 736 1694 terram,
765 1629 855 1700 qni
883 1629 1033 1693 dixit,
1065 1627 1192 1681 Ante
1220 1626 1475 1681 Abt-altam
1492 1643 1581 1697 ego
1598 1623 1830 1695 stnn(1tl.
1851 1641 1963 1691 Vlll,
1985 1623 2098 1693 58):

520 1737 625 1778 non
657 1721 827 1777 solum
857 1729 981 1774 ante
1007 1719 1294 1784 Abraham,
1319 1718 1410 1772 sed
1430 1729 1552 1772 ante
1579 1717 1777 1782 Adam;
1803 1731 1907 1770 non
1931 1717 2100 1770 solum

517 1816 643 1867 ante
669 1811 860 1876 Adam,
893 1807 986 1865 sed
1015 1819 1140 1864 ante
1173 1824 1361 1863 onmes
1387 1808 1640 1879 Angelos,
1678 1817 1800 1862 ante
1825 1807 2018 1861 coelum
2049 1816 2101 1862 et

517 1913 739 1970 terram,
767 1906 888 1976 quia
916 1905 1092 1960 omnia
1118 1921 1210 1974 per
1237 1903 1408 1974 ipsum
1437 1903 1568 1956 facta
1593 1913 1747 1957 sunt:
1773 1899 2102 1971 subjecit,ne

518 2003 576 2055 tu
605 1998 888 2055 intendens
917 1998 1055 2053 diem
1103 1997 1390 2051 nativitatis
1438 1995 1643 2050 Domini
1689 2010 1756 2049 ex
1799 2009 1904 2065 quo
1948 2003 2102 2048 natus

516 2101 620 2157 est,
653 2100 867 2161 putares
899 2107 963 2145 ex
994 2091 1082 2144 illo
1104 2105 1223 2144 esse
1249 2089 1498 2157 cmpisse,
1526 2086 1717 2140 Parata
1739 2097 1809 2142 est
1833 2087 1974 2146 sedes
1990 2095 2097 2154 tua,

514 2181 673 2238 Deus.
707 2183 811 2239 Sed
841 2183 958 2254 quis
990 2181 1161 2236 Deus?
1188 2181 1228 2234 Α
1259 2181 1441 2236 stmulo
1472 2188 1523 2233 tu
1550 2180 1724 2234 es:ab
1749 2188 1949 2234 :eterno
1970 2178 2102 2233 dixit

513 2280 609 2332 ἀπὸ
635 2287 825 2340 uiduae;
855 2276 929 2330 sic
959 2274 1116 2330 habet
1136 2289 1372 2344 graecus:
1400 2283 1514 2327 αἰὼν
1539 2271 1819 2342 aliquando
1845 2272 2100 2326 sa'culum

513 2372 748 2443 ponitur,
769 2368 1052 2440 aliquando
1078 2375 1335 2422 aeternum
1359 2367 1588 2436 p0nitur.
1611 2364 1772 2435 Ergo,
1798 2379 1830 2418 o
1855 2373 1904 2418 ttt
1924 2365 2009 2434 qui
2034 2367 2097 2418 ex

512 2463 606 2519 illo
635 2463 831 2519 videris
859 2473 1034 2528 natus,
1071 2478 1132 2516 ex
1166 2471 1369 2515 aeterno
1396 2475 1473 2514 es.
1505 2457 1618 2512 Non
1651 2466 1827 2512 autem
1851 2457 2098 2512 nativitas

512 2556 742 2613 humana
763 2559 1042 2626 cogitetur,
1065 2554 1156 2610 sed
1172 2555 1432 2625 cogitetur
1456 2553 1724 2607 mternitas
1741 2551 1937 2606 divina.
1960 2551 2098 2623 Ergo

511 2650 674 2719 C(Bpit
697 2664 761 2702 ex
796 2663 902 2718 quo
928 2656 1082 2702 natus
1116 2655 1217 2711 est,
1247 2647 1444 2701 crevit:
1470 2643 1695 2700 audistis
1725 2645 2093 2714 Evangelium.

514 2739 686 2810 Elegit
711 2739 1022 2810 discipulos,
1061 2739 1298 2811 implevit
1330 2738 1468 2803 illos,
1508 2746 1786 2805 coeperunt
1807 2737 2096 2807 praedicare

511 2829 777 2900 discipuli.
808 2831 967 2886 Forte
994 2831 1096 2886 hoc
1120 2839 1200 2886 est
1229 2829 1369 2901 quod
1403 2838 1790 2899 consequenter
1821 2828 1965 2883 dicit.

585 2924 635 2977 7.
662 2921 810 2995 [νει-ε.
841 2920 983 2995 5-4.]
1013 2921 1338 2977 Elevarerunt
1365 2921 1578 2992 ﬂumina
1619 2937 1759 2975 voces
1801 2938 1939 2976 suas.
1968 2920 2094 2991 Qua:

511 3023 638 3072 sunt
681 3016 780 3070 ista
809 3015 1022 3069 ﬂumina
1061 3032 1177 3085 qutu
1205 3015 1544 3070 elevaverunt
1585 3029 1743 3070 voces
1791 3015 1948 3069 suas?
1977 3014 2091 3069 Non

511 3109 808 3164 audivimus
838 3126 848 3160 :
880 3124 1052 3179 neque
1077 3107 1288 3178 quando
1319 3117 1471 3162 natus
1510 3115 1591 3162 est
1619 3107 1872 3162 Dominus
1895 3149 1910 3175 ,
1940 3108 2090 3163 audi-

423 3205 430 3212 ‘
510 3201 682 3254 vimus
710 3199 880 3253 locuta
909 3196 1153 3263 ﬂumina,
1203 3214 1376 3270 neque
1406 3197 1618 3269 quando
1643 3199 1938 3269 baptizatus
1964 3209 2045 3256 est
2073 3243 2088 3270 ,

510 3308 684 3364 neque
712 3291 923 3362 quando
947 3305 1134 3361 passus
1162 3299 1276 3357 est;
1311 3305 1414 3345 non
1439 3289 1733 3345 audivimus
1764 3290 1980 3346 ﬂumina
2011 3291 2090 3346 lo-

509 3395 651 3441 cuta.
684 3385 866 3456 Legite
894 3385 1231 3456 Evangelium
1259 3427 1273 3452 ,
1308 3401 1410 3438 non
1466 3385 1712 3439 invenitis
1738 3385 1858 3457 quia
1917 3385 2091 3441 locuta

509 3487 634 3533 sunt
662 3475 895 3531 ﬂumina.
927 3477 1116 3532 Parum
1147 3485 1229 3531 est
1263 3479 1382 3547 quia
1408 3479 1583 3532 locuta
1611 3488 1750 3542 sunt,
1782 3481 2092 3533 elevaverunt

511 3588 654 3628 uoces
673 3587 790 3624 snas
818 3585 836 3626 :
862 3585 966 3624 non
997 3570 1164 3624 solum
1198 3569 1370 3624 locuta
1399 3579 1557 3634 sunt,
1585 3568 1677 3623 sed
1706 3567 1912 3625 fortiter
1931 3612 1946 3636 ,
1978 3586 2092 3625 ma—

510 3678 634 3736 gne,
665 3661 891 3716 excelse.
915 3659 1044 3727 Qua:
1071 3670 1193 3715 sunt
1226 3661 1321 3716 ista
1353 3659 1567 3714 ﬂumina
1590 3676 1708 3731 quae
1734 3660 1906 3716 lor-uta
1932 3663 2091 3718 sunt?

510 3752 752 3813 Diximus
778 3753 915 3825 quod
949 3755 999 3807 in
1029 3753 1315 3822 Evangelio
1339 3770 1443 3808 non
1491 3754 1754 3824 legimus;
1789 3763 1964 3811 tamen
2019 3756 2089 3810 ibi

507 3862 830 3920 qua-aramus.
855 3845 986 3901 Nam
1013 3846 1056 3901 si
1107 3846 1178 3901 ibi
1218 3861 1322 3900 non
1364 3846 1696 3913 invenimus,
1731 3848 1818 3902 uhi
1852 3849 2089 3904 invenie-

506 3942 665 3999 mus?
696 3941 805 4012 Ego
823 3942 974 3998 vobis
996 3943 1190 4014 lingere
1214 3952 1428 4012 potero:
1453 3952 1506 3998 et
1529 3944 1702 3999 subito
1723 3960 1815 3998 ero
1841 3960 1946 4007 non
1974 3961 2092 4001 cer-

506 4042 594 4092 tus
623 4034 954 4107 dispensator
979 4037 1022 4100 ',
1049 4035 1142 4090 sed
1173 4036 1380 4106 ineptus
1410 4033 1691 4090 fabulator.
1723 4035 1778 4090 ltt
1803 4035 2090 4106 Evangelio

507 4141 834 4199 quaramus,
875 4125 1034 4180 simul
1063 4141 1362 4195 qumramns
1409 4142 1524 4194 qua:
1570 4135 1694 4178 sunt
1726 4126 1940 4180 ﬂumina
1973 4143 2089 4198 qua:

507 4218 852 4276 elevaverunt
872 4231 1029 4271 voces
1070 4232 1213 4271 suas.
1263 4217 1440 4270 Stabat
1488 4214 1672 4283 Jcsus,
1724 4226 1770 4269 et
1797 4217 2044 4272 clamabat
2071 4260 2087 4286 ,

508 4301 706 4364 dictum
731 4316 812 4362 est
843 4309 894 4363 in
937 4307 1242 4376 Evangelio.
1285 4305 1420 4373 Quid
1465 4306 1762 4361 clamabat?
1803 4308 1937 4362 Ecce
1979 4309 2088 4378 jam

508 4399 683 4471 ipsum
725 4406 886 4468 caput
929 4395 1206 4450 ﬂuminum
1237 4396 1462 4477 clamat;
1513 4396 1625 4465 ipse
1652 4395 1773 4466 fons
1801 4397 1922 4452 vitae
1950 4400 2089 4455 unde

507 4498 632 4548 sunt
667 4487 882 4545 ﬂumina
912 4505 1131 4543 cursura
1159 4530 1170 4552 ,
1223 4488 1412 4542 levavit
1443 4489 1587 4558 prior
1617 4504 1799 4543 vocem
1823 4507 1991 4544 suam.
2027 4493 2091 4547 Et

515 4581 643 4653 quid
672 4590 818 4635 stans
846 4579 1000 4634 Jcsus
1024 4578 1285 4632 clamabat
1311 4578 1368 4633 ‘?
1399 4599 1417 4631 ε
1449 4579 1547 4646 Qui
1580 4580 1750 4634 credit
1778 4581 1828 4635 in
1857 4598 1963 4649 me,
1988 4583 2089 4638 sic-

508 4681 567 4727 ut
611 4669 880 4738 Scriptura
922 4669 1068 4735 dicit,
1101 4668 1312 4723 ﬂumina
1345 4685 1494 4740 aqum
1517 4672 1647 4724 vivze
1672 4671 1736 4726 de
1763 4683 1947 4729 ventre
1977 4674 2090 4746 ejus

509 4761 694 4819 ﬂuent.
727 4745 757 4814 ι’
788 4759 1122 4830 Evangelista
1149 4761 1385 4831 sequitur
1413 4763 1588 4816 statim
1626 4782 1638 4818 :
1693 4782 1711 4815 ‹
1763 4765 1874 4820 Hoc
1912 4745 2088 4822 autem

509 4854 720 4912 dicebat
745 4853 810 4908 de
838 4853 1036 4924 Spiritu
1059 4895 1074 4920 ,
1107 4871 1263 4924 quem
1307 4855 1573 4924 accepturi
1604 4865 1756 4910 erant
1809 4857 1860 4912 lti
1908 4861 1996 4930 qui
2037 4862 2088 4915 in

509 4961 630 5005 eum
660 4956 813 5003 erant
838 4945 1110 5001 credituri.
1139 4945 1365 5014 Spiritus
1393 4956 1567 5000 autem
1598 4947 1830 5002 nondum
1865 4952 2089 5008 eratda-

511 5054 596 5097 tus
623 5084 636 5105 ,
664 5042 785 5113 quia
813 5037 967 5096 Jesus
996 5039 1226 5094 nondum
1255 5049 1368 5094 erat
1408 5040 1732 5110 gloriticatus
1771 5041 1946 5111 (Joan.
1979 5061 2085 5113 vn,

510 5128 716 5204 37-59).
744 5131 875 5188 Cum
903 5139 1079 5186 autem
1109 5129 1429 5201 gloriﬁcatus
1455 5141 1597 5187 esset
1624 5131 1778 5187 Jesus
1804 5134 1855 5187 in
1904 5151 2086 5190 resur-

510 5224 747 5280 rectione
771 5223 1148 5280 etascensione
1179 5223 1228 5276 in
1253 5225 1416 5279 caelos
1435 5266 1449 5291 ,
1478 5225 1613 5280 sicut
1635 5228 1819 5295 nostis,
1853 5226 2039 5283 fratres
2071 5247 2085 5295 ;

511 5315 740 5383 impletis
793 5314 867 5370 ibi
894 5315 1077 5370 decem
1125 5315 1311 5371 diebus
1360 5326 1573 5389 propter
1598 5319 1862 5389 quoddam
1914 5335 2090 5375 sacra-

514 5416 788 5474 mentum,
839 5407 984 5462 misit
1034 5408 1288 5477 Spiritum
1341 5425 1495 5465 suum
1528 5421 1806 5480 sanctum,
1852 5411 2090 5483 implevit

513 5497 801 5568 discipulos
828 5498 960 5570 (Act.
994 5515 1050 5566 η,
1083 5500 1160 5572 ᾇ).
1189 5500 1306 5572 ipse
1333 5499 1561 5573 Spiritus
1590 5519 1838 5575 magnum
1865 5502 2084 5572 ﬂumen,

575 5656 590 5684 ³
627 5652 705 5722 Sic
719 5649 949 5722 meliores
971 5661 1075 5703 Mss.
1111 5661 1165 5704 At
1193 5661 1269 5705 Er.
1297 5663 1349 5708 et
1370 5665 1500 5722 μοι,
1523 5661 1579 5709 Et
1614 5655 1730 5721 quia
1763 5656 1991 5722 dignatus
2019 5667 2090 5712 est

510 5713 651 5764 homo
669 5709 780 5777 ﬁeri
800 5721 993 5776 propter
1015 5727 1099 5785 nos
1119 5723 1267 5779 Deus,
1291 5732 1386 5770 non
1405 5709 1576 5783 solum,
1602 5709 1696 5773 e'tc.

576 5775 597 5808 ³
629 5782 836 5831 Quatuor
857 5782 984 5831 ω..
1009 5776 1296 5831 dumdum.

576 5783 597 5808 ³
629 5783 836 5835 Quatuor
857 5783 984 5837 Mss,
1009 5783 1296 5842 disputator.

507 5836 954 5954 “gestabat
966 5846 1168 5894 usus“
1188 5841 1439 5896 clamabat.
1464 5851 1538 5894 Et.
1573 5851 1692 5896 ven.
1719 5852 1773 5901 at
1792 5851 1901 5898 nov.
1931 5847 2090 5898 secuti

1767 393 1826 454 s.
1869 377 2240 453 nocuerat!
2272 389 2572 453 ertscort

3662 391 3801 462 “88

2226 511 2365 567 unde
2387 513 2598 583 impleta
2626 515 2932 572 sunt’multa
2960 505 3196 571 ﬂumina.
3229 513 3305 573 De
3325 515 3438 588 ips‘o
3465 515 3683 578 ﬂumine
3715 523 3800 578 dia

2219 603 2291 658 cit
2321 605 2557 674 psalmus
2586 607 2691 662 ali‘o
2719 608 2835 663 loco
2862 625 2881 662 :
2923 605 3177 663 Fluminis
3205 609 3420 680 impetus
3460 608 3684 682 [teli/ient
3722 617 3796 668 ci.

2220 695 2423 750 vitalem
2451 698 2544 752 Dei
2567 699 2740 772 (Psal.
2767 717 2871 757 XLV
2891 743 2906 769 ,
2940 703 3014 773 5).
3047 701 3186 774 Ergo
3226 701 3362 758 facta
3417 714 3540 761 sunt
3581 705 3799 764 ﬂumina

2217 791 2484 846 ent-rentia
2511 793 2578 846 de
2604 802 2790 849 ventre
2832 793 3213 865 discipulorum
3234 837 3249 861 ,
3305 810 3425 851 cum
3477 785 3800 870 acceperunt

2217 880 2471 953 Spiritum
2523 897 2764 941 sanctum
2815 906 2828 942 :
2884 889 2998 958 ipsa
3050 887 3266 943 ﬂumina
3321 899 3540 961 accepto
3593 889 3796 962 Spiritu

2215 988 2418 1031 sancto.
2437 976 2590 1034 Unde
2619 979 2875 1035 ﬂumina.‘
2897 982 3238 1038 elevaverunt
3263 999 3419 1040 voces
3443 987 3607 1041 suas?
3632 1003 3799 1058 quare

2214 1070 2596 1128 elevaverunt?
2621 1074 2751 1140 Quia
2776 1075 2948 1145 primo
2978 1077 3284 1132 timuerunt.
3330 1079 3516 1136 Petrus
3564 1083 3797 1140 nondum

2217 1161 2311 1216 fuit
2335 1161 2554 1232 ﬂumen,
2586 1166 2795 1236 quando
2826 1168 3234 1240 interrogatione
3259 1172 3468 1228 ancilla:
3507 1181 3588 1230 ter
3637 1173 3796 1230 Chri-

2214 1263 2355 1310 stum
2385 1257 2591 1327 negavit
2622 1275 2635 1312 :
2665 1257 2851 1315 Nescio
2880 1261 3129 1316 hominem
3153 1262 3364 1335 (Matth.
3388 1282 3511 1321 xxw
3537 1308 3552 1334 ,
3585 1264 3794 1339 (59-74).

2215 1345 2310 1401 Hic
2331 1348 2352 1378 ’
2380 1351 2568 1404 timens
2593 1351 2847 1406 mentitur
2872 1369 2887 1416 ;
2933 1354 3166 1409 nondum
3197 1356 3371 1411 elevat
3390 1371 3573 1414 vocem
3596 1401 3610 1423 ,
3657 1375 3794 1415 non-

2213 1437 2338 1493 dum
2365 1451 2445 1494 est
2467 1440 2682 1496 ﬂumen.
2706 1443 2808 1500 Ubi
2837 1453 3014 1501 autem
3043 1447 3243 1517 impleti
3273 1457 3396 1504 sunt
3423 1449 3620 1520 Spiritu
3664 1467 3792 1508 san-

2212 1540 2299 1586 cto
2320 1574 2334 1599 ,
2367 1537 2730 1592 accersierunt
2758 1553 2851 1599 eos
2877 1536 3080 1606 Judaei,
3130 1548 3183 1594 et
3226 1551 3590 1613 praeceperunt
3616 1544 3692 1598 eis
3727 1560 3796 1600 ne

2213 1627 2434 1681 omnino
2485 1629 2833 1698 loquerentur
2873 1673 2888 1698 ,
2947 1648 3122 1703 neque
3165 1632 3418 1689 docerent
3468 1636 3520 1689 in
3578 1636 3795 1692 nomine

2211 1714 2358 1771 Jesu.
2387 1717 2573 1774 Petrus
2604 1731 2778 1776 autem
2807 1732 2859 1778 et
2878 1722 3111 1778 Joannes
3139 1724 3388 1781 dixerunt
3417 1725 3486 1782 ad
3510 1744 3604 1783 eos
3633 1747 3646 1782 :
3681 1747 3701 1780 ι
3737 1729 3794 1784 Si

2207 1797 2538 1876 justum‘est
2574 1826 2752 1866 coram
2807 1813 2948 1881 Deo,
3000 1825 3056 1869 ut
3083 1816 3234 1870 vobis
3261 1815 3571 1873 obediatnns
3626 1821 3794 1890 magis

2210 1909 2368 1965 quam
2399 1898 2536 1964 Deo,
2563 1901 2834 1970 judicate:
2870 1921 2972 1959 non
3001 1905 3141 1959 enim
3190 1923 3472 1976 possumus
3495 1923 3614 1979 qua:
3657 1913 3793 1968 vidi-

2210 2002 2330 2042 mus
2353 1998 2406 2044 et
2431 1991 2725 2048 audivimus
2756 2011 2860 2050 non
2893 1997 3052 2067 loqui.
3072 1999 3424 2055 Elevaverunt
3450 2021 3469 2055 ι
3499 2017 3624 2073 ergo
3645 2021 3666 2054 ι
3688 2004 3794 2059 ﬂu-

2210 2080 2353 2136 mina
2381 2097 2564 2138 vocem
2591 2099 2739 2139 suam
2760 2129 2774 2152 ,
2823 2102 2852 2141 a
2881 2090 3097 2144 vocibus
3125 2106 3382 2160 aquarum
3423 2094 3727 2150 multarum.
3769 2115 3788 2149 ι

2210 2172 2291 2227 Ad
2324 2174 2490 2244 ipsam
2521 2176 2872 2234 elevationem
2919 2183 3064 2236 vocis
3114 2187 3341 2252 pertinet
3367 2185 3508 2256 quod
3538 2186 3606 2241 ibi
3662 2189 3796 2244 scri-

2209 2273 2360 2335 ptum
2387 2276 2506 2335 est,
2554 2286 2574 2320 ‹
2629 2269 2786 2325 Stetit
2829 2282 3006 2327 autem
3039 2273 3229 2329 Petrus
3267 2291 3388 2331 cum
3420 2277 3661 2334 undecim
3686 2321 3704 2346 ,
3741 2290 3796 2336 et

2210 2355 2412 2410 elevata
2442 2373 2572 2414 voce
2593 2360 2725 2415 dixit
2749 2363 2813 2416 ad
2836 2378 2929 2419 eos
2950 2405 2965 2430 ,
2997 2364 3106 2419 Viri
3135 2365 3301 2422 Judaei
3341 2387 3359 2420 ι
3395 2369 3530 2437 (Act.
3556 2385 3624 2437 tt,
3659 2371 3749 2444 ﬂ)
3776 2390 3789 2439 ;

2210 2455 2263 2500 et
2289 2458 2480 2504 cmtera
2513 2452 2703 2520 quibus
2745 2455 3023 2511 annuntiat
3068 2457 3247 2514 Jesutn
3288 2460 3407 2516 sine
3449 2465 3641 2518 timore
3669 2479 3790 2519 cum

2208 2551 2397 2607 magna
2422 2539 2630 2597 ﬁducia.
2661 2543 2994 2602 Elevaverunt
3019 2549 3158 2603 enim
3187 2551 3402 2620 ﬂumina
3427 2569 3594 2607 vocem
3620 2569 3790 2624 suam,

2207 2628 2241 2682 a
2266 2631 2466 2686 vocibus
2505 2651 2752 2704 aquarum
2800 2640 3096 2695 multarunt.
3154 2641 3286 2697 Nam
3317 2654 3371 2699 et
3412 2659 3530 2700 cum
3584 2647 3791 2704 dimissi

2206 2732 2384 2778 essent
2412 2725 2652 2795 Apostoli
2681 2729 2747 2785 de
2767 2734 2994 2788 concilio
3037 2733 3340 2791 Iudaeorum
3366 2779 3381 2805 ,
3421 2748 3681 2795 venerunt
3721 2742 3791 2799 ad

2205 2826 2330 2868 suos
2349 2857 2364 2880 ,
2398 2824 2451 2870 et
2477 2816 2843 2876 iudicaverunt
2869 2834 3063 2893 quanta
3087 2826 3164 2881 eis
3191 2828 3496 2886 sacerdotes
3516 2839 3570 2886 et
3607 2834 3790 2890 senio-

2203 2919 2292 2958 res
2319 2904 2603 2964 dixerunt:
2634 2919 2690 2964 at
2715 2912 2786 2966 illi
2810 2914 3088 2972 audientes
3114 2918 3420 2976 levaverunt
3444 2933 3630 2978 vocem
3659 2939 3791 2980 una-

2203 2995 2374 3053 nimes
2403 3015 2587 3056 omnes
2617 3003 2683 3058 ad
2715 3005 3025 3076 Dominum,
3058 3018 3112 3066 et
3139 3010 3425 3082 dixerunt,
3458 3013 3704 3086 Domine,
3733 3029 3792 3073 tu

2203 3103 2254 3142 es
2273 3090 2358 3158 qui
2401 3093 2560 3162 fecisti
2584 3095 2766 3150 celum
2788 3108 2835 3152 et
2861 3110 3045 3155 terram
3064 3143 3080 3169 ,
3126 3111 3173 3157 et
3199 3121 3369 3175 mare,
3401 3115 3448 3161 et
3474 3109 3644 3163 omnia
3675 3127 3796 3180 qua:

2203 3180 2255 3234 in
2277 3182 2348 3234 eis
2367 3196 2482 3237 sunt
2515 3184 2622 3256 (Id.
2656 3204 2708 3244 tv
2731 3231 2745 3256 ,
2783 3192 2966 3265 18-24)
2992 3210 3006 3257 ;
3035 3203 3089 3250 et
3115 3203 3306 3252 etetera
3333 3215 3450 3269 quae
3473 3200 3652 3258 dicere
3686 3220 3796 3273 po-

2203 3281 2418 3331 tuerunt
2440 3276 2658 3335 ﬂumina
2685 3282 2943 3339 elevantia
2970 3302 3156 3342 vocem
3185 3303 3358 3344 suam.
3388 3291 3648 3348 Mirabiles
3673 3311 3797 3351 sus-

2202 3382 2434 3436 pensum:
2457 3372 2629 3426 maris.
2683 3371 2814 3429 Cum
2842 3377 2983 3431 enim
3016 3379 3086 3433 illi
3116 3381 3413 3438 elevassent
3458 3399 3615 3440 voces
3659 3402 3796 3444 suas

2202 3457 2488 3530 discipuli,
2537 3463 2882 3523 crediderunt
2930 3470 3120 3538 multi,
3174 3482 3227 3527 et
3281 3485 3601 3544 acceperunt
3632 3479 3795 3536 multi

2201 3549 2458 3620 Spiritum
2489 3567 2762 3623 sanctum,
2795 3569 2849 3614 et
2894 3573 3171 3631 coeperunt
3220 3565 3381 3620 multa
3431 3567 3647 3623 ﬂumina
3676 3570 3796 3626 cla-

2199 3657 2346 3699 mare
2372 3644 2440 3700 de
2482 3650 2683 3716 paucis.
2744 3650 2869 3707 ideo
2915 3655 3188 3723 sequitur,
3242 3656 3287 3710 Α
3311 3659 3509 3715 vocibus
3538 3675 3794 3731 aquarum

2201 3733 2476 3791 multarum
2505 3739 2756 3795 mirabiles
2794 3759 3112 3814 suspensum:
3151 3747 3304 3802 maris
3331 3763 3350 3803 :
3378 3749 3428 3804 id
3472 3759 3583 3818 est,
3627 3750 3796 3823 hujus

2199 3827 2400 3882 saeculi.
2423 3828 2555 3884 Cum
2587 3833 2835 3902 cmpisset
2879 3833 3122 3891 Christus
3151 3838 3308 3894 tantis
3347 3841 3562 3897 vocibus
3585 3843 3795 3913 prtedi-

2199 3923 2342 3988 cari,
2370 3924 2531 3992 ccepit
2560 3923 2714 3979 irasci
2737 3941 2884 3982 mare
2902 3969 2917 3995 ,
2945 3937 3223 3999 coeperunt
3245 3931 3582 3990 crebrescere
3602 3950 3797 4006 perse-

2199 4013 2461 4069 cutiones.
2487 4012 2616 4070 Cum
2643 4017 2941 4074 elevassent
2966 4035 3092 4090 ergo
3118 4023 3331 4092 ﬂumina
3359 4039 3525 4079 uocem
3540 4043 3685 4081 suam
3702 4069 3717 4094 ,
3755 4047 3793 4084 a

2199 4107 2397 4160 vocibus
2422 4124 2666 4179 aquarum
2698 4111 2968 4165 multarunt
2993 4114 3244 4169 mirabiles
3263 4133 3583 4187 suspensum
3606 4121 3789 4176 utaris.

2199 4194 2583 4268 Suspensum,
2618 4201 2966 4258 exaltationes
3009 4214 3165 4273 sunt;
3204 4207 3325 4277 quia
3356 4210 3569 4279 quando
3597 4211 3794 4270 irasci-

2200 4298 2286 4344 tur
2309 4306 2477 4358 mare,
2501 4295 2898 4363 suspenduntur
2922 4296 3132 4353 ﬂuctus.
3159 4299 3564 4371 Suspendantur
3588 4304 3791 4363 ﬂuetus

2198 4390 2452 4450 quantum
2479 4385 2698 4453 volunt,
2732 4385 2924 4441 fremat
2947 4404 3091 4444 mare
3118 4395 3372 4460 quantum
3400 4394 3548 4461 vult;
3575 4395 3792 4451 mirabi-

2199 4474 2269 4532 les
2298 4477 2510 4547 quidem
2535 4496 2859 4549 suspensum!
2879 4484 3034 4538 maris
3056 4525 3071 4552 ,
3102 4485 3372 4543 mirabiles
3397 4488 3553 4542 mina:
3575 4529 3591 4555 ,
3621 4488 3794 4546 mira—

2197 4569 2331 4626 biles
2356 4573 2751 4640 persecutiones
2772 4615 2787 4640 ,
2815 4575 2912 4629 sed
2940 4575 3058 4632 vide
3083 4578 3209 4648 quid
3237 4580 3475 4650 sequitur
3504 4599 3516 4635 :
3559 4580 3792 4638 Mirabia

2199 4661 2261 4715 lis
2287 4663 2340 4715 in
2369 4663 2578 4717 excelsis
2607 4663 2870 4720 Dominus.
2901 4667 3214 4738 Compescat
3242 4687 3300 4726 se
3329 4687 3456 4742 ergo
3497 4689 3647 4731 mare
3665 4718 3680 4742 ,
3729 4689 3792 4733 et

2198 4752 2480 4823 aliquando
2511 4757 2879 4826 tranquilletur
2903 4800 2917 4824 ,
2947 4759 3103 4813 detur
3129 4775 3226 4829 pax
3276 4761 3610 4821 Christianis.
3647 4766 3794 4822 Tur-

2198 4843 2422 4901 babatur
2448 4862 2592 4904 mare
2611 4891 2625 4916 ,
2660 4847 2944 4904 ﬂuctuabat
2971 4851 3230 4908 navicula.
3263 4853 3514 4911 Navicula
3542 4856 3789 4914 Ecclesia

2199 4948 2281 4994 est
2303 4983 2318 5007 ,
2372 4957 2519 4997 mare
2547 4943 2798 4997 sit-culum
2841 4954 2941 5001 est.
2973 4945 3125 5001 Venit
3175 4943 3430 5004 Dominus
3452 4993 3465 5016 ,
3493 4949 3793 5008 ambulavit

2199 5047 2359 5101 super
2385 5049 2531 5089 mare
2551 5077 2563 5097 ,
2594 5044 2646 5090 et
2675 5037 2866 5106 pressit
2895 5035 3084 5094 ﬂuctus
3116 5037 3326 5109 (Matth.
3364 5057 3455 5096 xtv
3479 5082 3492 5106 ,
3525 5041 3595 5098 24
3614 5086 3630 5112 ,
3661 5044 3786 5116 25).

2198 5122 2474 5192 Quomodo
2490 5126 2774 5181 ambulavit
2790 5127 3043 5184 Dominus
3063 5130 3406 5201 supermare?
3417 5131 3589 5204 Super
3609 5134 3794 5205 capita

2199 5215 2418 5272 istorum
2441 5217 2691 5275 ﬂuctuum
2718 5235 3025 5292 magnorum
3047 5225 3424 5294 spumantium.
3459 5226 3790 5298 Potestates,

2199 5319 2253 5367 et
2273 5327 2425 5384 reges
2447 5314 2806 5382 crediderunt,
2823 5315 3086 5387 subjugati
3115 5319 3483 5375 suntChristo.
3510 5320 3653 5391 Ergo
3676 5327 3794 5379 non

2199 5411 2495 5460 terreamur
2513 5446 2526 5468 ,
2559 5405 2679 5475 quia
2706 5405 2960 5463 mirabiles
2983 5423 3305 5480 suspensum
3333 5411 3488 5466 maris
3514 5426 3536 5466 :
3565 5408 3792 5468 Mirabi-

2200 5489 2263 5551 lis
2285 5496 2337 5550 in
2358 5496 2566 5550 excelsis
2581 5495 2853 5552 Dominus.

2271 5589 2323 5644 8.
2354 5586 2505 5661 (vers.
2530 5586 2610 5662 5.]
2641 5587 2944 5646 Testimonia
2969 5601 3059 5646 tua
3084 5592 3274 5648 credita
3303 5597 3441 5667 facta
3464 5604 3583 5651 sunt
3611 5597 3790 5654 nimis.

2264 5724 2280 5794 ξ
2313 5723 2386 5797 sic
2408 5729 2585 5797 Am._et
2605 5729 2710 5797 Mss.
2755 5730 2811 5797 Alt
2848 5731 2922 5773 Er.
2957 5732 3008 5775 et
3035 5732 3172 5797 _Lov_.,
3210 5735 3322 5794 Ipsa
3353 5727 3555 5794 ﬂwnina
3591 5738 3792 5797 accepto

2197 5783 2376 5849 Spiritu
2389 5792 2576 5849 sancto,
2602 5784 2728 5837 unde
2748 5785 3064 5849 devoverant,
3090 5783 3185 5839 etc.

2265 5849 2284 5877 ²
2316 5845 2512 5920 Quidam
2532 5845 2659 5920 Mss,
2693 5847 2859 5899 Nescio
2891 5845 3127 5920 hominem
3164 5849 3309 5902 hunc.
3361 5853 3559 5916 ﬁniens,
3593 5861 3694 5908 etc.
3732 5859 3792 5914 ἢ

2202 5908 2437 5970 nonnulli,
2465 5917 2562 5960 Hoc
2585 5908 2754 5961 timens
2774 5911 3017 5964 mentitur.
