4048 6498
303 551 471 625 Magis
498 547 668 625 quam
707 541 738 587 ‘
755 541 1028 610 mirabiles
1057 557 1209 612 erant
1237 561 1583 625 suspensum!
1605 555 1806 621 maris,
1840 563 1894 610 et

302 645 563 707 mirabilis
589 651 641 704 in
667 647 894 705 excelsis
920 647 1194 704 Dominus.
1231 659 1256 702 ‹
1279 647 1606 705 Testimonia
1637 657 1725 704 tua
1774 659 1891 703 cre-

301 737 409 800 dita
437 741 575 799 facta
602 752 725 798 sunt
753 741 930 799 nimis.
955 742 1283 799 'l‘eStimonia
1315 753 1404 799 tua
1425 785 1440 810 ,
1494 753 1514 796 ι
1546 743 1666 814 quia
1689 734 1897 799 diserat

302 836 428 894 illud
459 845 589 892 ante
623 854 636 890 :
676 855 695 889 ‹
731 828 857 892 Haec
883 835 1003 891 dico
1056 833 1242 902 vobis,
1287 843 1348 891 ut
1374 833 1425 890 in
1458 849 1542 891 me
1581 845 1765 906 pacem
1797 835 1892 889 tra-

299 931 515 999 beatis,
569 931 623 987 in
670 929 873 1006 mundo,
914 940 1090 986 autem
1134 937 1458 1002 press’uram.
1512 945 1536 983 ι’
1581 931 1721 1001 Ergo
1771 929 1892 1001 quia

298 1023 534 1081 mundus
583 1035 888 1096 pressuram
937 1024 1087 1079 vobis
1128 1021 1360 1078 facturus
1405 1027 1520 1090 est,
1567 1022 1688 1079 dico
1719 1021 1890 1083 vobis.

297 1113 594 1183 Coeperunt.
621 1114 746 1185 pati,
789 1122 844 1171 et
871 1115 1260 1170 confirmarunt
1277 1114 1328 1169 in
1354 1129 1412 1170 se
1441 1105 1586 1185 quod
1616 1111 1718 1170 illis
1749 1129 1889 1184 prse-

296 1202 511 1264 dixerat
536 1207 830 1274 Dominus,
886 1215 942 1263 et
971 1207 1135 1280 magis
1179 1205 1346 1262 fortes
1388 1211 1514 1261 sunt
1563 1206 1703 1262 facti.
1755 1205 1889 1260 Cum

296 1301 436 1358 enim
480 1299 734 1355 videbant
779 1299 985 1371 impleri
1031 1299 1082 1354 in
1133 1315 1190 1355 se
1245 1298 1555 1370 passiones,
1608 1297 1891 1368 sperabant

296 1393 560 1465 eonipleri
591 1395 643 1449 in
671 1410 730 1449 se
751 1401 806 1449 et
831 1408 1057 1448 coronas
1089 1411 1102 1449 :
1155 1401 1210 1448 et
1238 1393 1358 1448 ideo
1391 1409 1410 1444 ‹
1449 1392 1721 1448 mirabiles
1768 1407 1890 1447 sus-

295 1502 550 1559 pensum:
579 1487 774 1554 maris;
804 1485 1063 1542 mirabilis
1104 1485 1159 1540 in
1186 1483 1412 1541 excelsis
1437 1483 1716 1540 Dominus.
1745 1475 1809 1541 Ut
1836 1484 1889 1540 in

296 1583 424 1640 me.
457 1600 486 1635 r
515 1581 725 1652 inquit,
764 1599 782 1632 ι
822 1595 1004 1652 pacem
1037 1577 1310 1646 habeatis,
1357 1578 1410 1633 in
1459 1567 1660 1632 mundo
1710 1585 1887 1632 autem

295 1687 631 1746 pressuram.
670 1692 688 1726 ι
725 1671 866 1744 Ergo
912 1671 1037 1743 quid
1083 1667 1346 1726 facimus?
1375 1669 1537 1726 Saevit
1577 1684 1758 1735 mare,
1794 1682 1890 1724 ex-

295 1767 556 1822 tolluntur
583 1765 774 1821 ﬂuctus
796 1807 809 1830 ,
839 1774 892 1820 et
921 1764 1090 1820 rabidi
1133 1762 1398 1827 fremunt;
1440 1772 1716 1833 pressurus
1748 1760 1885 1832 pati-

293 1875 412 1916 mur
443 1878 459 1916 :
490 1875 673 1915 nonne
695 1857 831 1915 forte
851 1846 1161 1913 deficimus?
1187 1856 1359 1911 Absit.
1393 1865 1416 1907 ‹’
1449 1854 1699 1911 Mirabilis
1721 1856 1773 1909 in
1795 1870 1884 1910 ex-

293 1953 452 2008 celsis
481 1952 761 2007 Dominus.
796 1969 817 2003 ›
845 1949 993 2006 Adeo
1022 1959 1075 2006 et
1101 1949 1173 2005 ibi
1199 1963 1318 2004 cum
1345 1948 1562 2013 diceret,
1597 1966 1614 1999 ‹
1641 1954 1698 2002 ιιι
1726 1948 1779 2001 in
1801 1962 1887 2004 me

291 2059 480 2115 pacem
511 2043 774 2110 habeatis,
807 2043 858 2097 in
883 2043 1080 2098 mundo
1110 2051 1285 2096 autem
1309 2055 1609 2112 pressuram
1635 2057 1649 2106 ;
1690 2061 1709 2094 ι
1735 2040 1885 2112 quasi

290 2131 539 2190 dicerent
559 2177 574 2202 ,
606 2131 768 2190 Putas
801 2149 906 2189 non
931 2142 1135 2204 premet
1157 2148 1254 2188 nos
1282 2131 1543 2198 mundus,
1585 2140 1638 2187 ct
1679 2133 1877 2187 exstin-

288 2236 414 2299 guet
443 2242 547 2282 nos
570 2225 594 2280 ?
621 2225 800 2281 statim
832 2225 1096 2297 subjecit,
1126 2224 1234 2281 Sed
1248 2225 1489 2296 gaudete,
1523 2224 1642 2296 quia
1666 2239 1756 2296 ego
1792 2225 1885 2279 vici

288 2321 536 2375 secutum
560 2317 740 2392 (Joan.
771 2335 884 2381 ιη,
908 2313 1019 2390 35).
1053 2318 1107 2375 Si
1130 2333 1257 2390 ergo
1281 2318 1370 2385 ait,
1393 2334 1482 2390 ego
1503 2317 1599 2372 vici
1620 2318 1879 2385 saxulum,

289 2411 568 2468 adhaerete
600 2411 676 2466 illi
707 2411 794 2482 qui
821 2409 948 2467 vicit
975 2411 1250 2475 saeculum,
1283 2410 1372 2482 qui
1403 2409 1716 2465 vicitmare.
1744 2406 1886 2466 Gau-

247 2489 250 2492 l
286 2499 405 2562 dcte
429 2505 499 2560 ad
532 2521 654 2561 eum
680 2547 695 2573 ,
728 2506 849 2576 quia
879 2506 899 2536 ⁸
926 2504 1183 2560 mirabilis
1203 2512 1284 2559 est
1333 2504 1383 2558 in
1430 2503 1659 2561 excelsis
1696 2503 1881 2559 Domi-

285 2615 384 2657 nus
406 2643 422 2668 ,
453 2610 511 2657 et
540 2600 822 2654 testimonia
845 2609 931 2654 tua
953 2599 1139 2654 credita
1164 2602 1299 2670 facta
1325 2607 1440 2653 sunt
1466 2598 1634 2654 nimis.
1663 2599 1728 2654 Et
1757 2599 1881 2670 quid

283 2681 482 2751 factum
514 2703 599 2750 est
627 2693 692 2749 de
720 2693 802 2747 his
830 2691 1116 2748 omnibus?
1144 2689 1361 2746 Domum
1402 2701 1542 2745 tuam
1578 2691 1716 2745 decet
1758 2708 1878 2745 san-

282 2787 567 2857 ctiﬁcatio,
631 2784 868 2840 Domine.
920 2775 1144 2839 Domum
1204 2789 1387 2849 tuam,
1447 2792 1608 2837 totam
1663 2782 1880 2838 domum

282 2885 427 2934 tuam
457 2897 472 2933 :
502 2893 614 2933 non
640 2877 758 2943 hic,
790 2885 879 2931 aut
903 2867 1017 2943 hic,
1041 2884 1133 2930 aut
1181 2874 1290 2942 ibi;
1343 2875 1435 2930 sed
1477 2875 1691 2930 domum
1739 2884 1880 2931 tuam

281 2980 448 3030 totam
475 3013 492 3041 ,
529 2987 624 3042 per
651 2979 822 3026 totum
848 2969 1032 3025 orbem
1057 2967 1358 3024 terrarum?
1387 2967 1562 3034 Quare
1594 2983 1687 3038 per
1712 2975 1878 3022 totum

281 3066 469 3123 orbem
501 3075 765 3121 terrarum
794 3063 925 3131 Quia
951 3062 1394 3120 correxitorbem
1429 3071 1583 3118 terrae
1607 3105 1619 3128 ,
1651 3064 1739 3134 qui
1772 3078 1878 3119 non

280 3159 711 3218 commovebitur
737 3157 904 3230 (Psal.
935 3173 1074 3224 xcv,
1104 3155 1216 3230 lO).
1253 3156 1450 3212 Domus
1477 3155 1687 3211 Domini
1726 3154 1878 3212 fortis

279 3261 418 3326 erit;
445 3275 545 3330 per
568 3267 734 3314 totum
760 3256 945 3312 orbem
967 3264 1232 3312 terrarum
1275 3255 1375 3310 erit
1405 3271 1418 3308 :
1452 3253 1599 3308 multi
1648 3252 1874 3320 cadent,

278 3352 375 3410 sed
400 3352 597 3408 domus
621 3351 706 3407 illa
727 3354 738 3370 ’
759 3357 896 3416 stat;
931 3349 1083 3404 multi
1128 3346 1515 3413 turbabuntur,
1539 3344 1634 3402 sed
1687 3344 1878 3402 domus

279 3443 369 3502 illa
398 3460 507 3500 non
540 3443 858 3499 movebitur.
887 3440 1106 3496 Domum
1161 3449 1300 3495 tuam
1354 3438 1493 3493 decet
1519 3437 1871 3508 sanctiﬁcatio,

281 3535 521 3594 Domine.
550 3528 816 3608 Numquid
848 3549 1010 3608 parvo
1061 3531 1338 3605 tempore?
1367 3529 1540 3588 Absit.
1568 3527 1636 3586 In
1655 3527 1878 3602 longitu-

281 3629 447 3685 dinem
464 3629 686 3684 dierum.

706 3791 790 3856 IN
833 3783 1214 3854 PSALMUM
1255 3787 1461 3855 XCIII

875 3889 1299 3950 ENARRATIO.

929 3997 1100 4041 suane
1129 3984 1228 4056 (a).

355 4081 406 4137 l.
447 4079 596 4137 Sicut
623 4075 978 4133 intentissime
1001 4075 1320 4141 audivimus,
1352 4089 1472 4129 cum
1501 4067 1738 4146 psalmus
1772 4072 1875 4130 iste

279 4171 579 4244 legeretur;
609 4171 680 4225 ita
708 4169 908 4224 intente
929 4166 1221 4233 audiamus,
1247 4181 1370 4220 cum
1390 4165 1591 4221 revelat
1613 4161 1873 4219 Dominus

277 4282 396 4339 qua:
428 4264 516 4320 hic
541 4262 788 4334 dignatus
818 4270 897 4316 est
924 4274 1152 4331 opaeare
1183 4257 1456 4331 mysteria.
1487 4255 1571 4311 Ad
1602 4255 1702 4312 hoc
1727 4255 1868 4310 enim

281 4358 606 4414 clauduntur
645 4353 890 4426 quaedam
929 4361 1258 4408 sacramenta
1298 4349 1687 4422 Scripturarum
1713 4391 1728 4417 ,
1766 4364 1872 4404 non

282 4461 340 4508 ut
371 4452 726 4521 denegentur,
755 4446 849 4503 sed
875 4456 929 4501 ut
957 4444 1288 4516 pulsantibus
1312 4443 1634 4514 aperiantur.
1663 4441 1719 4496 Si
1746 4457 1874 4513 ergo

277 4543 469 4599 affectu
514 4543 604 4613 pio
643 4551 696 4597 et
735 4541 940 4595 sincera
979 4537 1155 4594 cordis
1195 4537 1454 4592 charitate
1495 4535 1734 4604 pulsetis,
1784 4533 1873 4589 ille

280 4637 485 4708 aperiet
511 4634 726 4706 (Matth.
753 4648 847 4701 vu,
878 4631 930 4704 7)
961 4633 1050 4702 qui
1076 4629 1219 4685 videt
1243 4630 1381 4684 unde
1410 4627 1651 4698 pulsetis.
1678 4625 1870 4682 Notum

284 4740 361 4787 est
399 4729 650 4784 omnibus
680 4727 836 4782 nobis
865 4719 885 4798 (
909 4733 1066 4796 atque
1095 4724 1294 4778 utinam
1323 4719 1389 4776 d'c
1427 4735 1649 4777 numero
1688 4733 1870 4773 eorum

277 4838 390 4882 non
417 4822 636 4890 simus),
671 4818 866 4874 multos
897 4829 1232 4872 murmurare
1257 4813 1514 4868 adversus
1547 4806 1639 4866 Dei
1667 4811 1870 4881 patien-

277 4918 433 4985 tiam,
466 4923 521 4971 et
548 4913 732 4968 dolere
763 4912 972 4982 iniquos
1013 4908 1259 4965 homines
1289 4915 1343 4962 et
1369 4904 1559 4976 impios
1585 4904 1670 4960 vel
1696 4904 1872 4959 vivere

277 5009 331 5066 in
365 5009 470 5064 hac
502 5019 642 5063 terra
666 5049 680 5074 ,
715 5005 798 5061 vel
824 5005 982 5061 etiam
1009 5002 1294 5074 plurimum
1323 5016 1481 5072 posse
1505 5017 1518 5066 ;
1547 5009 1599 5055 et
1625 4998 1765 5070 quod
1791 5008 1875 5054 est

274 5102 512 5172 amplius
539 5142 556 5168 ,
588 5099 900 5170 plerumque
927 5095 1210 5166 plurimum
1239 5109 1396 5166 posse
1423 5093 1591 5148 malos
1618 5091 1872 5148 adversus

276 5195 453 5250 bonos
476 5235 493 5261 ,
524 5201 579 5248 et
617 5206 760 5261 saepe
792 5188 961 5246 malos
986 5201 1231 5260 premere
1261 5185 1467 5250 bonos;
1500 5183 1664 5238 malos
1691 5182 1870 5239 exsul-

277 5294 396 5342 tare
415 5326 433 5353 ,
462 5284 634 5340 bonos
665 5281 948 5347 laborare;
980 5279 1148 5334 malos
1175 5276 1471 5348 superbire,
1499 5275 1668 5330 bonos
1696 5274 1874 5328 humiu

273 5378 424 5440 liari.
459 5376 810 5434 Attendentes
837 5374 961 5430 talia
992 5373 1043 5428 in
1072 5387 1267 5443 genere
1297 5370 1529 5426 humano
1560 5367 1577 5439 (
1603 5368 1874 5424 abundant

276 5473 456 5543 enim)
479 5509 499 5540 ,
543 5475 922 5542 pervertuntur
961 5466 1298 5535 impatientes
1337 5473 1389 5518 et
1428 5460 1624 5517 infirmi
1663 5461 1868 5528 animi,

275 5563 434 5637 quasi
459 5563 655 5620 frustra
681 5561 790 5618 sint
814 5559 938 5616 boni
960 5569 978 5628 ;
1002 5547 1125 5630 quia
1149 5558 1288 5613 Deus
1312 5555 1504 5612 avertit
1527 5554 1610 5611 vel
1633 5563 1873 5612 avertere

276 5656 490 5713 videtur
518 5653 702 5711 oculos
732 5667 858 5709 suos
886 5667 917 5707 a
946 5651 1101 5708 bonis
1133 5650 1384 5722 operibus
1413 5649 1623 5721 piorum
1654 5658 1709 5704 et
1735 5646 1870 5704 lide-

345 5793 372 5852 ’.
400 5789 747 5855 Αιίίῐυοὲωί

344 5848 372 5918 ξ
401 5848 640 5918 βοιὶπιὲιυί»
663 5848 762 5918 419°-

347 5914 421 5978 ta)
442 5907 898 5978 matieﬁidiecesi
919 5910 1130 5975 habitu,
1145 5914 1352 5975 vocante
1371 5908 1871 5972 optemperatum,

262 5971 511 6049 ,εἰάιὶίει
535 5975 636 6028 ﬁne
660 5971 970 6038 intelligitur.

1372 427 1776 496 ENARRA‘TIO'
1810 425 1884 493 ΙΝ
1908 421 2233 508 PSALHUM
2272 425 2457 496 ιοηι.

2007 547 2134 605 lium
2157 593 2171 618 ,
2215 560 2269 608 et
2297 559 2491 625 augere
2518 553 2686 611 malos
2715 555 2770 610 in
2797 548 2888 612 his
2907 567 3032 628 quas
3053 555 3300 630 diligam.
3328 560 3582 623 Nautes

2001 657 2128 714 ergo
2155 643 2354 700 infirmi
2377 647 2572 703 frustra
2595 663 2656 704 se
2683 649 2828 706 bene
2849 650 3045 718 vivere;
3078 661 3172 708 aut
3196 654 3486 712 Imitantur
3511 657 3581 715 ad

1999 734 2308 792 itnitandam
2335 737 2587 796 malitiam
2613 753 2798 797 eorum
2824 757 2958 814 quos
2982 744 3130 814 quasi
3152 743 3346 802 ﬂorere
3364 750 3585 819 conspi-

1999 828 2148 884 ciunt
2166 847 2182 885 :
2200 839 2289 884 aut
2310 830 2353 884 si
2377 846 2471 902 per
2494 831 2852 890 inﬁrmitatem
2875 835 2957 892 vel
2979 845 3219 906 personae
3237 853 3349 894 suae
3372 840 3460 896 vel.
3477 840 3584 896 ani-

2001 921 2096 988 mi,
2119 923 2304 978 timent
2324 924 2462 978 male
2482 923 2676 993 facere,
2693 941 2759 982 ne
2778 928 2978 998 aliquid
2999 925 3104 984 illis
3120 929 3407 987 secundum
3431 932 3580 1004 leges

1998 1016 2180 1072 smculi
2209 1017 2334 1072 mali
2360 1018 2597 1086 accidat;
2630 1037 2738 1077 non
2766 1022 2884 1093 quia
2909 1023 3164 1095 justitiam
3191 1027 3436 1100 diligunt,
3461 1031 3575 1096 sed,

1997 1117 2055 1163 ut
2079 1107 2250 1164 dicam
2277 1111 2529 1181 apertius,
2559 1112 2805 1169 timentes
2826 1115 3064 1172 damnari
3086 1119 3224 1174 inter
3245 1119 3493 1178 homines
3510 1122 3576 1178 ab

1997 1195 2301 1257 hominibus
2322 1245 2335 1269 ,
2369 1202 2636 1259 abstinent
2664 1219 2721 1260 se
2753 1207 2966 1277 quidem
3003 1223 3033 1263 a
3070 1210 3220 1267 factis
3257 1212 3413 1268 malis
3434 1255 3449 1279 ,
3483 1213 3576 1269 sed

1995 1307 2099 1346 non
2140 1307 2196 1348 se
2235 1294 2500 1350 abstinent
2525 1311 2552 1349 a
2585 1297 2991 1367 cegitationibus
3019 1303 3188 1358 malis.
3223 1303 3287 1360 Et
3311 1305 3451 1361 inter
3477 1320 3574 1362 eo-

1993 1385 2272 1455 gitationes
2301 1401 2484 1442 eorum
2521 1388 2764 1460 iniquas,
2791 1392 3056 1462 praecipue
3092 1403 3249 1464 caput
3285 1397 3576 1468 iniquitatis
3645 1445 3654 1450 .

1993 1475 2080 1531 illa
2109 1487 2250 1533 tenet
2281 1479 2522 1550 impietas
2543 1523 2556 1549 ,
2586 1497 2686 1552 qua
2718 1483 2926 1539 videtur
2950 1485 3030 1540 eis
3059 1485 3196 1543 Deus
3225 1490 3493 1561 negligere
3521 1500 3576 1547 et

1992 1582 2097 1626 non
2125 1587 2314 1628 curare
2341 1587 2425 1629 res
2453 1575 2739 1642 humanas;
2771 1583 2825 1633 et
2848 1583 2939 1633 aut
2963 1581 3238 1650 aequaliter
3260 1583 3455 1639 habere
3474 1586 3572 1641 bo-

1993 1675 2091 1722 nos
2121 1677 2170 1722 et
2200 1669 2401 1733 malos;
2435 1679 2528 1724 aut
2551 1671 2707 1725 etiam
2732 1713 2746 1735 ,
2774 1672 2914 1742 quod
2942 1684 3023 1728 est
3052 1675 3402 1745 perniciosius
3427 1680 3574 1750 cogi-

1992 1765 2124 1824 tare,
2153 1761 2398 1816 inscctari
2429 1763 2596 1818 bonos
2621 1773 2673 1819 et
2698 1765 2849 1820 malis
2871 1766 3066 1821 favere.
3091 1767 3189 1836 Qui
3215 1770 3332 1825 talia
3355 1773 3574 1843 cogitat,

1991 1852 2089 1906 etsi
2123 1851 2252 1906 nihil
2281 1853 2400 1907 mali
2429 1853 2586 1909 alicui
2616 1851 2798 1923 faciat,
2833 1855 2955 1913 facit
2987 1859 3267 1929 plurimum
3295 1862 3415 1930 sibi,
3445 1872 3496 1917 et
3523 1863 3574 1918 in

1991 1944 2222 2014 Seipsum
2251 1947 2440 2019 impius
2461 1957 2578 2015 est;
2607 1959 2662 2005 et
2683 1950 2958 2021 iniquitate
2978 1967 3071 2008 sua
3095 1969 3199 2010 non
3220 1955 3365 2016 ltrdit
3384 1956 3572 2028 Deum,

1991 2035 2084 2090 scd
2113 2035 2360 2092 interficit
2385 2053 2463 2094 sc.
2495 2037 2676 2112 Neque
2705 2051 2900 2098 nocent
2927 2043 3251 2114 hominibus,
3286 2049 3406 2118 quia
3433 2049 3577 2103 timi-

1989 2127 2042 2184 di
2062 2141 2184 2185 sunt
2205 2132 2291 2202 qui
2317 2133 2437 2188 talia
2458 2137 2718 2204 cogitant;
2742 2135 2835 2192 sed
2862 2147 3034 2193 tamen
3057 2127 3338 2196 homicidia
3360 2157 3572 2212 eorum,

1989 2221 2247 2278 adulteria
2270 2235 2473 2291 eorum,
2500 2224 2710 2282 fraudes
2732 2237 2783 2282 et
2806 2227 3018 2298 rapinas
3037 2217 3220 2287 eorum
3244 2232 3385 2288 videt
3409 2233 3570 2303 Dens,

1987 2322 2042 2370 et
2082 2317 2232 2386 punit
2272 2317 2323 2371 in
2361 2319 2768 2398 cogitationibus
2805 2330 3010 2377 eorum.
3041 2323 3176 2392 Quid
3201 2325 3340 2379 enim
3367 2327 3569 2393 velint,

1988 2407 2077 2464 ille
2099 2410 2344 2476 attendit,
2373 2411 2524 2481 cujus
2550 2412 2736 2468 oculus
2758 2427 2862 2468 non
2889 2414 3164 2484 repellitur
3182 2431 3362 2481 carne,
3387 2428 3445 2472 ut
3465 2435 3571 2474 nou

1985 2501 2163 2558 videat
2188 2505 2534 2560 voluntatem.
2564 2499 2720 2562 Tales
2746 2507 2790 2561 si
2814 2507 3121 2564 occasiones
3149 2509 3437 2576 inveniant,
3461 2518 3567 2566 non

1985 2595 2112 2650 mali
2141 2597 2272 2650 fiunt
2295 2638 2310 2664 ,
2340 2593 2438 2652 sed
2461 2597 2860 2654 manifestantur
2887 2617 2899 2652 :
2931 2615 3036 2654 non
3069 2610 3124 2655 ut
3153 2601 3349 2656 sentias
3379 2603 3522 2674 quod
3552 2604 3569 2636 ²

1986 2694 2166 2741 natum
2199 2687 2266 2741 sit
2296 2686 2630 2744 manifestum
2658 2731 2674 2757 ,
2706 2689 2798 2744 sed
2830 2698 2887 2744 ut
2921 2689 3184 2761 intelligas
3208 2691 3348 2762 quod
3375 2692 3571 2749 latebat

1985 2774 2273 2833 inclusum.
2305 2778 2494 2836 Paucis
2524 2779 2608 2835 bis
2634 2780 2807 2849 auius,
2837 2791 2891 2837 et
2914 2796 3080 2852 prope
3109 2774 3356 2840 hesterno
3381 2784 3467 2841 die
3491 2787 3568 2842 vi-

1985 2871 2178 2927 derunt
2208 2873 2322 2930 haec
2350 2875 2590 2931 homines
2611 2918 2624 2941 ,
2654 2875 2705 2930 et
2733 2876 3089 2947 probaverunt
3115 2878 3273 2933 etiam
3305 2879 3396 2950 qui
3421 2879 3570 2936 tarde

1984 2963 2307 3037 intelligunt.
2339 2959 2467 3022 Erat
2492 2969 2633 3023 enim
2662 2967 2747 3024 hic
2776 2985 2874 3023 una
2900 2969 3090 3025 domus
3113 2972 3476 3041 potentissima
3501 2971 3568 3028 ad

1984 3067 2216 3131 tempus,
2241 3060 2308 3116 de
2328 3078 2430 3134 qua
2452 3049 2715 3134 flagellum
2740 3061 2938 3119 fecerat
2957 3063 3096 3119 Deus
3114 3065 3292 3135 generi
3312 3064 3565 3132 humano,

1982 3161 2035 3208 et
2061 3153 2373 3224 castigatum
2403 3165 2484 3209 est
2515 3154 2636 3209 inde
2662 3169 2829 3226 genus
2857 3154 3182 3222 humanum;
3212 3156 3256 3211 si
3281 3165 3570 3227 cngnoscat

1981 3242 2251 3316 ﬂagellum
2298 3247 2462 3318 patris
2483 3287 2500 3314 ,
2533 3256 2586 3301 et
2626 3247 2811 3302 timeat
2843 3249 3158 3302 sententiam
3187 3246 3400 3317 judicis.
3433 3246 3564 3303 Cum

1981 3351 2109 3407 ergo
2142 3346 2286 3392 esset
2323 3336 2410 3392 hic
2448 3336 2632 3392 eadem
2673 3337 2865 3394 domus
2902 3355 3090 3410 magna
3119 3381 3134 3407 ,
3175 3339 3323 3394 multi
3354 3341 3453 3395 sub
3480 3341 3566 3397 illa
3625 3361 3632 3368 ’

1980 3429 2303 3502 gemebant,
2335 3431 2768 3497 murmurabant,
2801 3431 3298 3501 reprehendebant,
3330 3432 3566 3490 detesta-

1982 3521 2196 3589 bantur,
2221 3523 2681 3593 blaSphemabant.
2707 3523 2982 3592 Quomodo
3002 3539 3060 3579 se
3075 3533 3281 3580 arctant
3300 3523 3563 3593 homines,

1978 3621 2035 3672 et
2075 3614 2269 3671 dantur
2297 3615 2479 3669 divino
2509 3614 2596 3669 illo
2619 3614 2820 3686 judicio
2847 3616 2997 3671 multi
3029 3617 3080 3670 in
3109 3617 3567 3689 concupiscentiae

1977 3709 2159 3769 cordis
2183 3709 2261 3764 sui
2292 3701 2464 3782 (Rom.
2496 3726 2533 3777 ι,
2561 3709 2691 3782 24)?
2715 3709 2902 3766 Subito
2930 3708 3123 3765 fiebant
3150 3711 3313 3781 ipsius
3337 3712 3564 3767 domus'

1977 3801 2056 3861 illi
2097 3785 2186 3874 qui
2224 3801 2630 3856 murmurabant
2669 3801 2734 3856 de
2775 3801 2885 3872 ipsa
2926 3800 3121 3866 domo;
3153 3810 3206 3857 et
3237 3802 3303 3857 ab
3330 3802 3409 3858 eis
3439 3802 3564 3858 talia

1977 3893 2222 3951 homines
2251 3895 2610 3965 patiebantur,
2640 3893 2814 3966 qualia
2840 3909 2898 3949 se
2923 3895 3026 3965 pati
3052 3893 3149 3964 ipsi
3173 3910 3200 3947 a
3225 3895 3412 3949 talibus
3435 3909 3563 3965 pau-

1977 3969 2030 4042 lo
2045 3996 2170 4042 ante
2189 3987 2569 4056 querebantur.
2593 3981 2773 4041 Bonus
2796 4001 2922 4055 ergo
2944 3985 3030 4040 ille
3047 3993 3147 4050 cst,
3167 3986 3254 4055 qui
3277 3995 3330 4043 et
3351 3980 3565 4061 quando

1975 4087 2155 4152 potest
2183 4080 2320 4134 male
2350 4078 2524 4134 facere
2547 4121 2562 4147 ,
2592 4095 2697 4133 non
2726 4076 2888 4144 facit;
2918 4077 2985 4133 de
3013 4093 3118 4149 quo
3144 4079 3397 4148 scriptum
3431 4089 3513 4134 est
3546 4098 3559 4135 :

1980 4171 2079 4238 Qui
2107 4171 2266 4242 potuit
2293 4170 2593 4241 transgredi,
2627 4178 2671 4224 et
2699 4187 2799 4223 non
2824 4177 2896 4224 est
2923 4181 3295 4240 transgressus;
3323 4179 3369 4224 et
3396 4174 3563 4242 facere

1977 4266 2136 4332 mata,
2166 4273 2211 4318 et
2233 4280 2333 4318 non
2355 4263 2490 4335 fecit.
2522 4262 2646 4331 Quis
2667 4270 2738 4318 est
2759 4261 2858 4329 hic,
2885 4269 2930 4316 et
2953 4260 3564 4318 laudabimus-eum?Fe-

1978 4359 2046 4413 cit
2074 4359 2204 4412 enim
2231 4355 2481 4410 mirabilia
2507 4358 2556 4409 in
2588 4356 2687 4409 vita
2715 4369 2806 4409 sua
2835 4352 3021 4427 (Eccli.
3049 4369 3200 4419 xxxx,
3231 4353 3317 4422 10,
3352 4354 3428 4427 9).
3458 4353 3562 4410 Lo-

1977 4452 2238 4524 qucbatur
2262 4448 2532 4521 Scriptura
2561 4441 2625 4503 de
2652 4449 2954 4519 potentibus
2981 4448 3365 4503 innocentibus.
3396 4449 3460 4503 Et
3483 4449 3563 4503 lu-

1978 4559 2076 4616 pus
2104 4543 2246 4599 enim
2276 4551 2474 4598 tantum
2508 4540 2617 4594 vult
2646 4556 2858 4603 nocere,
2891 4547 3144 4610 quantum
3173 4541 3256 4595 leo
3286 4558 3298 4594 :
3328 4541 3562 4596 dissimi-

1976 4637 2097 4693 liter
2125 4644 2320 4692 nocent
2343 4677 2358 4702 ,
2396 4633 2489 4690 sed
2520 4648 2625 4688 non
2653 4631 2981 4687 dissimiliter
3009 4633 3247 4702 cupiunt.
3282 4631 3390 4688 Leo
3421 4634 3562 4689 enim

1977 4745 2082 4784 non
2111 4729 2281 4784 solum
2308 4725 2600 4782 contemnit
2626 4740 2812 4780 canem
2842 4723 3122 4780 latrantem
3146 4741 3160 4791 ;
3188 4725 3280 4780 sed
3305 4727 3463 4781 etiam
3488 4728 3566 4781 fu-

1975 4828 2102 4892 gat,
2147 4829 2201 4875 et
2239 4819 2384 4874 venit
2426 4815 2491 4872 ad
2531 4816 2704 4884 ovile,
2735 4825 2788 4872 et
2817 4816 3308 4872 obmutescentibus
3344 4818 3566 4875 canibus

1975 4916 2116 4986 rapit
2141 4915 2282 4987 quod
2309 4922 2485 4984 potest
2514 4931 2526 4966 :
2559 4912 2715 4983 lupus
2745 4928 2849 4968 non
2878 4913 3039 4968 audet
3064 4913 3201 4968 inter
3227 4912 3445 4966 latratus
3473 4926 3564 4966 ca-

1977 5023 2125 5063 num.
2172 4999 2435 5077 Numquid
2475 5013 2756 5076 propterea
2798 5003 2918 5075 quia
2959 5021 3064 5059 non
3098 5005 3265 5075 potuit
3294 5001 3504 5060 auferre
3534 5021 3562 5060 a

1977 5099 2197 5155 canibus
2239 5097 2486 5164 territus,
2529 5096 2864 5153 innocentior
2903 5097 3198 5152 remeavit?
3236 5095 3398 5150 Docet
3438 5111 3565 5166 ergo

1978 5193 2120 5249 Deus
2146 5191 2524 5256 innocentiam,
2543 5199 2598 5246 ut
2622 5191 2843 5262 quisque
2869 5181 3124 5244 innocens
3148 5189 3217 5243 sit
3240 5203 3344 5242 non
3373 5188 3567 5246 timore

1977 5300 2168 5357 paena),
2198 5283 2291 5340 sed
2320 5298 2501 5340 amore
2520 5281 2761 5354 justitiae.
2793 5279 2943 5337 Tunc
2969 5280 3109 5337 enim
3141 5278 3276 5335 liber
3303 5287 3386 5336 est
3411 5280 3566 5336 inuo-

1977 5391 2105 5432 cens
2124 5417 2140 5443 ,
2170 5385 2225 5432 et
2250 5391 2408 5431 verus
2447 5383 2529 5430 est
2560 5375 2834 5430 innocens.
2865 5371 2966 5440 Qui
2989 5380 3166 5426 autem
3192 5371 3384 5429 timore
3407 5373 3564 5428 inuo-

1977 5482 2105 5524 cens
2150 5468 2209 5521 fit
2231 5509 2245 5535 ,
2276 5481 2386 5521 non
2417 5475 2498 5521 est
2526 5465 2780 5521 innocens
2803 5505 2818 5532 ,
2849 5461 3092 5535 quamvis
3119 5478 3225 5519 non
3258 5471 3447 5520 noceat
3474 5465 3561 5521 cui

1978 5558 2090 5614 vult
2112 5572 2327 5614 nocere.
2348 5556 2464 5613 Non
2488 5559 2630 5613 enim
2653 5563 2808 5611 nocet
2828 5553 2980 5611 alteri
3004 5570 3099 5626 per
3120 5555 3316 5612 factum
3340 5558 3563 5626 malum,

1977 5651 2072 5708 sed
2101 5651 2200 5706 sibi
2230 5651 2511 5722 plurimum
2543 5666 2640 5720 per
2665 5646 3007 5719 cupiditatem
3037 5649 3251 5703 malam.
3277 5648 3408 5704 Nam
3435 5663 3567 5720 quo-

1977 5745 2140 5802 modo
2166 5744 2268 5800 sibi
2300 5751 2522 5810 noceat,
2551 5742 2674 5798 audi
2703 5741 3030 5813 Seripturam
3067 5760 3079 5796 :
3112 5741 3211 5812 Qui
3236 5751 3404 5797 autem
3431 5749 3569 5796 amt

2042 5840 2056 5870 ³
2093 5844 2454 5900 Er.Veu.Lov.,
2479 5835 2614 5900 quid.
2683 5845 2737 5886 Μ.

1980 5899 2352 6014 ὠιῗιὲιρτοὺω
2373 5895 2503 5948 noue
2539 5907 2643 5951 Mss.
2685 5906 2742 5951 At
2763 5899 2897 5963 add,
2919 5897 3077 5952 Subito
3111 5897 3381 5953 avertebant
3409 5895 3564 5964 irem!
