4048 6480
516 497 848 574 iniquitatem,
875 497 982 553 odit
1001 482 1231 551 animat
1247 507 1390 548 suam
1416 489 1587 564 (Psal.
1619 507 1676 558 ι,
1705 487 1786 560 6).
1815 489 1882 544 Et
1907 501 2092 545 revera

516 596 744 652 multum
787 600 967 650 errant
1008 590 1251 646 homines
1275 588 1362 657 qui
1395 593 1581 654 putant
1607 584 1917 654 injustitiam
1944 596 2094 637 suam

516 689 635 744 aliis
658 701 874 750 nocere,
900 694 955 740 et
980 683 1082 739 sibi
1109 697 1212 737 non
1237 694 1450 735 nocere.
1477 678 1558 734 Ad
1582 677 1715 734 alios
1739 676 1975 748 procedit
1996 674 2094 730 ini-

518 781 694 850 quitas
741 776 1057 848 cujuslibet,
1090 782 1146 826 ut
1169 771 1378 842 corpori
1406 778 1614 836 noceat,
1643 779 1700 824 ut
1726 783 1840 824 rem
1870 766 2093 822 familia-

515 887 626 927 rem
655 871 829 936 laedat,
863 877 921 922 ut
947 866 1124 920 villam
1151 864 1382 928 invadat,
1415 874 1471 918 ut
1500 862 1818 932 mancipium
1845 860 2091 925 abducat,

515 969 576 1016 ut
615 974 798 1015 aurum
843 956 1078 1022 auferat,
1118 965 1211 1010 aut
1249 964 1550 1026 argentum,
1592 953 1677 1007 vel
1708 953 1753 1006 si
1795 951 1922 1022 quid
1952 949 2092 1005 aliud

520 1051 812 1122 possidet‘.
834 1049 912 1104 Ad
928 1048 1031 1103 hoc
1061 1047 1326 1118 profertur
1353 1046 1420 1101 ad
1449 1046 1672 1100 alterum
1704 1045 1788 1099 illa
1821 1043 2090 1113 iniquitas.

515 1144 658 1213 Ergo
697 1142 944 1212 iniquitas
985 1149 1073 1194 tua
1102 1140 1276 1195 alieno
1313 1139 1524 1208 corpori
1563 1147 1750 1201 nocet,
1793 1145 1884 1190 tuo
1916 1134 2094 1188 animo

511 1249 616 1290 non
645 1233 835 1288 nocet?

583 1325 639 1379 2.
669 1324 864 1378 Contra
893 1324 1046 1378 istam
1076 1321 1373 1392 simplicem
1397 1335 1747 1391 veracemque
1771 1319 2090 1387 doctrinam,

509 1432 612 1487 qua
641 1416 942 1471 insinuatur
980 1414 1283 1470 hominibus
1311 1413 1466 1468 bonis
1492 1453 1506 1478 ,
1543 1422 1600 1466 ut
1640 1413 1804 1482 ipsam
1832 1411 2090 1480 justitiam

510 1509 762 1577 diligant,
789 1517 844 1563 et
865 1523 932 1562 ex
955 1521 1018 1562 ea
1046 1506 1256 1576 placere
1281 1505 1392 1559 Deo
1416 1505 1612 1568 velint;
1643 1504 1711 1559 ab
1740 1503 1828 1558 illo
1850 1505 1871 1534 ί
1893 1501 2089 1557 intelli-

510 1609 640 1672 gant
663 1602 780 1654 luce
805 1599 1029 1670 quadam
1058 1596 1372 1667 intelligibili
1399 1594 1642 1668 perfundi
1665 1595 1894 1649 animam
1916 1607 2088 1657 suam,

511 1704 571 1748 ut
602 1692 794 1748 faciant
815 1692 957 1762 justa
989 1705 1171 1760 opera,
1204 1699 1258 1744 et
1295 1689 1437 1742 illam
1471 1683 1641 1742 lucem
1673 1686 1945 1755 sapientiae
1969 1699 2090 1739 om-

509 1785 676 1839 nibus
705 1799 822 1853 quze
862 1785 912 1837 in
935 1782 1149 1857 ‘smculo
1189 1780 1478 1852 diliguntur
1516 1785 1831 1850 praeponam
1862 1794 1875 1829 :
1906 1784 2090 1831 contra

509 1878 665 1933 istam
694 1877 988 1930 doctrinam
1016 1875 1136 1928 talia
1168 1888 1438 1928 murmura
1465 1880 1589 1926 sunt
1617 1870 1890 1924 hominum
1917 1885 1930 1932 ;
1961 1876 2014 1922 et
2043 1868 2089 1922 si
2114 1933 2121 1935 _

510 1984 614 2023 non
649 1967 938 2040 procedunt
966 1968 1016 2021 in
1048 1950 1203 2031 voce,
1231 1965 1494 2019 roduntur
1517 1964 1568 2017 in
1594 1962 1776 2017 corde.
1804 1961 1938 2028 Quid
1964 1975 2090 2031 ergo

508 2060 731 2115 dicunt?
775 2058 914 2114 Vere
952 2057 1239 2129 placiturus
1268 2071 1382 2110 sum
1415 2055 1523 2108 Deo
1551 2068 1645 2124 per
1670 2052 1974 2122 justitiam?
1999 2059 2092 2104 aut

506 2153 632 2222 justi
677 2153 751 2206 illi
795 2151 1036 2222 placeat,
1084 2150 1182 2206 sub
1229 2149 1380 2218 cujus
1427 2147 1650 2216 imperio
1695 2145 1818 2199 mali
1861 2143 2090 2198 ﬂarent?

509 2245 675 2302 Tanta
705 2244 837 2298 mala
864 2242 1221 2305 committunt,
1253 2251 1306 2294 et
1335 2239 1461 2293 nihil
1492 2237 1596 2292 illis
1621 2235 1794 2291 evenit
1817 2235 1959 2314 mali.
1984 2235 2088 2288 Aut

506 2335 552 2390 si
582 2334 717 2390 forte
741 2334 919 2390 evenit
942 2333 1138 2402 aliquid
1164 2332 1324 2396 mali;
1354 2330 1479 2401 quid
1512 2329 1602 2382 tibi
1635 2328 1818 2382 dicunt
1846 2328 1938 2392 illi,
1967 2341 2087 2380 cum

502 2428 581 2482 eis
607 2426 834 2495 coeperis
857 2426 1034 2480 dicere
1063 2442 1075 2474 :
1104 2423 1240 2478 Ecce
1267 2430 1464 2492 quanta
1490 2420 1613 2474 fecit
1635 2419 1791 2482 mala,
1819 2415 2089 2488 quomodo

505 2519 580 2572 illi
619 2518 884 2572 redditum
927 2516 1050 2569 est?
1089 2515 1295 2584 qualem
1334 2498 1534 2568 exitum
1576 2510 1779 2564 habui?
1825 2509 2089 2579 incipiunt

502 2609 578 2662 illi
616 2610 850 2678 cogitare
885 2607 1060 2676 justos
1087 2606 1277 2674 quibus
1308 2605 1445 2658 mala
1478 2611 1768 2658 evenerunt
1791 2644 1806 2666 ,
1835 2611 1887 2656 et
1915 2617 2085 2672 appo-

501 2709 635 2753 nunt
664 2698 815 2751 nobis
838 2737 854 2763 ,
886 2705 940 2751 et
974 2697 1153 2750 dicunt
1185 2712 1196 2748 :
1229 2695 1285 2750 Si
1318 2697 1394 2750 illi
1424 2704 1704 2764 propterea
1737 2693 1857 2746 mali
1885 2693 2086 2762 aliquid

499 2787 691 2843 accidit
712 2828 726 2852 ,
757 2788 878 2856 quia
909 2787 1120 2856 iniquus
1153 2786 1278 2849 fuit;
1309 2786 1383 2838 illi
1412 2799 1576 2854 quare
1600 2783 1824 2850 accidit,
1853 2785 1942 2853 qui
1978 2792 2083 2837 tam

499 2881 638 2951 juste
685 2879 854 2933 visit?
903 2879 1002 2944 Qui
1043 2879 1412 2949 eleemosynas
1455 2886 1625 2931 tantas
1663 2875 1807 2942 fecit,
1849 2876 1936 2946 qui
1978 2885 2081 2929 tam

503 2975 668 3028 multa
716 2973 853 3027 bona
899 2982 1150 3041 operatus
1196 2980 1278 3026 est
1325 2971 1378 3025 in
1420 2969 1658 3024 Ecclesia
1686 3011 1700 3037 ,
1731 2984 1897 3039 quare
1926 2969 2083 3024 talem

500 3077 698 3124 sortem
731 3067 965 3122 invenit?
995 3081 1158 3138 quare
1197 3067 1355 3122 talem
1387 3066 1586 3119 exitum
1620 3064 1844 3131 habuit,
1872 3063 2079 3134 qualem

497 3161 587 3216 ille
616 3162 776 3214 homo
811 3161 899 3231 qui
931 3161 1092 3214 multa
1132 3161 1308 3230 iniqua
1335 3159 1637 3214 commisit?
1663 3158 1742 3212 Ad
1773 3158 1872 3211 hoc
1903 3167 2080 3211 autem

497 3252 596 3307 ista
623 3252 824 3316 dicunt,
859 3260 915 3306 ut
939 3251 1223 3306 ostendant
1249 3265 1309 3305 se
1336 3259 1612 3320 prapterea
1640 3266 1744 3303 non
1775 3248 1950 3303 facere
1971 3263 2082 3302 ma-

495 3342 566 3408 le,
593 3345 715 3414 quia
746 3333 854 3398 nen-
882 3351 1121 3413 possunt,
1151 3351 1240 3396 aut
1267 3343 1388 3412 quia
1414 3357 1521 3396 non
1547 3340 1765 3396 audent.
1793 3339 1924 3395 Nam
1953 3340 2080 3410 quid

495 3435 620 3488 velit
650 3449 742 3487 cor
767 3475 783 3500 ,
817 3436 989 3505 lingua
1023 3443 1245 3488 testatur
1273 3454 1286 3488 :
1313 3443 1367 3489 et
1390 3433 1603 3504 quidem
1626 3474 1640 3498 ,
1671 3433 1876 3488 etiamsi
1904 3432 2077 3501 lingua

469 3514 886 3581 'obmutesceret
915 3535 968 3580 et
1000 3526 1110 3596 ipsa
1141 3527 1330 3579 timore
1354 3539 1676 3594 compressa,
1704 3525 1842 3578 Deus
1873 3523 2080 3579 videret

495 3619 635 3673 intus
673 3618 798 3688 quid
838 3619 1094 3688 cogitaret
1130 3617 1322 3682 homo,
1358 3619 1564 3672 etiamsi
1603 3618 1764 3671 alium
1806 3615 2077 3671 hominem

494 3709 702 3766 lateret.
731 3709 942 3764 Tacitas
972 3724 1098 3780 ergo
1129 3708 1476 3777 cogitationes
1503 3707 1775 3761 hominum
1805 3706 1959 3773 tales,
1986 3715 2077 3761 aut

493 3803 650 3856 etiam
685 3809 1026 3871 erumpentes
1053 3802 1102 3854 in
1134 3800 1290 3855 verba
1318 3799 1402 3853 vel
1431 3799 1564 3853 facta
1585 3841 1599 3865 ,
1631 3807 1781 3852 curat
1811 3798 1909 3852 iste
1934 3797 2075 3867 psal-

493 3912 641 3962 mus,
685 3899 727 3950 si
768 3895 944 3950 curari
985 3894 1168 3950 velint.
1213 3891 1492 3948 lntendant
1521 3906 1680 3962 ergo,
1715 3899 1769 3946 et
1797 3900 2072 3945 curentur.

491 3990 663 4059 Atque
705 3989 902 4043 utinam
933 3987 986 4042 in
1029 3987 1129 4041 hac
1169 3983 1504 4040 multitudine
1542 3991 1649 4038 tota
1679 3999 1795 4054 quae
1826 3997 1964 4037 nunc
1993 3990 2077 4036 est

492 4085 629 4138 inter
658 4085 785 4138 istos
817 4083 1064 4153 parietes,
1090 4088 1147 4136 et
1175 4079 1322 4135 audit
1348 4095 1443 4149 per
1467 4093 1566 4133 nos
1588 4078 1810 4132 verbum
1838 4077 2069 4142 Domini,

491 4176 632 4230 nulla
675 4176 779 4246 sint
823 4174 946 4228 talia
974 4171 1191 4226 vulnera
1231 4186 1348 4240 qua:
1375 4176 1626 4224 curentur
1652 4184 1673 4246 ;
1698 4168 1900 4221 utinam
1929 4167 2073 4222 nulla

489 4267 614 4320 sint.
649 4241 761 4318 Non
803 4274 979 4318 tamen
1011 4278 1122 4317 rem
1154 4261 1474 4331 superfluam
1513 4259 1735 4314 facimus
1771 4259 1953 4313 dicere
1976 4300 1990 4324 ,
2027 4260 2072 4312 si

489 4355 631 4409 nulla
663 4355 733 4407 ibi
759 4353 1134 4408 suntvulnera.
1167 4353 1499 4407 lnstruantur
1523 4350 1681 4405 corda
1711 4349 1775 4405 ad
1806 4349 2072 4406 sanandos

489 4447 655 4512 alios,
697 4462 815 4500 cum
854 4445 1038 4501 audire
1079 4445 1198 4500 talia
1239 4444 1517 4514 coeperint.
1560 4442 1730 4498 Credo
1768 4442 1909 4498 enim
1949 4443 2069 4513 quia

489 4530 851 4607 unusquisque
881 4536 1203 4592 christianus
1226 4576 1241 4603 ,
1283 4551 1401 4590 cum
1433 4534 1659 4589 audierit
1686 4535 1915 4605 aliquem
1947 4534 2068 4590 talia

486 4630 748 4687 dicentem
772 4671 786 4696 ,
815 4631 857 4685 si
889 4631 1059 4687 bonus
1085 4629 1256 4685 fidelis
1283 4638 1383 4692 est,
1413 4637 1468 4683 et
1489 4628 1626 4683 bene
1649 4627 1818 4682 credit
1847 4627 1984 4692 Deo,
2013 4637 2070 4683 et

486 4737 611 4791 spes
639 4721 752 4792 ejus
780 4730 862 4777 est
890 4723 940 4777 in
972 4722 1150 4777 futuro
1180 4721 1398 4787 saeculo,
1425 4735 1531 4774 non
1560 4721 1611 4774 in
1642 4720 1740 4775 hac
1765 4727 1926 4788 terra,
1959 4735 2064 4776 non

486 4816 540 4872 in
581 4815 681 4871 hac
719 4817 825 4870 vita
860 4826 972 4882 est,
1015 4825 1070 4871 et
1107 4830 1212 4870 non
1244 4813 1438 4869 frustra
1476 4811 1623 4868 audit
1650 4821 1708 4868 ut
1736 4828 1944 4868 sursum
1974 4828 2067 4868 cor

484 4907 714 4972 habeat;
757 4906 942 4961 irridet
983 4914 1037 4962 et
1071 4905 1215 4961 dolet
1242 4904 1364 4959 talia
1401 4913 1792 4959 murmurantes
1814 4946 1830 4971 ,
1861 4912 1916 4958 et
1939 4903 2066 4959 dicit

481 4997 581 5052 sibi
615 5016 629 5052 :
661 4997 800 5052 Deus
831 4997 977 5052 novit
1003 4996 1128 5067 quid
1155 5003 1308 5067 agat,
1338 5011 1436 5051 nos
1461 5011 1566 5051 non
1597 5009 1879 5066 possumus
1905 5009 2064 5050 nosse

480 5091 759 5146 consilium
800 5091 964 5161 ipsius
988 5132 1000 5153 ,
1031 5103 1194 5159 quare
1220 5088 1391 5158 parcit
1418 5087 1570 5142 malis
1600 5087 1668 5143 ad
1700 5096 1908 5158 tempus
1933 5127 1946 5151 ,
1977 5086 2062 5142 vel

481 5198 644 5251 quare
681 5183 924 5237 laborant
960 5181 1085 5237 boni
1123 5179 1189 5235 ad
1230 5189 1472 5250 tempus;
1506 5179 1700 5236 suflicit
1723 5181 1852 5236 mihi
1885 5188 2060 5234 tamen

482 5273 579 5326 hoc
607 5273 762 5338 scire,
791 5274 910 5343 quia
936 5280 990 5328 et
1012 5272 1077 5328 ad
1105 5281 1309 5342 tempus
1332 5272 1534 5326 laborat
1553 5272 1739 5338 bonus,
1765 5281 1818 5327 et
1841 5271 1905 5326 ad
1926 5279 2062 5325 tem-

483 5376 582 5432 pus
619 5361 771 5418 ﬂorct
808 5363 997 5418 malus.
1033 5363 1132 5431 Qui
1158 5378 1285 5434 ergo
1313 5363 1434 5417 talis
1462 5371 1543 5418 est
1565 5402 1581 5430 ,
1613 5377 1830 5418 securus
1858 5371 1975 5428 est;
2007 5371 2060 5418 et

482 5457 746 5526 patienter
785 5457 883 5512 fert
911 5474 1096 5514 omnes
1125 5457 1404 5518 felicitates
1440 5461 1699 5516 malorum
1725 5503 1740 5528 ,
1773 5468 1826 5516 et
1853 5460 2059 5515 labores

481 5548 743 5604 bonorum
787 5551 1045 5620 patienter
1084 5551 1220 5620 fert,
1267 5553 1492 5619 tolerat,
1524 5553 1694 5609 donec
1720 5553 1933 5607 ﬁniatur
1960 5553 2059 5610 hoc

481 5641 730 5697 smculum
757 5684 773 5710 ,
813 5641 984 5698 donec
1020 5652 1251 5699 transeat
1280 5644 1548 5716 iniquitas.
1581 5644 1696 5700 Jam
1727 5645 1845 5699 talis
1873 5645 2059 5700 beatus

545 5736 564 5766 ί
598 5741 735 5807 tam,
767 5733 813 5788 si
849 5735 966 5799 quid
999 5734 1134 5786 aliud
1179 5739 1347 5803 possit.
1368 5739 1539 5789 Caneri
1574 5737 1703 5803 libri,
1720 5736 1764 5789 si
1786 5737 1901 5804 quid
1923 5736 2058 5791 aliud

481 5797 706 5866 possidet.
863 5797 871 5799 “

545 5861 568 5894 ³
589 5867 716 5926 ass,
741 5861 802 5910 ab
814 5859 916 5912 illa.

1613 443 1618 446 ι
1651 375 1712 434 S.
1751 369 2124 433 AUGUSTINI
2162 369 2466 433 EPISCOPI

2565 455 2568 458 .
3647 385 3787 446 1192

2203 500 2285 546 est
2305 533 2322 559 ,
2363 501 2418 548 et
2443 492 2674 550 erudivit
2709 507 2831 552 eum
2865 495 3009 553 Deus
3034 495 3104 555 de
3125 496 3245 570 lege
3270 511 3366 554 sua
3389 539 3408 568 ,
3443 506 3500 557 et
3527 501 3786 574 mitigavit

2177 645 2180 648 ,
2201 598 2324 640 eum
2345 600 2376 640 a
2397 586 2583 643 diebus
2604 588 2866 660 malignis,
2891 589 3062 647 donec
3082 591 3308 648 fodiatur
3323 596 3586 664 peccatori
3611 597 3782 654 fovea.

2201 677 2304 744 Qui
2331 693 2458 734 vero
2485 679 2719 735 nondum
2744 691 2826 737 est
2847 683 2983 749 talis,
3005 684 3186 739 audiat
3205 701 3299 755 per
3324 701 3421 742 nos
3443 689 3582 758 quod
3607 689 3785 744 Domi-

2205 785 2275 825 no
2301 769 2494 841 placet.
2523 773 2684 828 Plura
2707 785 2882 830 autem
2912 776 3024 845 ipse
3048 775 3189 832 dicat
3209 778 3260 833 in
3281 779 3462 842 corde,
3485 782 3572 850 qui
3597 783 3785 838 melius

2197 864 2343 920 videt
2369 866 2560 922 vulnus
2589 866 2730 937 quod
2764 875 2935 923 curet.

2271 957 2323 1010 5.
2366 956 2608 1012 Psalmus
2637 957 2777 1014 hunc
2805 959 3012 1015 titulum
3039 960 3220 1029 habet,
3249 961 3301 1017 id
3326 972 3406 1019 est
3432 964 3569 1021 hanc
3595 965 3783 1021 inscri-

2198 1049 2431 1119 ptionem
2466 1069 2478 1104 :
2512 1050 2749 1106 Psalmus
2790 1053 2887 1123 ipsi
2930 1053 3094 1108 David
3117 1097 3133 1122 ,
3173 1067 3356 1126 quarta
3392 1057 3716 1113 sabbatorum
3743 1063 3780 1114 ³.

2197 1140 2458 1196 Docturus
2479 1151 2574 1196 est
2599 1143 2832 1212 psalmus
2860 1144 2958 1199 iste
2988 1145 3292 1214 patientiam
3321 1147 3372 1202 in
3401 1149 3672 1205 laboribus
3694 1151 3783 1220 ju-

2197 1240 2400 1287 storum
2423 1251 2437 1287 :
2455 1243 2640 1289 contra
2659 1235 2956 1306 iniquorum
2981 1236 3258 1293 felicitates
3278 1240 3582 1309 patientiam
3601 1243 3780 1312 docet,

2199 1324 2503 1394 patientiam
2530 1325 2770 1382 aediﬁcat.
2797 1327 2908 1382 Hoc
2936 1328 3096 1385 habet
3120 1339 3260 1385 totus
3283 1346 3313 1386 a
3338 1334 3511 1402 capite
3534 1349 3701 1404 usque
3730 1336 3782 1391 in

2198 1416 2376 1471 tinem.
2407 1420 2581 1484 Quare
2609 1435 2736 1491 ergo
2761 1421 2918 1475 talem
2941 1421 3102 1478 habet
3129 1424 3354 1490 titulum,
3383 1426 3437 1479 in
3464 1435 3644 1496 quarta
3668 1428 3785 1482 sab—

2196 1509 2300 1564 bati
2316 1512 2342 1564 ?
2373 1511 2486 1567 Una
2515 1513 2749 1581 sabbati,
2779 1514 2894 1570 dies
2922 1515 3220 1571 dominicus
3249 1525 3365 1580 est;
3397 1508 3628 1574 secunda
3662 1521 3784 1576 sab-

2195 1601 2302 1656 bati
2321 1644 2334 1667 ,
2363 1605 2595 1658 secunda
2635 1605 2761 1660 feria
2787 1647 2802 1673 ,
2835 1622 2992 1676 quem
3018 1608 3303 1663 saeculares
3329 1609 3465 1664 diem
3497 1609 3661 1666 Luna:
3692 1627 3785 1666 vo-

2195 1703 2351 1758 cant;
2381 1696 2532 1750 tertia
2559 1697 2782 1764 sabbati,
2809 1700 2963 1753 tertia
2986 1697 3138 1766 feria,
3163 1715 3318 1770 quem
3341 1701 3480 1757 diem
3505 1703 3574 1757 illi
3599 1703 3783 1759 Martis

2197 1794 2409 1839 vocant.
2458 1787 2654 1854 Quarta
2691 1802 2818 1858 ergo
2859 1789 3196 1844 sabbatorum
3219 1832 3233 1857 ,
3265 1802 3449 1861 quarta
3482 1792 3608 1846 feria
3637 1835 3650 1856 ,
3692 1795 3781 1862 qui

2197 1874 2443 1931 Mercurii
2472 1879 2585 1932 dies
2611 1878 2804 1934 dicitur
2828 1895 2857 1934 a
2889 1881 3112 1951 Paganis
3136 1923 3152 1947 ,
3184 1891 3236 1937 et
3265 1897 3293 1936 a
3320 1884 3497 1937 multis
3520 1883 3779 1939 Christiao

2195 1967 2278 2022 nis
2319 1985 2331 2020 :
2372 1968 2464 2023 sed
2495 1969 2793 2036 nollemus;
2829 1977 2985 2041 aliine
3007 1972 3224 2033 utinam
3251 1975 3519 2043 corrigant
3544 2017 3556 2035 ,
3587 1986 3638 2029 et
3669 1993 3777 2032 non

2195 2057 2372 2113 dicant
2410 2059 2504 2114 sic.
2545 2060 2753 2115 Habent
2798 2062 2938 2116 enim
2970 2062 3200 2132 linguam
3231 2080 3379 2119 suam
3410 2084 3509 2137 qua
3538 2075 3777 2124 utantur.

2203 2151 2315 2206 Non
2340 2153 2479 2207 enim
2503 2162 2556 2207 et
2576 2153 2626 2206 in
2650 2153 2895 2209 omnibus
2916 2156 3161 2225 gentibus
3181 2157 3279 2212 iSIa
3303 2157 3580 2212 dicuntur:
3603 2164 3780 2215 multa:

2194 2255 2376 2314 gentes
2408 2245 2522 2299 aliae
2561 2256 2716 2316 atque
2745 2248 2860 2300 alia:
2889 2248 3043 2302 aliter
3071 2258 3228 2320 atque
3257 2251 3409 2305 aliter
3433 2260 3639 2306 vocant.
3668 2251 3780 2306 Me-

2196 2341 2296 2394 lius
2338 2355 2466 2411 ergo
2501 2339 2566 2393 de
2605 2355 2698 2395 ore
2741 2341 3030 2395 christiano
3072 2343 3206 2397 ritus
3245 2343 3494 2414 loquendi
3523 2345 3779 2399 ecclesia-

2193 2431 2356 2485 sticus
2405 2431 2660 2500 procedit.
2715 2432 2913 2487 ’l‘amcn
2973 2436 3018 2487 si
3062 2451 3220 2504 quem
3270 2437 3406 2490 forte
3449 2437 3778 2492 consuetudo

2193 2523 2449 2591 traxerit,
2481 2534 2536 2577 ut
2567 2523 2692 2579 illud
2722 2537 2876 2580 exeat
2905 2543 2968 2581 ex
3000 2543 3091 2581 ore
3117 2527 3256 2597 quod
3284 2529 3547 2597 improbat
3575 2519 3740 2584 corch
3759 2571 3777 2596 ,

2193 2615 2452 2686 intelligat
2473 2617 2594 2671 illos
2617 2631 2824 2684 omnes,
2849 2618 2914 2672 de
2939 2634 3162 2688 quorum
3193 2620 3491 2674 nominibus
3513 2620 3778 2689 appellata

2189 2718 2315 2764 sunt
2341 2708 2516 2764 sidera
2540 2751 2555 2778 ,
2586 2709 2828 2765 homines
2857 2711 3018 2766 fuisse
3042 2755 3056 2778 ,
3088 2727 3186 2767 nec
3211 2729 3274 2766 ex
3315 2728 3380 2767 eo
3407 2728 3525 2767 esse
3553 2714 3781 2782 cmpisse

2189 2801 2287 2855 ista
2318 2801 2491 2855 sidera
2539 2802 2592 2856 in
2638 2802 2776 2856 caelo
2801 2845 2815 2869 ,
2847 2817 2910 2858 ex
2961 2819 3064 2872 quo
3110 2804 3181 2858 illi
3223 2814 3496 2872 crepet-unt
3527 2822 3541 2858 :
3573 2813 3626 2859 et
3655 2812 3780 2861 aute

2188 2891 2260 2947 ibi
2301 2891 2546 2955 fuerunt;
2599 2893 2691 2948 sed
2739 2909 2836 2964 per
2886 2895 3139 2948 beneﬁcia
3187 2894 3425 2964 quaedam
3475 2895 3780 2952 mortalium

2189 2984 2430 3038 mortalia
2456 3026 2472 3051 ,
2505 2983 2581 3038 illi
2609 2983 2854 3040 homines
2883 2999 2978 3054 pro
3023 2993 3262 3054 tempore
3291 3000 3388 3040 suo
3412 3026 3428 3050 ,
3459 2987 3578 3055 quia
3609 2985 3779 3056 pluri-

2186 3092 2330 3130 mum
2372 3085 2656 3146 potuerunt
2686 3087 2738 3133 et
2767 3077 3109 3132 eminuerunt
3154 3079 3206 3132 in
3251 3079 3351 3132 hoc
3395 3081 3622 3147 smculo,
3655 3094 3776 3136 cum

2186 3169 2331 3223 chari
2362 3177 2542 3224 essent
2578 3169 2896 3233 hominibus,
2932 3185 3034 3224 non
3067 3179 3281 3240 propter
3309 3172 3468 3231 vitam
3499 3180 3774 3238 aeternam,

2185 3260 2278 3315 sed
2307 3270 2524 3330 propter
2557 3259 2897 3315 commodum
2931 3261 3223 3330 temporale
3243 3303 3258 3326 ,
3293 3260 3666 3317 deferebantur
3694 3263 3775 3318 eis

2184 3349 2349 3404 divini
2381 3351 2632 3404 honores.
2666 3349 2884 3404 Veteres
2908 3350 3049 3405 enim
3081 3351 3258 3406 saeculi
3290 3351 3494 3421 decepti
3523 3355 3565 3416 ',
3593 3361 3647 3406 et
3672 3353 3774 3408 de-

2183 3444 2360 3514 cipere
2387 3444 2623 3498 volentes
2648 3484 2662 3508 ,
2692 3443 2743 3496 in
2793 3458 2977 3498 eorum
3027 3443 3383 3499 adulationem
3429 3446 3514 3515 qui
3545 3444 3642 3499 sibi
3671 3445 3775 3500 ali-

2182 3538 2307 3608 quid
2334 3537 2624 3592 seeundum
2656 3552 2896 3593 amorem
2929 3538 3110 3592 szeculi
3152 3538 3527 3608 przcstitissent
3552 3581 3567 3605 ,
3597 3539 3774 3595 sidera

2183 3629 2539 3686 ostendebant
2566 3629 2619 3684 in
2647 3629 2820 3695 caelo,
2854 3629 3093 3684 dicentes
3122 3630 3262 3699 quod
3303 3629 3441 3684 illius
3467 3640 3607 3686 esset
3645 3631 3773 3688 illud

2181 3721 2349 3788 sidus,
2381 3731 2434 3775 et
2463 3721 2588 3775 illud
2620 3722 2760 3775 illius
2791 3737 2804 3775 :
2837 3721 3082 3776 homines
3125 3730 3302 3776 autem
3345 3723 3435 3792 qui
3480 3731 3631 3778 antea
3666 3739 3773 3780 non

2179 3823 2542 3884 aspexerant,
2573 3822 2629 3868 ut
2654 3813 2898 3868 viderent
2937 3815 3058 3883 quia
3102 3814 3172 3867 ibi
3217 3824 3368 3868 erant
3397 3825 3451 3869 et
3483 3815 3564 3869 illa
3597 3816 3774 3873 sidera

2179 3914 2462 3976 antequam
2491 3915 2836 3961 nascerentur
2858 3947 2873 3973 ,
2905 3905 3112 3976 decepti
3141 3905 3512 3970 crediderunt;
3543 3915 3597 3962 et
3637 3923 3775 3962 con-

2178 4005 2328 4068 cepta
2374 4006 2456 4052 est
2492 3997 2672 4067 opinio
2716 3997 2984 4052 vanitatis.
3039 3997 3183 4051 lianc
3225 3998 3527 4066 opinionem
3571 3999 3775 4056 erroris

2179 4087 2424 4143 diabolus
2465 4087 2833 4155 confirmavit,
2867 4087 3106 4142 Christus
3136 4088 3344 4142 evertit.
3377 4087 3481 4142 Nos
3511 4102 3637 4158 ergo
3680 4103 3775 4144 se-

2178 4179 2410 4236 cundum
2441 4179 2584 4251 quod
2634 4180 2898 4250 loquimur
2921 4222 2935 4248 ,
2971 4191 3150 4252 quarta
3198 4180 3516 4234 sabbatorum
3552 4191 3776 4252 quartus

2177 4269 2292 4326 dies
2321 4270 2630 4341 intelligitur
2655 4287 2686 4326 a
2711 4271 2798 4327 die
2827 4271 3114 4326 dominico.
3148 4271 3402 4326 Attendat
3429 4273 3604 4342 itaque
3627 4272 3774 4328 Cha-

2176 4363 2306 4418 ritas
2333 4374 2509 4418 vestra
2551 4363 2675 4435 quid
2717 4365 2817 4419 sibi
2859 4365 2985 4420 velit
3029 4365 3129 4420 iste
3172 4365 3356 4420 titulus
3391 4383 3404 4418 :
3437 4365 3522 4419 hic
3564 4365 3771 4436 grande

2175 4457 2484 4526 mysterium
2511 4499 2526 4525 ,
2552 4466 2604 4512 ct
2631 4473 2814 4513 revera
2840 4458 3126 4512 occultum.
3159 4458 3290 4512 Nam
3322 4460 3572 4530 pleraque
3600 4459 3772 4529 ipsius

2175 4545 2372 4601 Psalmi
2399 4547 2676 4602 manifeste
2700 4555 2912 4614 sonant,
2943 4556 2998 4603 et
3019 4549 3297 4604 manifeste
3322 4560 3559 4614 movent,
3584 4557 3640 4604 et
3657 4551 3771 4606 cito

2173 4643 2574 4715 intelliguntur;
2607 4644 2692 4700 hic
2720 4654 2894 4700 autem
2937 4645 3142 4712 titulus,
3174 4645 3313 4716 quod
3340 4645 3611 4701 fatendum
3639 4654 3721 4702 est
3742 4687 3765 4716 ,

2173 4736 2333 4792 habet
2361 4752 2466 4792 non
2498 4751 2684 4807 parum
2724 4737 3062 4793 obscuritatis
3095 4756 3107 4790 :
3136 4738 3230 4793 sed
3273 4737 3441 4794 aderit
3465 4739 3720 4794 Dominus
3743 4778 3762 4809 ,

2171 4829 2439 4887 serenabit
2466 4830 2728 4897 nubilum,
2751 4837 2806 4886 et
2830 4829 3072 4885 videbitis
3099 4829 3390 4898 Psalmum,
3415 4841 3467 4886 et
3495 4847 3558 4887 ex
3588 4831 3765 4889 fronte

2171 4921 2368 4977 Psalmi
2389 4921 2723 4992 cognoscetis
2744 4937 2887 4976 eum.
2914 4921 2966 4974 ln
2990 4920 3163 4976 fronte
3183 4922 3324 4976 enim
3349 4921 3504 4976 habet
3525 4923 3763 4992 psalmus

2170 5014 2289 5079 iste,
2319 5012 2554 5068 Psalmus
2578 5014 2679 5084 ipsi
2709 5013 2892 5072 David.
2915 5022 3096 5082 quarta
3121 5014 3459 5068 sabbatorum.
3489 5015 3544 5069 In
3577 5014 3762 5072 limine

2167 5114 2251 5160 est
2272 5105 2472 5171 titulus,
2505 5105 2554 5160 in
2586 5105 2824 5175 postibus
2850 5103 2984 5159 ﬁxus
3007 5113 3106 5160 est.
3140 5104 3336 5159 Volunt
3367 5104 3609 5160 homines
3639 5106 3762 5159 titu-

2169 5195 2279 5251 lum
2317 5211 2640 5268 cognoscere
2663 5237 2678 5263 ,
2706 5205 2760 5250 et
2805 5197 2883 5252 sic
2927 5195 3143 5251 domum
3188 5196 3411 5252 intrare.
3443 5196 3760 5252 Recolamus

2167 5305 2295 5360 ergo
2325 5290 2651 5360 Scripturam
2696 5298 2932 5345 sanctam
2975 5290 3027 5344 in
3055 5289 3286 5357 Genesi,
3313 5289 3489 5362 primo
3516 5289 3603 5344 die
3632 5289 3758 5359 quid

2167 5382 2230 5438 sit
2288 5382 2514 5446 factum;
2575 5380 2869 5435 invenimus
2923 5381 3096 5436 lucem
3146 5399 3159 5436 :
3203 5380 3439 5436 secundo
3491 5380 3578 5436 die
3630 5379 3758 5450 quid

2138 5471 2234 5528 'sit
2257 5472 2450 5526 factum
2478 5488 2491 5538 ;
2533 5471 2834 5525 invenimus
2869 5470 3278 5535 ﬁrmamentum,
3309 5471 3448 5541 quod
3470 5471 3758 5541 appellavit

2167 5563 2306 5619 Deus
2335 5564 2566 5619 coelum:
2600 5563 2755 5617 tertio
2793 5561 2878 5618 die
2915 5563 3041 5634 quid
3083 5563 3153 5617 sit
3194 5564 3424 5627 factum;
3456 5562 3757 5620 invenimus

2231 5680 2247 5709 ι
2283 5678 2355 5727 sic
2371 5684 2480 5727 Mss.
2505 5684 2561 5728 At
2578 5676 2689 5727 ΕΜ.
2714 5677 2810 5739 hic,
2830 5676 3013 5730 sabbati
3036 5690 3054 5729 :
3071 5677 3305 5741 deinceps
3316 5691 3438 5728 vero
3457 5679 3756 5730 conveniunt

2163 5754 2273 5872 cf"?
2285 5748 2554 5872 timet
2576 5809 2706 5862 Mss,
2739 5803 2904 5872 paucis
2926 5802 3147 5872 exceptis
3168 5804 3251 5872 qui
3279 5801 3492 5872 habent,
3512 5814 3545 5853 α
3573 5799 3756 5862 saeculo

2169 5864 2374 5930 decepti.
2400 5871 2454 5926 at
2476 5870 2551 5914 Fr.
2579 5872 2631 5930 et
2649 5864 2784 5931 Lavi,
2809 5871 2995 5918 Veteres
3017 5864 3144 5916 enim
3159 5864 3286 5916 viues
3306 5864 3510 5930 decepti.
