4084 6470
326 313 466 372 nos
1259 321 1262 324 ’
1333 273 1388 354 τί
1558 329 1674 373 νου

322 429 559 499 speciem
593 437 747 484 terrm
775 435 827 483 et
859 425 1021 482 maris
1042 466 1057 493 ,
1089 435 1144 482 et
1470 444 1618 501 nem,
1651 437 1711 484 ut
1733 431 1908 485 omnis

321 522 668 591 congregatio
695 535 949 590 aquarum
975 529 1254 575 vocaretur
1281 534 1455 584 mare,
1483 531 1535 576 te
1575 520 1722 577 arida
1746 535 1907 576 voca-

321 621 470 666 retur
496 622 660 668 terra.
690 612 890 680 Quarto
918 612 1022 678 die,
1056 613 1333 668 luminaria
1363 613 1488 670 l'ecit
1522 615 1662 670 Deus
1689 615 1742 669 in
1772 615 1909 670 caelo

321 702 478 774 (Gen.
507 719 549 767 ι,
577 703 776 774 5-19);
822 703 989 758 solem
1030 702 1084 757 in
1126 713 1439 772 potestatem
1467 703 1571 759 diei
1596 743 1612 768 ,
1640 705 1817 760 lunam
1855 715 1910 759 et

318 795 507 850 stellas
545 795 599 850 in
644 803 961 864 potestatem
1006 795 1177 865 noctis
1224 793 1401 867 (Psal.
1452 810 1663 860 cxxxv,
1695 794 1750 862 8,
1792 795 1903 865 9):

319 887 422 942 hoc
441 895 636 957 quarto
655 887 742 942 (lie
758 885 902 942 fecit.
925 885 1061 953 Quid
1079 886 1180 942 sibi
1199 901 1325 957 ergo
1344 887 1455 940 vult
1473 886 1614 955 quod
1634 885 1701 941 de
1719 897 1909 957 quarto

317 977 405 1032 die
431 979 644 1048 accepit
671 978 910 1033 Psalmus
939 977 1184 1040 titulum;
1218 976 1270 1030 in
1314 991 1421 1046 quo
1451 976 1654 1045 pSalmo
1689 975 1908 1031 docetur

317 1068 576 1138 patientia
600 1067 854 1123 adversus
882 1065 1162 1122 felicitates
1187 1065 1467 1130 malorum,
1499 1074 1554 1120 et
1579 1065 1787 1120 labores
1811 1066 1906 1122 bo.

316 1157 558 1212 norum?
587 1156 763 1212 Habes
808 1156 1027 1211 Paulum
1079 1155 1375 1225 apostolum
1417 1155 1680 1210 dicentem
1709 1155 1906 1211 sanctis

318 1245 570 1300 ﬁdelibus
609 1246 890 1316 roboratis,
921 1247 974 1299 in
1019 1243 1232 1300 Christo
1264 1263 1276 1297 :
1316 1263 1334 1296 ι
1368 1244 1556 1299 Omnia
1605 1243 1760 1299 facite
1789 1244 1906 1300 sine

314 1336 744 1391 murmuratione
771 1345 826 1391 et
869 1335 1290 1411 disceptatione;
1341 1343 1397 1389 ut
1424 1335 1540 1388 sitis
1567 1332 1904 1403 irrepreheu-

316 1427 502 1481 sibiles
525 1465 542 1491 ,
571 1436 626 1481 et
654 1427 890 1482 sinceres
919 1426 935 1456 ¹
956 1467 970 1491 ,
1006 1425 1324 1480 immaculati
1375 1425 1464 1478 lilii
1511 1424 1604 1478 Dei
1648 1424 1699 1478 in
1729 1424 1904 1479 medio

315 1517 551 1588 nationis
588 1525 840 1571 tortuosae
882 1523 936 1571 et
977 1531 1242 1584 perversae
1266 1555 1280 1578 ,
1319 1515 1371 1568 iu
1413 1514 1603 1584 quibus
1641 1515 1904 1584 apparetis

315 1608 457 1680 sicut
487 1607 764 1661 luminaria
807 1608 860 1660 in
909 1605 1106 1660 mundo
1129 1647 1143 1670 ,
1176 1606 1396 1660 verbum
1439 1604 1560 1658 vita:
1589 1605 1844 1660 habentes
1878 1625 1896 1657 ι

317 1679 578 1772 (Philipp.
606 1714 666 1763 tt,
691 1691 919 1766 14-16).
953 1695 1254 1752 Similitudo
1287 1695 1354 1768 de
1395 1696 1743 1768 luminaribus
1780 1695 1903 1751 data

313 1801 399 1846 est
427 1791 494 1846 ad
521 1800 734 1845 sanctos
757 1831 772 1855 ,
797 1799 853 1843 ut
878 1789 994 1844 sine
1035 1788 1453 1844 murmuratione
1476 1789 1585 1844 sint
1609 1789 1663 1844 iu
1688 1789 1902 1845 natione

317 1875 557 1951 tortuosa
579 1891 626 1935 et
647 1895 919 1950 perversa.
1710 1953 1711 1962 χ

387 1973 444 2026 4.
485 1971 591 2026 Sed
620 1987 685 2026 ne
715 1971 993 2041 quisquam
1023 1979 1307 2042 propterea
1355 1978 1504 2042 putet
1537 1963 1756 2027 colenda
1785 1985 1903 2028 esse

318 2061 649 2131 etadoranda
671 2062 946 2117 luminaria
970 2063 1111 2127 cmli,
1130 2063 1250 2132 quia
1273 2061 1393 2117 inde
1423 2063 1594 2132 aliqua
1615 2062 1902 2118 similitudo

321 2152 482 2207 ducta
505 2163 585 2208 est
604 2152 666 2208 ad
686 2153 1122 2224 signiﬁcationem
1152 2162 1490 2220 sanctorum;
1513 2144 1660 2224 prius
1687 2154 1786 2209 hoc
1811 2170 1902 2210 ex-

318 2245 583 2312 plicemus
604 2245 650 2297 in
677 2243 893 2299 nomine
913 2243 1132 2320 Christi,
1146 2259 1302 2314 quam
1333 2260 1438 2300 non
1459 2245 1528 2300 sit
1546 2259 1899 2320 consequens,

315 2343 377 2388 ut
398 2343 677 2404 propterea
705 2335 797 2391 tibi
819 2335 1058 2391 videatur
1077 2331 1380 2391 a‘dorandu's
1403 2336 1504 2403 sol,
1529 2346 1620 2392 aut
1645 2337 1789 2404 luna,
1811 2347 1903 2393 aut

313 2411 506 2490 stellze,
535 2434 628 2480 aut
653 2426 846 2481 coelum
873 2467 887 2491 ,
916 2426 1038 2497 quia
1068 2425 1239 2496 aliqua
1264 2426 1330 2481 de
1355 2426 1458 2482 illis
1485 2427 1772 2483 similitudo
1800 2428 1900 2483 du-

312 2525 397 2572 cta
423 2525 542 2582 est,
575 2532 677 2586 qua
715 2517 1138 2587 signiﬁcarentur
1165 2517 1366 2584 sancti;
1415 2518 1542 2588 quia
1586 2517 1749 2573 multa
1778 2527 1904 2575 sunt

310 2596 380 2663 de
399 2607 594 2678 quibus
612 2607 764 2663 ducta
782 2618 864 2663 est
883 2608 1172 2664 similitudo
1195 2608 1260 2663 ad
1278 2609 1648 2679 siguiﬁcandos
1667 2619 1899 2678 sanctos,

310 2714 431 2768 quae
463 2714 569 2758 non
598 2697 902 2753 adorantur.
933 2697 989 2754 Si
1014 2700 1154 2754 enim
1176 2699 1428 2770 quidquid
1448 2708 1530 2756 est
1554 2697 1694 2756 unde
1717 2701 1902 2757 simili-

313 2784 439 2844 tudo
462 2788 674 2844 ducitur
693 2789 759 2843 ad
785 2798 1017 2854 sanctos,
1041 2789 1368 2844 adorandum
1397 2789 1489 2844 tibi
1520 2799 1704 2859 putas;
1737 2791 1900 2866 adora

309 2889 528 2937 montes
566 2891 620 2937 ct
644 2881 808 2937 colles
827 2921 844 2947 ,
876 2881 995 2950 quia
1022 2880 1217 2936 dictum
1249 2889 1330 2936 εει
1353 2898 1365 2934 :
1391 2879 1590 2934 Montes
1619 2881 1900 2936 exsultave-

310 2984 426 3026 runt
450 2971 582 3026 velut
605 2973 803 3040 arietes,
827 2983 873 3026 et
898 2973 1048 3026 colles
1069 2971 1202 3026 velut
1221 2973 1340 3040 agni
1365 2972 1532 3025 ovium
1553 2970 1721 3042 (Psal.
1751 2988 1897 3038 cxm,

310 3053 400 3136 λ).
433 3064 514 3119 Tu
557 3063 623 3119 de
664 3067 862 3119 sanctis
907 3064 1080 3130 dicis,
1110 3079 1210 3136 ego
1255 3064 1323 3138 de
1368 3065 1483 3134 ipso
1521 3064 1734 3120 Christo
1758 3065 1897 3120 dico.

310 3154 490 3209 Adora
517 3155 746 3220 leonem,
773 3155 896 3225 quia
918 3155 1114 3210 dictum
1138 3164 1238 3222 est,
1275 3141 1404 3208 Vicit
1427 3156 1502 3210 leo
1525 3155 1587 3209 de
1607 3155 1736 3210 tribu
1755 3155 1900 3230 'Juda

312 3230 497 3315 (Apoc.
527 3261 581 3311 ν,
607 3243 675 3317 5)
703 3263 718 3299 :
749 3243 911 3300 adora
937 3256 1140 3315 petram
1165 3285 1182 3312 ,
1211 3243 1332 3314 quia
1375 3235 1575 3300 dictum
1601 3256 1682 3301 est
1705 3286 1718 3310 ,
1749 3239 1901 3300 Petra

308 3333 477 3389 autem
506 3345 612 3389 erat
638 3333 864 3391 Christus
981 3336 1094 3390 Cor.
1138 3352 1169 3390 Χ
1192 3378 1206 3402 ,
1235 3338 1268 3390 4
1353 3328 1407 3392 Si
1434 3347 1609 3391 autem
1637 3353 1739 3392 non
1768 3337 1899 3392 ado-

309 3429 396 3483 ras
424 3429 477 3483 in
503 3427 718 3484 Christo
753 3429 851 3483 ista
879 3437 1112 3495 terrena,
1135 3429 1374 3498 quamvis
1399 3428 1464 3484 de
1485 3428 1590 3484 illis
1613 3429 1900 3485 similitudo

309 3519 559 3590 quaedam
591 3519 712 3574 data
742 3529 855 3584 est;
903 3520 968 3575 ad
1012 3510 1383 3590 signiﬁcandos
1422 3509 1632 3577 sanctos
1675 3521 1741 3576 de
1767 3538 1899 3591 qua-

309 3626 542 3679 cumque
567 3619 807 3666 creatura
835 3609 990 3665 ducta
1021 3609 1180 3666 fuerit
1225 3607 1515 3665 similitudo
1538 3652 1553 3679 ,
1583 3601 1638 3666 tu
1668 3599 1900 3684 intellige

309 3700 711 3755 similitudinem
743 3709 1021 3764 creaturae,
1051 3709 1105 3756 et
1141 3697 1302 3754 adcra
1333 3700 1588 3756 artiﬁcem
1619 3710 1897 3760 creaturae.

309 3785 496 3848 Dictus
524 3803 609 3848 est
634 3792 711 3848 sol
759 3792 1012 3848 Dominus
1055 3801 1238 3848 noster
1263 3791 1418 3849 Iesus
1458 3791 1700 3849 Christus
1727 3790 1896 3865 (Sap.

310 3883 364 3948 v,
391 3885 463 3954 6)
490 3903 502 3938 :
528 3885 779 3954 numquid
803 3884 902 3940 iste
923 3883 1002 3939 sol
1029 3899 1184 3954 quem
1207 3893 1262 3940 et
1281 3884 1629 3940 minutissima
1652 3885 1898 3941 animalia

310 3975 592 4030 nobiscum
616 3970 832 4029 vident?
857 3971 961 4030 Sed
987 3974 1054 4030 de
1076 3990 1180 4046 quo
1204 3974 1400 4030 dictum
1427 3984 1510 4030 est
1536 3993 1549 4028 :
1579 3973 1707 4028 Erat
1731 3975 1900 4030 lumen

311 4084 516 4133 reruni,
549 4067 685 4138 quod
722 4067 975 4121 illuminat
1018 4084 1212 4122 onmem
1257 4068 1508 4120 hominem
1535 4066 1810 4121 venientem
1847 4067 1898 4120 in

311 4150 446 4214 hunc
485 4151 728 4214 mundum
770 4149 958 4232 (Joan.
990 4177 1029 4229 ι,
1063 4159 1152 4232 9).
1181 4155 1312 4216 Nam
1344 4161 1431 4215 lux
1461 4165 1560 4216 ista
1591 4175 1694 4216 non
1722 4153 1897 4215 homi-

313 4267 435 4305 nem
477 4251 650 4304 solum
693 4250 990 4319 illuminat,
1033 4251 1127 4307 sed
1170 4261 1224 4306 et
1267 4251 1503 4320 jumenta
1542 4262 1592 4306 et
1633 4266 1822 4322 pecora
1849 4263 1903 4306 et

312 4342 491 4395 omnia
533 4340 781 4395 animalia
813 4359 825 4395 :
855 4341 996 4410 quod
1038 4352 1211 4396 autem
1255 4341 1517 4397 illuminat
1554 4357 1767 4398 omnem
1806 4341 1900 4397 ho-

313 4432 514 4488 minem
540 4473 556 4499 ,
585 4433 637 4486 in
680 4431 842 4489 corde
885 4432 1180 4502 illuminat,
1225 4433 1317 4488 ubi
1356 4429 1682 4489 intellectum
1727 4430 1897 4490 solum

314 4507 497 4578 habet.

382 4615 438 4670 5.
473 4614 733 4684 intelligat
757 4629 881 4685 ergo
905 4612 1144 4669 Charitas
1161 4611 1370 4680 Vestra,
1391 4612 1582 4684 quibus
1607 4605 1740 4671 dixit
1761 4617 1902 4686 Apo-

312 4705 481 4759 stolus
501 4747 518 4772 ,
552 4698 615 4758 In
642 4701 842 4759 natione
883 4700 1105 4759 torlttosa
1147 4715 1192 4758 et
1231 4722 1459 4775 perversa
1482 4748 1498 4773 ,
1530 4691 1584 4761 id
1613 4717 1692 4762 est
1717 4748 1732 4774 ,
1765 4703 1901 4762 inter

315 4797 546 4867 iniquos,
574 4789 626 4851 in
650 4797 827 4870 quibus
855 4797 1110 4868 apparetis
1139 4798 1266 4851 sicut
1295 4797 1566 4852 luminaria
1593 4799 1646 4854 in
1677 4799 1862 4852 mundo
1883 4840 1897 4866 ,

313 4881 518 4943 verbum
543 4876 656 4944 vita:
687 4887 921 4944 habentes
945 4903 964 4943 :
988 4885 1216 4958 quodam
1241 4888 1399 4944 modo
1425 4890 1698 4945 admonuit
1725 4905 1820 4945 nos
1848 4900 1902 4946 et

315 4978 474 5035 istum
517 4981 782 5050 psalmum
831 4980 1144 5050 intelligere,
1195 4989 1249 5034 et
1290 4995 1628 5050 praenoscere
1681 4983 1898 5038 titulum

315 5073 499 5143 ipsius.
529 5073 684 5129 Tales
709 5075 849 5129 enim
891 5074 1060 5128 sancti
1089 5071 1140 5127 in
1171 5073 1363 5144 quibus
1387 5083 1467 5129 est
1494 5075 1714 5130 verbum
1743 5077 1862 5130 vita)
1882 5118 1897 5143 ,

313 5163 377 5219 de
414 5167 822 5221 conversatione
862 5181 1021 5236 quam
1067 5165 1265 5220 habent
1308 5165 1360 5220 in
1399 5166 1535 5222 cwlo
1558 5209 1573 5232 ,
1604 5165 1903 5238 despiciunt

313 5254 491 5309 omnia
519 5257 696 5326 iniqua
737 5272 855 5325 quae
901 5255 1034 5311 ﬁunt
1076 5254 1128 5310 in
1162 5264 1301 5310 terra
1333 5273 1346 5308 :
1375 5264 1428 5311 et
1454 5255 1719 5326 quomodo
1749 5256 1901 5312 lumi-

314 5347 461 5402 naria
483 5349 536 5402 in
561 5349 698 5408 ctelo
724 5364 817 5420 per
838 5347 978 5404 diem
1008 5356 1064 5403 et
1090 5365 1186 5419 per
1207 5354 1412 5404 noctem
1439 5349 1753 5420 procedunt,
1783 5365 1901 5421 per-

313 5448 476 5508 agunt
501 5439 690 5494 itinera
719 5455 834 5506 sua,
861 5447 1048 5495 cursus
1074 5441 1200 5495 suos
1226 5449 1400 5497 certos
1428 5439 1646 5510 habent,
1679 5452 1733 5518 ct
1754 5429 1903 5498 com;

315 5533 598 5587 mittuntur
623 5541 762 5587 tanta
791 5529 948 5599 mala,
978 5549 1076 5589 nec
1100 5524 1314 5588 deviant
1336 5525 1565 5604 desnper
1589 5533 1765 5598 Stella:
1785 5525 1901 5590 ﬁsa!

315 5624 367 5679 in
395 5624 558 5688 calo.
589 5633 807 5694 agentes
837 5641 931 5694 per
958 5633 1152 5681 tractus
1177 5626 1425 5684 caelestes
1445 5667 1460 5692 ,
1486 5643 1606 5698 qua:
1634 5627 1752 5684 illis
1765 5643 1902 5698 pra:-

386 5753 404 5790 ¹
431 5757 504 5810 εἰς
528 5764 628 5807 Am.
649 5763 722 5805 Er.
750 5764 801 5807 et
824 5756 969 5806 nostri
993 5770 1164 5808 omnes
1186 5750 1293 5810 Μαι.
1330 5765 1385 5810 At
1407 5763 1538 5820 Lov.,
1561 5759 1755 5811 πηοεν-ἱ.
1774 5777 1786 5784 δ
1882 5817 1886 5821 _

597 5839 824 5901 Sancr.
875 5842 1147 5900 AUGUST.
1194 5839 1298 5905 IV.

1849 315 2172 375 PSAIMUM
2214 317 2394 374 XCIII.

3459 327 3596 383 1194

2016 429 2188 485 stituit
2207 440 2262 487 et
2275 431 2548 487 constituit
2567 430 2787 486 Creator
2801 430 3031 502 ipsarum
3054 450 3067 500 ;
3090 433 3168 490 sic
3187 434 3382 494 debent
3402 443 3594 506 sancti.

2012 523 2110 578 sed
2138 524 2183 578 si
2212 524 2264 578 in
2290 524 2428 580 caelo
2470 525 2696 595 ﬁgantur
2721 525 2882 582 corda
2929 535 3115 582 eorum
3140 558 3155 594 -,
3187 529 3233 584 si
3263 545 3369 586 non
3399 531 3596 590 frustra

2013 613 2229 669 audiant
2255 625 2306 670 et
2333 615 2692 684 respondeant
2716 631 2926 672 sursum
2952 618 3240 677 sehabere
3263 636 3377 689 cor,
3405 623 3452 678 si
3477 624 3598 678 imi-

2013 712 2194 759 tentur
2221 721 2342 760 eum
2366 707 2456 776 qui
2482 707 2578 776 ait,
2606 707 2801 762 Nostra
2836 719 3003 764 autem
3029 714 3336 768 conversatio
3361 715 3414 769 in
3457 717 3597 774 caelis

2013 807 2084 849 est
2108 795 2362 867 (Philipp.
2394 813 2471 865 ιιι,
2493 797 2608 869 20).
2630 798 2760 866 Quia
2787 815 2912 870 ergo
2932 811 3056 858 sunt
3083 803 3136 858 in
3163 807 3428 874 supernis,
3455 820 3508 864 et
3529 809 3598 863 de

2011 887 2255 955 Supernis
2279 887 2512 957 cogitant
2531 925 2548 955 ,
2578 890 2718 944 sicut
2739 891 2936 946 dictum
2965 902 3048 948 est
3066 934 3082 958 ,
3112 893 3208 949 Ubi
3233 906 3305 950 est
3331 899 3601 956 thesaurus

2012 984 2145 1043 tuus,
2173 978 2241 1032 ibi
2268 988 2341 1032 est
2379 988 2427 1033 et
2451 994 2538 1032 cor
2562 987 2700 1034 tuum
2725 980 2944 1051 (Matth.
2974 999 3047 1050 Vl,
3073 983 3138 1038 21
3165 985 3218 1055 );
3247 984 3316 1042 de
3343 989 3469 1058 ipsis
3498 1005 3594 1045 co-

2008 1067 2350 1136 gitationibus
2374 1083 2724 1138 supernorum
2753 1071 3010 1139 patientes
3038 1073 3205 1139 ﬁunt;
3246 1086 3300 1132 et
3339 1079 3593 1150 quidquid

2010 1159 2062 1213 in
2087 1168 2225 1216 terra
2242 1161 2628 1227 committitur,
2653 1162 2731 1218 sic
2764 1179 2870 1219 non
2897 1176 3117 1235 curant,
3140 1168 3310 1226 donec
3339 1185 3597 1243 peragant

2009 1247 2199 1305 itinera
2250 1265 2384 1318 sua,
2437 1252 2885 1322 quemadmodum
2932 1271 3038 1312 non
3082 1269 3267 1316 curant
3313 1262 3594 1320 luminaria

2007 1341 2128 1397 ειειὶ
2149 1383 2164 1408 ,
2189 1343 2288 1398 nisi
2316 1344 2584 1413 quomodo
2607 1356 2892 1402 exerceant
2913 1347 3028 1404 dies
3055 1359 3109 1404 et
3125 1361 3325 1420 noctes,
3346 1357 3594 1425 quamvis

2009 1437 2151 1487 tanta
2176 1433 2314 1486 mala
2355 1434 2568 1490 videant
2607 1435 2722 1491 ﬁeri
2765 1453 2926 1508 super
2951 1448 3167 1496 terram.
3201 1442 3304 1498 Sed
3335 1446 3486 1502 facile
3508 1457 3595 1505 est

2007 1519 2166 1587 forte,
2195 1533 2251 1577 ut
2277 1523 2594 1595 lerantjusti
2619 1526 2921 1597 iniquitates
2949 1529 3229 1597 malorum,
3260 1549 3378 1603 quae
3402 1552 3506 1592 nou
3538 1538 3593 1594 in

2008 1611 2152 1683 ipsos
2179 1615 2310 1670 ﬁunt
2339 1632 2352 1670 :
2385 1617 2479 1671 sed
2508 1617 2645 1672 sicut
2682 1617 2859 1674 ferunt
2899 1636 3019 1690 quae
3066 1623 3119 1678 in
3162 1624 3294 1680 alios
3321 1625 3487 1695 ﬁunt,
3515 1631 3594 1687 sic

2007 1701 2177 1757 fet'ant
2205 1715 2256 1760 et
2279 1722 2396 1776 qua:
2422 1707 2474 1762 in
2516 1708 2658 1778 ipsos
2687 1711 2839 1766 ﬁunt.
2882 1711 2998 1768 Non
3025 1713 3166 1769 enim
3198 1727 3477 1787 propterea
3501 1721 3593 1778 de-

2007 1792 2136 1848 bent
2164 1793 2304 1852 ferre
2337 1806 2392 1852 et
2419 1799 2668 1867 tolerare,
2702 1802 2823 1871 quia
2855 1803 2908 1857 in
2933 1803 3068 1859 alios
3098 1805 3231 1860 ﬁunt
3259 1824 3272 1860 ι
3304 1818 3360 1864 ει
3383 1810 3426 1865 si
3454 1811 3507 1866 in
3531 1827 3593 1870 se

2008 1884 2157 1952 ﬁant,
2191 1903 2297 1941 non
2326 1887 2524 1944 debent
2560 1891 2786 1961 perdere
2815 1893 3170 1952 tolerantiam.
3200 1897 3331 1955 Nam
3359 1903 3448 1971 qui
3471 1918 3591 1974 per-

2007 1975 2201 2032 diderit
2225 1979 2582 2050 tolerantiam,
2609 1984 2805 2040 cecidit
2829 1987 2894 2042 de
2918 1987 3056 2044 (telo
3083 2007 3095 2043 :
3116 1990 3204 2059 qui
3230 2001 3405 2048 autem
3426 1995 3591 2054 ﬁxum

2007 2069 2166 2125 habet
2210 2085 2304 2128 cor
2341 2073 2405 2128 in
2440 2075 2620 2140 cudo,
2670 2087 2807 2133 terra
2855 2079 3021 2149 ipsius
3067 2081 3272 2140 laborat
3324 2086 3377 2140 in
3427 2095 3592 2146 terra.

2007 2160 2212 2228 Quanta
2234 2171 2288 2218 et
2313 2165 2380 2219 de
2421 2165 2549 2234 ipsis
2592 2167 2938 2224 luminaribus
2982 2170 3184 2242 ﬁngunt
3217 2174 3497 2246 homines,
3538 2191 3596 2236 et

2008 2251 2268 2320 patienter
2308 2253 2520 2312 ferunt?
2563 2257 2678 2324 Quo
2723 2260 2883 2317 modo
2922 2261 3049 2329 justi
3098 2265 3360 2334 patienter
3396 2268 3595 2328 debent

2006 2339 2146 2398 ferre
2187 2357 2374 2400 omnes
2411 2347 2570 2402 etiam
2614 2349 2684 2405 de
2719 2364 2780 2405 se
2825 2351 2984 2408 falsas
3029 2354 3447 2414 criminationes.
3476 2361 3592 2420 Hoc

2006 2434 2177 2506 ipsum
2203 2439 2345 2508 quod
2378 2440 2488 2509 jam
2517 2441 2716 2497 dudum
2742 2443 2880 2512 dixi,
2907 2449 3028 2516 quia
3058 2447 3145 2503 illa
3167 2449 3319 2506 stella
3345 2451 3593 2511 Mercurii

2005 2537 2087 2583 est
2108 2568 2124 2594 ,
2154 2539 2208 2584 et
2235 2529 2323 2586 illa
2349 2532 2500 2587 stella
2535 2533 2746 2590 Saturni
2773 2544 2856 2590 est
2881 2576 2896 2601 ,
2925 2547 2979 2592 et
3005 2537 3092 2592 illa
3118 2540 3269 2596 stella
3308 2541 3454 2599 Jovis
3475 2556 3588 2613 est,

2005 2621 2245 2675 convicia
2274 2621 2404 2678 ﬁunt
2431 2624 2620 2680 stellis.
2672 2627 2849 2693 Quid?
2895 2628 2999 2684 illa:
3041 2644 3161 2686 cum
3190 2633 3412 2692 audiunt
3449 2647 3593 2694 tanta

2005 2711 2262 2778 convicia,
2286 2714 2538 2784 numquid
2568 2726 2873 2784 moventur,
2895 2727 2985 2774 aut
3006 2735 3112 2776 non
3133 2735 3383 2781 exercent
3401 2743 3593 2786 cursus

2005 2816 2132 2859 suos
2152 2803 2176 2858 ‘l
2198 2803 2285 2860 Sic
2305 2815 2360 2861 et
2384 2805 2544 2862 homo
2569 2809 2658 2879 qui
2687 2810 2738 2864 in
2771 2814 2986 2868 natione
3014 2829 3261 2884 perversa
3283 2827 3337 2872 et
3357 2829 3593 2878 tortuosa

2006 2892 2166 2948 habet
2207 2897 2424 2952 verbum
2477 2899 2608 2966 Dei,
2662 2901 2798 2957 sicut
2840 2903 3102 2960 luminare
3149 2917 3234 2962 est
3284 2908 3489 2981 fulgens
3538 2914 3594 2969 in

2004 2984 2142 3040 coelo
2172 2985 2211 3039 ί.
2243 2985 2436 3054 Quanti
2477 2990 2566 3058 qui
2591 2991 2691 3044 sibi
2721 2992 2967 3049 videntur
2994 2993 3259 3054 honorare
3287 3001 3452 3056 solem
3473 3043 3488 3069 ,
3521 3005 3591 3062 de

2005 3073 2096 3127 illo
2117 3077 2475 3132 mentiuntur?
2501 3078 2600 3147 Qui
2616 3081 2816 3148 dicunt,
2840 3082 3082 3142 Christus
3101 3098 3183 3144 est
3198 3091 3298 3158 sol,
3322 3095 3592 3151 mentiun-

2005 3173 2092 3219 tur
2119 3164 2186 3220 de
2211 3166 2343 3222 sole.
2375 3168 2530 3224 Novit
2555 3171 2634 3226 sol
2666 3172 2947 3229 Dominum
2992 3191 3147 3234 suum
3176 3195 3296 3236 esse
3320 3180 3590 3242 Christum

2004 3263 2059 3310 et
2087 3255 2391 3314 Creatorem
2421 3274 2596 3315 suum.
2627 3261 2694 3316 Et
2723 3265 2768 3318 si
2815 3265 3078 3336 indignari
3109 3279 3320 3340 potest,
3351 3277 3596 3334 acerbius

2006 3344 2307 3416 indignatur
2348 3359 2531 3404 contra
2582 3351 2718 3408 falso
2769 3355 3153 3428 honorantem,
3201 3379 3359 3433 quam
3407 3378 3594 3424 contra

2005 3439 2469 3494 contumeliosum.
2499 3441 2668 3497 Servo
2698 3445 2839 3500 enim
2887 3448 3028 3502 bono
3071 3452 3241 3521 major
3267 3459 3596 3514 contumelia

2003 3537 2087 3582 est
2113 3529 2301 3599 injuria
2333 3531 2563 3588 Domini.
2592 3534 2799 3603 Quanta
2827 3536 2961 3593 falsa
2991 3539 3060 3596 de
3090 3541 3217 3611 ipsis
3247 3544 3595 3605 lutninaribus

2007 3620 2217 3690 quidam
2244 3621 2461 3678 dicunt?
2489 3625 2553 3680 Et
2575 3627 2770 3695 ferunt,
2805 3630 3052 3697 tolerant,
3079 3645 3132 3689 et
3159 3651 3260 3690 non
3293 3649 3590 3696 moventur.

2005 3712 2221 3780 Quare?
2275 3715 2405 3782 Quia
2468 3717 2519 3771 in
2578 3719 2714 3773 caelo
2777 3730 2920 3776 sunt.
2971 3723 3177 3780 Ctrlum
3231 3736 3407 3784 autem
3463 3732 3589 3801 quid

2005 3807 2123 3861 est?
2159 3807 2266 3864 Nec
2305 3808 2406 3864 hoc
2453 3813 2921 3879 praetermittamus
2965 3832 2977 3867 :
3025 3827 3222 3888 quanta
3263 3823 3595 3878 mentiuntur

2007 3898 2269 3967 homines,
2300 3902 2512 3971 quando
2538 3902 2722 3958 vident
2753 3906 3026 3960 obscurari
3059 3909 3255 3975 lunam,
3290 3919 3344 3965 ct
3372 3913 3551 3968 dicunt
3575 3957 3590 3979 ,

2006 3991 2226 4048 Malcﬁci
2259 3993 2399 4047 illam
2426 3993 2737 4064 deponunt?
2766 4011 2886 4051 cum
2913 3999 3073 4054 certis
3101 4002 3425 4070 temporibus
3448 4004 3596 4061 dele-

2004 4094 2146 4140 ctum
2172 4101 2326 4140 suum
2357 4085 2549 4141 habeat
2576 4088 2868 4144 secundum
2897 4089 2991 4146 Dei
3021 4091 3444 4162 dispositionem.
3475 4096 3596 4155 Non

2005 4186 2154 4230 curat
2182 4185 2359 4232 tamen
2407 4177 2506 4233 ista
2533 4179 2691 4235 verba
2746 4177 3022 4237 hominum
3071 4183 3162 4239 illa
3197 4200 3316 4255 qua:
3360 4187 3415 4243 in
3453 4190 3595 4247 60213

2005 4276 2105 4319 cst.
2136 4264 2239 4321 Sed
2266 4267 2390 4337 quid
2419 4277 2530 4333 εει,
2567 4268 2622 4323 lu
2651 4271 2822 4326 εοειοῖ
2865 4271 2922 4326 ln
2963 4272 3298 4333 ﬁrmamento
3325 4280 3447 4336 coeli
3486 4291 3590 4338 est.

2006 4355 2168 4426 Cujus
2188 4372 2315 4429 ergo
2338 4372 2431 4414 cor
2460 4359 2513 4414 in
2542 4360 2880 4420 ﬁrmamento
2921 4363 3039 4421 libri
3071 4366 3164 4422 Dei
3205 4379 3289 4424 est
3311 4412 3326 4437 ,
3359 4371 3454 4427 ista
3481 4389 3593 4430 non

2006 4458 2176 4503 curat.
3201 4521 3204 4523 λ

2077 4541 2131 4598 ϐ.
2170 4541 2303 4598 Nam
2329 4545 2526 4600 etelum
2551 4586 2568 4611 ,
2599 4547 2649 4602 id
2679 4557 2800 4616 est,
2830 4549 3221 4609 ﬁrmamentum
3242 4597 3256 4624 ,
3286 4558 3594 4631 intelligitur

2006 4647 2102 4703 per
2141 4632 2360 4704 ﬁguram
2390 4636 2550 4693 Liber
2575 4637 2752 4710 Legis.
2794 4641 2918 4698 ldco
2943 4645 3173 4715 quodam
3216 4647 3332 4704 loco
3359 4651 3551 4710 dicitur
3573 4695 3588 4720 ,

2009 4725 2250 4782 Extendit
2273 4729 2455 4784 caelum
2477 4731 2605 4785 sicut
2632 4734 2812 4802 pellem
2843 4736 2862 4805 (
2879 4735 3027 4791 Psal.
3056 4754 3169 4806 cut,
3200 4741 3288 4814 2).
3316 4743 3372 4800 Si
3401 4755 3597 4803 exten-

2005 4817 2291 4875 ditursicut
2306 4821 2476 4910 pellis,
2499 4833 2746 4894 tanquam
2765 4827 2993 4884 liberest
3007 4841 3275 4901 extentus,
3295 4848 3346 4892 ut
3366 4839 3588 4910 legatur.

2007 4907 2508 4971 Transacto‘autem
2548 4925 2788 4988 tempore
2836 4935 2941 4976 non
2985 4922 3178 4994 legitur
3213 4929 3254 4981 '.
3303 4907 3592 5002 Propterea

2007 5005 2152 5060 enim
2181 5006 2371 5077 legitur
2397 5007 2528 5071 Lex.
2555 5010 2678 5080 quia
2709 5012 2944 5068 nendum
2971 5018 3214 5075 venimus
3238 5021 3304 5076 ad
3331 5022 3474 5079 illam
3499 5024 3581 5082 Sa

2008 5097 2264 5167 pientiam
2287 5115 2406 5170 qua:
2435 5101 2618 5172 implet
2646 5103 2806 5160 Corda
2841 5115 2896 5162 et
2925 5117 3130 5164 mentes
3159 5111 3474 5169 intuentium
3505 5134 3518 5170 :
3543 5129 3596 5173 et

2009 5205 2116 5246 non
2143 5207 2276 5262 opus
2301 5191 2402 5252 erit
2427 5201 2487 5249 ut
2507 5195 2708 5267 aliquid
2736 5198 2806 5253 ibi
2835 5199 2991 5256 nobis
3031 5201 3254 5272 legatur.
3285 5205 3416 5273 Quia
3449 5208 3500 5262 in
3531 5225 3598 5264 eo

2003 5281 2148 5352 quod
2177 5281 2329 5340 nobis
2356 5283 2551 5356 legitur
2569 5329 2584 5350 ,
2617 5287 2835 5358 syllabae
2862 5301 3059 5346 sonant
3083 5302 3138 5347 et
3167 5301 3445 5354 transeunt
3471 5317 3486 5356 :
3510 5301 3599 5357 illa

2008 5372 2098 5432 lux
2127 5373 2365 5433 veritatis
2393 5390 2498 5432 non
2530 5378 2799 5448 praeterit,
2838 5379 2933 5435 sed
2978 5380 3080 5436 ﬁxa
3126 5397 3446 5452 permanens
3486 5390 3600 5447 ine-

2008 5463 2150 5521 briat
2175 5465 2338 5523 corda
2363 5467 2685 5536 videntium;
2715 5471 2984 5541 quomodo
3007 5473 3205 5530 dictum
3231 5487 3334 5544 est,
3361 5479 3599 5538 Inebria-

2010 5555 2195 5613 btmtur
2225 5558 2289 5613 ab
2327 5558 2547 5616 ubertate
2587 5561 2766 5616 donius
2804 5573 2936 5630 tuae,
2971 5573 3017 5620 et
3046 5575 3282 5638 torrente.
3302 5570 3598 5629 deliciarum

2075 5697 2092 5758 ε
2127 5697 2198 5746 sic
2216 5695 2312 5746 duo
2326 5703 2433 5747 Mss.
2459 5696 2544 5747 Alii
2567 5711 2678 5748 cum
2701 5695 2834 5758 Edd.,
2863 5696 2913 5750 in
2930 5699 3124 5752 saeculo.

2077 5755 2097 5790 ί
2131 5765 2204 5807 Er.
2233 5768 2349 5808 ven.
2373 5766 2425 5810 et
2442 5761 2574 5822 Lov.,
2598 5767 2807 5823 tempore
2822 5755 2922 5824 'quo
2944 5762 3118 5828 legitur
3133 5763 3214 5817 lea:
3238 5771 3505 5831 propterea.
3539 5772 3599 5838 Il.

2817 5843 3264 5924 (Troum-ltuit)
