4048 6474
491 304 624 360 1193

487 431 688 473 tuarum
714 417 904 488 potabis
935 432 1048 481 eos;
1079 415 1314 486 quoniam
1341 413 1480 483 apud
1507 423 1552 468 te
1571 424 1666 479 est,
1696 412 1928 477 Domine,
1959 416 2070 481 fons

486 513 620 566 vine.
655 511 721 565 Et
747 509 868 564 vide
898 510 1067 580 ipsum
1114 507 1310 562 fontem
1345 524 1358 558 :
1387 505 1455 558 1η
1499 505 1687 558 lumine
1711 546 1725 570 ,
1756 505 1955 574 inquit,
1987 513 2073 557 tuo

484 603 759 658 uidebimus
803 602 970 657 lumen
999 600 1017 672 (
1034 599 1178 655 Psal.
1210 612 1375 662 xxxv,
1402 597 1436 652 9
1455 637 1470 664 ,
1501 595 1626 666 10).
1657 594 1813 650 Modo
1837 609 1964 666 ergo
1984 594 2072 673 .le-

483 694 592 750 ctio
619 692 920 749 necessaria
951 700 1052 756 est,
1083 687 1333 760 quamdiu
1371 703 1433 741 ea:
1462 695 1604 754 parte
1630 686 1994 757 cognoscimus,
2025 693 2072 739 et

482 803 546 840 ea:
571 795 712 856 parte
737 783 1094 855 prophetarum
1112 822 1128 848 ,
1158 781 1295 835 sicut
1323 778 1452 834 dicit
1469 777 1763 848 Apostolus
1793 794 1808 831 :
1836 794 1950 832 cum
1974 793 2070 831 au-

484 886 582 931 tem
610 877 797 932 uenerit
815 874 953 948 quod
982 875 1254 944 perfectum
1277 882 1369 936 est,
1399 875 1658 944 auferetur
1681 872 1816 941 quod
1841 887 1907 926 ex
1929 879 2072 941 parte

481 978 554 1022 est
585 967 646 1040 (l
675 965 792 1022 Car.
825 982 917 1021 xui
943 1007 957 1030 ,
989 965 1024 1021 9
1045 1005 1060 1031 ,
1096 964 1217 1034 l0).
1257 962 1373 1018 Non
1415 963 1556 1018 enim
1587 965 1603 995 ⁸
1635 962 1687 1017 in
1729 963 1815 1017 illa
1859 963 2071 1017 civitate

481 1057 780 1114 Jerusalem
800 1098 814 1122 ,
844 1056 933 1112 ubi
960 1057 1147 1128 Angeli
1181 1056 1366 1111 vivunt
1390 1097 1404 1122 ,
1435 1054 1576 1111 unde
1605 1069 1703 1110 nos
1728 1054 1888 1110 modo
1913 1069 2070 1123 pere-

481 1152 772 1220 grinamur,
791 1159 849 1205 et
871 1149 1230 1220 peregrinatio
1251 1157 1431 1204 nostra
1456 1147 1651 1218 gemit;
1681 1147 1844 1220 gemit
1867 1155 2064 1212 autem,

478 1243 525 1297 si
546 1243 746 1302 scimus
764 1243 886 1313 quia
909 1242 1342 1313 peregrinantur;
1369 1257 1489 1296 nam
1513 1240 1625 1296 odit
1647 1241 1800 1297 valde
1817 1241 2066 1311 patriam,

480 1336 572 1407 qui
599 1344 746 1405 putat
776 1335 876 1390 sibi
904 1334 1040 1390 bene
1077 1348 1199 1389 esse
1225 1349 1346 1389 cum
1380 1333 1744 1403 peregrinatur
1771 1350 1784 1385 :
1812 1331 2069 1400 numquid

482 1428 534 1480 in
575 1426 664 1481 illa
691 1424 901 1481 civitate
932 1424 1020 1478 ubi
1058 1432 1184 1478 sunt
1218 1424 1425 1492 Angeli,
1455 1423 1802 1493 Evangelium
1836 1422 2026 1492 legitur
2046 1463 2062 1489 ,

479 1529 572 1574 aut
595 1517 915 1588 Apostolus?
952 1515 1132 1572 Verbo
1172 1517 1264 1570 Dei
1302 1524 1588 1585 pascuntur
1617 1533 1630 1570 :
1661 1514 1804 1586 quod
1832 1514 2066 1570 Verbum

482 1611 598 1676 Dei,
622 1617 679 1665 ut
698 1616 912 1665 sonaret
936 1609 1088 1664 nobis
1113 1608 1178 1662 ad
1208 1617 1438 1677 tempus,
1469 1607 1699 1662 Verbum
1723 1621 1849 1662 caro
1870 1606 2067 1661 factum

481 1711 595 1769 est,
620 1713 675 1759 et
702 1703 957 1758 habitavit
995 1703 1047 1756 in
1093 1702 1244 1756 nobis
1279 1699 1468 1772 (Joan.
1501 1716 1552 1765 l,
1601 1699 1724 1770 14).
1755 1699 1862 1754 Sed
1892 1709 2066 1753 tamen

475 1797 593 1866 ipsa
623 1795 729 1849 Lex
758 1836 771 1857 ,
803 1809 922 1865 qua:
966 1793 1160 1863 scripta
1188 1801 1271 1847 est
1295 1835 1310 1858 ,
1340 1792 1730 1846 firmamentum
1759 1791 1910 1846 nobis
1940 1799 2023 1845 est
2049 1807 2064 1844 :

481 1889 550 1944 ibi
578 1889 621 1943 si
651 1889 721 1943 sit
747 1901 842 1942 cor
864 1895 1101 1941 nostrum
1127 1927 1142 1950 ,
1174 1899 1280 1939 non
1307 1883 1626 1938 convellitur
1655 1883 1677 1915 ³
1707 1882 2068 1952 iniquitatibus

481 1977 776 2033 hominum.
813 1977 1020 2031 Dictum
1049 1984 1131 2030 est
1156 1989 1304 2044 ergo,
1340 1973 1576 2028 Extendit
1601 1972 1780 2028 calum
1803 1972 1932 2027 sicut
1961 1971 2068 2043 pel-

481 2069 600 2122 lem.
629 2067 762 2122 Cum
784 2075 961 2120 autem
989 2073 1265 2120 transeunt
1290 2073 1525 2133 tempora
1554 2062 1883 2118 necessitatis
1903 2062 2066 2116 libro-

481 2173 620 2222 rum,
648 2155 773 2228 quid
793 2156 994 2212 dictum
1021 2155 1141 2210 est?
1165 2154 1357 2210 Caelum
1385 2153 1653 2224 plicabitur
1679 2162 1733 2206 ut
1759 2153 1880 2206 liber
1901 2155 1916 2224 (
1939 2151 2066 2207 Isai.

481 2265 656 2303 xxxiv
677 2291 693 2315 ,
722 2246 814 2320 4).
845 2247 944 2315 Qui
973 2261 1102 2316 ergo
1151 2259 1365 2301 sursum
1415 2245 1575 2300 habet
1617 2258 1732 2311 cor,
1761 2244 1931 2314 ipsum
1975 2259 2070 2299 cor

481 2341 645 2412 ipsius
675 2341 934 2397 luminare
970 2349 1052 2395 est
1087 2357 1099 2393 :
1129 2339 1183 2394 in
1220 2338 1358 2394 caelo
1387 2336 1582 2408 fulget,
1613 2351 1713 2392 nec
1737 2337 1964 2391 vincitur
1991 2346 2069 2391 te-

480 2433 679 2489 nebris.
715 2431 854 2486 Infra
879 2432 1022 2486 enim
1053 2438 1176 2486 sunt
1204 2430 1436 2485 tenebras
1463 2443 1477 2481 :
1508 2428 1740 2483 tenebras
1764 2436 1939 2482 autem
1970 2427 2067 2482 ini-

477 2527 687 2597 quitus;
715 2540 816 2579 non
838 2522 1299 2579 incommutabiles
1322 2520 1575 2576 tcncbrm.
1599 2519 1716 2575 Jam
1743 2529 1794 2573 et
1817 2519 2067 2574 hesterno

477 2616 568 2671 die
592 2614 1154 2671 commemoravimus.
1187 2611 1295 2668 Sed
1334 2611 1423 2681 qui
1455 2610 1612 2665 hodie
1643 2609 1878 2666 tenebras
1905 2618 2028 2664 sunt
2049 2653 2065 2676 ,

470 2710 524 2763 si
557 2709 758 2774 velint,
790 2721 912 2762 cras
954 2707 1041 2760 lux
1089 2713 1248 2761 erunt
1278 2721 1290 2757 :
1323 2703 1414 2774 qui
1457 2703 1688 2758 tenebrae
1716 2702 1819 2756 huc
1845 2703 2066 2773 ingressi

481 2809 644 2861 sunt,
709 2799 755 2855 si
821 2797 1024 2864 velint,
1072 2796 1180 2866 jam
1235 2796 1324 2850 lux
1381 2809 1502 2849 esse
1563 2803 1802 2863 rossunt.
1871 2796 2068 2864 Aperte

479 2892 624 2946 enim
661 2889 966 2961 Apostolus,
1012 2902 1079 2943 ne
1106 2887 1223 2957 quis
1255 2894 1464 2956 putaret
1505 2885 1772 2940 naturales
1799 2899 1920 2940 esse
1962 2885 2065 2939 ini-

485 2992 743 3052 quitates,
793 2997 912 3052 quae
957 2980 1151 3036 mutari
1203 2994 1308 3034 non
1353 2986 1619 3049 possunt:
1657 2977 1850 3034 Fuistis
1895 2980 2063 3043 enim,

480 3074 673 3144 inquit,
697 3071 968 3142 aliquando
995 3070 1239 3130 tenebrrc;
1271 3085 1401 3122 nunc
1423 3077 1590 3122 autent
1613 3069 1702 3124 tua:
1726 3070 1777 3122 in
1809 3069 2025 3123 Domino
2043 3086 2065 3122 :

479 3168 612 3221 sicut
651 3165 750 3235 ﬁlii
781 3164 908 3218 lucis
935 3162 1188 3217 ambulate
1224 3160 1447 3230 (Ep/tes.
1477 3175 1528 3223 ν,
1558 3159 1642 3227 8).
1673 3159 1789 3215 Lux
1811 3203 1825 3228 ,
1856 3161 2062 3231 inquit,

481 3259 536 3310 in
565 3255 781 3311 Domino
803 3269 822 3309 :
846 3269 950 3308 non
982 3255 1032 3308 in
1060 3253 1227 3308 vobis.
1258 3252 1361 3306 Cor
1389 3267 1516 3322 ergo
1546 3251 1596 3305 in
1627 3251 1792 3307 libro:
1824 3253 1866 3306 si
1893 3267 1987 3306 eor
2013 3253 2064 3306 in

484 3349 638 3413 libro,
665 3361 760 3401 cor
790 3346 840 3400 in
873 3344 1207 3400 firmamento
1235 3343 1378 3398 cceli.
1407 3341 1461 3397 Si
1493 3342 1561 3396 ibi
1587 3350 1668 3396 est
1691 3357 1806 3408 cor,
1840 3343 1959 3396 inde
1979 3343 2065 3396 ln-

481 3449 600 3494 ceat
625 3480 638 3506 ,
669 3449 722 3494 et
752 3453 858 3492 non
903 3435 1202 3492 movebitur
1240 3435 1604 3505 iniquitatibus
1650 3433 2019 3504 subterpositis
2048 3453 2060 3490 :

486 3545 590 3584 non
621 3530 742 3598 quia
771 3528 840 3582 ibi
869 3535 954 3582 est
981 3527 1032 3580 in
1063 3526 1200 3580 caelo
1228 3540 1322 3594 per
1344 3539 1582 3588 carnem,
1613 3524 1706 3579 sed
1733 3525 1854 3594 quia
1885 3524 1952 3579 ibi
1983 3535 2065 3580 est

478 3636 578 3690 per
626 3619 1084 3675 conversationem
1111 3658 1126 3684 ,
1172 3615 1463 3674 secundum
1512 3614 1650 3684 quod
1694 3614 1892 3669 dictum
1941 3624 2062 3682 est,

487 3711 678 3767 .Vostra
703 3719 871 3764 autem
907 3708 1214 3763 conuersatio
1240 3707 1294 3762 in
1323 3707 1458 3768 caelis
1483 3716 1573 3761 est.
1601 3705 1714 3761 Non
1741 3718 1892 3777 potes
1916 3708 2063 3779 cogi-

472 3815 598 3858 tare
627 3804 768 3858 illam
793 3801 1083 3866 civitatem,
1111 3799 1233 3870 quia
1265 3799 1500 3862 nondum
1528 3799 1696 3853 vides.
1723 3797 1812 3853 Vis
1831 3799 2065 3870 cogitare

475 3894 709 3950 calum?
751 3893 966 3948 Librum
1011 3891 1103 3946 Dei
1147 3891 1341 3960 cogita.
1389 3890 1521 3944 Audi
1566 3892 1826 3960 psalmum
1857 3909 1870 3946 :
1903 3889 1970 3945 Et
2012 3893 2064 3946 in

481 3988 588 4057 lege
624 3986 732 4056 ejus
761 3982 1078 4038 nscditabttur
1102 3982 1184 4036 die
1208 3996 1268 4034 ac
1297 3990 1454 4035 nocte.
1487 3979 1558 4036 Et
1601 3980 1668 4034 ibi
1697 3981 1867 4036 beatus
1893 3980 2063 4036 dictus

480 4087 562 4132 est
589 4077 672 4148 qui
699 4092 798 4130 non
824 4075 944 4128 abiit
965 4074 1015 4127 in
1028 4071 1245 4127 consilio
1271 4073 1560 4142 impiorum,
1590 4081 1634 4124 et
1660 4072 1712 4125 in
1737 4071 1817 4124 via
1845 4082 2065 4141 peccato-

471 4187 593 4223 rum
623 4185 722 4222 non
750 4168 901 4232 stetit,
926 4176 970 4221 et
1002 4167 1054 4219 in
1079 4164 1319 4219 cathedra
1350 4164 1645 4233 pestilentia:
1665 4181 1764 4218 non
1789 4166 1952 4231 sedit;
1975 4167 2063 4220 sed

473 4263 532 4315 in
559 4261 665 4330 lege
695 4257 897 4312 Domini
924 4257 1020 4327 fuit
1046 4257 1274 4310 voluntas
1303 4256 1411 4324 ejus
1442 4256 1458 4324 (
1487 4254 1625 4310 Psal.
1655 4272 1691 4318 ι.
1726 4257 1776 4318 1,
1807 4256 1900 4327 2).
1933 4257 2063 4313 Vide

482 4351 742 4406 luminare
776 4350 824 4408 in
863 4348 1001 4404 cselo
1031 4364 1045 4400 :
1083 4347 1145 4400 Et
1189 4348 1241 4401 in
1288 4348 1396 4418 lege
1424 4347 1531 4417 ejus
1555 4347 1872 4401 meditabitur
1899 4349 1980 4403 die
2003 4365 2064 4403 ac

481 4451 641 4497 nocte.
696 4441 817 4495 Vult
871 4439 1141 4511 patienter
1183 4437 1322 4493 ferre
1369 4439 1582 4492 omnia?
1610 4437 1724 4493 Non
1776 4439 2065 4496 descendat

481 4532 548 4587 de
573 4531 731 4596 oculo,
759 4539 815 4585 et
839 4531 890 4585 in
919 4531 1033 4599 lege
1048 4529 1173 4599 ejus
1212 4528 1495 4584 meditetur
1520 4529 1606 4584 die
1633 4545 1693 4584 ac
1718 4539 1892 4586 nocte.
1925 4531 2063 4602 Ergo

479 4623 535 4676 in
561 4623 698 4678 caelo
725 4636 820 4676 cor
839 4621 954 4690 ejus
984 4637 997 4674 :
1025 4622 1070 4674 si
1112 4621 1162 4674 in
1198 4621 1339 4676 caelo
1364 4635 1458 4675 cor
1480 4621 1629 4691 ejus,
1661 4633 1848 4677 omnes
1872 4623 2064 4693 iniqui-

482 4723 616 4768 tates
640 4728 757 4784 qutc
785 4713 916 4776 liuut
945 4714 997 4767 in
1027 4721 1163 4766 terra
1202 4713 1268 4767 ad
1301 4722 1508 4782 tempus
1530 4754 1546 4779 ,
1573 4729 1759 4769 clunes
1787 4714 2063 4773 felicitates

471 4806 740 4860 malorum
759 4804 1051 4868 hominum,
1077 4819 1263 4859 omnes
1290 4803 1768 4874 laboresjnstorum
1788 4807 2061 4862 meditanti

477 4897 563 4950 die
593 4910 654 4951 ac
683 4905 842 4951 nocte
879 4894 1046 4966 legem
1094 4895 1224 4960 Dei,
1257 4896 1382 4949 nulli
1422 4906 1582 4961 sunt;
1613 4904 1667 4949 ct
1694 4898 1952 4966 patienter
1979 4908 2060 4953 to-

476 4989 613 5044 lerat
652 4987 866 5054 omnia,
894 4998 948 5043 et
988 4988 1090 5042 erit
1125 4988 1308 5043 beatus
1345 4989 1582 5043 eruditus
1605 5005 1635 5044 a
1667 4989 1798 5046 Deo.
1838 4990 2065 5062 Et‘quo-

478 5080 636 5136 modo
685 5081 740 5134 in
788 5082 1121 5135 firmamento
1162 5081 1323 5137 cmli?
1363 5080 1493 5148 Quia
1543 5082 1626 5135 lex
1668 5082 2059 5139 firmamentum

471 5184 576 5229 et.
600 5173 788 5228 Beatus
817 5175 892 5228 vir
933 5189 1081 5244 quem
1108 5183 1162 5228 tu
1189 5174 1430 5227 erudieris
1449 5215 1467 5240 ,
1499 5172 1712 5228 Domine
1731 5215 1746 5240 ,
1779 5184 1826 5229 et
1867 5192 1930 5230 ea:
1955 5177 2062 5248 lcge

470 5276 562 5318 tua
602 5265 829 5319 docueris
857 5281 971 5320 cum
991 5280 1012 5319 :
1035 5273 1090 5319 ut
1130 5265 1325 5336 mitiges
1365 5280 1473 5318 eum
1513 5281 1546 5318 α
1573 5264 1746 5319 diebus
1784 5266 2018 5338 malignis
2041 5307 2056 5333 ,

471 5361 630 5408 donec
673 5355 898 5426 fodiatur
943 5355 1192 5428 peccatori
1237 5357 1399 5423 fouea.
1432 5355 1700 5411 Attendite
1742 5370 1869 5426 ergo
1899 5356 2057 5411 lumi-

463 5447 622 5503 naria
649 5449 916 5516 quomodo
947 5449 1269 5520 procedunt,
1315 5457 1369 5503 et
1405 5447 1687 5516 occidunt,
1731 5459 1786 5504 et
1815 5443 2052 5516 redeunt,

538 5559 554 5590 ι
590 5558 674 5608 Hie
693 5557 904 5624 additum
923 5558 1015 5624 fuit
1029 5559 1155 5623 apud
1177 5567 1276 5624 Am.
1307 5558 1551 5624 legemus;
1572 5569 1623 5624 et
1647 5563 1696 5609 in
1717 5560 1822 5610 aliis
1845 5563 2055 5623 excusis,

471 5617 590 5687 liber
611 5622 908 5687 necessarius
930 5622 1040 5682 erit,
1060 5617 1217 5687 neque
1233 5617 1462 5687 legemus,
1489 5617 1614 5685 quod
1639 5636 1668 5671 ι
1691 5630 1796 5672 Mss.
1821 5624 1978 5687 abest.

536 5684 555 5712 ³
592 5682 664 5749 sic
685 5684 896 5749 potiores
909 5691 1016 5733 Mss.
1036 5682 1120 5733 Alii
1138 5682 1262 5733 vero
1278 5682 1395 5734 'cum
1421 5682 1518 5732 Am;
1546 5692 1594 5734 et
1620 5691 1714 5744 Fr,
1740 5685 2055 5749 compellitur,

473 5750 605 5801 Lov.,
629 5743 904 5807 impellitur.

1719 296 1776 349 S.
1821 293 2182 351 AUGUS'I'INI
2229 295 2522 356 l-Ll'lSCOl’l

3623 309 3760 374 H90

2180 423 2340 481 agunt
2367 430 2554 472 cursus
2580 432 2724 485 suos,
2757 420 3086 491 distinguunt
3124 424 3264 479 diem
3290 432 3344 480 ct
3369 435 3576 483 noctem
3603 472 3617 495 ,
3643 432 3762 486 vol-

2176 516 2304 560 vunt
2331 523 2498 564 annos
2523 519 2576 564 et
2606 520 2841 582 tempora
2869 530 2883 577 ;
2928 523 2982 570 et
3006 524 3146 570 tanta
3177 517 3311 572 mala
3344 518 3473 574 fiunt
3503 521 3555 575 in
3587 531 3759 592 terra,

2176 596 2279 654 illis
2303 601 2533 669 quietem
2572 605 2623 659 in
2655 607 2790 662 cmlo
2819 607 3156 664 habentibus.
3195 611 3331 680 Quid
3359 620 3441 668 est
3465 630 3592 686 ergo
3620 616 3762 686 quod

2176 704 2273 746 nos
2297 690 2454 748 docet
2477 694 2654 749 Deus?
2681 696 2796 752 Jam
2827 699 3160 755 attendamus
3186 702 3475 760 Psalmum.

2245 781 2298 836 7.
2327 781 2475 854 [vers.
2507 784 2583 858 1.]
2606 786 2742 845 Deus
2769 791 3014 845 ultionum
3049 790 3315 859 Dominus,
3343 793 3482 850 Deus
3509 797 3758 855 ultionum

2174 872 2388 941 [idtnter
2431 878 2548 947 egit.
2593 878 2673 934 'l‘u
2698 890 2854 948 putas
2893 883 3016 952 quia
3065 898 3169 938 non
3215 885 3482 940 vindicat?
3510 887 3760 946 Vindicat

2175 962 2312 1020 Dc'ss
2337 965 2599 1021 ultionum.
2628 967 2764 1038 Quid
2791 980 2891 1036 est,
2930 971 3068 1028 Deus
3093 973 3343 1029 ultiouum
3364 976 3390 1030 7
3417 977 3557 1034 Deus
3580 979 3756 1034 vindi-

2163 1065 2397 1112 ctarum.
2423 1057 2478 1112 ln
2511 1073 2578 1114 eo
2619 1070 2765 1117 certe
2803 1077 3122 1131 murmuras,
3153 1065 3273 1136 quia
3315 1082 3421 1122 non
3465 1067 3762 1126 vindicatur

2174 1146 2225 1199 in
2254 1148 2442 1202 malos.
2474 1149 2588 1204 Noli
2639 1167 2989 1220 murmurare,
3024 1170 3092 1211 ne
3121 1156 3258 1211 inter
3283 1157 3402 1214 illos
3440 1158 3514 1214 sis
3544 1159 3595 1214 in
3622 1175 3759 1231 quos

2173 1237 2489 1295 vindicatur.
2539 1241 2684 1297 Facit
2739 1244 2827 1300 ille
2865 1244 3096 1312 furtum,
3151 1258 3204 1303 et
3257 1249 3446 1304 vivit:
3500 1260 3554 1306 tu
3609 1268 3757 1307 mur-

2172 1345 2351 1386 muras
2399 1331 2652 1389 adversus
2697 1335 2902 1404 Deum,
2947 1339 3067 1408 quia
3115 1355 3219 1395 non
3272 1342 3496 1398 moritur
3530 1346 3616 1414 qui
3663 1344 3758 1400 tibi

2167 1421 2369 1478 furtum
2427 1424 2573 1480 fecit.
2623 1427 2677 1482 Si
2719 1428 2830 1498 jam
2875 1444 2986 1485 non
3031 1430 3160 1486 facis
3215 1431 3442 1500 furtum,
3503 1434 3670 1490 vide:
3704 1437 3752 1493 si

2172 1515 2313 1568 enim
2357 1515 2466 1585 jam
2509 1531 2615 1572 non
2652 1517 2815 1587 facis,
2855 1520 2974 1576 vide
3019 1537 3086 1578 ne
3126 1523 3411 1594 aliquando
3453 1526 3644 1582 fecisti.
3697 1529 3756 1586 Si

2167 1604 2276 1673 jam
2304 1606 2418 1661 dies
2460 1622 2538 1673 es,
2591 1610 2768 1665 recole
2815 1611 3025 1667 noctem
3059 1622 3201 1667 tuam
3236 1616 3316 1669 :si
3355 1615 3464 1686 jam
3502 1616 3646 1673 ﬁxus
3699 1619 3755 1675 in

2171 1696 2308 1750 coelo
2327 1711 2408 1762 es,
2445 1699 2620 1753 recole
2647 1708 2841 1754 terram
2879 1712 3043 1756 tuam.
3079 1702 3288 1759 lnvenis
3319 1713 3371 1759 te
3419 1705 3586 1762 furem
3617 1707 3758 1765 forte

2172 1786 2337 1844 fuisse
2363 1791 2681 1860 aliquando;
2737 1802 2792 1848 et
2838 1793 3070 1865 aliquem
3099 1796 3262 1851 alium
3290 1797 3425 1854 forte
3450 1803 3756 1858 stomacha-

2173 1887 2282 1934 tum
2301 1921 2316 1946 ,
2341 1881 2461 1952 quia
2486 1891 2538 1937 et
2563 1892 2616 1937 tu
2637 1882 2835 1938 furtum
2859 1884 3058 1943 faciens
3088 1888 3282 1956 vixisti,
3312 1899 3365 1944 et
3393 1905 3497 1946 non
3535 1907 3592 1948 es
3612 1907 3756 1948 mor-

2173 1978 2295 2025 tuus
2323 1989 2338 2026 :
2361 1974 2627 2043 quomodo
2646 1987 2823 2032 autem
2851 1985 2908 2032 tu
2927 1978 3139 2049 quando
3161 1979 3410 2051 faciebas,
3434 1983 3554 2041 ideo
3577 1985 3756 2042 vixisti

2171 2071 2228 2116 ut
2269 2072 2450 2133 postea
2482 2081 2586 2122 non
2619 2066 2851 2135 faceres;
2882 2071 2992 2125 noli
3036 2072 3156 2142 quia
3203 2081 3256 2129 tu
3305 2077 3568 2144 transisti,
3615 2079 3756 2134 vello

2172 2153 2549 2212 misericordia:
2600 2158 2690 2212 Dei
2739 2168 2955 2230 pontem
3017 2163 3344 2220 subvertere.
3401 2165 3585 2223 Nescis
3631 2169 3757 2224 illac

2172 2246 2366 2300 multos
2396 2249 2732 2317 transituros,
2777 2266 2879 2321 qua
2909 2261 2964 2306 et
3009 2261 3063 2307 tu
3093 2255 3362 2309 transisti?
3404 2256 3564 2312 Esses
3592 2258 3755 2314 modo

2171 2337 2259 2406 qui
2291 2353 2669 2405 murmurares,
2722 2341 2766 2395 si
2796 2341 3054 2398 adversus
3090 2353 3142 2399 te
3168 2345 3444 2401 audiretur
3483 2349 3572 2418 qui
3610 2349 3758 2418 prior

2168 2428 2238 2483 de
2267 2439 2316 2483 te
2341 2432 2728 2486 murmuravit?
2750 2433 2816 2487 Et
2844 2443 3019 2490 tamen
3041 2445 3093 2490 et
3123 2451 3262 2491 nunc
3291 2445 3445 2508 optas
3468 2437 3754 2495 vindictam

2172 2520 2265 2576 Dei
2297 2522 2348 2576 in
2377 2522 2565 2591 malos,
2590 2532 2647 2579 ut
2677 2524 2762 2579 fur
2787 2527 3060 2594 moriatur,
3093 2538 3146 2583 et
3170 2544 3470 2586 murmuras
3498 2532 3756 2589 adversus

2174 2613 2362 2679 Deum,
2395 2616 2517 2686 quia
2569 2615 2652 2671 fur
2701 2633 2806 2674 non
2859 2621 3104 2676 moritur.
3150 2623 3403 2693 Appende
3456 2625 3508 2680 in
3556 2634 3755 2683 statera

2170 2706 2433 2775 mquitatis
2458 2707 2626 2762 furem
2676 2717 2730 2763 ct
2762 2709 3126 2781 blaSphemum
3159 2731 3170 2766 :
3195 2713 3303 2783 jam
3330 2714 3462 2770 dicis
3503 2718 3622 2787 quia
3671 2717 3758 2773 fur

2172 2814 2279 2852 non
2309 2814 2407 2865 es;
2441 2800 2532 2854 sed
2582 2803 2964 2858 murmurando
2998 2805 3254 2860 adversus
3284 2807 3472 2876 Deum,
3505 2808 3756 2880 blasphe-

2171 2904 2289 2943 mus
2309 2905 2386 2945 es.
2417 2890 2508 2946 Ille
2546 2901 2725 2960 captat
2767 2907 3011 2949 somnum
3044 2895 3309 2959 hominis,
3350 2909 3406 2952 ut
3443 2901 3640 2970 aliquid
3667 2902 3755 2956 in-

2171 2982 2340 3046 volet;
2368 2991 2422 3036 et
2447 2991 2500 3036 tu
2526 2982 2657 3037 dicis
2680 2985 2801 3054 quia
2832 2985 3028 3040 dormit
3065 2987 3224 3053 Deus,
3262 2999 3315 3043 et
3345 2989 3613 3046 hominem
3648 3008 3757 3048 non

2171 3073 2332 3129 videt.
2365 3075 2503 3144 Ergo
2534 3075 2612 3129 vis
2649 3075 2738 3130 ille
2768 3084 2825 3130 ut
2853 3077 3081 3147 corrigat
3109 3095 3322 3134 manum
3348 3121 3360 3143 ,
3386 3083 3530 3151 prior
3559 3090 3613 3136 tu
3648 3083 3757 3137 liu-

2169 3183 2324 3238 guam
2351 3168 2555 3238 corrige
2587 3187 2600 3222 :
2635 3170 2711 3222 vis
2734 3170 2820 3224 ille
2848 3179 2903 3223 ut
2930 3171 3160 3242 corrigat
3186 3187 3279 3227 cor
3300 3173 3555 3229 adversus
3578 3174 3756 3230 homi-

2171 3278 2312 3324 nem,
2347 3271 2398 3315 tu
2447 3263 2654 3332 eorrige
2698 3278 2792 3318 eor
2816 3263 3070 3318 adversus
3111 3265 3306 3330 Deum;
3348 3281 3416 3320 ne
3457 3265 3591 3322 forte
3628 3281 3756 3322 cum

2168 3364 2317 3421 optas
2346 3352 2628 3406 vindictam
2664 3353 2776 3420 Dei,
2805 3355 2849 3408 si
2878 3356 3100 3421 venerit,
3148 3364 3198 3411 te
3237 3358 3468 3426 priorem
3495 3359 3752 3417 inveniat.

2169 3443 2298 3499 Nam
2333 3444 2420 3497 ille
2444 3444 2636 3508 veniet,
2685 3445 2857 3499 veniet
2889 3454 2943 3500 et
2982 3445 3240 3515 judicabit
3269 3458 3674 3518 perseverantes
3695 3451 3752 3506 in

2170 3535 2400 3605 nequitia
2453 3550 2586 3602 sua,
2640 3537 2874 3607 ingratos
2936 3538 3311 3610 prmrogationi
3372 3542 3756 3600 misericordia:

2170 3628 2352 3699 ipsius,
2385 3629 2619 3698 ingratos
2656 3629 2921 3698 patientia:
2963 3629 3160 3700 ipsius,
3191 3631 3610 3688 thesaurizantes
3649 3635 3755 3690 sibi

2169 3719 2298 3772 iram
2341 3721 2392 3774 in
2420 3719 2505 3774 die
2549 3719 2643 3774 ira:
2672 3729 2723 3774 et
2755 3719 3096 3774 revelatiouis
3118 3720 3244 3791 justi
3283 3721 3467 3792 judieii
3522 3723 3631 3787 Dei,
3659 3726 3756 3794 qui

2168 3809 2352 3864 reddet
2378 3811 2663 3880 unicuique
2685 3810 2978 3865 secundum
3007 3827 3166 3882 opera
3198 3827 3290 3867 sua
3318 3813 3492 3883 (Rom.
3513 3831 3570 3880 ll,
3591 3815 3751 3885 4-6):

2167 3902 2287 3970 quia
2320 3902 2455 3956 Deus
2487 3903 2732 3956 ultionum
2769 3902 3035 3969 Dominus,
3066 3902 3204 3958 Deus
3229 3904 3498 3981 ullionum,
3537 3905 3656 3962 ideo
3682 3909 3755 3975 ﬁ-

2169 3994 2342 4047 denter
2380 3995 2496 4065 egit.
2548 3992 2686 4048 Nulli
2713 3994 2854 4048 enim
2885 3995 3140 4064 pepercit,
3174 3994 3388 4065 quando
3428 3995 3516 4050 hic
3542 3996 3754 4052 locutus

2167 4098 2284 4141 cst:
2317 4089 2429 4156 ipse
2458 4086 2709 4140 Dominus
2745 4095 2860 4140 erat
2899 4086 2952 4140 in
2982 4085 3159 4141 carnis
3189 4086 3530 4153 infirmitate,
3563 4087 3656 4142 sed
3695 4088 3753 4142 in

2168 4178 2361 4231 virtute
2406 4176 2689 4231 sermonis.
2744 4175 2857 4229 Non
2907 4177 3112 4246 accepit
3149 4191 3406 4246 personas
3450 4177 3754 4247 principum

2167 4266 2487 4322 ludmorum.
2521 4266 2722 4334 Quanta
2749 4264 2802 4318 iu
2830 4266 2950 4320 illos
2969 4264 3137 4320 dicit?
3164 4273 3238 4332 et,
3258 4268 3524 4338 quomodo
3551 4268 3754 4324 dictum

2166 4369 2250 4415 est
2279 4361 2316 4424 ί,
2351 4376 2474 4414 vere
2503 4360 2553 4412 in
2584 4357 2775 4413 fiducia
2808 4374 2822 4413 :
2855 4359 2975 4428 quia
3007 4359 3266 4428 scriptum
3306 4369 3387 4415 est
3430 4361 3482 4414 in
3525 4361 3754 4415 Psalmis

2166 4455 2234 4511 de
2263 4455 2354 4511 illo
2375 4496 2388 4520 ,
2420 4452 2638 4524 Propter
2663 4453 2917 4508 miseriam
2945 4453 3153 4522 inopum
3197 4462 3244 4507 et
3282 4453 3521 4525 gemitum
3559 4469 3756 4526 paupe-

2165 4563 2300 4611 rum,
2329 4563 2461 4600 nunc
2483 4560 2781 4616 exsurgam,
2809 4544 2930 4598 dicit
2957 4542 3226 4598 Dominus.
3267 4544 3368 4612 Qui
3401 4553 3526 4599 sunt
3554 4558 3757 4614 paupe-

2169 4638 2292 4693 res?
2317 4639 2405 4708 qui
2433 4646 2555 4691 sunt
2584 4635 2802 4705 inopes?
2828 4635 2929 4702 Qui
2971 4649 3120 4706 Spem
3162 4651 3269 4690 non
3309 4634 3508 4690 habent
3545 4635 3646 4690 nisi
3696 4634 3755 4691 in

2167 4731 2257 4788 illo
2273 4731 2406 4793 solo,
2432 4729 2610 4800 inquo
2631 4729 2748 4784 solo
2768 4743 2891 4799 spes
2919 4743 3025 4783 non
3053 4727 3272 4783 fallitur.
3317 4727 3610 4792 Attendite,
3642 4726 3755 4782 fra-

2167 4833 2296 4890 tres,
2325 4824 2412 4894 qui
2439 4834 2562 4878 sunt
2593 4837 2853 4894 pauperes
2897 4831 2952 4879 et
2991 4822 3195 4893 inopes.
3225 4821 3342 4877 Non
3366 4823 3585 4878 omnino
3617 4837 3752 4893 pau-

2167 4931 2318 4987 peres
2348 4917 2435 4986 qui
2476 4914 2607 4969 nihil
2647 4915 2877 4982 habent,
2909 4915 3155 4970 videntur
3196 4914 3299 4971 dici
3330 4915 3397 4971 ab
3439 4915 3711 4985 Scriptura
3733 4957 3751 4982 ,

2165 5009 2376 5081 quando
2402 5007 2679 5063 laudantur
2705 5022 2987 5079 pauperes.
3026 5006 3241 5061 Iuvenis
3281 5007 3423 5062 enim
3461 5021 3752 5077 pauperem

2166 5101 2457 5168 hominem,
2489 5100 2580 5170 qui
2615 5099 2828 5169 quando
2857 5099 3051 5168 patitur
3079 5098 3308 5168 aliquam
3341 5097 3609 5168 injuriam.
3642 5112 3750 5152 non

2166 5192 2393 5247 attendit
2439 5192 2538 5246 nisi
2572 5200 2852 5261 patronum
2891 5206 3067 5258 suum,
3115 5191 3169 5244 in
3216 5190 3368 5260 cujus
3409 5189 3546 5245 forte
3589 5190 3753 5244 domo

2165 5294 2365 5350 manet,
2410 5282 2558 5352 cujus
2588 5279 2873 5350 inquilinus
2896 5290 2998 5348 est,
3028 5281 3180 5351 cujus
3203 5281 3425 5336 colonus
3452 5290 3535 5335 est
3553 5320 3569 5345 ,
3598 5281 3752 5352 cujus

2163 5375 2331 5430 cliens
2351 5381 2467 5436 est;
2500 5380 2554 5425 et
2580 5370 2700 5425 ideo
2743 5384 2802 5425 se
2849 5370 3062 5440 indigne
3099 5371 3205 5441 pati
3251 5371 3463 5437 asserit,
3509 5373 3633 5442 quia
3683 5370 3750 5426 ad

2160 5470 2312 5529 illum
2343 5465 2575 5536 pertinet
2608 5481 2620 5517 :
2648 5478 2743 5518 cor
2770 5463 2936 5534 ipsius
2979 5464 3031 5518 in
3074 5463 3322 5530 homine,
3351 5478 3474 5533 spes
3502 5463 3670 5534 ipsius
3697 5464 3750 5519 in

2225 5626 2242 5688 ξ
2277 5630 2348 5688 tta
2373 5630 2472 5688 Am.
2496 5625 2676 5688 (ξι-11188ἶ
2701 5627 2753 5668 At
2775 5625 2906 5677 t.ov.,
2953 5620 3184 5682 quomodo
3217 5619 3399 5688 diction
3428 5625 3516 5677 est,
3541 5618 3755 5688 ﬁdenter

2161 5685 2294 5748 egit?
2316 5693 2432 5748 Vere
2453 5681 2505 5732 in
2527 5680 2725 5748 fiducia.
2738 5707 2799 5748 τ-
2820 5688 2891 5730 Er.
2907 5680 3036 5743 t.o‘v.,
3057 5683 3290 5745 quomodo
3299 5680 3580 5744 dietumes't,
3591 5682 3750 5747 [idm-

2166 5742 2279 5799 te'r?
2304 5745 2404 5812 ﬁgit
2421 5742 2599 5798 nereia
2622 5742 2822 5810 ﬁducia.
2887 5752 2941 5794 st.
