4084 6472
331 333 465 387 “97

326 444 567 506 boiiiine,
598 441 732 497 ciuis
756 440 807 495 in
829 439 1035 495 cinere.
1063 438 1200 495 Sunt
1227 448 1400 494 autem
1438 440 1525 494 alii
1553 441 1640 509 qui
1673 441 1909 510 opulenti

323 544 470 600 sunt,
500 542 557 589 et
593 532 884 587 honoribus
918 531 1213 587 secundum
1261 542 1467 601 tempus
1520 531 1768 588 humanis
1808 534 1911 588 ful-

321 628 568 691 ciuntur;
591 634 641 679 et
669 634 847 678 tamen
884 637 983 678 nec
1024 622 1076 677 in
1115 624 1337 692 pecunia
1368 638 1462 678 sua
1488 638 1638 694 spem
1688 634 1908 693 ponunt,

323 733 423 774 nec
452 719 505 773 in
538 716 715 773 fundis
759 716 871 771 suis
914 729 1063 785 spem
1106 724 1325 785 ponunt,
1377 730 1477 770 nec
1513 716 1566 769 in
1594 714 1791 769 familia
1819 732 1915 771 sua

324 824 478 879 spem
507 816 732 878 ponunt,
762 821 865 861 nec
892 806 944 860 in
966 805 1215 860 claritate
1255 806 1576 860 transitoria:
1604 804 1910 875 dignitatis;

319 900 415 955 sed
453 910 617 954 totam
657 912 807 967 spem
851 896 905 950 in
945 896 1037 950 illo
1073 903 1295 965 ponunt,
1327 896 1411 949 cui
1443 910 1547 949 non
1591 895 1910 963 succeditur,

318 995 409 1064 qui
439 992 577 1047 mori
607 1005 711 1046 non
737 996 933 1061 potest,
962 990 1049 1058 qui
1093 987 1199 1042 falli
1239 998 1294 1064 et
1336 987 1426 1057 qui
1467 987 1653 1042 fallere
1679 1002 1785 1041 non
1815 1001 1914 1057 po-

320 1093 427 1138 test
455 1100 470 1137 :
500 1082 633 1137 tales
650 1081 752 1137 etsi
781 1080 944 1134 multa
970 1077 1217 1134 videntur
1252 1078 1451 1133 habere
1481 1077 1778 1133 secundum
1807 1092 1914 1132 sa:-

317 1174 521 1238 culum,
555 1173 693 1228 bene
718 1187 781 1227 ea
804 1178 981 1225 tamen
1002 1170 1299 1240 gubernant
1318 1168 1382 1223 ad
1402 1168 1745 1224 refectionem
1768 1168 1911 1223 indi-

318 1264 595 1335 gentium;
622 1263 761 1317 inter
785 1275 1047 1332 pauperes
1074 1260 1286 1314 Domini
1320 1267 1687 1315 numerantur.
1726 1258 1914 1313 Vident

323 1356 471 1409 enim
516 1354 818 1424 periculose
869 1366 930 1407 se
975 1352 1156 1407 vivere
1199 1352 1251 1406 in
1292 1351 1391 1406 hac
1428 1350 1559 1417 vita,
1592 1351 1827 1405 sentiunt
1854 1366 1914 1407 se

316 1460 439 1501 esse
466 1444 813 1516 peregrinos:
840 1443 921 1499 sic
950 1442 1287 1497 diversantur
1327 1441 1379 1495 in
1406 1441 1677 1511 opulentia
1707 1441 1915 1496 divitia-

316 1552 438 1592 rum
466 1552 708 1600 suarum,
735 1533 1003 1605 quomodo
1031 1533 1204 1588 viator
1231 1533 1283 1586 in
1300 1532 1509 1588 stabulo
1528 1573 1543 1599 ,
1570 1533 1909 1599 transiturus,

317 1644 425 1683 non
447 1641 815 1697 possessurus.
860 1625 1002 1695 Ergo
1030 1623 1159 1695 quid
1181 1622 1474 1678 Dominus?
1503 1621 1722 1694 Propter
1759 1622 1913 1676 mise-

319 1720 451 1773 riam
466 1719 676 1790 in0pum
697 1726 745 1772 et
763 1717 1003 1789 gemitum
1020 1732 1302 1787 pauperum
1322 1731 1455 1769 nunc
1480 1731 1771 1785 exsurgam,
1792 1714 1913 1768 dicit

318 1813 571 1868 Dominus
585 1829 607 1867 :
622 1827 807 1883 ponam
833 1810 887 1864 in
908 1809 1142 1864 salutari.
1172 1807 1432 1864 Saltttaris
1454 1817 1653 1872 noster,
1671 1807 1914 1862 Salvator

318 1915 505 1961 noster
514 1913 596 1961 est
610 1923 623 1959 :
640 1904 692 1959 in
710 1903 802 1959 illo
816 1902 982 1958 voluit
995 1916 1195 1973 ponere
1208 1916 1356 1971 spem
1374 1899 1609 1954 omnium
1629 1899 1841 1968 inopum
1860 1908 1915 1952 et

316 1998 587 2067 egentium
614 1996 655 2049 ί.
686 1996 753 2049 Ει
780 1994 905 2065 quid
923 1993 1034 2048 ait?
1060 1991 1394 2046 Fiducialiter
1413 2006 1561 2061 agam
1590 1990 1642 2042 in
1659 2006 1714 2043 eo
1737 1986 1908 2059 (Psal.

324 2106 405 2154 xi,
432 2090 510 2161 6).
541 2087 677 2156 Quid
703 2085 1175 2151 est,‘Fiducialiter
1188 2100 1336 2155 agam
1354 2082 1380 2135 ?
1404 2081 1521 2136 Non
1546 2081 1769 2147 timebit,
1801 2096 1907 2134 non

326 2191 513 2251 parcet
541 2180 673 2235 vitiis
695 2188 749 2233 et
772 2177 1218 2248 concupiscentiis
1247 2175 1543 2231 hominum.
1577 2174 1713 2228 Vere
1742 2173 1913 2227 medi-

318 2289 418 2329 cus
446 2274 634 2336 ﬁdelis,
663 2272 966 2327 medicinali
992 2270 1131 2325 ferro
1167 2267 1430 2324 sermonis
1459 2267 1773 2331 instructus,
1822 2280 1909 2320 se-

317 2367 430 2420 cuit
458 2365 640 2420 omnia
661 2364 900 2419 vulnera.
938 2362 1060 2417 Ideo
1094 2362 1181 2431 qui
1228 2360 1345 2414 talis
1374 2358 1655 2428 praedictus
1685 2365 1740 2411 et
1773 2372 1908 2425 pra:-

317 2460 612 2525 nuntiatus,
666 2457 782 2511 talis
829 2457 987 2510 etiam
1034 2455 1278 2508 inventus
1321 2460 1422 2505 est.
1462 2448 1802 2520 Loquebatur
1859 2450 1913 2502 in

318 2559 526 2615 monte,
552 2549 645 2604 ubi
666 2548 831 2603 dixit:
854 2546 999 2600 Beati
1023 2560 1265 2616 pauperes
1280 2543 1480 2612 spiritu,
1508 2541 1747 2613 quoniam
1776 2540 1914 2609 ipso-

315 2658 430 2695 rum
451 2651 525 2695 at
554 2656 767 2711 regnum
793 2639 1054 2693 caelorum.
1082 2636 1155 2691 lbi
1182 2635 1313 2689 beati
1361 2633 1486 2689 dicti
1517 2643 1641 2688 sunt
1676 2632 1762 2704 qui
1802 2649 1915 2701 per-

319 2732 629 2785 secutionem
647 2730 904 2799 patiuntur
925 2737 1128 2798 propter
1144 2726 1429 2796 justitiam:
1451 2726 1501 2778 in
1529 2725 1643 2793 ipso
1666 2737 1915 2777 sermone

316 2821 468 2887 dixit,
500 2821 634 2890 Quia
662 2821 891 2890 ipsorum
915 2827 986 2871 est
1006 2833 1217 2887 regnum
1239 2816 1496 2869 caelorum.
1528 2814 1596 2868 Et
1621 2822 1677 2868 ut
1718 2813 1915 2868 faceret

318 2911 439 2965 illos
463 2888 768 2973 luminaria,
800 2907 850 2962 id
872 2907 1255 2976 est,patienter
1286 2905 1572 2958 tolerantes
1603 2904 1781 2957 omnia
1812 2904 1912 2959 ista

318 2999 522 3070 iniqua,
574 3014 695 3069 qua:
745 3005 1022 3053 transeunt
1050 3013 1065 3046 :
1093 2994 1238 3048 Beati
1265 2994 1422 3058 eritis,
1470 2993 1659 3062 inquit,
1686 3009 1802 3046 cum
1828 3008 1914 3047 vos

318 3093 571 3162 persecuti
615 3091 823 3161 fuerint,
861 3101 905 3142 et
954 3088 1174 3142 dixerint
1221 3102 1366 3140 omne
1414 3086 1605 3139 malum
1649 3087 1914 3139 aduersum

317 3199 403 3238 vos
430 3201 451 3239 :
480 3182 697 3253 gaudete
724 3192 770 3237 et
793 3181 1063 3247 exsultate,
1086 3180 1205 3250 quia
1232 3194 1417 3234 merces
1444 3188 1607 3232 vestra
1638 3195 1821 3250 magna
1840 3187 1914 3233 est

317 3278 370 3330 in
396 3276 537 3330 cretis
566 3274 780 3345 (Matth.
801 3290 858 3337 v,
886 3272 1047 3339 5,10,
1073 3270 1292 3341 11,12).
1325 3269 1524 3325 Deinde
1542 3270 1594 3325 in
1624 3284 1911 3341 progressu

318 3366 586 3422 sermonis
615 3380 736 3418 eum
781 3363 977 3418 docere
1006 3361 1284 3431 inciperet,
1313 3359 1557 3430 quamvis
1593 3375 1715 3417 eum
1758 3361 1910 3415 turba

315 3454 691 3522 circumdaret,
725 3456 858 3513 dixit
910 3454 1035 3511 talia
1063 3453 1336 3525 discipulis
1376 3453 1507 3518 suis,
1538 3468 1656 3522 quae
1698 3452 1914 3507 ferirent

325 3548 513 3604 faciem
540 3547 932 3603 Pharisaeorum
974 3554 1029 3601 et
1065 3544 1392 3608 Judaeorum,
1421 3543 1509 3612 qui
1534 3543 1682 3613 quasi
1713 3543 1911 3612 prima-

327 3650 412 3696 tus
440 3640 711 3695 habebant
737 3638 1175 3709 exponendarum
1215 3636 1607 3706 Scripturarum
1637 3635 1909 3701 omnium;

317 3731 410 3801 qui
437 3731 541 3786 sibi
570 3730 720 3800 quasi
741 3730 871 3799 justi
901 3728 1219 3783 videbantur
1237 3768 1252 3791 ,
1289 3727 1371 3781 vel
1400 3725 1565 3780 videri
1592 3740 1651 3780 se
1678 3726 1909 3781 arbitra-

319 3824 536 3889 bantur,
565 3832 621 3878 et
666 3821 735 3877 ad
786 3837 1013 3892 quorum
1057 3821 1342 3891 primatum
1383 3818 1553 3887 plebis
1590 3818 1908 3887 obsequium

319 3914 602 3969 videbatur
651 3913 1025 3983 obtemperare
1081 3928 1095 3964 :
1148 3924 1252 3965 non
1300 3908 1577 3979 pepercit,
1632 3917 1681 3963 et
1740 3907 1911 3973 dixit,

323 4004 545 4073 Quando
574 4004 764 4069 oratis,
791 4020 889 4057 non
916 4002 1053 4056 eritis
1073 4001 1202 4054 sicut
1241 3998 1534 4069 hypocrita,
1564 3998 1651 4067 qui
1669 4007 1837 4051 amant
1861 4000 1914 4052 in

320 4099 593 4166 synagoqis
624 4104 669 4149 et
690 4094 892 4164 angulis
916 4092 1197 4162 platearum
1220 4098 1407 4143 stantes
1431 4104 1595 4152 orare,
1624 4097 1676 4141 ut
1703 4088 1912 4141 videan-

320 4196 403 4240 tur
431 4186 494 4240 ab
524 4184 809 4240 hominibus
839 4182 965 4255 (ld.
1002 4198 1076 4247 vi,
1106 4180 1214 4251 5);
1248 4188 1301 4234 et
1325 4187 1518 4234 caetera
1550 4180 1693 4233 talia.
1719 4179 1914 4249 Tetigit

321 4291 549 4340 omnes,
605 4290 713 4329 non
770 4273 943 4328 timuit
990 4273 1241 4342 aliquem.
1292 4270 1359 4325 Et
1407 4285 1528 4324 cum
1581 4272 1915 4327 terminasset

324 4367 500 4435 ipsum
528 4380 857 4429 sermonem,
880 4364 1138 4419 conclusit
1166 4361 1233 4417 de
1259 4362 1351 4416 illo
1370 4360 1635 4431 scriptura
1669 4362 1912 4431 Evange-

320 4459 376 4513 lii
416 4460 495 4514 sic
527 4477 540 4513 :
578 4476 597 4510 ι
635 4458 853 4513 Factum
883 4465 984 4521 est,
1012 4474 1031 4508 ι
1064 4456 1250 4525 inquit,
1285 4472 1305 4505 ι
1329 4469 1450 4508 cum
1493 4464 1914 4510 consummasset

322 4549 481 4607 Iesus
508 4551 669 4607 verba
702 4551 838 4614 hinc,
866 4548 1267 4603 admirabantur
1293 4546 1460 4601 turba:
1487 4548 1648 4615 super
1675 4545 1911 4602 doctrina

320 4641 462 4711 ejus.
490 4641 622 4695 Erat
649 4641 793 4695 enim
821 4638 1021 4694 docens
1054 4652 1148 4693 eos
1192 4647 1441 4707 tanquam
1462 4644 1780 4707 potestatem
1813 4636 1908 4690 ha-

320 4732 491 4797 bens;
526 4746 632 4785 non
662 4730 814 4800 quasi
845 4728 1047 4784 Scriba:
1075 4744 1261 4783 eorum
1279 4736 1332 4782 et
1357 4726 1608 4781 Pharisazi
1632 4745 1651 4778 i
1681 4726 1789 4796 (Id.
1815 4743 1910 4795 vn,

328 4823 398 4878 98
415 4832 465 4876 et
482 4819 601 4892 29).
624 4820 830 4886 Quanta
851 4833 979 4888 ergo
1006 4818 1092 4872 ille
1117 4817 1185 4873 de
1212 4831 1317 4887 quo
1330 4817 1525 4871 dictum
1542 4824 1643 4879 est,
1665 4814 1789 4870 Erat
1818 4818 1915 4870 do-

321 4929 438 4968 cens
466 4928 554 4966 eos
581 4919 820 4981 tanquam
841 4918 1135 4980 potestatem
1164 4907 1374 4973 habens,
1405 4916 1601 4976 quanta
1624 4906 1796 4961 dixit:
1831 4905 1915 4961 γω

321 5004 479 5069 vobis,
511 5002 706 5059 Scriba:
734 5012 779 5056 et
806 5000 1058 5054 Pharisaei
1081 4998 1388 5070 hypocritail
1398 4997 1484 5050 Id.
1504 4996 1914 5065 xxm,l3,etc.);

322 5104 520 5164 quanta
576 5094 627 5147 in
668 5093 788 5149 illos
815 5106 994 5146 coram
1042 5090 1096 5145 in
1144 5088 1375 5145 faciem?
1402 5087 1680 5142 Neminem
1717 5086 1912 5141 timuit.

319 5184 544 5253 Quare?
564 5184 697 5252 Quia
725 5183 864 5237 Deus
891 5181 1151 5236 ultionum
1177 5188 1278 5235 est.
1309 5179 1433 5234 Ideo
1454 5193 1560 5233 non
1582 5177 1835 5248 parcebat
1861 5176 1913 5229 in

328 5276 517 5340 verbo,
562 5284 621 5329 ut
671 5281 853 5329 essent
892 5280 1074 5343 postea
1113 5272 1304 5342 quibus
1332 5281 1575 5340 parceret
1598 5270 1651 5324 in
1677 5268 1912 5339 judicio:

322 5370 447 5439 quia
479 5368 525 5421 si
565 5367 771 5421 nollent
798 5365 1041 5435 accipere
1091 5363 1239 5418 verbi
1285 5361 1621 5428 medicinam,
1654 5358 1915 5415 incursuri

323 5471 475 5514 erant
504 5458 687 5528 utique
716 5466 768 5510 et
797 5456 1061 5510 inventuri
1089 5456 1109 5486 ¹
1133 5454 1326 5525 judieis
1346 5453 1686 5509 sententiam.
1708 5451 1920 5520 Quare?

322 5550 458 5617 Quia
489 5548 643 5614 dixit,
672 5547 810 5601 Deus
838 5546 1083 5599 ultionum
1110 5544 1380 5609 Dominus,
1404 5544 1545 5598 Deus
1573 5544 1821 5597 ultionum
1850 5543 1915 5611 ﬁ-

344 5706 347 5707 ,
388 5654 405 5684 ί
442 5653 517 5701 sic
533 5657 640 5700 Mss.
669 5658 721 5698 At
742 5647 876 5710 Edd.,
901 5660 1033 5709 spem
1052 5652 1098 5710 e_t
1118 5644 1346 5710 gemitum
1362 5644 1570 5695 omnium
1593 5644 1805 5706 inopum.

325 5713 639 5831 m'aaliquot
661 5719 768 5760 Mss.
784 5746 800 5771 ,
820 5707 871 5759 in
894 5707 1080 5760 venturi
1095 5707 1293 5771 :‘recte,
1308 5708 1351 5757 si
1373 5715 1685 5771 expungatur
1708 5707 1918 5769 particu-

1395 328 1787 384 ENARIHTIO
1826 328 1890 383 IN
1930 330 2248 390 PSALMUM
2289 336 2467 394 XCIII.

3462 350 3601 410 1198

2021 445 2193 501 denter
2221 450 2361 519 egit:
2392 451 2442 504 id
2489 460 2592 517 est,
2649 452 2776 509 nulli
2822 457 3059 531 pepercit
3108 459 3160 515 in
3206 461 3387 519 verbo.
3413 464 3513 532 Qui
3542 466 3597 521 in

2022 536 2184 627 verbo
2209 552 2312 592 non
2340 543 2572 610 pepercit
2600 558 2871 613 passurus,
2916 560 3098 617 parcet
3126 551 3178 606 in
3228 556 3490 610 sententia
3513 557 3599 627 ju-

2019 624 2327 683 dicaturus?
2355 631 2442 700 qui
2469 633 2736 691 neminem
2766 636 2939 693 timuit
2962 639 3015 693 in
3050 639 3366 709 humilitate,
3394 624 3597 703 timebit

2018 732 2336 789 quemquam
2381 722 2431 775 in
2473 724 2757 781 claritate?
2787 729 2860 783 Ex
2912 744 2981 786 eo
3025 733 3167 802 quod
3208 734 3319 804 jam
3370 736 3597 793 ﬁdenter

2018 810 2145 879 egit,
2167 811 2336 881 cogita
2376 817 2642 884 quomodo
2670 819 2739 874 sit
2774 830 2989 877 acturus
3021 824 3073 879 in
3105 823 3210 881 ﬁne
3254 829 3452 883 saeculi.
3482 829 3596 883 Noli

2015 916 2146 971 ergo
2195 918 2527 962 murmurare
2573 908 2826 967 adversus
2871 914 3055 980 Deum,
3102 918 3192 988 qui
3230 920 3382 989 quasi
3430 922 3597 990 parcit

2017 992 2210 1058 malis;
2236 994 2329 1048 sed
2358 1005 2474 1051 esto
2504 997 2672 1055 bonus
2696 1001 2783 1056 cui
2810 1002 2943 1059 forte
2968 1005 3033 1060 ad
3062 1015 3270 1078 tempus
3310 1009 3361 1063 in
3389 1009 3597 1079 ﬂagello

2018 1099 2125 1140 non
2153 1096 2355 1154 parcat,
2399 1097 2453 1143 et
2492 1088 2543 1142 in
2576 1089 2679 1146 ﬁne
2708 1102 2886 1161 parcat
2915 1095 2965 1149 in
3008 1096 3228 1166 judicio;
3271 1097 3413 1155 Deus
3439 1102 3594 1155 ultio-

2017 1191 2137 1228 num
2160 1175 2428 1244 Dominus,
2460 1178 2595 1234 Deus
2617 1183 2862 1238 ultionum
2891 1186 3103 1254 ﬁdenter
3124 1192 3239 1260 egit.

2087 1265 2141 1321 8.
2172 1265 2321 1340 [vers.
2352 1268 2433 1342 2.]
2466 1270 2529 1324 Et
2551 1273 2672 1342 quia
2705 1275 2928 1330 lidenter
2952 1279 3096 1347 egit,
3124 1280 3200 1335 illi
3228 1295 3333 1336 non
3356 1281 3591 1337 tulerunt

2016 1357 2263 1414 ﬁduciam
2291 1360 2408 1430 ejus
2433 1380 2445 1417 :
2474 1372 2529 1417 et
2551 1366 2670 1434 quia
2690 1365 2904 1423 humilis
2933 1379 3171 1439 venerat,
3196 1382 3251 1429 et
3267 1389 3428 1431 carne
3455 1391 3573 1431 mor

2016 1451 2109 1505 tali
2149 1452 2362 1509 indutus
2387 1464 2537 1523 erat,
2584 1467 2638 1512 et
2664 1461 2798 1515 mori
2826 1472 3075 1531 venerat;
3107 1480 3214 1521 non
3241 1466 3414 1525 facere
3454 1468 3599 1540 quod

2015 1551 2344 1611 peceatores,
2373 1547 2466 1601 sed
2495 1548 2599 1616 pati
2627 1550 2767 1618 quod
2792 1562 3101 1623 peccatores
3124 1571 3139 1621 ;
3169 1558 3289 1628 quia
3318 1570 3599 1630 propterea

2015 1641 2254 1697 venerat,
2282 1648 2402 1690 cum
2432 1636 2660 1693 ﬁdenter
2686 1641 2899 1711 egisset,
2918 1655 2970 1699 ct
2993 1645 3065 1700 illi
3097 1648 3232 1702 ferre
3253 1665 3359 1704 non
3379 1664 3599 1720 possent

2017 1720 2262 1777 ﬁduciam
2290 1724 2407 1794 ejus
2451 1727 2501 1780 in
2551 1730 2735 1796 verbo,
2790 1733 2917 1802 quid
2957 1733 3233 1793 fecerunt?
3262 1739 3592 1805 Tenuerunt,

2016 1811 2454 1883 ﬁagellaverunt,
2508 1818 2823 1888 illuserunt,
2864 1825 3330 1895 colaphizaverunt
3356 1844 3389 1899 ,·
3427 1833 3598 1902 sputis

2017 1903 2328 1973 illinierunt,
2359 1909 2526 1980 spinis
2546 1923 2959 1983 coronaverunt,
2990 1917 3041 1972 in
3070 1932 3230 1974 cruce
3251 1920 3594 1991 levaverunt,

2018 2005 2286 2064 postremo
2316 2002 2642 2058 occiderunt.
2667 2004 2772 2061 Sed
2795 2008 2921 2076 quid
2937 2012 3176 2080 sequitur
3200 2013 3339 2082 quod
3372 2014 3598 2072 ﬁdenter

2014 2088 2220 2155 egerit?
2250 2089 2513 2160 Exaltare,
2546 2097 2633 2161 qui
2652 2098 2858 2167 judicas
2875 2110 3079 2154 terram.
3116 2102 3245 2157 Puta
3268 2106 3385 2173 quia
3411 2115 3600 2161 tenue-

2016 2190 2139 2235 runt
2159 2182 2431 2251 humilem,
2459 2188 2714 2243 tenebunt
2739 2193 3051 2246 excelsum?
3092 2194 3220 2248 Puta
3248 2197 3367 2265 quia
3389 2198 3599 2268 judica-

2016 2282 2207 2325 verunt
2228 2276 2529 2342 mortalem,
2552 2280 2731 2334 nonne
2772 2282 2839 2336 ab
2862 2282 3147 2338 immortali
3172 2286 3348 2353 judica
3360 2288 3553 2344 buntur
3571 2292 3597 2344 ?

2015 2361 2150 2429 Quid
2172 2378 2299 2434 ergo
2329 2366 2440 2419 ait?
2469 2365 2746 2436 Exaltare,
2779 2379 2831 2425 tu
2857 2374 2944 2442 qui
2984 2374 3210 2431 ﬁdenter
3234 2378 3421 2448 egisti,
3448 2388 3503 2435 et
3530 2383 3596 2436 ti-

2016 2454 2227 2509 duciam
2253 2458 2400 2512 verbi
2434 2461 2506 2513 tui
2540 2477 2644 2516 non
2672 2472 2793 2518 sunt
2820 2466 2961 2535 passi
2990 2467 3173 2537 iniqui,
3203 2480 3256 2523 et
3284 2480 3599 2539 putaverunt

2016 2558 2076 2599 se
2102 2545 2300 2617 aliquid
2325 2550 2519 2620 egisse,
2554 2554 2672 2622 quia
2706 2563 2757 2609 te
2788 2557 3302 2626 comprehendentes
3320 2563 3601 2619 cruciﬁxit»

2016 2647 2137 2692 runt
2160 2656 2173 2704 ;
2199 2642 2286 2709 qui
2318 2650 2367 2696 te
2393 2641 2651 2699 deberent
2690 2644 2794 2702 ﬁde
2835 2649 3313 2720 comprehendere,
3347 2669 3595 2726 compre-

2016 2728 2318 2789 henderunt
2360 2737 2767 2804 persecutione:
2801 2749 2856 2794 tu
2887 2757 3015 2812 ergo
3060 2744 3147 2813 qui
3191 2744 3416 2802 ﬁdenter
3442 2750 3595 2819 egisti

2016 2823 2157 2878 inter
2188 2824 2416 2895 iniquos,
2446 2836 2499 2882 et
2526 2829 2793 2884 neminem
2823 2831 3064 2900 timuisti,
3089 2844 3141 2889 et
3161 2836 3283 2905 quia
3312 2853 3495 2906 passus
3512 2855 3594 2905 es,

2016 2912 2261 2969 Eaattare
2278 2931 2298 2980 ;
2326 2916 2378 2971 id
2408 2926 2511 2984 est,
2544 2933 2782 2991 resurge,
2817 2923 2950 2978 vade
2971 2923 3022 2978 in
3049 2926 3263 2980 cauum.
3289 2927 3525 2984 Patiatur
3543 2940 3598 2987 et

2018 3004 2257 3060 Ecclesia
2291 3008 2575 3076 patienter,
2615 3011 2753 3080 quod
2779 3026 2995 3082 passum
3031 3025 3113 3070 est
3142 3027 3301 3087 caput
3346 3020 3601 3077 Ecclesia:

2017 3097 2301 3165 patienter.
2336 3098 2598 3167 Exaltare,
2626 3103 2715 3173 qui
2723 3104 2930 3171 judicas
2963 3115 3180 3173 terram;
3206 3110 3359 3166 redde
3379 3113 3595 3168 retribu-

2016 3186 2203 3239 tionem
2245 3189 2495 3257 superbis.
2552 3190 2875 3250 Redditurus
2919 3204 3021 3261 est,
3074 3195 3283 3253 fratres.
3336 3199 3472 3268 Quid
3512 3213 3599 3258 est

2014 3278 2156 3333 enim
2182 3278 2326 3350 quod
2357 3280 2555 3336 dictum
2582 3291 2686 3350 est,
2714 3283 2978 3351 Exaltare,
3008 3289 3094 3358 qui
3126 3290 3333 3359 judicas
3371 3303 3553 3347 terram
3577 3313 3596 3358 ;

2014 3369 2169 3425 redde
2196 3370 2575 3427 retributionem
2603 3374 2830 3444 superbis
2847 3377 2873 3429 Ρ
2896 3376 3177 3448 Prophctia
3203 3390 3285 3435 est
3315 3384 3599 3452 praedicen-

2017 3459 2104 3528 tis,
2134 3476 2239 3517 non
2268 3461 2486 3517 audacia
2509 3463 2768 3532 jubentis.
2796 3466 2911 3520 Non
2933 3469 3074 3521 enim
3116 3471 3237 3539 quia
3275 3472 3410 3527 dixit
3455 3474 3591 3530 Pro-

2016 3550 2194 3619 pheta,
2252 3551 2535 3619 Exaltare,
2577 3557 2663 3624 qui
2700 3557 2905 3626 jmlicas
2948 3568 3151 3627 terram,
3211 3562 3598 3633 obtemperavit

2018 3642 2573 3711 ProphelzeChristus,
2604 3656 2659 3700 ut
2696 3660 2996 3719 resurgeret
3042 3661 3097 3706 et
3142 3653 3240 3708 iret
3284 3657 3333 3709 in
3364 3658 3595 3723 caelum;

2015 3733 2107 3789 sed
2140 3735 2260 3804 quia
2309 3734 2410 3790 hoc
2457 3736 2690 3793 facturus
2736 3748 2852 3794 erat
2896 3740 3174 3811 Christus,
3220 3746 3321 3800 hoc
3356 3749 3599 3817 praedixit

2016 3824 2279 3893 Pmphela
2308 3844 2321 3879 :
2353 3841 2457 3881 non
2519 3828 2638 3883 ideo
2695 3829 2818 3885 fecit
2868 3830 3140 3896 Christus,
3176 3837 3296 3904 quia
3335 3838 3599 3907 Propheta

2017 3916 2368 3984 prmdixerat;
2401 3918 2493 3971 sed
2527 3920 2646 3973 ideo
2676 3920 2939 3989 Propheta
2974 3924 3310 3992 prmdixerat,
3342 3931 3464 3997 quia
3507 3931 3592 3992 ilk

2015 4004 2255 4061 facturus
2303 4018 2439 4063 erat.
2493 4009 2647 4065 Videt
2688 4012 2938 4067 humilem
2980 4014 3249 4071 Christum
3299 4020 3349 4073 in
3388 4021 3594 4090 spiritu,

2016 4096 2159 4150 videt
2186 4098 2466 4164 humilem;
2499 4101 2764 4155 neminem
2796 4103 3089 4169 timentem,
3135 4107 3259 4161 nulli
3293 4122 3594 4178 parcentem

2016 4189 2070 4242 in
2094 4190 2277 4254 verbo,
2323 4200 2377 4244 et
2420 4191 2589 4246 dicit:
2619 4190 2861 4248 Fidenter
2888 4198 3005 4266 egit.
3052 4197 3207 4254 Videt
3254 4201 3398 4255 illum
3439 4219 3597 4273 quam

2018 4279 2244 4334 lidenter
2268 4282 2394 4351 egit,
2428 4283 2571 4338 videt
2597 4284 2746 4339 illum
2775 4289 3243 4357 comprehensum,
3272 4292 3414 4347 videt
3447 4294 3594 4349 illum

2016 4370 2346 4431 cruciﬁxum,
2378 4372 2521 4427 videt
2564 4374 2707 4428 illum
2740 4375 3094 4444 humiliatum,
3128 4380 3273 4435 videt
3320 4382 3465 4438 illum
3506 4400 3595 4440 re-

2016 4470 2321 4531 surgentem
2343 4469 2399 4516 et
2424 4471 2636 4519 euntem
2666 4465 2718 4518 in
2740 4466 2933 4521 coelum
2953 4510 2966 4530 ,
2996 4476 3048 4522 et
3078 4478 3354 4525 venturum
3383 4473 3505 4530 inde
3529 4476 3597 4529 ad

2012 4552 2268 4621 judicium
2315 4568 2538 4620 eorum,
2591 4557 2729 4611 inter
2782 4573 3003 4627 quorum
3053 4575 3241 4617 manus
3287 4577 3472 4633 passus
3518 4579 3598 4623 est

2014 4644 2193 4697 omnia
2235 4643 2372 4698 mala
2409 4643 2715 4711 :Exaltare,
2762 4646 2951 4717 inquit,
3004 4650 3092 4720 qui
3125 4651 3333 4721 judicas
3375 4665 3599 4724 terram;

2017 4737 2172 4791 redde
2226 4737 2598 4792 retributionem
2646 4740 2891 4810 superbis.
2933 4740 3184 4811 Superbis
3228 4744 3450 4816 reddet,
3492 4764 3598 4805 non

2020 4826 2328 4883 humilibus.
2359 4827 2457 4895 Qui
2483 4829 2885 4899 suntsuperbi?
2913 4830 3113 4898 Quibus
3145 4847 3330 4902 parum
3354 4840 3598 4909 estquod

2019 4917 2155 4972 mala
2176 4916 2395 4983 faciunt,
2426 4926 2483 4972 et
2522 4917 2809 4974 defendere
2839 4930 3054 4989 peccata
3086 4936 3179 4976 sua
3208 4923 3410 4980 volunt.
3433 4926 3602 4982 Nam-

2019 5021 2124 5075 que
2167 5005 2235 5060 de
2283 5006 2365 5060 bis
2417 5006 2507 5076 qui
2557 5008 2937 5064 cruciﬁxerunt
2978 5010 3253 5067 Christum
3304 5015 3437 5069 facta
3477 5030 3605 5073 sunt

2019 5105 2203 5167 postea
2243 5098 2516 5163 miracula,
2546 5098 2758 5168 quando
2799 5099 2867 5156 de
2908 5100 3024 5170 ipso
3048 5117 3272 5158 numero
3296 5104 3601 5164 Judaeorum

2020 5187 2385 5255 crediderunt,
2413 5196 2468 5241 et
2488 5187 2717 5244 donatus
2738 5199 2823 5245 est
2864 5191 2972 5245 illis
2997 5193 3215 5262 sanguis
3243 5192 3461 5250 Christi.
3492 5197 3602 5254 lm-

2021 5278 2136 5348 pias
2156 5292 2344 5332 manus
2379 5287 2435 5332 et
2460 5288 2710 5333 cruentas
2759 5280 2829 5334 de
2877 5281 3135 5351 sanguine
3176 5282 3376 5341 Christi
3425 5300 3604 5359 porta-

2022 5370 2190 5426 bant:
2220 5369 2346 5423 lavit
2371 5383 2461 5424 eas
2506 5369 2620 5439 ipse
2662 5370 2812 5439 cujus
2856 5374 3166 5443 sanguinem
3196 5375 3462 5436 fuderant.
3492 5385 3603 5438 Ad.

2018 5459 2188 5530 juncti
2208 5468 2331 5515 sunt
2357 5461 2567 5531 corpori
2598 5462 2783 5532 ipsius,
2808 5461 2859 5518 id
2886 5473 2967 5518 est
2995 5464 3268 5536 Ecclesia},
3292 5474 3384 5543 qui
3409 5491 3604 5548 corpus

2023 5554 2137 5620 ejus
2159 5550 2405 5619 mortale,
2424 5552 2565 5622 quod
2590 5552 2853 5620 viderant,
2876 5559 3140 5624 persecuti
3167 5571 3310 5617 sunt.
3334 5563 3603 5626 Fuderunt

2026 5645 2255 5712 pretium
2284 5659 2461 5709 suum,
2500 5654 2559 5697 ut
2598 5644 2842 5699 biberent
2886 5649 3116 5716 pretium
3151 5668 3328 5711 suum.
3370 5657 3607 5732 Namque

2028 5744 2210 5806 postea
2240 5736 2418 5807 plures
2439 5737 2682 5793 conversi
2698 5745 2839 5793 sunt.
2874 5736 3007 5797 Cum
3037 5746 3201 5801 multa
3226 5748 3478 5807 miracula
3510 5757 3603 5813 lie-
