4056 6476
437 326 568 381 1199

424 444 555 492 'rent
584 435 651 490 ab
695 431 983 504 Apostolis,
1021 429 1220 502 aliquot
1269 428 1542 482 hominum
1592 423 1758 478 millia
1794 420 2010 477 una-die

433 526 778 587 crediderunt
809 547 820 583 :
851 535 905 584 et
936 537 1041 582 tam
1073 527 1122 579 in
1171 517 1468 594 propinquo
1517 517 1716 573 inventi
1763 525 1920 581 sunt,
1956 523 2011 568 ut

335 637 342 644 '
431 624 611 680 omnia
639 639 736 679 sua
762 637 879 693 qua:
910 619 1174 676 habebant
1214 615 1523 680 venderent,
1568 621 1620 668 et
1665 611 1892 682 pretium
1922 623 2008 663 rc-

433 734 551 774 rum
603 731 819 773 suarum
870 713 935 769 ad
986 712 1146 783 pedes
1198 707 1573 779 Apostolorum
1618 711 1916 776 ponerent;
1958 711 2012 758 ct

435 811 720 878 unicuique
746 804 1157 863 distribuebatur
1182 799 1451 872 quomodo
1481 812 1615 868 opus
1641 805 1788 862 erat;
1817 803 1870 851 et
1897 803 2012 850 erat

432 903 538 957 Illis
565 917 665 955 nua
692 901 866 954 anima
887 905 940 952 et
959 909 1053 950 cor
1079 907 1240 948 unum
1272 892 1322 946 in
1358 890 1556 954 Deum;
1584 888 1650 943 de
1681 887 1811 959 ipsis
1839 885 2008 940 cruci-

434 993 688 1048 ftxoribns
717 987 984 1044 Domini‘.
1008 984 1111 1042 Sed
1133 998 1296 1055 quare
1312 997 1414 1037 non
1448 980 1553 1036 illis
1587 979 1848 1035 redditum
1884 987 1964 1032 est
1989 977 2012 1030 ?

435 1087 590 1154 Quia,
627 1083 798 1137 Redde
824 1079 1202 1134 retributionem
1238 1073 1482 1145 superbis,
1533 1071 1733 1144 dictum
1779 1079 1892 1135 cst;
1936 1068 2011 1123 illi

434 1186 610 1232 autem
662 1173 947 1228 noluerunt
965 1183 1088 1225 esse
1116 1165 1353 1238 superbi.
1382 1163 1595 1218 Etenim
1625 1177 1744 1217 cum
1771 1160 2014 1216 viderent

434 1267 596 1323 multa
625 1263 885 1319 miracula
911 1261 1025 1328 ﬁeri
1049 1275 1143 1329 per
1173 1271 1365 1312 nomen
1392 1253 1585 1310 Christi
1607 1295 1618 1316 ,
1639 1266 1797 1323 quem
1829 1263 1888 1305 se
1916 1264 2012 1319 pu-

435 1359 615 1412 tabant
645 1353 1010 1420 interfecisse;
1039 1347 1290 1405 commoti
1324 1344 1614 1410 miraculis,
1663 1342 1946 1396 audierunt
1982 1355 2010 1394 a

435 1452 591 1506 Petro
619 1450 670 1504 in
692 1447 844 1517 cujus
873 1444 1088 1500 nomine
1110 1441 1196 1495 illa
1227 1440 1413 1494 fierent
1443 1455 1454 1489 :
1486 1451 1592 1490 non
1621 1434 1763 1490 enim
1790 1432 1891 1488 sibi
1918 1446 2010 1486 ar-

433 1557 621 1613 rogare
645 1540 781 1595 servi
815 1537 1094 1592 voluerunt
1123 1529 1406 1602 potentiam
1441 1526 1645 1582 Domini
1671 1525 1772 1590 sui,
1797 1533 1855 1578 ut
1877 1523 2014 1578 dice-

435 1640 599 1687 renta
627 1644 683 1684 se
718 1628 908 1682 factum
939 1639 1057 1680 esse
1094 1621 1234 1694 quod
1267 1620 1354 1675 ille
1391 1621 1443 1673 in
1471 1618 1598 1688 ipsis
1626 1616 1868 1671 faciebat.
1903 1615 2012 1669 llo-

436 1737 618 1778 norem
667 1734 794 1789 ergo
839 1717 1101 1772 dederunt
1154 1713 1292 1769 servi
1343 1711 1566 1765 Domino
1594 1723 1692 1763 suo
1723 1723 1735 1758 :
1768 1707 2015 1760 dixerunt

433 1815 559 1885 quia
581 1829 698 1884 quae
722 1810 793 1865 illi
825 1809 1172 1870 mirabantur,
1204 1805 1255 1858 in
1285 1803 1498 1858 nomine
1521 1799 1838 1868 fierentejus
1857 1813 2012 1868 quem

434 1907 507 1961 illi
551 1904 946 1960 crncifixerunt.
999 1899 1068 1952 Et
1112 1896 1232 1952 facti
1271 1905 1393 1951 sunt
1438 1892 1684 1957 humiles,
1716 1888 2013 1958 compuncti

432 2006 558 2053 sunt
603 1995 795 2058 corde,
847 1989 1148 2048 conturbati
1203 1996 1327 2043 sunt
1376 1986 1689 2041 confitentes
1738 1989 2012 2051 peccatum

432 2104 616 2152 suum;
643 2096 698 2142 et
724 2083 1008 2140 consilium
1038 2080 1384 2151 quaesierunt,
1411 2075 1652 2130 dicentes
1685 2093 1696 2126 :
1732 2072 1867 2139 Quid
1897 2086 2014 2142 ergo

434 2175 846 2248 fuciemus?N0n
876 2174 1160 2241 desperant
1195 2168 1263 2224 de
1293 2167 1486 2229 salute,
1516 2164 1609 2219 sed
1636 2170 1881 2234 qumrunt
1906 2175 2016 2215 me-

431 2269 678 2323 dicinam.
706 2266 859 2321 Tunc
894 2265 968 2318 ait
1004 2263 1107 2317 illis
1141 2261 1328 2315 Petrus
1362 2257 1543 2327 :Agite
1572 2255 1934 2326 pmnitentiam,
1971 2261 2015 2306 et

430 2361 709 2430 baptizatur
732 2355 1068 2426 unusquisque
1091 2361 1304 2406 vestrum
1331 2350 1382 2403 in
1404 2348 1604 2402 nomine
1636 2345 1837 2400 Domini
1859 2344 2014 2399 nostri

432 2450 556 2502 Jrsu
595 2447 780 2501 Christi
811 2446 828 2514 (
855 2444 967 2498 Art.
997 2457 1052 2508 ιι,
1085 2457 1135 2495 tv
1169 2439 1209 2511 ).
1235 2440 1331 2507 Qui
1364 2445 1588 2508 egerunt
1626 2434 2011 2505 paenitentiam,

434 2539 658 2596 humiles
705 2537 956 2591 fuerunt:
989 2548 1094 2588 non
1141 2547 1268 2601 ergo
1296 2527 1692 2607 illisredditum
1734 2534 1834 2581 est.
1858 2525 2012 2591 Quia,

431 2630 550 2684 ride
594 2627 718 2699 quid
761 2628 901 2681 dicat
947 2625 1182 2694 psalmus
1212 2622 1347 2676 iste:
1378 2618 1639 2682 Exaltare,
1684 2615 1770 2687 qui
1811 2615 2016 2685 judicas

429 2719 826 2785 terram;redde
869 2715 1240 2771 retributionem
1267 2711 1512 2782 superbis.
1549 2709 1630 2764 Ab
1674 2709 1763 2763 illo
1794 2723 2016 2762 numero

429 2827 557 2884 ergo
582 2810 788 2880 excepti
835 2816 985 2864 erant
1013 2807 1124 2872 illi;
1159 2806 1208 2858 in
1241 2805 1342 2859 illis
1363 2803 1528 2856 valuit
1554 2816 1654 2854 vox
1689 2800 1775 2854 illa
1803 2799 2010 2853 Domini

431 2903 714 2975 pendentis
763 2902 814 2954 iu
859 2914 1037 2966 cruce,
1066 2908 1119 2952 et
1143 2896 1368 2952 dicentis
1399 2913 1411 2948 :
1441 2893 1615 2958 Pater,
1652 2894 1854 2963 ignosce
1880 2892 2011 2957 illis,

429 2995 548 3065 quia
573 2993 798 3048 nesciunt
832 2991 954 3062 quid
980 2989 1173 3059 faciunt
1199 2988 1216 3058 (
1249 2986 1373 3039 Luc.
1399 3001 1553 3048 mu,
1575 2985 1644 3039 34
1673 2983 1713 3054 ).
1744 2981 2010 3042 Exaltare.

428 3088 514 3156 qui
525 3086 734 3156 judicas
755 3094 975 3144 terram;
1000 3081 1152 3136 redde
1177 3080 1548 3133 retributionem
1576 3077 1825 3148 superbis.
1871 3075 2014 3145 Ergo

430 3176 730 3236 redditurus
741 3182 820 3229 cst
834 3171 1265 3227 retributionem?
1289 3168 1434 3223 Rcdd
1446 3168 1627 3240 iturus,
1645 3165 1737 3220 sed
1751 3165 2012 3235 superbis.

502 3269 555 3322 9.
582 3265 736 3339 {uera
766 3267 819 3331 ὅ,
842 3263 922 3336 4.]
961 3262 1065 3318 Sed
1109 3260 1351 3330 quando?
1377 3258 1589 3330 quando
1614 3257 1836 3312 reddet?
1877 3256 2015 3311 lnte-‘

427 3349 528 3414 'riin
559 3358 680 3414 mali
711 3345 1053 3425 triumphant,
1087 3363 1142 3408 et
1163 3352 1431 3407 exsultant
1452 3350 1596 3416 mali,
1643 3349 2016 3418 blasphemant

431 3447 804 3520 mali..-;omnia
853 3445 988 3499 mala
1029 3437 1244 3498 faciunt.
1301 3442 1471 3496 Movet
1526 3441 1610 3496 te?
1659 3440 1788 3494 Cum
1825 3440 2016 3508 pietate

429 3515 628 3611 qua-rd,
678 3552 781 3592 non
838 3551 959 3591 cum
1007 3534 1251 3603 superbia
1293 3532 1644 3602 reprehendo.
1701 3531 1876 3585 Movet.
1929 3531 2016 3586 te?

429 3630 760 3702 Conipatitur
790 3626 881 3682 tibi
920 3634 973 3681 et
997 3625 1258 3691 Psalmus,
1299 3624 1490 3694 quierit
1517 3631 1713 3688 tecum,
1761 3635 1864 3676 non
1895 3622 2015 3692 quia

432 3720 630 3796 nescit;
656 3717 748 3774 sed
773 3718 890 3772 ideo
923 3725 1094 3772 tecum
1116 3715 1307 3785 qumrit
1335 3712 1475 3783 quod
1497 3713 1616 3778 scit,
1649 3721 1707 3767 ut
1735 3712 1787 3766 in
1814 3711 1903 3767 illo
1934 3712 2016 3766 in-

432 3811 613 3868 venias
651 3811 793 3882 quod
837 3809 1134 3866 nesciebas.
1184 3808 1463 3875 Quomodo
1505 3806 1595 3876 qui
1636 3805 1747 3859 vult
1787 3806 2016 3876 aliquem

431 3904 715 3980 consolari,
765 3903 863 3957 nisi
897 3901 1176 3958 condolcat
1206 3915 1325 3955 cum
1356 3899 1468 3965 illo,
1516 3913 1618 3954 non
1651 3899 1795 3953 illum
1825 3901 2012 3969 erigit:

437 3999 579 4070 prius
606 4011 726 4053 cum
757 3996 846 4051 illo
871 3994 1038 4060 dolet,
1083 4002 1134 4049 et
1161 3993 1238 4048 sic
1271 4007 1390 4047 eum
1421 3991 1591 4047 reﬁcit
1618 4005 1865 4046 sermone
1887 4005 2016 4045 con-

433 4090 705 4146 solatorie.
729 4087 782 4143 Si
803 4097 978 4141 autem
1007 4087 1167 4140 intret
1189 4084 1256 4140 ad
1275 4084 1422 4139 illum
1449 4082 1628 4138 ridens
1656 4084 1853 4138 luctum
1879 4083 2014 4152 ejus,

435 4197 539 4252 non
569 4180 692 4248 facit
721 4165 858 4248 quod
905 4176 1061 4232 modo
1092 4176 1286 4230 lectum
1332 4183 1434 4240 est,
1485 4174 1694 4230 dicente
1721 4175 1976 4245 Apostolo
2003 4195 2014 4229 :

437 4255 669 4334 Gaudere
711 4283 825 4344 cum
866 4267 1215 4338 gaudentibus,
1259 4267 1380 4336 ﬂere
1423 4281 1537 4318 cum
1564 4265 1795 4334 ﬂentibus
1841 4266 2014 4334 (Rom.

439 4378 534 4430 ιιι,
569 4363 681 4433 15).
712 4349 852 4430 Eg’go
883 4369 938 4413 ut
961 4357 1187 4429 gaudeat
1213 4367 1408 4423 tecum,
1439 4357 1584 4426 prius
1623 4356 1719 4412 ﬂes
1739 4372 1858 4412 cum
1888 4358 2015 4422 illo;

435 4437 770 4514 contristarii
790 4469 909 4510 cum
939 4453 1048 4514 illo,
1082 4460 1135 4504 ut
1167 4451 1370 4506 relicias
1397 4465 1518 4505 eum
1552 4466 1565 4502 :
1598 4449 1675 4504 sic
1695 4459 1750 4504 et
1776 4449 2018 4505 Psalmus

435 4562 489 4607 et
513 4545 880 4620 Spiritns'Dci,
931 4545 1110 4613 utique
1148 4543 1323 4597 munia
1363 4541 1558 4606 sciens,
1610 4542 1798 4612 quierit
1823 4551 2015 4608 tecum,

435 4642 586 4713 quasi
628 4638 785 4696 verba
817 4645 902 4692 tua
946 4635 1090 4690 dicit.
1139 4633 1404 4704 Usquequo
1447 4643 1751 4705 peccatores,
1786 4632 2015 4699 Domine,

437 4747 694 4802 usquequo
736 4737 1020 4783 ueccatores
1070 4725 1455 4797 gloriabuntur;
1503 4724 1822 4796 respondent,
1870 4725 2017 4778 etla-

436 4833 652 4893 quentur
685 4819 1026 4891 iniquitatem;
1077 4817 1339 4884 loquentur
1389 4831 1559 4869 omnes
1603 4815 1688 4883 qui
1748 4825 2021 4884 cperautur

435 4911 782 4984 injustitiam?
815 4908 951 4976 Quid
985 4909 1286 4979 loquentur,
1337 4906 1438 4961 nisi
1480 4917 1665 4961 contra
1698 4905 1883 4974 Deum,
1930 4922 2018 4981 qui

438 5006 660 5061 dicunt:
704 5002 842 5071 Quid
889 5001 1041 5056 nobis
1065 4999 1285 5071 prodest
1311 4999 1432 5068 quia
1475 4999 1552 5052 sic
1582 4997 1842 5053 vivimus?
1883 4999 2019 5066 Quid

437 5099 676 5153 dicturus
701 5095 792 5151 es?
824 5095 958 5150 Vere
975 5102 1127 5149 curat
1151 5092 1248 5146 ista
1270 5106 1389 5162 quae
1413 5089 1636 5144 facimus
1674 5089 1851 5145 Deus?
1889 5090 2022 5162 Quia

439 5189 581 5243 enim
607 5188 806 5249 vivunt.
835 5191 1021 5254 putant
1043 5183 1209 5238 Deum
1231 5180 1439 5235 nescire
1467 5179 1606 5249 quod
1639 5178 1855 5234 faciunt.
1891 5179 2022 5236 Vide

439 5279 565 5350 quid
587 5278 712 5335 mali
729 5277 834 5333 illis
856 5273 1302 5346 contingatlQuia
1325 5272 1369 5326 si
1391 5269 1733 5327 stationarios
1748 5270 1822 5341 (a)
1839 5270 2018 5339 sciret,-

503 5436 519 5468 ¹
557 5435 638 5485 ttic
656 5436 704 5482 in
729 5435 884 5484 tribus
907 5441 1012 5483 MSS.
1045 5430 1249 5489 additur,
1275 5434 1430 5478 erant.

509 5519 581 5582 (a)
605 5517 912 5582 Statioparios
938 5515 1172 5582 vocabant
1197 5510 1405 5582 .milites.
1433 5514 1497 5582 et
1513 5508 1835 5582 apparitores.
1855 5509 2022 5582 praesit

439 5573 728 5630 duin'certis
747 5575 867 5628 locta
888 5589 976 5638 per
998 5573 1270 5638 provincias
1292 5578 1344 5621 et
1362 5573 1590 5638 civitates
1612 5573 1915 5638 constitutos,
1940 5573 2022 5638 qui

440 5629 624 5692 notoria
644 5641 843 5697 crimina
864 5629 1210 5702 denuntiabant
1247 5632 1622 5702 magistratibus,
1666 5644 1725 5702 es
1755 5629 1788 5676 1.
1820 5631 1866 5702 l,
1888 5636 1938 5702 (τε
1959 5629 2024 5680 de

440 5691 618 5754 curius.
639 5709 692 5751 et
714 5693 958 5752 Stationar.
981 5691 1104 5748 libro
1131 5696 1200 5756 1‘2,
1230 5703 1280 5746 ot
1306 5691 1365 5743 ei:
1396 5693 1426 5743 l.
1452 5693 1532 5752 3f,
1555 5693 1618 5740 de
1647 5694 1796 5754 cpisc.
1823 5699 1872 5740 et
1897 5691 2021 5742 clcr.

440 5760 492 5815 in
515 5765 622 5814 (lxi.
650 5762 832 5813 'l‘heod.
1797 5792 1800 5795 .

1641 314 1694 369 S.
1737 307 2100 366 AUGUSTINI
2141 308 2436 365 EPISCOPI

3565 313 3706 371 i200

2120 429 2324 476 teneret
2346 423 2461 477 illos
2487 439 2498 488 ;
2529 433 2581 478 et
2607 422 2723 478 ideo
2748 422 2916 478 vitant
2942 423 3126 479 oculos
3145 425 3460 495 stationarii,
3491 443 3558 484 ne
3586 441 3699 484 Sla-

2120 521 2213 574 tim
2242 529 2518 576 teneantur
2545 537 2557 573 :
2591 521 2772 576 oculos
2801 521 2941 575 enim
2976 520 3072 576 Dei
3102 522 3270 577 vitare
3297 532 3455 578 nemo
3484 535 3658 595 potest
3685 543 3699 588 ;

2119 613 2240 681 quia
2266 627 2371 668 non
2399 614 2571 668 solum
2591 613 2644 668 in
2659 612 2903 669 cubiculo
2925 612 3088 681 videt,
3119 614 3212 669 sed
3237 624 3292 670 et
3315 616 3496 670 intima
3524 619 3702 671 cordis

2121 702 2217 756 tui.
2242 702 2487 772 Cogitant
2509 712 2562 759 et
2592 704 2689 774 ipsi
2715 705 2836 775 quia
2861 703 2988 758 nihil
3020 713 3192 773 potest
3218 704 3385 760 latere
3417 706 3613 771 Deum;
3648 719 3704 762 et

2119 793 2239 862 quia
2271 791 2487 859 faciunt,
2511 803 2564 848 et
2586 794 2759 848 sciunt
2781 793 2904 864 quid
2935 793 3191 861 fecerunt,
3238 805 3292 850 et
3319 796 3501 851 vident
3536 811 3595 852 se
3620 799 3705 851 vi-

2120 898 2244 938 vere
2269 883 2470 939 scicnte
2493 884 2620 948 Deo,
2642 885 2730 954 qui
2749 900 2853 940 non
2875 883 3114 940 viverent
3136 886 3338 941 sciente
3366 887 3701 950 stationarin,

2120 974 2300 1030 dicunt
2344 977 2491 1031 sibi:
2545 976 2764 1032 Placent
2819 978 2914 1032 ista
2975 979 3120 1042 Deo;
3193 986 3248 1034 et
3297 993 3483 1034 revera
3533 981 3577 1034 si
3630 982 3704 1034 illi

2120 1067 2459 1138 displicerent
2494 1067 2629 1124 facta
2669 1079 2869 1135 nostra,
2895 1070 3164 1140 quomodo
3202 1071 3486 1142 displicent
3513 1073 3706 1142 judici-

2121 1158 2238 1222 bus,
2272 1159 2536 1229 quomodo
2564 1160 2844 1231 displicent
2867 1161 3098 1231 regibus,
3128 1163 3396 1232 quomodo
3421 1164 3702 1234 displicent

2121 1249 2546 1320 imperatoribus,
2564 1260 2618 1306 et
2632 1251 2898 1321 quomodo
2917 1251 3198 1321 displicent
3217 1257 3705 1311 commentariensi-

2114 1339 2218 1411 bus
2259 1339 2357 1412 (a),
2408 1340 2663 1412 numquid
2709 1342 2976 1412 quomodo
3003 1344 3214 1399 illorum
3245 1347 3428 1400 oculos
3452 1346 3700 1412 vitamus,

2121 1432 2286 1486 vitare
2311 1447 2588 1501 possemus
2614 1435 2796 1488 oculos
2829 1433 2958 1490 Dei?
3005 1434 3144 1504 Ergo
3188 1436 3399 1505 placent
3442 1437 3538 1490 ista
3571 1437 3699 1492 Deo.

2122 1524 2247 1578 Ideo
2275 1525 2325 1579 in
2356 1525 2460 1580 alio
2489 1525 2692 1594 psalmo
2718 1525 2982 1594 peccaturi
3031 1525 3242 1593 dicitur,
3285 1527 3410 1582 Hcce
3437 1529 3609 1596 fecisti,
3659 1539 3704 1582 et

2121 1616 2254 1669 tacui
2268 1632 2285 1679 ;
2298 1617 2580 1685 suspicatus
2595 1633 2645 1670 es
2659 1617 2988 1684 iniquitatem,
3007 1620 3142 1687 quod
3152 1636 3235 1672 ero
3253 1619 3338 1673 tibi
3353 1620 3553 1674 similis.
3566 1621 3704 1688 Quid

2121 1717 2222 1774 est,
2254 1724 2339 1762 ero
2376 1709 2463 1762 tibi
2500 1709 2721 1764 similis?
2764 1710 2834 1764 Ut
2873 1711 3140 1780 quomodo
3175 1713 3264 1765 tibi
3305 1713 3474 1780 placet
3507 1713 3704 1768 factum

2123 1811 2267 1856 tuum
2299 1801 2518 1870 malum,
2550 1801 2628 1858 sic
2658 1811 2808 1873 putes
2836 1803 2955 1873 quia
2985 1812 3038 1858 et
3066 1805 3192 1858 mihi
3222 1805 3411 1874 placet.
3441 1805 3507 1861 Et
3534 1807 3704 1861 mina-

2124 1903 2207 1948 tur
2251 1896 2302 1950 in
2342 1905 2611 1966 posterum
2645 1913 2657 1948 ε
2693 1897 2914 1968 Arguam
2960 1907 3007 1951 te
3043 1897 3218 1967 (Psal.
3248 1915 3388 1964 xux,
3415 1899 3529 1970 21).
3561 1900 3704 1970 Ergo

2123 2005 2226 2044 non
2259 1998 2398 2045 Iacet
2417 1989 2503 2061 qui
2532 1989 2683 2054 dixit,
2720 1991 2870 2043 tacui.
2894 1989 3028 2044 Cum
3056 1990 3276 2056 diceret,
3303 1990 3429 2045 Haec
3453 1992 3632 2062 fecisti,
3658 2004 3705 2046 et

2123 2080 2259 2132 tacui
2280 2095 2299 2142 ;
2323 2080 2605 2149 suspicatus
2625 2096 2675 2134 es
2699 2080 3031 2151 iniquitatem,
3058 2081 3194 2151 quod
3214 2098 3298 2135 ero
3319 2082 3394 2134 tui
3414 2083 3628 2149 similis;
3651 2095 3703 2138 et

2125 2185 2226 2224 non
2259 2171 2418 2225 tacuit
2453 2172 2490 2224 '.
2523 2170 2654 2226 Cum
2681 2173 2820 2226 enim
2848 2187 2945 2227 nos
2970 2173 3257 2243 loquimur,
3287 2174 3373 2228 illc
3396 2189 3500 2228 non
3531 2183 3700 2241 tacet,

2121 2278 2240 2316 cum
2270 2265 2410 2320 enim
2450 2264 2616 2319 lector
2644 2265 2789 2334 legit,
2833 2265 2924 2321 ille
2965 2281 3068 2321 non
3098 2276 3290 2333 tacet;-
3317 2283 3435 2321 cum
3465 2268 3704 2323 Psalmus

2125 2358 2220 2411 ista
2247 2366 2442 2424 cantat,
2496 2357 2582 2412 ille
2613 2373 2716 2413 non
2759 2367 2896 2413 taeet
2925 2376 2937 2412 :
2968 2368 3022 2412 et
3053 2359 3165 2412 ista:
3201 2375 3388 2414 omnes
3424 2375 3582 2415 voces
3611 2361 3704 2414 Dei

2123 2461 2218 2516 per
2238 2448 2419 2503 orbun
2444 2457 2703 2502 terrarum
2731 2447 2877 2502 fiunt.
2907 2448 3186 2516 Quomodo
3212 2465 3339 2519 ergo
3371 2457 3528 2518 tacet,
3573 2467 3708 2522 quo—

2123 2537 2281 2593 modo
2303 2554 2404 2593 non
2424 2541 2600 2594 tacet?
2626 2537 2740 2594 Non
2771 2549 2908 2594 tacet
2928 2543 2981 2595 in
3003 2542 3187 2606 verba,
3217 2552 3354 2598 tacet
3373 2544 3429 2598 in
3454 2543 3702 2600 vindicta.

2123 2629 2256 2697 Quid
2288 2639 2370 2686 est.
2394 2647 2540 2701 ergo,
2593 2631 2713 2685 Iltvc
2740 2633 2920 2704 fecisti,
2968 2643 3012 2687 et
3048 2635 3182 2688 tacui
3207 2636 3231 2688 .7
3273 2635 3395 2691 "me
3426 2636 3614 2701 fecisti,
3651 2647 3708 2692 ct

2123 2737 2226 2776 non
2258 2721 2542 2776 vindicavi.
2573 2723 2872 2793 Suspicatus
2905 2742 2955 2779 es
2983 2726 3315 2796 iniquitatem,
3355 2729 3488 2796 quod
3527 2747 3610 2783 ero
3632 2731 3708 2783 tui

2121 2813 2317 2866 similis.
2350 2813 2422 2867 De
2443 2813 2552 2882 ipsa
2583 2814 2826 2869 vindicta:
2857 2815 3232 2881 taciturnitate,
3263 2817 3312 2871 id
3348 2829 3449 2882 est,
3482 2817 3549 2894 de
3586 2835 3707 2874 ces-

2123 2905 2326 2959 satione
2379 2903 2643 2971 vindictm,
2695 2906 2800 2959 alio
2848 2905 2967 2961 loco
3009 2907 3182 2962 dicit:
3219 2908 3414 2975 Tacui;
3462 2913 3708 2981 numquid

2121 3011 2315 3064 semper
2361 2995 2527 3047 tacebo
2560 2993 2711 3060 (Isai.
2756 3011 2882 3061 XLII,
2927 2997 3036 3066 M).
3087 2996 3352 3068 Usquequo
3398 3010 3703 3069 peccatores,

2124 3084 2358 3150 Domine,
2390 3102 2640 3156 usquequo
2663 3097 2946 3155 peccatores
2975 3086 3357 3158 gloriabuntur;
3383 3093 3704 3157 respondent,

2123 3187 2168 3230 et
2195 3177 2456 3247 loquentur
2482 3178 2824 3248 iniquitatem;
2855 3180 3119 3248 loquentur
3143 3197 3313 3236 omnes
3331 3184 3415 3246 qui
3437 3194 3726 3252 operantur

2124 3270 2458 3340 injustitiam?
2502 3269 2569 3324 Et
2593 3269 2721 3325 dicit
2749 3271 2923 3326 omnia
2961 3285 3144 3341 opera.
3174 3272 3515 3342 Respondent,
3552 3273 3708 3331 clleo

2123 3372 2336 3431 queatur
2378 3363 2709 3432 iniquitatem.
2742 3363 2877 3430 Quid
2907 3374 3007 3429 est,
3041 3365 3383 3434 respondent?
3409 3364 3600 3420 Contra
3624 3367 3710 3434 ju-

2125 3464 2265 3508 stum
2298 3453 2493 3508 habent
2520 3454 2659 3524 quod
2703 3454 3079 3524 respondeant.
3113 3456 3267 3511 Venit
3289 3457 3464 3526 justus
3492 3459 3704 3528 aliquis,

2124 3553 2180 3599 et
2204 3544 2364 3599 dicit:
2395 3545 2512 3600 Noli
2535 3545 2706 3601 facere
2725 3545 3074 3616 iniquitatem.
3103 3547 3277 3614 Quare
3297 3549 3320 3602 ?
3340 3549 3417 3605 Ne
3440 3551 3705 3606 moriaris.

2125 3635 2261 3690 Ecce
2283 3636 2378 3691 feci
2409 3637 2733 3707 iniquitatem
2759 3655 2773 3703 ;
2793 3653 2957 3708 quare
2979 3655 3084 3693 non
3105 3640 3308 3694 morior
3325 3640 3348 3692 ?
3366 3639 3456 3695 llle
3475 3640 3599 3696 fecit
3615 3641 3708 3710 ju-

2123 3729 2342 3794 stitiam,
2369 3737 2420 3782 ct
2449 3739 2687 3784 mortuus
2711 3738 2792 3785 est
2823 3747 2835 3784 :
2867 3745 3030 3800 quare
3061 3739 3302 3786 mortuus
3322 3732 3440 3786 est?
3477 3733 3587 3803 Ego
3607 3733 3707 3789 feci

2127 3819 2452 3890 iniquitatem
2473 3836 2488 3886 ;
2508 3836 2673 3891 quare
2689 3837 2775 3876 mc
2791 3836 2894 3877 non
2915 3821 3130 3876 abstulit
3149 3823 3327 3878 Deus?
3345 3823 3500 3889 Ecce,
3522 3825 3610 3880 ille
3625 3825 3706 3880 fc-

2125 3911 2194 3966 cit
2224 3913 2480 3982 justitiam
2506 3930 2520 3978 ;
2561 3922 2614 3968 et
2638 3929 2802 3984 quare
2827 3915 2903 3969 sic
2928 3913 2980 3968 in
3011 3915 3155 3968 illum
3185 3915 3510 3971 vindicavit?
3544 3931 3724 3987 quare

2127 4006 2215 4061 ille
2240 4007 2316 4061 sic
2337 4006 2582 4061 laborat?
2608 4007 2928 4076 respondent
2952 4023 2966 4072 ;
2997 4008 3097 4061 hoc
3117 4015 3216 4072 est,
3239 4008 3561 4079 respondent,
3585 4010 3707 4079 quia

2125 4097 2317 4152 habent
2341 4098 2481 4167 quod
2503 4097 2706 4163 dicant;
2733 4098 2850 4169 quia
2870 4099 3103 4168 parcitur
3122 4099 3242 4163 illis,
3261 4099 3328 4154 de
3345 4100 3594 4169 patientia
3614 4099 3706 4155 Dei

2126 4187 2397 4241 inveniunt
2429 4195 2796 4258 argumentum
2840 4189 3202 4258 responsionis
3237 4204 3367 4244 suae.
3412 4190 3587 4245 Parcit
3619 4191 3710 4246 ille

2126 4287 2342 4348 propter
2366 4279 2529 4342 aliud,
2566 4278 2889 4348 respondent
2910 4279 2982 4333 illi
3016 4289 3235 4350 propter
3263 4280 3422 4347 aliud,
3481 4281 3603 4351 quia
3625 4281 3707 4335 vi-

2125 4378 2273 4424 vunt.
2306 4370 2480 4438 Quare
2501 4372 2640 4425 enim
2661 4381 2845 4442 parcat
2870 4371 2976 4439 ille,
3005 4371 3132 4427 dicit
3158 4373 3461 4442 Apostolus,
3490 4374 3710 4444 exponit

2125 4461 2402 4516 consilium
2423 4461 2686 4531 patientia:
2703 4462 2793 4517 Dei
2811 4461 3424 4533 :.Existintas,inquit,qui
3437 4464 3559 4516 talia
3575 4465 3705 4533 agis,

2126 4557 2244 4626 quia
2269 4564 2320 4608 tu
2344 4552 2554 4625 e/fugies
2565 4553 2821 4624 judicium
2849 4553 2986 4608 Dei?
3004 4556 3082 4608 An
3104 4554 3302 4608 divitias
3322 4555 3642 4626 benignitatis
3661 4564 3710 4609 et

2128 4647 2522 4717 louganimitatis
2552 4647 2660 4717 ejus
2692 4646 2986 4712 contemnis,
3020 4647 3259 4717 ignorans
3279 4648 3299 4677 '
3325 4648 3444 4716 quia
3469 4647 3709 4716 patientia

2128 4736 2226 4791 Dei
2251 4735 2318 4790 ad
2354 4738 2693 4806 paenitentiam
2721 4746 2768 4792 te
2788 4736 3038 4791 adducit?
3081 4737 3156 4791 Tu
3177 4746 3365 4802 autem,
3395 4739 3444 4792 id
3472 4746 3571 4804 est,
3621 4738 3710 4793 ille

2127 4828 2219 4899 qui
2249 4828 2534 4899 respondet
2560 4838 2614 4882 et
2638 4827 2784 4892 dicit,
2831 4829 2885 4884 Si
2911 4829 3245 4898 displicerem
3279 4830 3408 4896 Deo,
3439 4844 3544 4885 non
3576 4829 3708 4884 mihi

2131 4929 2369 4990 parceret
2397 4920 2536 4975 Deus
2564 4936 2578 4974 :
2610 4920 2729 4976 vide
2749 4919 2872 4989 quid
2897 4921 2997 4975 sibi
3025 4921 3166 4983 facit,
3194 4920 3316 4974 audi
3349 4921 3660 4990 Apostolnm
3693 4941 3706 4975 :

2128 5013 2208 5068 Tu
2230 5023 2396 5068 autem
2420 5013 2690 5068 secundum
2719 5013 2957 5065 duritiam
2987 5013 3152 5065 cordis
3182 5014 3256 5065 tui
3293 5022 3338 5065 et
3363 5029 3448 5066 cor
3473 5013 3723 5080 intptrnio’

2131 5116 2256 5171 tens,
2279 5106 2588 5160 thesaurisas
2619 5105 2706 5158 tibi
2739 5105 2866 5157 iram
2886 5103 2940 5156 in
2959 5102 3040 5155 die
3067 5103 3160 5156 ira:
3182 5111 3228 5156 et
3253 5101 3571 5156 reuelationis
3581 5102 3710 5171 justi

2119 5199 2304 5270 judicii
2328 5196 2444 5260 Dei,
2488 5199 2573 5267 qui
2610 5196 2780 5250 recidet
2829 5196 3094 5265 unicuique
3123 5195 3396 5250 secundum
3437 5212 3591 5265 opera
3619 5212 3713 5248 sua

2132 5293 2308 5363 (Rom.
2333 5307 2387 5356 ιι,
2419 5293 2452 5347 5
2483 5291 2560 5360 6).
2606 5290 2697 5345 ille
2719 5303 2847 5360 ergo
2877 5296 3033 5359 auget
3067 5288 3540 5361 longanimitatcm,
3574 5297 3624 5342 ct
3660 5298 3712 5341 tu

2195 5495 2210 5524 ί
2246 5496 2320 5538 Er.
2342 5495 2460 5537 ven.
2480 5493 2532 5537 et
2556 5495 2682 5536 t.ov.:
2709 5493 2827 5534 Cum
2850 5485 2986 5542 dicit,
3007 5486 3188 5534 hcce...
3207 5497 3299 5533 non
3322 5489 3461 5534 tacet.
3532 5493 3585 5532 tu.

2193 5557 2213 5585 ¹
2248 5551 2378 5608 Fdd.,
2403 5549 2612 5611 ignoras.
2640 5555 2694 5597 At
2715 5545 2926 5595 melioris
2947 5555 3072 5595 notae
3095 5554 3222 5604 Mss,
3249 5546 3493 5611 ignorans.

2193 5624 2266 5687 (a)
2290 5629 2782 5687 Commentartenscs
2797 5618 3364 5687 dicebanttn‘hcarccrum
3402 5617 3636 5680 pricfecti,
3665 5631 3712 5687 ex

2134 5679 2322 5743 noiai'ii,
2339 5695 2544 5745 quorum
2567 5688 2673 5745 erat
2694 5681 2910 5745 rationes
2931 5679 3255 5745 custodiarum
3279 5693 3334 5730 ac
3356 5679 3551 5730 reorum
3571 5681 3710 5729 contr

2135 5761 2270 5809 cere,
2296 5743 2616 5798 et‘crimiuum
2642 5743 2977 5804 inscriptiones
2997 5743 3236 5804 recinere.
