4056 6546
349 438 482 494 1301

345 568 514 625 auges
537 550 888 622 iniquitatem.
911 547 1026 606 Erit
1051 549 1194 605 illius
1215 548 1490 604 thesaurus
1507 548 1558 602 in
1581 549 1898 618 sempiterna
1919 552 1934 582 ι

347 644 720 700 misericordia
743 643 796 698 in
817 657 912 698 eos
928 642 1015 712 qui
1043 657 1148 696 non
1169 649 1606 710 contempserunt
1633 641 1936 696 misericor-

349 734 530 800 diam;
587 742 712 790 tuus
739 743 918 788 autem
967 731 1248 788 thesaurus
1295 735 1348 787 in
1391 732 1468 788 ira
1519 733 1834 798 invenietur,
1889 742 1944 787 et

349 824 496 896 quod
545 825 698 894 ponis
727 823 966 894 quotidie
1013 838 1110 893 per
1153 823 1438 890 modicum,
1487 835 1672 893 postea
1712 837 1941 878 massam

351 916 666 970 inventurus
689 929 748 970 es
777 931 790 968 :
835 913 1138 969 minutatim
1168 913 1342 982 ponis,
1371 913 1464 969 sed
1493 913 1764 968 cumulum
1797 915 1944 968 inve-

351 1008 492 1064 nies.
534 1007 654 1062 Noli
679 1005 958 1062 attendere
982 1003 1184 1060 minuta
1229 1014 1446 1074 peccata
1473 1013 1559 1060 tua
1600 1005 1944 1075 quotidiana;

353 1099 422 1156 de
448 1099 824 1154 minutissimis
851 1097 1015 1169 guttis
1044 1097 1262 1168 flumina
1289 1097 1594 1166 implentur.

429 1191 520 1248 1.).
550 1190 699 1264 ἴδει-ς.
727 1192 779 1257 5,
809 1189 888 1262 6.]
912 1189 1048 1258 Quid
1070 1198 1247 1246 autem
1276 1189 1348 1244 illi
1375 1187 1594 1259 faciunt,
1617 1189 1704 1258 qui
1727 1202 1950 1258 respon-

355 1285 490 1339 dent
515 1291 572 1338 ct
597 1284 879 1354 loquentur
905 1281 1255 1351 iniquitatem,
1283 1280 1404 1350 quia
1424 1279 1620 1340 faciunt
1641 1287 1698 1336 et
1717 1278 1952 1349 parcitur

357 1375 484 1430 eis?
521 1371 787 1444 Populum
824 1381 983 1436 tuum,
1028 1369 1263 1435 Domine,
1291 1369 1678 1432 humiliaverunt
1703 1386 1722 1424 :
1755 1367 1810 1424 id
1847 1377 1949 1434 est,

355 1480 552 1522 omnes
595 1465 684 1536 qui
729 1463 874 1535 juste
918 1464 1124 1528 vivunt,
1175 1463 1228 1517 in
1269 1477 1402 1533 quos
1447 1462 1632 1518 volunt
1667 1462 1950 1534 superbire

358 1573 554 1614 omnes
577 1557 722 1612 mali.
759 1556 1019 1626 Papulunt
1047 1565 1208 1622 tuum,
1263 1554 1498 1621 Domine,
1537 1555 1952 1622 humilianerunt,

360 1659 408 1704 et
436 1649 778 1704 hmaditatem
799 1659 936 1702 tuam
957 1657 1257 1704 vexaverant
1283 1663 1300 1700 :
1331 1646 1534 1702 viduam
1557 1657 1606 1702 et
1625 1646 1852 1720 pupillos
1876 1647 1956 1700 ἰη-

365 1743 690 1812 tet-fecerunt,
733 1749 780 1796 et
805 1739 1118 1811 proselgtum
1145 1739 1433 1794 occiderunt
1458 1753 1475 1793 :
1501 1739 1553 1794 id
1575 1749 1680 1806 est,
1709 1735 1952 1810 peregri-

363 1850 517 1899 num,
545 1834 828 1900 advenam,
850 1833 1198 1888 adventitium
1223 1847 1238 1898 ;
1267 1832 1438 1902 ipsum
1461 1831 1589 1886 dicit
1612 1833 1956 1903 proselytum.

365 1923 644 1980 Manifesta
685 1931 810 1980 sunt
851 1924 952 1980 ista
980 1921 1208 1994 singula,
1261 1936 1360 1979 nec
1383 1936 1518 1993 opus
1547 1931 1629 1978 est
1655 1923 1710 1978 in
1751 1922 1834 1979 his
1861 1922 1962 1992 int-

367 2016 593 2076 morari.

449 2108 536 2162 11.
578 2106 728 2180 [rers.
770 2105 848 2178 7.]
889 2105 958 2162 Et
1003 2107 1256 2174 dixerunt,
1301 2105 1424 2161 Non
1462 2107 1641 2172 videbit
1691 2105 1962 2161 Dominus.

379 2198 498 2256 Non
538 2199 756 2254 attendit
797 2199 919 2266 ista,
965 2199 1179 2270 negligit
1211 2204 1330 2264 ista,
1373 2199 1506 2266 alias
1536 2213 1620 2254 res
1655 2207 1826 2265 curat,
1861 2215 1965 2258 non

381 2289 650 2360 intelligit.
697 2289 794 2344 Ha:
838 2291 979 2344 enim
1011 2290 1128 2344 dum
1175 2304 1337 2348 voces
1379 2299 1504 2344 sunt
1533 2289 1794 2344 malorum
1823 2307 1836 2344 :
1866 2303 1966 2344 una

375 2395 536 2450 quam
561 2381 672 2450 jam
693 2380 823 2447 dixi,
853 2381 980 2436 Ilazc
1007 2382 1192 2450 fecisti,
1226 2391 1272 2436 et
1302 2383 1468 2435 tacui:
1497 2375 1780 2454 suspicatus
1803 2399 1854 2438 es
1871 2383 1944 2440 ini
1955 2413 1972 2424 -

373 2473 636 2542 quitatem,
661 2473 797 2544 quod
834 2489 917 2528 ero
950 2473 1037 2526 tibi
1072 2473 1272 2528 similis.
1303 2471 1436 2539 Quid
1467 2481 1571 2538 est,
1597 2473 1730 2544 quod
1772 2488 1856 2538 ero
1883 2472 1972 2525 tibi

376 2564 598 2618 similis?
641 2563 804 2618 Putas
845 2563 969 2634 quia
998 2563 1152 2619 video
1184 2563 1318 2620 facta
1347 2570 1458 2630 tua,
1489 2571 1543 2616 et
1570 2562 1784 2631 placent
1813 2562 1965 2624 mihi,

379 2657 503 2726 quia
528 2671 638 2712 non
666 2656 895 2711 vindico.
943 2655 1060 2710 Alia
1089 2665 1171 2710 est
1210 2671 1310 2710 vox
1337 2655 1641 2725 iniquorum
1669 2673 1680 2708 :
1714 2653 1846 2721 Quia
1875 2671 1974 2711 nec

379 2747 609 2804 attendit
637 2749 738 2804 ista
782 2749 944 2814 Dens,
989 2765 1087 2804 nec
1111 2749 1350 2804 advertit.
1383 2758 1442 2816 ut
1470 2748 1604 2803 sciat
1629 2748 1976 2818 quemadmo-

383 2839 510 2894 dum
537 2839 735 2903 vivam,
785 2854 890 2894 non
939 2853 1024 2894 me
1053 2847 1204 2894 curat
1245 2839 1408 2894 Deus.
1447 2839 1586 2909 Ergo
1634 2839 1773 2894 inter
1803 2838 1975 2910 aliqua

383 2947 474 2988 me
497 2939 772 3001 computat
791 2931 932 2988 Deus
956 2932 980 2986 ’ἒ
1004 2941 1094 2987 aut
1119 2947 1255 2987 vere.
1272 2945 1360 2986 me
1404 2939 1648 2987 numerat
1676 2931 1860 2988 Deus?
1889 2941 1980 2986 aut

385 3025 536 3094 ipsos
559 3023 808 3079 homines
829 3024 1114 3084 numerat?
1143 3023 1326 3080 Infelix
1355 3023 1546 3080 homo!
1576 3033 1634 3078 ut
1654 3038 1802 3080 esses
1825 3039 1978 3080 cura-

387 3116 500 3178 vit;
545 3123 604 3169 ut
627 3116 764 3174 bene
789 3115 936 3181 vivas
959 3130 1068 3170 non
1107 3116 1296 3182 curat?
1345 3114 1572 3170 Istorum
1595 3129 1724 3184 ergo
1751 3115 1850 3170 ista
1879 3129 1979 3172 vox

389 3215 496 3260 est.
521 3203 590 3258 Et
615 3206 872 3274 dixerunt,
904 3205 1025 3273 Non
1051 3205 1232 3273 uidebit
1260 3203 1538 3280 Dominus,
1557 3223 1715 3277 neque
1739 3207 1982 3278 intelliget

392 3293 536 3348 Deus
561 3294 746 3350 Iacob.

469 3386 557 3440 19..
601 3385 752 3458 [τετε.
779 3387 857 3459 8.]
900 3386 1176 3457 lntelligite
1201 3402 1336 3448 nunc
1364 3387 1448 3456 qui
1485 3387 1774 3456 insipientes
1796 3387 1914 3448 estis
1933 3388 1984 3440 in

397 3480 612 3548 populo,
640 3487 688 3532 et
711 3479 854 3533 stulti
884 3479 1160 3550 aliquando
1185 3479 1365 3549 sapite.
1397 3478 1654 3548 Populum
1680 3494 1832 3540 suum
1859 3495 1983 3536 eru-

397 3569 498 3634 dit,
537 3570 624 3624 cui
652 3577 875 3639 possunt
895 3569 1220 3624 commoveri
1248 3567 1432 3639 pedes,
1463 3567 1678 3638 quando
1706 3567 1987 3624 felicitates

401 3663 704 3732 iniquorum
743 3662 885 3726 videt
923 3661 1104 3728 homo,
1141 3661 1252 3732 jam
1290 3661 1428 3724 bene
1455 3661 1640 3720 vivens
1665 3661 1719 3715 in
1763 3675 1989 3716 numero

401 3763 711 3812 sanctorum
739 3753 856 3820 Dei,
907 3753 959 3808 id
987 3763 1069 3812 est
1096 3755 1148 3807 in
1176 3766 1400 3808 numero
1430 3752 1656 3806 Iiliorum
1691 3751 1944 3808 Ecclesiae
1971 3770 1985 3805 :

401 3845 548 3899 videt
593 3845 717 3914 quia
761 3842 954 3904 ﬂorent
999 3842 1144 3906 mali,
1189 3851 1246 3898 et
1292 3841 1493 3896 faciunt
1535 3842 1890 3911 iniquitatem,
1937 3851 1990 3896 et

403 3935 688 3991 tumulatur
709 3949 820 4000 eos,
845 3943 898 3994 et
924 3933 1202 3988 adducitur
1223 3942 1278 3988 ut
1308 3933 1543 3988 imitetur
1569 3933 1700 3986 laeta
1723 3932 1989 4000 ipsorum;

405 4027 528 4096 quia
563 4024 709 4079 videt
736 4021 890 4096 quasi
917 4023 1048 4078 nihil
1086 4023 1186 4078 sibi
1223 4023 1480 4093 prodesse
1515 4021 1656 4092 quod
1680 4021 1815 4078 bene
1851 4022 1994 4076 vivat

407 4115 644 4184 humilis,
677 4101 768 4171 hic]
788 4129 1010 4186 sperans
1044 4115 1368 4168 mercedem.
1411 4111 1541 4166 Nam
1567 4111 1613 4166 si
1640 4112 1782 4166 illam
1817 4123 1996 4184 speret

409 4207 664 4274 futuram,
685 4223 792 4262 non
815 4207 960 4262 illam
989 4206 1192 4278 perdit;
1217 4206 1340 4275 quia
1363 4203 1598 4260 nondum
1622 4205 1764 4260 venit
1785 4211 1996 4274 tempus

409 4309 468 4355 ut
493 4301 720 4370 accipiat
748 4313 886 4354 eam.
919 4298 978 4354 In
1009 4297 1161 4352 vinea
1186 4296 1446 4365 operaria,
1475 4295 1559 4351 fac
1583 4310 1717 4366 opus
1745 4303 1913 4362 tuum,
1941 4305 1996 4350 et

409 4393 643 4464 accipies
669 4391 972 4448 mercedem
999 4400 1165 4445 tuam.
1195 4391 1236 4442 A
1269 4387 1647 4459 patrel‘atnilias
1676 4401 1783 4454 non
1809 4388 1997 4458 exige-

411 4499 501 4551 res
521 4495 804 4554 antequam
839 4481 1158 4554 operareris,
1205 4489 1260 4536 et
1297 4496 1328 4536 a
1355 4481 1472 4548 Deo~
1509 4481 1675 4551 exigis
1716 4489 1997 4552 antequam

411 4574 698 4643 opereris?
723 4573 790 4628 Et
818 4573 920 4628 ista
949 4572 1227 4627 tolerantia
1249 4571 1316 4626 ad
1343 4586 1477 4640 opus
1505 4581 1654 4626 tuum
1675 4573 1924 4640 pertinet,
1946 4581 2001 4626 et

413 4665 518 4720 hoc
545 4665 614 4719 ad
642 4664 940 4721 mercedem
967 4664 1230 4734 pertinet:
1253 4663 1429 4730 minus
1450 4663 1528 4718 vis
1551 4661 1724 4726 facere
1749 4664 1802 4718 in
1827 4664 2000 4730 vinea,

345 4791 348 4797 ς
413 4756 502 4826 qui
533 4769 640 4810 non
671 4756 748 4809 vis
771 4755 1034 4820 tolerare;
1065 4754 1186 4826 quia
1211 4762 1266 4809 et
1289 4754 1402 4824 ipsa
1431 4754 1709 4809 tolerantia
1740 4754 1806 4808 ad
1832 4755 2000 4824 ipsam

415 4846 780 4916 operationem
805 4846 1052 4914 pertinet,
1076 4854 1132 4900 ut
1152 4845 1390 4899 invenias
1417 4843 1738 4900 mercedem.
1785 4844 1934 4912 Quod
1958 4845 2004 4902 si

415 4938 638 4992 dolosas
657 4952 734 5002 es,
751 4937 871 4992 vide
893 4951 961 5008 ne
983 4951 1087 4996 non
1107 4935 1278 5006 solum
1299 4936 1655 5004 nonaccipias
1675 4935 2000 5000 mercedem,

417 5027 512 5084 sed
541 5037 599 5082 et
637 5042 850 5097 poenam
890 5027 1166 5092 invenias;
1200 5026 1322 5096 quja
1345 5025 1558 5090 voluisti
1583 5039 1704 5080 esse
1727 5029 2006 5096 operarius

419 5117 662 5174 dolosus.
702 5119 770 5172 Et
795 5117 1004 5188 quidem
1031 5117 1306 5189 operarius
1333 5116 1548 5171 dolosus
1575 5125 1634 5170 ut
1663 5116 1878 5188 incipiat
1899 5133 2004 5182 non

421 5209 784 5277 benefacere,
831 5209 1014 5263 oculos
1036 5206 1428 5284 patrislannlias
1468 5206 1712 5274 attendit,
1763 5206 1828 5262 ad
1857 5207 2004 5264 illum

421 5301 615 5372 aSpicit
640 5300 728 5370 qui
769 5298 1022 5354 conduxit
1047 5297 1113 5352 ad
1151 5297 1382 5364 vineam,
1415 5307 1470 5352 ut
1495 5312 1614 5351 cum
1644 5296 1734 5351 ille
1760 5299 2010 5354 averterit

423 5392 627 5456 oculos,
683 5398 878 5456 cesset,
929 5399 985 5446 et
1030 5404 1135 5452 non
1179 5388 1314 5442 bene
1356 5399 1641 5458 operetur;
1687 5403 1806 5443 cum
1831 5397 2008 5458 autem

423 5481 515 5537 ille
558 5481 882 5536 converterit
919 5480 1122 5552 acules,
1168 5479 1305 5548 bene
1338 5489 1608 5550 cperetur.
1651 5480 1789 5544 Deus
1831 5489 2006 5543 autem

425 5575 513 5643 qui
556 5581 611 5629 te
638 5571 912 5647 conduxit,
963 5587 1070 5626 non
1113 5571 1570 5639 avertit-oculos;
1616 5587 1720 5638 non
1765 5570 1858 5640 tibi
1886 5571 2011 5632 licet

427 5665 616 5720 dolose
640 5664 850 5733 operari
884 5680 896 5716 :
940 5677 1100 5732 super
1131 5671 1180 5716 te
1204 5677 1417 5730 semper
1460 5671 1584 5716 sunt
1605 5661 1744 5717 oculi
1770 5661 2010 5731 patrisfa-

429 5757 604 5820 milias
629 5774 641 5823 ;
667 5772 844 5826 qumre
867 5753 954 5811 ubi
983 5753 1131 5808 illum
1159 5751 1328 5820 fallas,
1355 5761 1410 5808 ct
1430 5769 1578 5810 cessa
1605 5754 1654 5810 si
1677 5761 1847 5825 potes.
1872 5753 2008 5826 Ergo

501 5894 520 5940 ι
549 5895 619 5942 sic
645 5899 745 5940 uss.
775 5892 882 5940 Md.
913 5903 1042 5951 vero,
1071 5889 1116 5939 in
1140 5887 1492 5951 smpiternam.

1447 430 1840 486 ENARRATIO
1880 431 1942 486 IN
1985 430 2304 490 PSALSIUM
2347 433 2523 490 XCIII.

3495 440 3632 495 1202

2051 551 2096 604 si
2125 552 2212 620 qui
2245 553 2380 608 forte
2403 553 2602 624 aliquid
2627 555 2957 626 cogitabatis,
2991 557 3206 629 quando
3234 558 3489 614 videbatis
3515 575 3632 614 ma-

2049 641 2130 694 Ios
2167 641 2380 706 ﬂorere,
2427 654 2482 698 et
2509 646 2860 715 cogitationes
2907 658 3100 704 vestrae
3139 647 3406 706 faciebant
3446 661 3637 706 nutare

2053 732 2214 802 pedes
2237 745 2444 790 vestros
2471 738 2522 792 in
2543 739 2624 792 via
2647 739 2741 795 Dei
2766 755 2780 805 ;
2805 741 2956 796 vobis
2977 742 3210 813 loquitur
3235 743 3470 814 psalmus
3497 745 3597 802 iste
3621 763 3634 799 :

2053 824 2098 878 si
2119 833 2296 880 autem
2319 827 2494 892 nullus
2521 839 2755 884 vestrum
2799 831 2920 886 talis
2947 839 3048 898 est,
3079 847 3175 901 per
3201 849 3298 888 vos
3321 835 3439 890 aliis
3467 835 3640 904 loqui-

2057 924 2162 982 tur,
2189 917 2392 983 dicens,
2431 916 2707 991 Intelligite
2731 939 2862 976 nunc
2887 937 2907 984 ;
2949 925 3071 993 quia
3097 924 3348 980 dixerunt
3373 927 3467 992 illi,
3516 925 3640 981 Non

2055 1006 2236 1064 ridebit
2257 1007 2522 1077 Dominus,
2541 1027 2700 1080 neque.
2715 1011 2960 1083 intelliget
2981 1014 3118 1078 Deus
3135 1015 3167 1069 J
3173 1017 3314 1074 acab.
3343 1015 3636 1088 Intelligite.

2057 1097 2252 1168 inquit,
2291 1115 2426 1153 nunc
2464 1101 2550 1170 qui
2591 1101 2880 1171 insipientes
2917 1107 3034 1161 estis
3067 1108 3120 1160 in
3158 1109 3369 1180 papula,
3409 1119 3455 1164 et
3496 1111 3643 1164 stulti

2057 1190 2334 1261 aliquando
2361 1194 2542 1263 sapite.

2133 1282 2218 1337 13.
2260 1280 2410 1354 [verm
2455 1285 2510 1351 9,
2541 1284 2654 1358 10.]
2686 1287 2785 1352 Qui
2813 1289 3054 1357 plantavit
3083 1305 3274 1359 aurem,
3305 1309 3406 1348 non
3433 1294 3647 1350 audiet?

2060 1373 2174 1429 Non
2223 1375 2384 1432 habet
2427 1377 2568 1434 unde
2611 1379 2810 1446 audiat,
2841 1381 2927 1450 qui
2966 1382 3060 1436 tibi
3101 1383 3224 1438 fecit
3257 1385 3400 1442 unde
3425 1387 3646 1442 audias?

2063 1463 2164 1529 Qui
2187 1465 2434 1536 plantavit
2458 1485 2648 1534 aurem,
2678 1485 2780 1524 non
2807 1473 3018 1527 audiet?
3035 1483 3122 1528 aut
3143 1476 3228 1544 qui
3252 1477 3400 1544 ﬁnxit
3423 1480 3645 1545 oculum,

2069 1573 2172 1612 non
2200 1559 2522 1626 considerat?
2551 1559 2652 1626 Qui
2681 1562 2844 1616 erudit
2871 1573 3037 1634 gentes
3057 1606 3072 1629 ,
3101 1581 3200 1619 non
3227 1569 3435 1636 arguet?
3458 1569 3650 1626 Atten-

2065 1646 2176 1702 dite
2222 1647 2324 1706 hoc
2365 1665 2706 1721 magnopere,
2749 1651 2939 1708 fratres
2983 1655 3108 1721 mei,
3143 1655 3242 1720 Qui
3269 1657 3436 1712 erudit
3461 1670 3651 1729 genta,

2069 1755 2170 1804 non
2197 1751 2372 1810 arguet
2389 1741 2413 1794 ?
2433 1740 2546 1796 Hoc
2575 1741 2734 1802 modo
2765 1743 2889 1804 facit
2911 1745 3071 1810 Deus,
3099 1747 3275 1806 erudit
3293 1758 3512 1816 gentes:
3535 1750 3656 1806 ideo

2069 1829 2217 1886 misit
2244 1831 2462 1888 verbum
2501 1847 2654 1888 suum
2695 1849 2791 1903 per
2829 1835 3012 1892 orbem
3043 1844 3302 1893 terrarum
3331 1840 3656 1907 hominibus,

2066 1921 2212 1976 misit
2255 1936 2348 1990 per
2394 1922 2649 1992 Angelos,
2697 1939 2791 1994 per
2829 1923 3182 1994 Palriarchas,
3221 1944 3318 1998 per
3343 1929 3658 2001 Prophetas,

2069 2029 2164 2082 per
2191 2027 2400 2082 servos,
2427 2029 2524 2084 per
2563 2023 2639 2071 tot
2679 2031 2956 2086 praecones
2995 2019 3373 2078 antecedentes
3405 2022 3660 2093 judieem.

2074 2103 2216 2160 Misit
2245 2115 2297 2160 et
2325 2105 2496 2178 ipsum
2525 2107 2753 2163 Verbum
2783 2125 2960 2176 suum,
2989 2112 3133 2168 misit
3173 2123 3227 2168 et
3269 2114 3439 2182 ipsum
3469 2114 3664 2174 Filium

2073 2207 2262 2258 suun];
2291 2197 2434 2252 misit
2460 2211 2645 2258 servos
2671 2198 2788 2253 Filii
2815 2201 2918 2266 sui,
2947 2209 3002 2256 et
3033 2201 3085 2254 in
3117 2203 3246 2272 ipsis
3275 2204 3448 2258 servis
3469 2204 3664 2259 Filium

2073 2298 2251 2339 suum.
2285 2285 2388 2340 Per
2417 2294 2588 2342 totum
2619 2287 2802 2343 orbem
2837 2297 3094 2344 terrarum
3123 2292 3442 2360 praedicatur
3471 2294 3666 2364 ubique

2073 2375 2292 2430 verbum
2326 2377 2438 2432 Dei.
2471 2377 2572 2433 Ubi
2615 2393 2722 2434 non
2766 2378 2958 2436 dicitur
2999 2381 3301 2438 hominibus
3327 2401 3340 2438 :
3366 2385 3667 2454 Relinquitc

2075 2469 2385 2539 iniquitates
2423 2480 2627 2526 vestras
2662 2473 2888 2542 priores,
2917 2475 3210 2531 convertite
3239 2489 3334 2532 vos
3371 2477 3438 2532 ad
3477 2477 3667 2534 itinera

2077 2561 2258 2616 recta?
2300 2559 2427 2616 Ideo
2475 2563 2660 2631 parcit,
2707 2572 2762 2618 ut
2797 2578 2892 2618 vos
2929 2567 3240 2636 corrigatis;
3270 2567 3388 2624 ideo
3417 2568 3532 2622 heri
3559 2583 3668 2624 non

2077 2650 2388 2718 vindicavit,
2423 2661 2482 2707 ut
2517 2653 2678 2709 hodie
2705 2655 2840 2710 bene
2865 2656 3074 2710 vivatis.
3099 2657 3290 2718 Erudit
3315 2669 3530 2728 gentes;
3561 2675 3666 2718 non

2077 2757 2209 2813 ergo
2237 2744 2460 2813 arguet?
2488 2759 2600 2798 non.
2623 2744 2900 2802 auditurus
2929 2755 3012 2806 est
3039 2763 3178 2818 quos
3211 2750 3430 2808 eruditi.
3449 2765 3554 2806 non
3577 2751 3668 2820 jun

2081 2834 2352 2892 dicaturus
2379 2845 2462 2890 est
2491 2836 2683 2906 quibus
2711 2853 3010 2902 sermonem
3043 2839 3300 2908 praemisit
3324 2849 3378 2896 et
3403 2843 3672 2911 prmsemi-

2090 2925 2274 2986 navit?
2296 2927 2354 2980 In
2381 2926 2562 2994 schola
2591 2927 2635 2982 si
2662 2943 2834 2997 esses,
2858 2930 3148 3000 acciperes,
3171 2940 3218 2985 et
3251 2945 3356 2986 non
3385 2931 3674 2988 redderes?

2087 3014 2286 3090 Utique
2317 3015 2528 3086 quando
2559 3017 2756 3088 accipis
2783 3034 2812 3072 a
2843 3020 3114 3088 magistro,
3145 3020 3374 3076 erudit-is
3397 3040 3410 3076 :
3433 3023 3676 3078 commit-

2087 3108 2148 3162 tit
2191 3107 2284 3160 tibi
2323 3108 2572 3180 magister
2610 3110 2752 3179 quod
2779 3111 3014 3181 praebet;
3044 3120 3097 3166 et
3126 3129 3228 3166 non
3255 3115 3429 3183 exiget
3454 3115 3668 3185 quando

2087 3196 2302 3257 reddis?
2331 3207 2420 3252 aut
2448 3214 2570 3254 cum
2595 3202 2822 3270 cmperis
2845 3202 3088 3269 reddere,
3116 3203 3232 3258 sine
3261 3214 3402 3260 metu
3427 3207 3536 3262 eris
3555 3207 3668 3277 pla:

2085 3289 2309 3357 garum?
2332 3287 2486 3344 Modo
2515 3304 2642 3360 ergo
2665 3291 2984 3361 accipimus;
3013 3303 3196 3362 postea
3229 3296 3510 3351 statuimur
3542 3307 3668 3354 ante

2091 3382 2420 3448 magistrum,
2449 3391 2508 3435 ut
2535 3380 2820 3437 reddamus
2847 3399 3034 3438 omnes
3063 3387 3359 3455 praeteritas
3397 3398 3606 3444 nostras
3633 3391 3672 3456 i,

2093 3468 2146 3523 id
2174 3479 2280 3534 est,
2309 3478 2365 3524 ut
2390 3472 2652 3528 rationem
2677 3473 2960 3530 reddamus
2983 3475 3050 3530 de
3075 3475 3156 3531 his
3181 3479 3425 3532 omnibus
3444 3495 3564 3549 qua:
3583 3495 3678 3536 uo-

2093 3559 2174 3614 bis
2234 3560 2396 3617 modo
2445 3572 2748 3634 erogantur.
2801 3566 2937 3621 Audi
2981 3569 3290 3639 Apostolum
3345 3571 3610 3630 dicentem
3661 3593 3676 3628 :

2101 3670 2118 3703 σ
2152 3651 2346 3707 Omnes
2372 3654 2666 3710 aSIabimus
2689 3664 2812 3711 ante
2839 3657 3068 3718 tribunal
3087 3658 3300 3726 Christi,
3329 3672 3380 3715 ut
3413 3662 3520 3718 illic
3545 3665 3680 3722 reei-

2095 3743 2203 3811 piat
2230 3745 2588 3816 unusquisque
2613 3747 2902 3813 secundum
2925 3764 2988 3804 ea
3007 3765 3127 3819 qua:
3153 3767 3247 3820 per
3271 3768 3464 3823 corpus
3491 3757 3675 3825 gessit,

2095 3836 2207 3890 sive
2245 3837 2464 3904 bonum,
2495 3839 2608 3894 sive
2652 3841 2846 3898 malum
2877 3841 3048 3912 (Rom.
3077 3859 3183 3909 xw,
3213 3845 3308 3910 10;
3336 3856 3382 3898 et
3415 3845 3592 3901 ησσον.
3625 3863 3678 3915 v,

2099 3926 2165 3982 10
2190 3927 2230 3997 ).
2253 3927 2352 3996 Qui
2381 3929 2556 3984 erudit
2579 3941 2784 3998 gentes,
2823 3946 2926 3985 non
2961 3942 3178 4002 arguet;
3207 3936 3292 4003 qui
3320 3935 3477 3990 docet
3499 3937 3673 3996 homi-

2098 4035 2220 4076 nem
2265 4021 2582 4088 scientiam?
2611 4041 2630 4082 ι
2659 4023 2776 4092 Ipse
2817 4038 2922 4078 non
2968 4024 3069 4083 scit
3107 4026 3200 4095 qui
3246 4036 3313 4082 te.
3339 4027 3464 4083 fecit
3505 4031 3669 4093 scire;

2105 4131 2124 4162 ε
2153 4113 2242 4190 qui
2271 4112 2426 4168 docet
2453 4113 2722 4169 hominem
2754 4116 3070 4170 scientiam?
3095 4137 3114 4169 ι

2172 4205 2260 4258 14.
2303 4204 2450 4276 [vers
2493 4203 2604 4277 1L]
2640 4205 2888 4266 Dominus
2916 4214 3008 4261 scit
3043 4211 3376 4280 cogitationes
3401 4211 3675 4276 nantium,

2101 4296 2338 4362 quoniam
2378 4311 2521 4350 uanae
2555 4306 2690 4350 sunt.
2720 4296 2862 4366 Nam.
2895 4299 2996 4352 etsi
3037 4309 3104 4354 tu.
3135 4301 3686 4372 nescis-cogitationes

2107 4385 2226 4449 Dei,
2262 4385 2513 4455 quoniam
2553 4386 2712 4456 justte
2755 4398 2914 4455 sunt;
2941 4389 3029 4445 ille
3055 4391 3147 4448 scit
3175 4393 3496 4462 cogitationes
3523 4393 3687 4448 homi-

2105 4494 2247 4544 num,
2272 4479 2510 4548 quoniam
2535 4495 2680 4534 conte
2701 4491 2840 4539 sunt.
2871 4481 2938 4538 Et
2968 4481 3210 4538 homines
3233 4484 3468 4540 scierunt
3493 4486 3690 4555 cogita-

2107 4571 2278 4634 tiones
2309 4570 2406 4638 Dei
2429 4587 2440 4621 :
2465 4571 2560 4626 sed
2587 4571 2776 4642 quibus
2805 4574 2912 4643 jam
2952 4575 3154 4630 amicus
3194 4574 3362 4631 factus
3392 4585 3493 4641 est,
3519 4577 3692 4646 prodit

2107 4661 2385 4720 consilium
2416 4677 2591 4716 suum.
2617 4663 2680 4717 Et
2707 4677 2834 4729 vos,
2874 4663 3066 4720 fratres
3094 4665 3219 4730 mei,
3247 4667 3411 4722 nolite
3437 4682 3532 4724 vos
3559 4683 3690 4723 con-

2109 4762 2348 4806 temnere
2373 4752 2455 4820 isi
2480 4767 2602 4807 cum
2633 4752 2738 4808 [ide
2777 4754 3030 4810 acceditis
3065 4755 3133 4809 ad
3161 4757 3465 4821 Dominum,
3496 4757 3692 4822 auditis

2109 4843 2452 4912 cogitationes
2472 4843 2567 4898 Dei
2590 4859 2605 4908 ;
2629 4857 2722 4898 eas
2747 4843 2908 4898 modo
2925 4844 3152 4912 discitis,
3181 4845 3282 4902 hoc
3303 4847 3452 4902 vobis
3477 4847 3690 4911 dicitm,

2109 4942 2164 4987 et
2189 4933 2254 4988 ad
2284 4933 2386 4988 hoc
2415 4934 2732 4990 instruimini
2763 4951 2928 5005 quare
2957 4946 3136 5006 parcat
3165 4936 3328 4992 modo
3348 4937 3486 4992 Deus
3512 4936 3690 5006 malis,

2109 5041 2177 5080 ne
2215 5025 2555 5080 murmuretis
2595 5025 2850 5082 adversus
2877 5027 3082 5095 Deum,
3124 5029 3206 5097 qui
3246 5028 3390 5082 docet
3437 5027 3690 5082 hominem

2109 5117 2386 5174 scientiam.
2407 5114 2656 5171 Dominus
2679 5118 2774 5170 scit
2797 5119 3122 5188 cogitationes
3147 5120 3424 5183 hominum,
3451 5119 3693 5187 quoniam

2109 5223 2254 5264 uana:
2295 5215 2430 5261 sunt.
2477 5207 2780 5278 Relinquite
2827 5224 2956 5280 ergo
3001 5210 3346 5280 cogitationes
3391 5207 3689 5274 hominum,

2110 5311 2230 5368 quae
2252 5311 2402 5354 vana:
2429 5307 2584 5364 sunt;
2615 5307 2674 5352 ut
2699 5297 3164 5370 comprehendatur»
3191 5299 3536 5370 cogitationes
3565 5300 3656 5356 Dei
3674 5341 3690 5364 .

2111 5403 2229 5458 quas
2257 5387 2525 5458 sapientes
2559 5397 2702 5444 sunt.
2731 5388 2834 5444 Sed
2873 5389 2992 5460 quis
3030 5398 3114 5444 est
3157 5389 3246 5459 qui
3289 5389 3694 5459 comprehendit

2113 5481 2456 5551 cogitationes
2486 5481 2752 5549 Dei?_Qui
2801 5481 3014 5551 ponitur
3055 5482 3106 5536 in
3155 5483 3495 5539 .Iirmamento
3541 5485 3688 5550 cteli.

2113 5570 2228 5634 Jam
2279 5571 2377 5638 hoc
2420 5572 2766 5638 cantavimus,
2791 5571 2900 5641 jam
2949 5571 3048 5628 hoc
3085 5573 3314 5628 diximus
3349 5587 3402 5630 et
3441 5575 3690 5646 exposui-

2113 5677 2253 5716 mus.

2188 5755 2272 5810 15.
2297 5753 2443 5821 [vers.
2472 5754 2558 5821 12,
2591 5752 2702 5825 15.]
2731 5752 2913 5808 Beatus
2945 5758 3017 5810 t-ir
3043 5776 3187 5828 quem
3214 5772 3266 5813 tu
3295 5761 3556 5827 rrudicris,
3585 5755 3694 5814 Do-

2184 5893 2196 5920 ι
2235 5896 2331 5937 υιιι.»
2355 5897 2480 5949 3155.,
2505 5889 2748 5950 pra‘tert'lu
2777 5898 2951 5940 nostra.
