4058 6496
456 378 597 435 1205

412 473 418 489 ί
457 491 608 553 mine,
649 496 695 543 et
732 504 795 541 ea:
838 487 945 558 lege
983 495 1071 540 tua
1114 484 1344 539 docueris
1386 492 1617 539 eum:ut
1644 484 1838 554 mitiges
1862 499 1976 537 eum
2002 498 2036 535 a

456 581 630 635 diebus
665 579 923 650 malignis,
965 579 1123 631 donec
1163 575 1385 647 fodiatur
1422 575 1671 645 percolari
1710 576 1871 646 fovea.
1901 574 2038 628 Ecce

457 670 620 726 habes
648 668 931 725 consilium
961 665 1077 733 Dei,
1106 681 1271 737 quare
1302 675 1481 735 parcat
1510 664 1662 719 malis
1688 681 1703 719 :
1733 663 1927 719 foditur
1953 662 2035 717 fo-

454 776 550 817 vea
578 760 861 833 peccaturi.
890 758 967 813 Tu
990 758 1099 828 jam
1126 757 1204 813 vis
1227 757 1374 812 illum
1402 757 1629 827 sepelire
1653 774 1664 810 :
1689 758 1861 811 adhuc
1887 756 2033 810 fovea

452 852 526 907 illi
570 851 799 915 foditur;
833 849 941 905 noli
982 848 1235 904 festinare
1276 848 1523 919 sepelire.
1557 848 1694 916 Quid
1735 858 1837 914 est,
1878 848 2035 902 donec

453 944 681 1013 fodiatur
704 942 950 1013 peccatori
979 944 1121 1012 fovea
1135 941 1162 994 .’
1178 940 1284 995 Aut
1306 955 1463 1011 quem
1491 941 1639 1009 ponit
1666 938 2035 1011 peccatorem?

452 1050 617 1090 unum
637 1033 951 1089 hominem?
970 1032 1104 1087 Νοη.
1128 1031 1267 1099 Quid
1293 1032 1456 1103 ergo?
1477 1031 1646 1087 Omne
1670 1047 1839 1103 genus
1865 1032 2035 1086 homi-

453 1142 579 1182 num
610 1136 969 1196 peccatorum,
990 1124 1083 1181 sed
1112 1125 1495 1195 superborum;
1521 1124 1630 1195 jam
1655 1125 1793 1178 enim
1825 1124 2034 1195 praemi-

450 1224 540 1285 sit,
570 1217 746 1273 Redde
772 1218 1145 1272 retributionem
1174 1216 1419 1287 superbis.
1443 1216 1573 1271 Nam
1600 1227 1654 1272 et
1681 1218 1767 1273 ille
1788 1226 2035 1289 peccator

452 1312 548 1366 fuit
579 1310 914 1377 Publicanus,
940 1309 1029 1380 qui
1057 1310 1240 1365 oculos
1261 1310 1478 1365 eliserat
1504 1310 1557 1364 in
1587 1319 1802 1373 terram,
1831 1318 1886 1364 et
1908 1325 2033 1380 per-

450 1400 685 1457 cutiebat
726 1409 911 1471 pectus
950 1414 1135 1465 suum,
1178 1399 1382 1467 dicens,
1422 1398 1583 1468 Deus,
1632 1402 1881 1473 propitius
1929 1410 2033 1456 esto

451 1492 580 1547 mihi
606 1492 857 1562 peccatori
876 1509 897 1547 :
916 1492 1007 1549 sed
1036 1492 1157 1563 quia
1188 1509 1295 1548 non
1321 1493 1579 1563 superbus
1606 1503 1739 1559 erat,
1767 1495 1908 1549 Deus
1935 1509 2032 1548 au-

455 1593 561 1638 tem
589 1583 779 1640 reddet
806 1583 1208 1639 retributionem
1236 1585 1514 1654 superbis;
1543 1601 1645 1640 non
1675 1585 1767 1651 illi,
1796 1586 1889 1641 sed
1913 1586 2032 1640 tali-

452 1673 555 1729 bus
583 1673 780 1729 foditur
805 1675 975 1740 fovea,
1000 1673 1173 1729 donec
1202 1674 1389 1730 reddat
1416 1675 1815 1731 retributionem
1844 1691 2030 1746 supcr-

452 1764 557 1819 liis.
586 1764 726 1835 Ergo
767 1765 908 1835 quod
956 1767 1049 1832 ait,
1090 1765 1265 1821 Donec
1308 1768 1532 1837 fodiatur
1576 1769 1827 1838 peccatori
1867 1769 2031 1838 fovea,

452 1858 711 1929 superbos
739 1858 993 1931 intelligo.
1030 1860 1160 1928 Quis
1196 1869 1277 1915 est
1316 1861 1611 1930 superbus?
1636 1861 1733 1929 Qui
1762 1875 1867 1915 non
1902 1876 2034 1915 con-

453 1950 689 2005 fessione
714 1960 1048 2020 peccatorum
1079 1951 1186 2022 agit
1214 1951 1602 2021 paenitentiam,
1632 1961 1691 2006 ut
1728 1953 1904 2007 sanari
1941 1967 2037 2022 per

454 2040 806 2097 humilitatem
850 2042 1033 2112 possit.
1062 2041 1191 2110 Quis
1219 2052 1299 2098 est
1329 2044 1625 2113 superbus?
1652 2044 1750 2110 Qui
1790 2044 1877 2099 illa
1922 2044 2034 2114 ipsa

454 2146 619 2200 pauca
648 2148 765 2202 quae
788 2132 993 2188 videtur
1023 2133 1218 2188 habere
1245 2133 1401 2197 bona,
1429 2134 1528 2189 sibi
1561 2135 1668 2190 vult
1693 2150 1959 2205 arrogare,
1984 2144 2036 2189 et

453 2224 675 2294 derOgat
719 2223 1099 2279 misericordia:
1146 2225 1256 2279 Dei.
1300 2225 1429 2291 Quis
1478 2234 1560 2280 est
1610 2225 1908 2295 superbus?
1935 2224 2035 2293 Qui

455 2314 669 2371 etiamsi
689 2316 799 2370 Deo
826 2316 1020 2371 tribuat
1048 2316 1182 2371 bona
1209 2333 1324 2387 quae
1350 2316 1493 2383 facit,
1519 2317 1735 2372 insultat
1761 2327 1935 2372 tamen
1959 2318 2036 2373 eis

454 2407 543 2476 qui
576 2406 662 2460 illa
688 2422 793 2462 non
825 2405 1041 2472 faciunt,
1073 2418 1125 2463 et
1155 2409 1363 2463 extollit
1392 2423 1448 2463 se
1474 2424 1637 2479 super
1662 2409 1799 2464 illos.
1824 2408 1953 2462 Nam
1983 2416 2038 2463 et

454 2496 545 2552 ille
564 2497 883 2565 Pharismus,
908 2498 1109 2553 Gratias
1137 2499 1225 2553 tibi
1251 2516 1367 2570 ago,
1392 2498 1561 2570 inquit
1585 2518 1598 2555 :
1622 2515 1725 2554 non
1748 2500 1899 2563 dixit,
1925 2497 2039 2568 Ego

452 2586 613 2642 facio.
639 2588 713 2642 Dc
740 2588 822 2642 his
851 2603 969 2658 qua:
1000 2588 1257 2653 faciebat,
1288 2589 1484 2659 gratias
1512 2590 1624 2644 Deo
1650 2590 1841 2659 agebat
1866 2608 1877 2643 :
1910 2605 2036 2644 sen-

453 2680 620 2735 tiebat
637 2694 764 2750 ergo
790 2688 843 2734 et
865 2680 999 2734 bene
1020 2694 1077 2734 se
1101 2679 1292 2745 facere,
1319 2688 1372 2734 et
1395 2680 1571 2734 abillo
1591 2696 1647 2735 se
1670 2680 1860 2734 facere.
1886 2679 2038 2735 Unde

453 2783 585 2840 ergo
626 2769 955 2838 improbatus
984 2771 1100 2825 est?
1132 2770 1262 2839 Quia
1313 2770 1599 2825 insultabat
1632 2770 1933 2825 Publicano.
1969 2769 2038 2826 Ut

453 2859 802 2931 perficiamini
842 2859 1118 2915 attendite.
1163 2861 1344 2916 Primo
1381 2862 1686 2931 praecedere
1723 2862 1900 2928 debet,
1927 2862 2038 2917 sive

454 2949 650 3017 virum,
687 2950 799 3006 sive
841 2950 1088 3005 feminam
1124 2952 1387 3007 confessio
1414 2962 1748 3023 peccatorum
1770 2996 1784 3020 ,
1813 2954 2039 3011 salubris

455 3042 764 3113 poenitentia
792 3058 911 3113 qua:
931 3043 1103 3098 valeat
1126 3043 1192 3099 ad
1217 3042 1589 3115 corrigendum
1617 3045 1906 3112 hominem,
1930 3062 2037 3101 non

456 3132 521 3186 ad
567 3131 891 3187 irridendum
933 3133 1095 3187 Deum
1127 3152 1139 3188 :
1171 3149 1289 3188 cum
1321 3144 1494 3190 autem
1526 3145 1647 3205 post
1676 3138 2036 3206 paenitentiam

456 3226 594 3280 bene
634 3225 813 3281 vivere
855 3226 1097 3295 cmperit,
1127 3225 1286 3283 habet
1325 3228 1499 3283 adhuc
1527 3228 1667 3300 quod
1707 3229 1936 3300 cogitet,
1973 3245 2040 3285 ne

456 3317 555 3371 sibi
583 3315 781 3371 tribuat
800 3316 940 3387 quod
961 3316 1096 3373 bene
1122 3318 1264 3385 facit,
1289 3319 1381 3373 sed
1415 3319 1490 3375 illi
1512 3328 1631 3391 agat
1652 3321 1865 3390 gratias,
1889 3320 2040 3391 cujus

457 3406 623 3475 gratia
648 3406 843 3461 factum
873 3417 954 3462 est
983 3417 1036 3462 ut
1065 3408 1200 3464 bene
1221 3410 1457 3473 viveret;
1487 3412 1607 3480 quia
1639 3411 1727 3466 ille
1764 3412 1912 3467 illum
1941 3427 2037 3467 vo-

458 3496 619 3561 cavit,
656 3497 744 3552 ille
783 3499 932 3553 illum
972 3499 1305 3555 illuminavit.
1332 3501 1474 3572 Ergo
1504 3503 1604 3557 iste
1638 3504 1747 3572 jam
1775 3504 2040 3573 perfectus

458 3589 581 3642 est?
604 3587 753 3653 Non;
782 3588 955 3644 adhuc
983 3588 1131 3644 deest
1157 3591 1227 3644 illi
1253 3590 1470 3662 aliquid.
1503 3592 1637 3660 Quid
1666 3593 1738 3648 illi
1764 3594 1951 3649 deest?
1976 3595 2042 3651 Ut

458 3692 566 3732 non
596 3679 865 3748 superbiat
888 3696 1047 3750 super
1075 3697 1167 3736 eos
1191 3683 1280 3752 qui
1314 3684 1539 3739 necdum
1570 3687 1645 3739 sic
1674 3686 1874 3753 vivunt,
1905 3704 2038 3759 quo-

459 3768 623 3823 modo
647 3770 759 3839 ipse
786 3769 935 3824 vivit.
959 3770 1057 3839 Qui
1098 3772 1219 3827 talis
1246 3772 1425 3840 fuerit,
1452 3789 1670 3831 securus
1699 3778 1799 3844 sit;
1830 3794 1935 3833 non
1967 3780 2041 3835 illi

459 3858 701 3914 redditur
729 3859 1006 3916 retributio
1040 3860 1107 3917 de
1139 3878 1240 3932 qua
1267 3862 1465 3918 dictum
1495 3874 1594 3930 est,
1625 3866 1802 3921 Redde
1828 3869 2040 3923 retribu-

461 3950 646 4004 tionem
671 3950 896 4022 superbis
917 3968 937 4006 :
962 3967 1066 4006 non
1093 3962 1175 4008 est
1202 3954 1340 4009 inter
1366 3956 1483 4011 illos
1507 3957 1696 4027 quibus
1733 3958 1928 4014 foditur
1956 3961 2039 4016 fo-

459 4057 576 4096 vea.
605 4042 739 4099 Nam
765 4043 938 4100 videte
980 4045 1129 4101 illum
1168 4048 1255 4116 qui
1295 4047 1523 4117 dicebat,
1568 4048 1771 4106 Gratias
1807 4051 1896 4107 tibi
1923 4070 2039 4124 ago,

458 4134 579 4203 quia
623 4142 722 4189 nan
767 4152 881 4189 sum
915 4136 1045 4191 sicut
1085 4138 1253 4192 casteri
1292 4139 1535 4209 homines,
1565 4142 1762 4213 injusti,
1793 4154 2039 4213 raptores,

457 4225 697 4290 adulteri,
720 4226 850 4279 sicut
878 4236 925 4279 et
947 4228 1258 4282 Publicanus
1287 4229 1380 4285 iste
1400 4245 1420 4283 :
1446 4240 1698 4298 quantum
1740 4247 1798 4287 se
1833 4235 2040 4298 extulit,

459 4330 581 4370 cum
609 4316 756 4383 dicit,
787 4317 919 4385 Quia
948 4336 1047 4373 non
1074 4336 1186 4373 sum
1212 4321 1341 4374 sicut
1373 4330 1421 4375 et
1447 4321 1755 4379 Publicantts
1794 4326 1927 4381 iste?
1953 4326 2043 4382 Ille

461 4415 641 4460 autem
669 4407 799 4463 elisa
830 4407 982 4475 facie,
1025 4410 1353 4480 percutiebat
1380 4422 1562 4482 pectus
1603 4429 1754 4469 suum
1775 4456 1790 4482 ,
1821 4416 2039 4472 dicens:

460 4495 621 4559 Deus,
652 4498 900 4567 propitius
925 4510 1029 4553 esto
1055 4500 1178 4553 mihi
1206 4503 1475 4571 peccatori.
1516 4501 1606 4559 Ille
1643 4506 1901 4573 superbus
1932 4519 2047 4565 erat

462 4586 519 4641 in
567 4589 720 4643 bonis
764 4590 937 4658 factis,
982 4591 1071 4647 ille
1116 4592 1327 4648 humilis
1363 4595 1413 4648 in
1453 4597 1605 4652 malis
1635 4597 1801 4653 factis.
1831 4600 2039 4669 Videte,

461 4676 677 4745 fratres,
705 4678 901 4750 placuit
928 4681 1039 4737 Deo
1071 4683 1237 4753 magis
1277 4683 1546 4741 humilitas
1589 4686 1639 4741 in
1680 4689 1832 4745 malis
1872 4690 2041 4754 factis,

462 4784 624 4839 quam
654 4771 899 4840 superbia
941 4773 991 4827 in
1033 4773 1186 4830 bonis
1222 4775 1374 4831 factis
1402 4796 1416 4832 :
1444 4778 1520 4833 sic
1549 4780 1657 4835 odit
1686 4781 1825 4838 Deus
1855 4800 2043 4853 super-

460 4860 579 4915 bos.
610 4860 679 4916 Et
705 4861 825 4919 ideo
851 4865 926 4919 sic
951 4867 1211 4922 conclusit
1240 4885 1254 4921 :
1283 4869 1440 4925 Amen
1470 4873 1583 4926 dico
1611 4874 1766 4941 vobis,
1795 4877 2046 4932 descendit

453 4954 769 5023 justiﬁcatus
791 4955 1105 5012 Publieanus
1125 4960 1285 5032 magis
1312 4978 1463 5033 quam
1494 4963 1802 5020 Pharisaaus.
1828 4968 1893 5024 Et
1921 4970 2047 5025 dicit

460 5058 629 5114 quare
655 5062 668 5099 :
696 5046 830 5111 Quia
874 5047 1037 5104 omnis
1084 5050 1171 5120 qui
1214 5068 1269 5106 se
1312 5055 1534 5123 exultat,
1581 5058 1963 5129 humiliabitur;
2001 5074 2048 5119 et

459 5135 627 5189 omnis
656 5136 742 5202 qui
782 5152 841 5191 se
864 5136 1114 5205 Itumiliat,
1139 5141 1440 5196 exaltabitur
1468 5143 1616 5215 (Luc.
1648 5164 1796 5215 xvm,
1828 5151 2042 5223 lO-H).

461 5224 680 5282 Fratres
705 5227 830 5294 mei,
855 5228 936 5283 vel
959 5228 1081 5284 hinc
1100 5231 1271 5286 solum
1296 5247 1393 5289 nos
1418 5235 1671 5293 discimus
1694 5241 1710 5272 ¹
1732 5241 1852 5310 quia
1874 5241 2044 5297 humi.

460 5317 663 5374 litatem
714 5335 813 5375 nos
856 5320 1038 5377 docuit
1079 5321 1356 5391 Christus,
1399 5326 1520 5397 quia
1563 5328 1706 5386 Deus
1754 5333 1921 5387 factus
1962 5344 2048 5389 est.

461 5405 644 5462 homo.
672 5408 788 5478 ipsa
815 5418 897 5466 cst
922 5410 1193 5469 humilitas
1215 5430 1332 5484 quae
1356 5415 1597 5486 displicet
1623 5419 1878 5491 Paganis;
1908 5423 2045 5478 unde

462 5496 619 5553 nobis
656 5498 909 5555 insultant
938 5520 950 5555 :
978 5502 1197 5571 Qualem
1229 5505 1393 5560 Deum
1421 5508 1595 5563 colitis
1627 5510 1720 5580 qui
1748 5520 1900 5566 natus
1927 5514 2047 5569 est?

460 5589 672 5658 qualem
715 5588 880 5644 Deum
928 5594 1099 5649 colitis
1146 5595 1233 5665 qui
1283 5597 1566 5653 crucifixus
1609 5600 1729 5654 est?
1767 5599 2049 5658 Humilitas

463 5679 658 5737 Christi
700 5683 944 5752 superbis
989 5684 1277 5753 displicet:
1314 5689 1405 5745 tibi
1446 5700 1624 5745 autem
1668 5691 1959 5748 christiano
2001 5696 2045 5752 si

531 5794 549 5825 ι
586 5793 806 5859 Plerique
824 5802 913 5847 Mss
937 5833 948 5860 ε
970 5810 1063 5848 non
1087 5798 1333 5853 discimus.
1349 5803 1558 5868 Quidam,
1584 5817 1675 5856 non
1699 5803 1902 5859 dicimus

1704 372 1759 429 S.
1803 371 2164 429 AUGUSTINI
2205 372 2504 429 EPISCOPI

3588 379 3611 434 i
3621 378 3726 435 2οι

2142 482 2337 554 placet,
2383 483 2608 539 imitare.
2655 481 2712 539 Si
2759 482 2991 538 imitatus
3034 483 3220 550 fueris,
3262 500 3369 541 non
3420 486 3724 555 laborabis;

2142 573 2264 642 quia
2306 573 2418 642 ipse
2458 573 2609 640 dixit,
2647 572 2820 628 Venite
2846 573 2916 627 ad
2938 591 3037 641 me,
3068 591 3237 630 omnes
3271 577 3359 649 qui
3394 578 3637 634 laboratis
3676 591 3723 634 et

2143 667 2335 717 onerati
2363 666 2497 728 estis,
2526 674 2570 719 et
2594 666 2770 720 discite
2797 683 2829 719 a
2852 683 2950 733 me,
2974 669 3213 737 quoniam
3239 670 3374 724 mitis
3400 687 3513 724 sum
3542 683 3590 725 et
3624 674 3723 725 Itu-

2143 756 2277 809 milis
2302 757 2452 810 corde
2470 756 2679 827 (Matth.
2700 773 2774 825 xl,
2801 758 2889 823 28,
2913 758 3026 825 29).
3049 759 3173 814 Haec
3195 770 3277 815 est
3298 776 3425 831 ergo
3445 762 3724 832 disciplina

2142 846 2428 901 christiana
2451 866 2463 901 :
2486 864 2641 903 nemo
2669 849 2794 903 facit
2817 848 3013 919 aliquid
3044 849 3197 915 bene,
3220 852 3318 906 nisi
3343 853 3509 922 gratia
3536 855 3722 923 ipsius.

2141 936 2291 1002 Quod
2321 936 2445 992 facit
2470 937 2629 1007 homo
2658 939 2817 1002 male,
2846 939 3008 1007 ipsius
3031 950 3114 995 cst
3139 940 3366 995 hominis
3392 962 3404 997 :
3432 945 3573 1012 quod
3600 942 3723 998 facit

2141 1026 2298 1091 bene,
2322 1026 2388 1082 de
2412 1026 2671 1083 beneficio
2692 1029 2783 1084 Dei
2805 1028 2949 1083 facit.
2969 1029 3100 1085 Cum
3123 1032 3345 1101 coeperit
3365 1033 3540 1088 facere
3563 1034 3720 1100 bene,

2141 1132 2247 1171 non
2280 1119 2377 1173 sibi
2409 1119 2644 1176 tribuat:
2676 1135 2795 1175 cum
2824 1137 2927 1177 non
2958 1123 3056 1177 sibi
3090 1124 3352 1190 tribuerit,
3380 1127 3575 1196 gratias
3604 1139 3724 1198 agat

2141 1208 2191 1263 ei
2220 1224 2247 1262 a
2279 1225 2383 1279 quo
2412 1212 2695 1280 acceperit.
2722 1211 2855 1267 Cum
2880 1222 3057 1269 autem
3086 1215 3222 1270 bene
3249 1214 3392 1283 facit,
3423 1232 3525 1270 non
3557 1218 3725 1271 insul-

2141 1307 2220 1353 tet
2249 1300 2322 1354 illi
2351 1302 2438 1371 qui
2472 1301 2597 1356 illud
2626 1317 2729 1357 non
2757 1302 2902 1370 facit,
2928 1314 3019 1358 aut
3045 1305 3265 1360 extollat
3291 1321 3349 1362 se
3374 1320 3535 1376 super
3562 1324 3720 1362 eum:

2139 1406 2245 1446 non
2269 1391 2409 1447 enim
2442 1393 2494 1448 in
2523 1393 2615 1449 illo
2640 1394 2783 1450 finita
2812 1403 2895 1451 est
2916 1397 3083 1467 gratia
3112 1397 3226 1466 Dei,
3250 1407 3308 1452 ut
3336 1398 3402 1453 ad
3428 1399 3593 1455 alium
3616 1413 3722 1455 non

2141 1484 2437 1553 perveniat.

2213 1574 2301 1629 l6.
2329 1573 2396 1629 Ut
2427 1576 2620 1647 mitiges
2648 1593 2760 1631 eum
2786 1593 2817 1629 a
2842 1577 3013 1631 diebus
3038 1578 3293 1650 malignis,
3320 1579 3476 1634 donec
3500 1580 3728 1651 fodiatur

2142 1666 2395 1734 peccatori
2434 1670 2597 1737 fovea.
2630 1666 2771 1722 Mitis
2798 1682 2925 1737 ergo
2952 1676 3089 1735 esto,
3126 1669 3364 1739 quisquis
3403 1670 3727 1726 christianos

2140 1770 2218 1818 es,
2243 1770 2273 1809 a
2303 1755 2492 1811 diebus
2522 1756 2786 1827 malignis.
2814 1757 3021 1828 Maligni
3050 1758 3191 1814 enim
3228 1767 3353 1814 sunt
3386 1759 3504 1815 dies
3532 1761 3728 1832 quibus

2139 1846 2386 1900 videntur
2422 1845 2611 1902 florere
2643 1856 2953 1918 peccatores
2978 1858 3033 1904 et
3060 1849 3303 1906 laborare
3326 1850 3492 1921 justi;
3523 1852 3618 1907 sed
3646 1855 3726 1907 la-

2140 1937 2523 2007 horjustornm
2554 1938 2817 2009 ﬂagellum
2844 1950 2926 1996 est
2949 1941 3142 2009 Patris,
3180 1952 3236 1998 et
3274 1942 3498 1999 felicitas
3535 1960 3725 2014 pecca-

2142 2036 2313 2081 torum
2344 2027 2494 2083 l'ovea
2522 2029 2755 2098 ipsorum
2783 2038 2883 2085 est.
2911 2030 3042 2098 Quia
3068 2031 3207 2086 enim
3235 2033 3441 2102 mitigat
3465 2049 3561 2090 vos
3583 2035 3727 2090 Deus

2141 2132 2168 2169 a
2214 2116 2401 2172 diebus
2445 2118 2708 2189 malignis,
2749 2118 2919 2174 donec
2966 2119 3196 2175 fodiatur
3229 2124 3492 2191 peccatori
3534 2124 3725 2189 fovea;

2142 2222 2246 2261 non
2279 2208 2521 2277 cogitetis
2560 2209 2680 2278 quia
2723 2210 2883 2265 modo
2920 2210 2973 2265 in
3015 2212 3189 2282 aliquo
3218 2213 3336 2268 loco
3376 2224 3519 2270 stant
3540 2217 3728 2287 Angeli

2141 2314 2262 2353 cum
2291 2298 2614 2367 bidentibus,
2633 2310 2689 2355 et
2708 2300 2918 2358 fodiunt
2938 2303 3091 2358 istam
3116 2305 3319 2361 foveam
3342 2322 3585 2379 magnam
3608 2324 3728 2379 qute

2142 2390 2311 2459 possit
2335 2406 2529 2461 capere
2564 2408 2725 2448 omne
2751 2409 2917 2465 genus
2955 2396 3287 2466 iniquorum;
3309 2408 3362 2455 et
3386 2401 3509 2469 quia
3536 2402 3728 2459 videtis

2142 2479 2336 2536 multos
2376 2496 2496 2538 esse
2540 2483 2767 2553 iniquos,
2794 2494 2848 2541 et
2872 2486 3057 2542 dicatis
3085 2489 3234 2544 vobis
3266 2491 3588 2548 carnaliter:
3618 2494 3727 2549 lic-

2142 2585 2267 2625 vera
2296 2578 2497 2627 tantam
2522 2574 2911 2630 multitudinem
2940 2577 3261 2648 iniquorum,
3288 2588 3487 2636 tantam
3518 2583 3729 2638 turbam

2146 2662 2479 2731 peccantium
2510 2679 2631 2734 quae
2660 2663 2808 2720 fovea
2835 2675 3011 2736 potest
3033 2670 3263 2738 capere?
3282 2671 3494 2740 quando
3531 2672 3730 2728 foditur

2143 2752 2264 2806 talis
2288 2768 2407 2822 qua:
2427 2767 2614 2809 omnes
2638 2756 2830 2825 capiat,
2856 2757 3067 2827 quando
3088 2760 3433 2816 exhauritur?
3460 2763 3580 2819 ideo
3607 2780 3731 2835 par-

2142 2842 2214 2899 cit
2236 2845 2394 2901 Deus.
2417 2845 2535 2901 Non
2565 2856 2647 2903 est
2674 2848 2775 2903 hoc
2798 2865 2811 2903 :
2837 2848 2977 2904 fossa
3004 2864 3339 2921 peccatorum
3359 2895 3375 2920 ,
3408 2855 3521 2924 ipsa
3564 2856 3730 2912 felici-

2143 2943 2227 2990 tas
2247 2944 2583 3007 peccatorum
2615 2948 2729 3005 est;
2756 2940 2807 2994 in
2838 2941 2977 2995 illam
3009 2943 3150 2997 enim
3178 2944 3367 3000 cadent
3395 2954 3641 3017 tanquam
3671 2948 3728 3003 in

2145 3027 2375 3083 foveam.
2400 3029 2682 3096 intendite,
2707 3030 2917 3100 fratres,
2943 3035 3064 3102 quia
3092 3048 3281 3107 magna
3306 3052 3393 3092 res
3420 3047 3476 3093 ut
3503 3038 3733 3093 felicitas

2145 3116 2296 3173 fovea
2336 3119 2543 3175 dicatur
2569 3140 2583 3176 :
2608 3121 2778 3176 Donec
2818 3124 3047 3194 fodiatur
3082 3128 3331 3196 peccaturi
3358 3132 3522 3198 fovea.
3553 3129 3734 3184 Parcit

2145 3208 2285 3262 enim
2328 3209 2404 3264 illi
2447 3211 2607 3277 Deus,
2651 3228 2807 3283 quem
2851 3215 2997 3269 novit
3037 3225 3368 3284 peccatorem
3398 3227 3453 3273 et
3480 3219 3729 3290 impium,

2144 3299 2350 3354 occulta
2399 3302 2605 3370 justitia
2657 3318 2783 3371 sua;
2828 3314 2884 3360 et
2929 3305 3031 3360 hoc
3074 3306 3248 3379 ipsum
3290 3309 3430 3379 quod
3471 3311 3520 3365 ei
3558 3313 3733 3381 parcit

2145 3390 2306 3457 Deus,
2329 3406 2427 3461 per
2452 3392 2819 3464 impunitatem
2849 3396 2972 3450 facit
2992 3413 3113 3452 eum
3136 3399 3349 3454 elatum.
3376 3400 3466 3456 llle
3485 3418 3543 3457 se
3561 3404 3731 3459 altum

2144 3492 2314 3553 putat,
2347 3492 2399 3539 et
2427 3485 2566 3540 cadit
2597 3505 2609 3540 :
2638 3487 2690 3541 in
2718 3502 2783 3542 eo
2811 3488 2925 3557 ipso
2953 3489 3115 3557 cadit,
3150 3507 3254 3560 quo
3282 3507 3340 3548 se
3364 3493 3530 3548 altum
3555 3504 3730 3566 putat.

2144 3573 2259 3629 Hoc
2283 3589 2342 3629 se
2368 3574 2458 3630 ille
2491 3584 2636 3645 putat
2663 3578 2961 3634 sublimiter
2987 3580 3086 3647 ire,
3126 3589 3180 3636 et
3216 3582 3354 3636 Deus
3390 3582 3493 3639 hoc
3530 3584 3731 3640 fossam

2144 3671 2321 3718 vocat.
2350 3664 2514 3719 Fossa
2544 3665 2608 3719 ad
2638 3666 2739 3722 ima
2771 3668 2956 3733 tendit,
2987 3684 3093 3723 non
3120 3670 3184 3725 ad
3214 3672 3407 3726 ccelum
3435 3689 3448 3727 :
3477 3685 3733 3744 peccato-

2147 3768 2235 3809 res
2263 3762 2440 3809 autem
2472 3758 2686 3825 superbi
2717 3759 2865 3826 quasi
2897 3760 2945 3813 in
2978 3762 3173 3815 omium
3200 3772 3346 3828 cunt,
3374 3774 3428 3819 et
3457 3768 3507 3819 in
3532 3774 3730 3822 terram

2148 3855 2475 3913 merguntur.
2503 3843 2719 3910 Contra,
2749 3847 2977 3904 humiles
3004 3852 3150 3920 quasi
3196 3852 3250 3906 in
3293 3863 3486 3908 terram
3530 3870 3590 3911 se
3630 3856 3730 3912 de-

2149 3933 2402 4001 primunt,
2431 3945 2481 3987 et
2524 3935 2574 3988 in
2605 3936 2797 3990 cmlum
2824 3939 3137 3993 ascendunt.
3162 3941 3376 3998 Mitesce
3402 3959 3550 4015 ergo,
3577 3947 3732 4015 quis-

2147 4025 2267 4094 quis
2296 4040 2354 4080 es
2383 4027 2570 4092 lidelis,
2602 4029 2646 4081 si
2676 4029 2913 4084 eruditus
2942 4046 3000 4085 es
3028 4046 3091 4086 ex
3133 4032 3249 4103 lege
3278 4034 3399 4099 Dei,
3429 4045 3488 4090 ut
3530 4036 3598 4091 sit
3635 4052 3734 4093 cor

2148 4124 2293 4168 tuum
2326 4115 2378 4169 in
2411 4116 2741 4171 firmamento
2768 4120 2886 4173 cudi
2913 4138 2926 4173 :
2953 4121 3074 4189 quia
3106 4122 3247 4178 Deus
3283 4124 3405 4180 fecit
3445 4125 3728 4184 luminaria

2147 4216 2340 4276 quarto
2373 4208 2479 4273 die,
2509 4210 2596 4278 qui
2638 4209 2831 4264 dicitur
2870 4223 3051 4282 quarta
3089 4216 3299 4285 sabbati,
3339 4218 3479 4275 unde
3518 4221 3732 4277 titulum

2149 4300 2384 4367 psalmus
2412 4300 2509 4354 iste
2536 4301 2790 4370 percepit.
2815 4303 3092 4369 Quomodo
3121 4302 3266 4363 vides
3290 4310 3571 4366 luminaria
3601 4326 3727 4368 cum

2150 4396 2259 4443 tota
2288 4390 2539 4459 patientia
2557 4391 2784 4463 dirigere
2803 4409 2992 4450 cursus
3021 4412 3167 4464 suos,
3190 4409 3244 4454 et
3271 4416 3375 4455 non
3404 4416 3590 4458 curare
3610 4420 3734 4474 quae

2150 4480 2203 4535 in
2229 4476 2289 4536 'se
2316 4480 2495 4535 dicant
2521 4481 2803 4549 homines;
2832 4484 2910 4540 sic
2948 4494 3004 4542 et
3042 4495 3096 4542 tu
3135 4504 3241 4544 non
3281 4505 3437 4547 cures
3473 4493 3733 4565 quidquid

2150 4571 2247 4627 tibi
2296 4572 2479 4627 fecerit
2523 4587 2668 4629 caro.
2697 4573 2882 4631 Omnis
2912 4578 3052 4632 enim
3088 4578 3250 4635 homo
3274 4596 3400 4636 caro
3428 4591 3483 4637 et
3516 4585 3735 4654 sanguis

2149 4669 2249 4717 est.
2268 4661 2384 4717 Non
2407 4663 2549 4718 enim
2572 4664 2692 4721 vilis
2714 4681 2773 4721 es
2796 4666 2849 4721 in
2874 4670 3271 4739 comparatione
3294 4672 3511 4729 alterius
3531 4677 3732 4743 carnis,

2152 4770 2180 4807 a
2207 4769 2311 4825 qua
2334 4755 2529 4811 videris
2555 4758 2724 4825 premi
2746 4774 2760 4823 ;
2782 4759 2902 4827 quia
2928 4773 3024 4828 pro
3048 4768 3100 4814 te
3128 4761 3214 4816 ille
3233 4764 3466 4832 suscepit
3490 4779 3732 4831 carnem,

2150 4856 2205 4902 et
2235 4861 2331 4916 pro
2362 4855 2415 4902 te
2442 4848 2529 4903 ille
2554 4847 2690 4903 fudit
2727 4850 3036 4920 sanguinem
3059 4892 3074 4917 ,
3111 4852 3201 4922 qui
3242 4863 3297 4907 et
3327 4863 3376 4908 te
3403 4862 3459 4909 et
3486 4854 3634 4910 illum
3665 4856 3735 4911 ad

2150 4952 2306 4993 suum
2335 4948 2417 4994 est
2441 4938 2796 5011 perducturus
2815 4957 3037 4995 examen
3066 4943 3083 4974 ¹
3109 4959 3123 4995 :
3150 4951 3203 4997 et
3228 4944 3271 4998 si
3298 4952 3438 5000 tanta
3467 4960 3739 5017 prteroga-

2151 5029 2247 5092 vit,
2276 5043 2399 5083 cum
2428 5043 2577 5083 esses
2610 5029 2824 5100 impius,
2848 5031 2972 5101 quid
3004 5041 3179 5087 servat
3208 5032 3391 5089 fideli?
3417 5034 3550 5090 Hinc
3572 5037 3736 5091 mite-

2150 5133 2260 5174 sce.
2284 5119 2739 5186 Quemadmodum
2769 5121 3045 5176 mitescis?
3069 5121 3202 5177 Cum
3229 5122 3362 5178 dicis
3386 5141 3399 5177 :
3426 5124 3559 5191 Quia
3590 5125 3738 5180 Deus

2151 5210 2254 5266 hoc
2286 5211 2417 5277 vult,
2449 5210 2569 5266 ideo
2600 5211 2789 5266 florent
2832 5212 2954 5266 mali
2982 5213 3037 5276 ²;
3063 5228 3282 5282 parcere
3308 5216 3421 5270 vult
3460 5217 3633 5281 malis,
3667 5218 3735 5272 ad

2154 5300 2517 5370 paenitentiam
2561 5300 2779 5355 adducit
2820 5316 2915 5357 eos
2952 5302 3143 5371 quibus
3172 5304 3371 5374 parcit,
3403 5305 3495 5360 sed
3525 5305 3597 5359 illi
3626 5321 3735 5360 non

2150 5391 2489 5460 corriguntur
2514 5409 2529 5445 :
2552 5392 2697 5445 novit
2733 5391 2825 5446 ille
2858 5393 3125 5462 quomodo
3153 5394 3218 5450 de
3246 5394 3348 5449 illis
3376 5396 3595 5465 jndicet.
3626 5396 3736 5452 ltu-

2152 5482 2296 5537 mitis
2321 5490 2406 5537 est
2432 5489 2609 5537 autem
2637 5481 2819 5549 homo,
2846 5498 2965 5538 cum
2995 5486 3105 5539 vult
3130 5486 3493 5544 contradicere
3519 5499 3609 5543 aut
3635 5488 3706 5545 bo

2152 5574 2303 5630 nitati
2326 5574 2558 5643 Domini,
2583 5582 2677 5630 aut
2698 5576 2988 5646 patientiae,
3006 5587 3097 5632 aut
3118 5580 3383 5649 potestati,
3401 5590 3492 5636 aut
3512 5580 3737 5651 iustitia:

2214 5687 2232 5718 ί
2266 5693 2373 5755 Am.
2389 5692 2442 5735 et
2462 5688 2610 5755 nostri
2628 5692 2733 5736 Mss.
2759 5695 2927 5738 carent
2946 5688 3024 5739 his
3047 5690 3225 5751 verbis,
3252 5689 3338 5755 qui
3356 5696 3402 5741 te
3437 5696 3483 5741 et
3503 5690 3643 5743 illum
3665 5693 3735 5745 ad

2150 5760 2290 5800 suum
2306 5753 2374 5796 est
2396 5747 2717 5809 perducturus
2744 5762 2964 5799 examen.

2218 5813 2235 5841 ³
2271 5808 2415 5871 istud",
2434 5808 2543 5859 ideo
2558 5808 2723 5873 ﬂOf‘CItl
2748 5810 2863 5861 mli
2878 5846 2895 5872 ,
2918 5816 3056 5862 abest
3079 5826 3104 5862 α
3128 5820 3232 5862 atss.
3259 5827 3309 5864 rt
3333 5815 3393 5862 ab
3415 5822 3512 5862 Αω.
