4058 6486
307 361 454 418 12015

292 478 506 550 judicis.
557 478 798 550 Erigitur
841 476 1102 548 superbus
1153 475 1203 530 in
1249 475 1444 540 Deum,
1493 471 1683 542 mergit
1733 468 1880 524 illum

295 568 474 636 Deus;
505 578 562 624 et
598 569 656 624 in
691 584 756 626 eo
793 569 909 639 ipso
935 566 1210 637 mergitur,
1241 580 1344 636 quo
1369 564 1587 634 erigitur
1613 563 1666 617 in
1691 562 1877 617 Deum.

292 661 426 718 Nam
459 660 516 716 in
546 660 656 716 alio
677 660 882 732 psalmo
905 659 983 714 sic
1008 658 1081 713 ait
1104 675 1117 711 :
1141 656 1378 726 Dejecisti
1401 671 1504 720 eos,
1529 655 1648 708 dum
1678 652 1883 708 extolle-

292 760 472 805 rentur
495 748 670 819 (Psal.
699 765 867 814 Lxxu,
901 749 1009 820 18).
1034 747 1150 803 Non
1169 746 1323 813 dixit,
1349 745 1594 816 Dejecisti
1622 759 1735 812 eos,
1759 745 1880 814 quia

290 842 416 897 elati
449 849 614 908 sunt;
643 849 754 906 aut,
781 839 1024 911 Dejecisti
1055 854 1169 906 eos,
1200 848 1543 909 posteaquam
1569 836 1693 892 elati
1722 845 1878 902 sunt;

288 941 343 988 ut
376 930 524 987 aliud
548 933 617 986 sit
643 939 854 1002 tempus
877 929 1121 987 elationis
1147 943 1352 992 eorum,
1375 927 1517 982 aliud
1553 935 1764 997 tempus
1788 925 1882 981 de-

284 1022 542 1094 jectionis
567 1041 581 1077 :
605 1020 700 1079 sed
741 1022 794 1076 in
835 1036 900 1077 eo
942 1021 1056 1092 ipso
1084 1034 1190 1092 quo
1215 1019 1624 1084 extollebantur,
1649 1017 1718 1073 ibi
1746 1015 1880 1088 deji-

286 1111 600 1168 ciebantur.
641 1110 907 1178 Quantum
959 1110 1100 1166 enim
1157 1109 1442 1181 superbum
1490 1123 1588 1164 cor
1630 1108 1878 1174 hominis,

289 1212 501 1259 tantum
532 1202 736 1259 recedit
763 1217 794 1258 a
823 1203 964 1269 Deo;
989 1211 1044 1258 et
1071 1202 1116 1257 si
1147 1200 1350 1256 recedit
1373 1216 1401 1253 a
1431 1200 1560 1266 Deo,
1588 1199 1640 1254 in
1668 1197 1883 1270 profun-

289 1296 414 1353 dum
449 1298 512 1352 it.
537 1296 756 1361 Contra,
781 1310 875 1351 cor
899 1293 1099 1350 humile
1118 1293 1186 1350 de
1211 1293 1348 1350 caelo
1376 1291 1590 1348 adducit
1612 1292 1797 1356 Deum,
1826 1300 1883 1345 ut

292 1389 570 1460 proximus
597 1389 705 1442 fiat.
727 1387 886 1444 Certe
916 1386 1058 1441 altus
1083 1395 1163 1441 est
1185 1386 1349 1451 Deus,
1370 1399 1531 1453 super
1560 1397 1745 1438 omnes
1770 1397 1878 1437 coe-

291 1479 371 1536 los
415 1489 502 1535 est
545 1481 706 1547 Deus,
741 1477 1068 1534 transcendit
1102 1491 1290 1532 omnes
1329 1475 1560 1545 Angelos
1587 1493 1600 1528 :
1625 1483 1879 1546 quantum

292 1570 459 1626 habes
504 1571 661 1640 erigi,
703 1577 760 1625 ut
801 1570 1028 1640 attingas
1055 1567 1122 1622 ad
1159 1568 1305 1623 illum
1337 1566 1644 1623 excelsum?
1667 1565 1801 1620 Nolo
1831 1574 1882 1620 te

293 1675 514 1732 rumpas
540 1659 882 1717 extendendo
911 1668 961 1715 te
986 1675 1000 1724 ;
1031 1657 1174 1712 aliud
1195 1657 1474 1712 consilium
1506 1655 1597 1712 tibi
1624 1655 1714 1723 do,
1741 1671 1806 1710 ne
1829 1655 1880 1709 in

293 1754 392 1810 ista
441 1753 762 1809 extensione
811 1754 944 1808 forte
995 1765 1182 1822 crepcs
1225 1766 1320 1820 per
1364 1749 1662 1821 superbiam
1696 1758 1882 1804 :certe

296 1846 433 1902 altus
463 1856 548 1901 est
578 1847 754 1912 Deus;
785 1854 839 1899 tu
868 1843 1084 1898 humilia
1114 1853 1192 1908 te,
1220 1850 1274 1898 et
1299 1841 1586 1898 descendet
1607 1841 1673 1896 ad
1703 1849 1772 1895 te.

293 1954 302 2000 I
363 1941 454 1995 I7.
490 1938 642 2015 (vers.
676 1937 789 2012 ιι.]
817 1939 1129 1994 Audivimus
1155 1951 1318 2007 quare
1360 1944 1540 2006 parcat
1568 1934 1751 1999 malis;
1783 1933 1882 1988 hoc

297 2033 468 2104 ipsum
504 2031 648 2086 fossa
696 2031 930 2101 ipsorum
974 2038 1073 2084 est.
1107 2027 1241 2082 Dicit
1271 2026 1360 2080 tibi
1391 2027 1529 2080 Deus
1561 2041 1574 2078 :
1605 2024 1882 2093 Quomodo

297 2125 397 2180 illis
426 2123 652 2189 foditur,
677 2132 731 2178 et
757 2135 921 2192 quare
949 2120 1052 2175 illis
1079 2119 1273 2174 foditur
1302 2117 1470 2183 fovea,
1494 2130 1600 2172 non
1626 2123 1708 2170 est
1734 2123 1880 2171 tuum

296 2229 657 2286 cognoscere;
690 2213 785 2269 sed
811 2229 876 2269 ex
905 2212 1019 2282 lege
1046 2227 1161 2266 mea
1200 2209 1345 2265 disce
1371 2209 1657 2279 patientem
1687 2217 1737 2262 te
1763 2222 1882 2263 esse

298 2309 512 2376 debere,
545 2309 706 2362 donec
731 2306 953 2378 fodiatur
978 2305 1224 2376 peccatori
1249 2304 1409 2372 fovea.
1443 2302 1508 2356 Et
1533 2300 1657 2371 quid
1682 2301 1749 2355 de
1773 2315 1878 2365 me,

301 2403 492 2472 inquis,
539 2400 631 2470 qui
661 2399 867 2467 laboro,
896 2406 952 2452 et
975 2397 1159 2452 laboro
1190 2397 1328 2451 inter
1364 2395 1508 2465 ipsos
1537 2393 1882 2464 peccatores?

296 2491 671 2563 Respondetur
719 2490 810 2545 tibi
853 2488 993 2561 quod
1037 2487 1316 2558 sequitur:
1365 2485 1497 2552 Quia
1535 2501 1635 2538 non
1678 2483 1880 2555 repellet

294 2583 542 2638 Dominus
559 2583 750 2654 plebem
767 2598 928 2636 suam.
954 2580 1204 2647 Exercet,
1227 2593 1332 2633 non
1353 2576 1581 2646 repellit.
1604 2575 1881 2644 Quomodo

293 2676 431 2730 enim
458 2675 589 2731 dicit
633 2675 737 2728 alio
765 2673 880 2728 loco
906 2672 1176 2740 Scriptura
1199 2670 1222 2724 ?
1257 2669 1508 2738 Quoniam
1542 2684 1687 2738 quem
1715 2666 1880 2738 diligit

296 2768 452 2836 Deus,
484 2768 727 2838 corripit;
756 2766 981 2838 ﬂagellat
1009 2771 1175 2818 autem
1205 2778 1400 2817 omnem
1427 2761 1589 2828 ﬁlium
1628 2775 1772 2823 quem
1798 2776 1878 2813 re-

289 2861 408 2931 cipit
437 2857 626 2930 (Hebr.
654 2873 748 2923 xu,
764 2856 840 2928 6).
864 2854 956 2910 llle
973 2854 1291 2924 ﬂagellatum
1312 2850 1518 2920 recipit,
1545 2859 1596 2904 tu
1615 2850 1878 2920 dicisquia

288 2951 538 3022 repellit?
566 2949 826 3005 Videmus
857 2947 1099 3002 homines
1141 2947 1192 3000 in
1221 2944 1345 2999 filiis
1373 2944 1482 2998 suis
1509 2941 1683 2998 facere
1709 2941 1834 2996 illud
1861 2959 1874 2995 :

288 3040 577 3113 aliquando
603 3040 715 3112 jam
744 3039 1058 3109 deeperatos
1089 3037 1227 3091 filios
1251 3050 1378 3090 suos
1402 3034 1675 3089 dimittunt
1701 3034 1877 3088 vivere

288 3133 558 3203 quomodo
603 3131 825 3196 volunt;
853 3144 946 3184 eos
988 3129 1076 3199 qui
1117 3142 1265 3196 spem
1311 3125 1544 3190 habent,
1575 3123 1873 3194 ﬂagellant;

286 3225 403 3280 illos
424 3238 562 3296 quos
591 3223 812 3279 omnino
833 3221 1062 3276 viderint
1090 3221 1206 3275 sine
1228 3234 1322 3290 spe
1346 3227 1399 3274 et
1425 3218 1707 3272 indomitos
1735 3233 1874 3283 esse,

283 3315 563 3370 dimittunt
591 3322 647 3368 ut
677 3313 874 3368 faciant
903 3311 1043 3382 quod
1075 3311 1279 3364 volunt.
1324 3308 1441 3364 Jam
1465 3323 1621 3378 quem
1661 3307 1879 3362 dimittit

283 3408 464 3464 facere
491 3405 636 3476 quod
664 3404 797 3471 vult,
830 3417 936 3457 non
979 3402 1090 3457 vult
1112 3400 1394 3456 admittere
1421 3398 1486 3452 ad
1513 3396 1874 3452 hiereditatem

281 3512 434 3553 suam
464 3514 477 3551 :
506 3511 630 3552 eum
658 3500 839 3548 autem
868 3492 1100 3563 ﬂagellat
1139 3490 1302 3544 filium
1333 3489 1415 3544 cui
1451 3488 1618 3558 ipsam
1644 3486 1876 3541 haeredi-

282 3597 443 3643 tatem
471 3592 670 3641 servat.
709 3583 844 3639 Cum
874 3592 1051 3636 autem
1097 3579 1328 3650 ﬂagellat
1361 3579 1501 3634 Deus
1530 3577 1721 3643 lilium,
1749 3591 1874 3632 cur-

287 3687 368 3733 rat
393 3677 497 3732 sub
525 3689 691 3730 manu
722 3675 739 3706 ¹
770 3674 940 3728 Patris
969 3669 1320 3742 ﬂagellantis;
1357 3669 1480 3739 quia
1509 3669 1598 3739 qui
1623 3666 1872 3738 ﬂagellat,

282 3769 347 3823 ad
388 3765 767 3823 haereditatem
799 3762 974 3819 erudit
1020 3779 1033 3815 :
1074 3761 1142 3816 ab
1173 3760 1482 3816 haereditate
1513 3774 1619 3813 non
1665 3758 1875 3829 repellit

281 3858 448 3914 lilium
505 3871 662 3912 suum
737 3868 894 3925 quem
971 3853 1221 3922 castigat;
1296 3850 1390 3906 sed
1447 3849 1566 3905 ideo
1621 3848 1870 3920 ﬂagellat,

282 3960 340 4004 ut
364 3948 612 4018 recipiat.
640 3944 757 4001 Non
787 3943 856 3999 sit
885 3952 991 3998 tam
1021 3957 1159 3997 vano
1187 3955 1348 3996 sensu
1379 3949 1429 3995 ct
1463 3939 1672 4009 puerili,
1704 3951 1761 3995 ut
1787 3940 1870 3994 di-

279 4050 363 4095 cat
393 4059 408 4095 :
435 4038 567 4094 Plus
603 4043 747 4091 amat
786 4042 934 4104 pater
960 4047 1112 4089 meus
1154 4030 1370 4086 fratrem
1401 4046 1575 4084 meum
1597 4069 1611 4093 ,
1645 4029 1726 4083 cui
1755 4044 1872 4098 per-

282 4130 445 4186 mittit
476 4127 658 4184 facere
685 4122 940 4196 quidquid
963 4124 1114 4187 vult;
1144 4137 1244 4193 ego
1272 4122 1315 4176 si
1340 4136 1424 4176 me
1450 4135 1667 4174 movero
1691 4131 1873 4174 contra

281 4222 578 4292 iussionem
619 4217 787 4288 patris
820 4215 950 4283 mei,
978 4213 1185 4284 ﬂagella
1213 4212 1444 4267 invenio.
1473 4211 1550 4266 Tu
1577 4211 1749 4282 gaude
1776 4212 1876 4267 sub

282 4311 540 4384 ﬂagellis;
571 4309 696 4381 quia
727 4307 822 4363 tibi
868 4315 1111 4362 servatur
1136 4303 1420 4359 haareditas
1442 4343 1459 4369 ,
1505 4302 1638 4370 Quia
1664 4318 1763 4357 non
1792 4319 1874 4357 re-

282 4404 430 4474 pellet
458 4400 713 4456 Dominus
733 4397 926 4470 plebem
949 4412 1115 4451 suam.
1141 4395 1224 4450 Ad
1246 4404 1454 4465 tempus
1477 4394 1744 4459 emendat,
1768 4409 1874 4450 non

284 4501 332 4550 in
357 4505 622 4552 aeternum
649 4491 864 4546 damnat
897 4506 910 4543 :
941 4489 1046 4544 illis
1065 4496 1243 4543 autem
1268 4486 1332 4541 ad
1366 4495 1574 4556 tempus
1601 4486 1785 4555 parcit,
1818 4485 1876 4540 in

285 4595 547 4642 mlernum
582 4584 701 4637 illos
730 4578 1022 4635 damnabit.
1053 4577 1206 4647 Elige
1235 4577 1328 4633 tibi
1357 4595 1371 4632 :
1399 4575 1745 4646 temporalem
1791 4576 1875 4631 vis

286 4677 542 4741 liberem,
576 4689 643 4729 an
685 4672 1063 4742 sempiternam
1095 4666 1345 4740 poenam?
1372 4667 1715 4737 temporalem
1755 4666 1874 4722 feli-

289 4767 520 4835 citatem,
555 4779 623 4819 an
650 4762 1026 4832 sempiternam
1059 4759 1260 4815 vitam?
1283 4757 1420 4826 Quid
1449 4759 1680 4813 minatur
1710 4758 1876 4814 Deus?

285 4857 679 4928 Sempiternam
717 4867 950 4924 pcenam.
996 4850 1134 4920 Quid
1177 4850 1440 4921 promittit
1464 4849 1643 4906 Deus?
1669 4849 1878 4918 Sempi-

286 4959 493 5006 ternam
539 4945 804 5016 requiem.
837 4943 893 4998 In
939 4956 1044 5013 quo
1073 4939 1301 5011 ﬂagellat
1329 4938 1498 4995 bonos
1521 4982 1535 5006 ,
1584 4939 1878 5009 temporale

282 5048 363 5096 est
389 5058 406 5096 :
432 5040 488 5094 in
514 5050 624 5108 quo
649 5033 818 5107 parcit
841 5031 1016 5101 malis,
1047 5031 1338 5102 temporale
1367 5038 1465 5086 est.
1504 5030 1636 5096 Quia
1664 5047 1764 5084 non
1788 5046 1873 5084 re-

283 5131 431 5200 pellet
459 5126 714 5182 Dominus
736 5123 928 5195 plebem
963 5138 1127 5188 suam,
1155 5130 1202 5176 et
1227 5119 1568 5175 hereditatem
1597 5136 1743 5174 suam
1771 5136 1873 5175 non

284 5221 615 5290 derelinquet.

356 5315 444 5371 18.
478 5312 630 5386 [vers.
663 5308 776 5383 15.]
809 5309 1079 5378 Quousque
1097 5306 1318 5378 justitia,
1341 5305 1532 5377 inquit,
1561 5313 1877 5360 convertatur

284 5409 337 5461 θη
355 5407 609 5478 judicium
639 5411 686 5456 et
714 5402 802 5475 qui
832 5401 1014 5454 habent
1043 5414 1154 5454 eam
1179 5414 1350 5452 omnes
1385 5407 1522 5452 recto
1550 5406 1666 5452 sunt
1703 5399 1871 5454 corde.

289 5497 516 5554 Attende
543 5495 726 5558 modo,
756 5501 811 5548 et
835 5491 974 5546 habe
993 5490 1286 5559 justitiam;
1314 5489 1436 5559 quia
1457 5488 1714 5559 judicium
1744 5504 1876 5544 non-

289 5591 415 5647 dum
443 5599 595 5660 potes
621 5587 846 5644 habere.
873 5583 1028 5639 Prius
1045 5590 1130 5638 est
1156 5590 1214 5636 ut
1241 5581 1439 5637 habeas
1458 5581 1751 5652 justitiam;
1783 5582 1877 5639 sed

290 5689 405 5760 ipsa
429 5687 630 5758 justitia
660 5694 751 5741 tua
793 5687 1133 5737 convertatur
1162 5678 1224 5734 in.
1256 5675 1537 5748 judicium.
1569 5676 1877 5734 Habuerunt

359 5804 380 5837 ι
401 5799 579 5871 aliqua;
599 5796 837 5863 magna
858 5806 1069 5847 munitm.

1450 352 1841 412 ENAIlRATlO
1879 352 1944 408 IN
1983 352 2303 410 PSALMUM
2345 355 2522 411 XCIII.

3441 368 3462 422 Ι
3473 364 3576 422 206

1994 466 2080 522 hic
2118 469 2374 538 justitiam
2414 470 2688 540 Apostoli,
2742 481 2793 528 et
2837 475 3170 543 pertulerunt
3212 477 3440 550 iniquos.
3470 480 3576 536 Sed

1987 561 2112 630 quid
2144 561 2247 617 illis
2269 561 2499 618 dicitur?
2526 565 2772 620 Sedebitis
2796 584 2946 638 super
2969 569 3228 641 duodecim
3252 573 3412 639 sedes,
3431 576 3578 644 judi~

1988 660 2157 704 cantes
2195 652 2458 706 duodecim
2499 656 2654 710 tribus
2681 653 2848 722 Israel
2885 658 3110 730 (Matth.
3143 678 3254 730 xtx,
3285 663 3400 734 28).
3433 664 3576 736 Ergo

1982 741 2188 814 justitia
2229 745 2464 814 ipsorum
2490 759 2831 805 convertetur
2855 751 2907 805 in
2927 751 3207 822 judicium.
3239 756 3396 812 Modo
3434 759 3574 814 enim

1983 834 2159 903 justus
2185 835 2424 906 quisquis
2453 836 2539 892 hic
2569 837 2740 908 fuerit,
2766 840 2832 895 ad
2863 841 2966 898 hoc
2989 853 3070 899 est
3098 853 3157 900 ut
3187 847 3415 916 patiatur
3437 849 3574 905 mala

1987 932 2042 979 et
2071 924 2258 980 toleret
2299 942 2313 981 :
2355 926 2586 997 patiatur
2627 938 2839 1001 tempus
2883 935 3163 1004 passionis,
3209 946 3264 994 et
3291 939 3434 995 venit
3462 939 3576 996 dies

1983 1015 2346 1087 judicationis.
2378 1018 2482 1074 Sed
2509 1020 2633 1090 quid
2659 1021 2778 1078 dico
2805 1023 2873 1080 de
2893 1027 3062 1082 servis
3088 1027 3222 1085 Dei?
3246 1029 3364 1100 Ipse
3390 1031 3574 1086 Domi-

1986 1122 2087 1186 nus
2128 1108 2217 1179 qui
2255 1099 2542 1179 judex'est
2585 1113 2820 1168 omnium
2863 1116 3106 1172 vivorum
3138 1128 3188 1174 ct
3218 1099 3573 1189 mortuorum,

1987 1200 2160 1271 primo
2185 1201 2412 1271 judicari
2450 1205 2635 1268 voluit,
2669 1215 2721 1260 et
2746 1206 2823 1262 sic
2844 1207 3106 1278 judicare.
3131 1211 3398 1283 Quousque
3411 1212 3576 1284 justi-

1987 1289 2058 1343 tia
2086 1301 2401 1346 convertatur
2445 1293 2498 1347 in
2525 1295 2779 1364 judicium
2811 1312 2829 1350 :
2860 1307 2905 1352 et
2939 1299 3025 1370 qui
3050 1301 3234 1356 habent
3261 1319 3372 1358 eam
3399 1320 3572 1359 omnes

1989 1391 2124 1434 recto
2150 1391 2266 1436 sunt
2288 1383 2458 1438 corde.
2489 1383 2586 1452 Qui
2620 1383 2816 1441 habent
2843 1390 3004 1443 modo
3027 1389 3306 1464 justitiam,
3337 1395 3574 1451 nondum

1982 1471 2242 1542 judicant.
2272 1474 2451 1530 Primo
2491 1484 2574 1530 est
2611 1477 2752 1532 enim
2784 1477 2979 1534 habere
3002 1480 3283 1552 justitiam,
3315 1495 3367 1540 et
3393 1497 3575 1557 postea

1982 1564 2222 1634 judicare
2252 1583 2264 1620 :
2295 1568 2468 1637 primo
2501 1569 2695 1638 patitur
2723 1571 2911 1638 malos,
2940 1579 2993 1627 et
3019 1583 3202 1643 postea
3225 1575 3430 1646 judicat
3460 1593 3577 1633 ma-

1987 1655 2088 1710 los.
2114 1655 2266 1712 Modo
2288 1657 2492 1727 justitia
2522 1659 2620 1724 sit;
2651 1669 2835 1730 postea
2860 1673 3197 1720 convertatur
3225 1666 3276 1720 in
3297 1667 3574 1738 judicium.

1987 1747 2056 1802 Et
2077 1749 2274 1803 tamdiu
2299 1752 2495 1822 patitur
2522 1751 2766 1810 homines
2786 1755 2975 1822 malos,
3003 1759 3252 1829 quamdiu
3280 1763 3390 1817 vult
3416 1763 3576 1828 Dens,

1987 1841 2234 1910 quamdiu
2268 1842 2384 1899 illos
2415 1845 2642 1913 perferet
2673 1845 2912 1902 Ecclesia
2943 1847 3057 1917 Dei,
3093 1859 3148 1904 ut
3177 1852 3454 1908 erudiatur
3478 1869 3572 1923 per

1988 1933 2241 1988 malitiam
2294 1935 2550 2006 ipsorum.
2586 1937 2701 1992 Non
2730 1947 2907 1995 tamen
2939 1923 3163 2012 repellet
3189 1943 3330 1999 Deus
3370 1944 3576 2014 plebem

1987 2039 2157 2090 suam,
2181 2043 2436 2097 quousque
2450 2029 2653 2099 justitia
2679 2041 2996 2087 convertatur
3022 2034 3074 2086 in
3091 2034 3346 2105 judicium
3374 2052 3392 2090 :
3422 2045 3466 2090 et
3491 2040 3580 2109 qui

1988 2112 2168 2168 habent
2210 2131 2322 2169 eam
2349 2157 2362 2181 ,
2409 2133 2578 2172 omnes
2604 2130 2737 2174 recto
2783 2130 2898 2175 sunt
2927 2123 3098 2177 corde.
3137 2123 3237 2192 Qui
3280 2135 3404 2180 sunt
3446 2138 3579 2181 recto

1988 2208 2178 2262 corde?
2206 2209 2306 2276 Qui
2335 2209 2434 2263 hoc
2462 2210 2643 2265 volunt
2672 2213 2810 2280 quod
2837 2214 2975 2268 Deus
3007 2215 3136 2270 vult.
3176 2216 3351 2272 Parcit
3383 2232 3576 2288 pecca-

1989 2299 2221 2366 toribus,
2248 2311 2302 2355 tu
2329 2302 2408 2356 vis
2439 2313 2492 2357 ut
2512 2303 2620 2374 jam
2648 2305 2833 2373 perdat
2859 2315 3186 2376 peccatores.
3211 2309 3430 2365 Distorti
3451 2328 3569 2366 cor-

1986 2393 2068 2448 dis
2093 2410 2152 2449 es
2182 2405 2236 2451 ct
2265 2411 2440 2466 prava:
2473 2399 2760 2454 voluntatis
2784 2441 2799 2465 ,
2845 2402 3054 2470 quando
3081 2403 3220 2458 aliud
3260 2405 3338 2458 vis
3362 2445 3376 2470 ,
3423 2404 3563 2459 aliud

1987 2486 2100 2540 vult
2131 2486 2287 2542 Deus.
2321 2487 2442 2542 Vult
2465 2497 2640 2544 autem
2667 2489 2802 2545 Deus
2832 2505 3049 2560 parcere
3069 2492 3242 2560 malis,
3277 2502 3332 2548 tu
3361 2509 3465 2549 non
3499 2497 3577 2550 vis

1987 2578 2129 2646 parci
2159 2597 2173 2632 :
2219 2579 2424 2649 patiens
2450 2589 2531 2635 est
2561 2579 2702 2636 Deus
2729 2583 3094 2651 peccatoribus
3116 2625 3132 2651 ,
3163 2594 3217 2638 tu
3245 2599 3350 2640 non
3379 2587 3457 2641 vis
3498 2596 3578 2640 to-

1986 2669 2157 2724 lcrare
2182 2678 2515 2740 peccatores.
2559 2671 2664 2727 Sed
2695 2683 2754 2727 ut
2782 2673 2960 2730 dicere
2987 2690 3253 2745 coeperam
3281 2719 3296 2744 ,
3328 2677 3469 2733 aliud
3500 2679 3578 2734 vis

1987 2767 2061 2817 tu.
2085 2759 2227 2816 aliud
2253 2761 2390 2816 Deus
2417 2779 2430 2815 :
2454 2774 2707 2819 converte
2728 2779 2821 2819 cor
2848 2774 3014 2834 tuum,
3038 2775 3089 2821 ct
3108 2767 3277 2838 dirige
3298 2767 3362 2824 ad
3386 2769 3575 2835 Deum;

1984 2853 2104 2923 quia
2135 2861 2190 2909 et
2217 2853 2472 2910 Dominus
2501 2854 2728 2912 infirmis
2751 2872 3061 2929 compassus
3083 2868 3185 2915 est.
3213 2859 3351 2917 Vidit
3382 2862 3431 2916 in
3459 2877 3578 2917 cor-

1986 2963 2115 3017 pore
2143 2961 2240 3001 suo
2260 2990 2274 3014 ,
2319 2947 2370 3001 id
2396 2957 2477 3003 est
2505 2949 2555 3003 in
2589 2946 2826 3003 Ecclesia
2857 2963 2952 3004 sua
2983 2949 3221 3005 infirmos
3247 2992 3262 3018 ,
3291 2952 3376 3022 qui
3406 2953 3576 3022 primo

1984 3039 2306 3094 voluntatem
2333 3053 2481 3093 suam
2515 3040 2662 3109 sequi
2692 3047 2991 3106 tentarent;
3023 3042 3115 3096 sed
3146 3058 3268 3115 cum
3296 3043 3572 3100 viderent‘

1985 3131 2310 3187 voluntatem
2346 3131 2438 3186 Dei
2467 3131 2622 3186 aliam
2651 3145 2791 3199 esse,
2820 3131 3108 3203 dirigerent
3138 3148 3197 3188 se
3220 3143 3276 3190 et
3300 3149 3394 3190 cor
3421 3151 3572 3192 suum

1982 3221 2046 3277 ad
2087 3221 2476 3292 suscipiendam
2505 3233 2560 3276 et
2602 3221 2928 3292 sequendam
2975 3225 3300 3279 voluntatem
3343 3226 3453 3280 Dei.
3497 3228 3576 3284 Ne

1981 3313 2311 3367 voluntatem
2345 3313 2436 3367 Dei
2478 3312 2611 3368 velis
2643 3321 2892 3383 torquere
2930 3313 2996 3368 ad
3039 3315 3360 3370 voluntatem
3397 3327 3572 3385 tuam,

1982 3402 2074 3457 sed
2120 3410 2261 3458 tuam
2305 3403 2512 3474 corrige
2559 3402 2626 3457 ad
2671 3403 2994 3459 voluntatem
3041 3405 3157 3460 Dei.
3187 3404 3444 3460 Voluntas
3473 3407 3567 3463 Dei

1981 3493 2060 3548 sic
2088 3502 2166 3549 est
2195 3493 2465 3565 quomodo
2494 3495 2673 3564 regula
2697 3512 2710 3547 :
2734 3510 2879 3563 cccc,
2912 3504 3057 3566 puta,
3089 3497 3285 3552 torsisti
3315 3501 3570 3569 regulam;

1981 3585 2125 3640 unde
2148 3584 2314 3640 habes
2341 3585 2571 3656 corrigi?
2599 3585 2686 3640 Illa
2711 3594 2886 3641 autem
2918 3587 3120 3657 integra
3147 3597 3362 3644 manet:
3394 3591 3573 3659 regula

1981 3686 2063 3731 est
2086 3677 2228 3732 enim
2258 3676 2727 3732 incommutabilis.
2756 3676 3018 3744 Quamdiu
3043 3678 3246 3749 integra
3269 3687 3350 3734 est
3371 3680 3568 3750 regula,

1982 3765 2148 3823 habes
2173 3782 2279 3839 quo
2307 3776 2669 3822 te'convertas
2693 3776 2744 3822 et
2783 3768 3018 3837 corrigas
3049 3771 3360 3839 pravitatem
3405 3780 3570 3833 tuam,

1982 3857 2146 3914 habes
2175 3858 2316 3914 unde
2355 3859 2589 3928 corrigas
2615 3858 2755 3928 quod
2793 3860 2842 3912 in
2873 3869 2921 3913 te
2960 3867 3154 3913 tortum
3186 3869 3288 3914 est.
3316 3860 3452 3928 Quid
3473 3875 3570 3916 au-

1983 3957 2086 4004 tem
2107 3947 2544 4002 volunthomincs
2559 3949 2582 4000 ‘l
2600 3949 2789 4002 Parum
2813 3957 2916 4014 est,
2937 3949 3058 4018 quia
3075 3950 3395 4006 voluntatem
3418 3966 3568 4006 suam

1981 4047 2270 4093 tortuosum
2302 4038 2532 4104 habent;
2562 4039 2721 4092 etiam
2750 4038 2934 4093 volunt
2959 4040 3286 4095 voluntatem
3322 4040 3412 4096 Dei
3451 4051 3565 4097 tor-

1980 4139 2086 4184 tam
2116 4129 2289 4184 facere
2330 4128 2620 4184 secundum
2662 4142 2756 4183 cor
2795 4143 2947 4182 suum
2970 4170 2983 4193 ,
3016 4137 3073 4183 ut
3113 4129 3212 4184 hoc
3240 4128 3398 4184 faciat
3424 4131 3566 4187 Deus

1980 4220 2123 4290 quod
2171 4220 2270 4290 ipsi
2301 4219 2503 4288 volunt,
2534 4235 2656 4274 cum
2702 4218 2801 4290 ipsi
2832 4219 2934 4276 hoc
2961 4219 3186 4276 debeant
3230 4221 3402 4278 facere
3428 4223 3570 4293 quod

1982 4312 2122 4367 Deus
2145 4311 2280 4366 vult.

2053 4404 2141 4459 t9.
2179 4403 2458 4472 Quomodo
2505 4412 2681 4458 autem
2730 4400 3040 4474 compleims
3078 4413 3160 4461 est
3206 4407 3462 4465 Dominus
3505 4426 3570 4466 ex

1983 4494 2189 4550 duabus
2228 4494 2590 4550 voluntatibus
2633 4510 2792 4550 unam
2824 4496 3014 4551 factam
3060 4498 3112 4553 in
3158 4499 3373 4555 homine
3413 4517 3570 4572 quem

1981 4585 2261 4655 portabat?
2290 4585 2645 4656 Prasligurans
2681 4587 2734 4641 in
2775 4601 2998 4658 corpore
3025 4603 3156 4655 suo,
3199 4589 3250 4644 id
3279 4600 3361 4646 est
3388 4592 3572 4649 inoEc-

1981 4675 2144 4730 clesia
2171 4690 2292 4742 sua,
2315 4675 2519 4730 futuros
2539 4676 2796 4746 quosdam
2823 4678 2912 4747 qui
2939 4677 3262 4736 voluntatem
3291 4693 3440 4737 suam
3465 4684 3571 4738 vel-

1982 4766 2094 4821 lcnt
2121 4765 2316 4831 facere,
2337 4767 2430 4821 sed
2455 4777 2807 4838 sequerentur
2826 4778 3010 4839 postea
3038 4771 3163 4837 Dei;
3188 4774 3307 4844 quia
3335 4775 3572 4832 inﬁrmos

1981 4859 2242 4931 quosdam
2283 4861 2516 4916 ostendit
2543 4865 2684 4931 quod
2723 4862 2787 4917 ad
2824 4863 2996 4933 ipsum
3041 4866 3364 4936 pertineant,
3399 4879 3454 4924 et
3479 4885 3572 4925 eos

1982 4953 2338 5024 prtefiguravit
2364 4954 2415 5007 in
2445 4968 2524 5009 se.
2556 4953 2686 5008 Nam
2716 4955 2838 5011 ideo
2867 4963 2924 5011 et
2951 4965 3062 5012 toto
3091 4972 3318 5028 corpore
3357 4963 3570 5031 sangui-

1982 5061 2102 5100 nem
2133 5043 2342 5100 sudavit
2371 5043 2534 5116 (Luc.
2564 5050 2700 5112 x’xu,
2733 5046 2848 5118 44),
2877 5048 2999 5119 quia
3043 5050 3093 5103 in
3121 5064 3344 5120 corpore
3369 5065 3486 5117 suo,
3517 5051 3570 5107 id

1981 5136 2145 5192 estin
2184 5136 2424 5192 Ecclesia
2453 5152 2548 5193 sua
2572 5179 2587 5204 ,
2633 5149 2926 5211 martyrum
2969 5142 3279 5212 sanguinem
3319 5144 3570 5200 ostendit.

1982 5227 2119 5283 'I‘oto
2141 5241 2366 5298 corpore
2408 5228 2621 5299 sanguis
2646 5230 2824 5286 exibat
2853 5248 2865 5284 :
2899 5231 2966 5285 ita
3008 5231 3246 5285 Ecclesia
3273 5232 3387 5302 ejus
3415 5232 3572 5289 habet

1982 5329 2276 5392 martyres;
2326 5335 2419 5390 per
2464 5329 2630 5375 totum
2661 5335 2855 5391 corpus
2880 5322 2994 5391 ejus
3037 5322 3184 5376 fusus
3223 5336 3307 5378 est
3331 5328 3567 5396 sanguis.

1982 5410 2250 5478 Quosdam
2323 5427 2451 5482 ergo
2495 5411 2734 5468 infirmos
2793 5413 2843 5466 in
2899 5427 2961 5467 se
3022 5414 3384 5485 prmitgnrans,
3447 5419 3571 5473 vel’

1985 5501 2036 5556 in
2068 5517 2292 5572 corpore
2333 5517 2463 5569 suo;
2495 5518 2559 5558 ex
2601 5517 2826 5572 persona
2857 5501 3212 5574 inﬁrmorum,
3242 5511 3573 5579 compatiens

1987 5595 2114 5664 illis,
2143 5596 2218 5650 ait
2244 5613 2258 5649 :
2290 5593 2466 5663 Pater,
2493 5597 2538 5649 si
2557 5594 2669 5666 ﬁeri
2688 5604 2866 5665 potest,
2899 5603 3117 5653 transeat
3137 5616 3168 5653 a
3190 5616 3269 5654 me
3292 5602 3428 5656 calix
3454 5602 3570 5657 iste.

2051 5734 2068 5796 ξ
2102 5735 2176 5780 Er.
2200 5735 2317 5780 Ven.
2342 5736 2395 5778 et
2415 5735 2546 5788 Lov.,
2567 5725 2746 5796 vident,
2773 5735 2824 5778 et
2847 5729 2989 5796 paulo
3007 5739 3130 5791 post,
3157 5731 3388 5796 dirigunt.
3454 5741 3512 5783 Μ.

2053 5794 2073 5824 ²
2109 5799 2182 5842 Er.
2207 5797 2325 5841 Ven.
2355 5798 2406 5839 et
2449 5787 2651 5849 Lov.,itl
2675 5801 2764 5850 est,
2785 5787 2885 5852 pro,
2914 5787 3017 5841 ναί
3068 5801 3123 5840 st.
