4056 6474
489 390 507 444 Ι
522 389 621 443 ΞΟῚ

480 525 725 582 Ostendit
771 524 1003 579 hominis
1043 522 1368 578 voluntatem
1410 534 1424 571 :
1470 517 1515 572 si
1561 516 1614 570 iu
1654 515 1766 584 ipsa
1793 512 2064 568 voluntate

482 625 860 688 permaneret,
894 615 1004 684 jam
1046 627 1267 683 pravum
1305 624 1401 666 cor
1442 608 1713 664 videretur
1759 603 2062 659 ostendere.

480 706 586 763 Sed
622 706 669 762 si
697 718 1008 774 compassus
1032 711 1117 759 est
1143 702 1257 768 tibi,
1286 710 1342 756 et
1368 708 1417 755 te
1447 698 1636 753 liberat
1662 696 1717 763 in
1745 710 1830 761 se;
1861 692 2066 759 imitare

478 796 619 867 quod
643 796 903 867 sequitur,
930 794 1116 853 dicens
1143 811 1154 845 :
1190 791 1395 858 Verum,
1422 807 1521 847 non
1549 788 1685 859 quod
1708 802 1795 858 ego
1816 785 1947 849 volo.
1978 782 2066 837 sed

481 888 617 957 quod
645 898 699 941 tu
726 887 820 951 vis,
864 883 1020 939 Pater
1048 883 1259 954 (Matth.
1304 897 1457 947 xxvr,
1486 878 1599 950 59).
1638 878 1693 934 Si
1721 876 1944 946 coeperit
1971 874 2063 940 tibi

480 979 772 1048 subrepere
809 977 1055 1039 voluntas
1085 974 1314 1029 humana
1334 1014 1349 1039 ,
1376 972 1421 1027 Ο
1441 1014 1456 1037 ,
1488 972 1532 1026 si
1559 969 1766 1026 occidat
1794 970 1932 1023 Deus
1959 966 2063 1021 ini-

482 1071 679 1124 micum
724 1069 881 1123 istum
926 1083 1124 1133 meum,
1154 1076 1211 1121 ut
1253 1081 1359 1121 non
1390 1080 1476 1123 me
1514 1073 1861 1135 persequatur
1890 1063 1903 1116 ε
1935 1076 1987 1123 ο,
2020 1060 2066 1115 si

482 1168 665 1229 posset
696 1158 810 1219 ﬁeri
836 1168 893 1213 ut
921 1173 1023 1212 non
1056 1158 1123 1213 ab
1150 1157 1240 1212 illo
1263 1166 1471 1225 paterer
1500 1163 1641 1209 tanta
1666 1156 1679 1208 !
1727 1153 1836 1223 jam
1864 1152 1909 1205 si
1940 1166 2062 1221 per-

481 1252 815 1308 severaveris
838 1294 854 1317 ,
897 1260 952 1307 et
978 1251 1079 1307 hoc
1107 1250 1199 1306 tibi
1227 1250 1517 1319 placuerit,
1547 1256 1601 1303 et
1625 1246 1773 1313 vides
1811 1244 1934 1314 quia
1960 1259 2061 1313 non

480 1343 585 1399 hoc
612 1343 725 1398 vult
751 1343 892 1399 Deus
914 1385 930 1410 ,
976 1356 1169 1412 pravus
1194 1341 1355 1396 corde
1382 1356 1459 1405 es,
1495 1355 1598 1395 non
1627 1338 1792 1395 habes
1806 1336 2062 1407 justitiam

481 1450 601 1503 qua:
638 1444 978 1491 convertetur
1010 1438 1060 1488 in
1082 1433 1332 1503 judicium
1360 1452 1373 1487 :
1411 1433 1497 1503 qui
1527 1433 1669 1499 enim
1695 1430 1837 1485 illaut
1861 1429 2060 1494 habent,

486 1540 657 1579 omnes
684 1525 802 1579 recti
828 1535 941 1580 sunt
968 1524 1136 1579 corde.
1182 1525 1247 1580 Et
1275 1524 1365 1594 qui
1405 1533 1528 1578 sunt
1551 1564 1566 1587 ,
1593 1523 1714 1591 recti
1742 1521 1927 1576 corde?
1964 1519 2063 1587 Qui

481 1619 561 1673 sic
600 1618 942 1674 inveniuntur
984 1618 1252 1687 quomodo
1280 1617 1524 1683 iuventus
1549 1624 1630 1671 est
1654 1614 1789 1681 Job,
1833 1612 1921 1682 qui
1946 1613 2059 1685 ait:

478 1708 728 1763 Dominus
750 1709 905 1774 dedit,
932 1708 1176 1763 Dominus
1197 1708 1435 1777 abstulit;
1454 1707 1583 1761 sicut
1614 1704 1829 1768 Domino
1850 1703 2060 1774 placuit,

473 1786 549 1855 ita
586 1806 778 1871 factum
807 1810 879 1856 est
909 1817 927 1860 :
956 1802 1021 1855 sit
1063 1817 1243 1855 nomen
1293 1798 1495 1854 Domini
1522 1797 1831 1852 benedictum
1860 1793 1990 1865 (Job
2014 1810 2060 1860 ι,

481 1893 599 1961 Si).
632 1893 770 1948 Ecce
798 1901 1000 1949 rectum
1042 1906 1157 1947 cor.
1186 1890 1378 1947 lterum
1423 1890 1474 1944 in
1501 1889 1648 1960 gravi
1688 1886 1909 1941 vulnere
1937 1884 2061 1954 quid

480 1986 614 2041 dixit
641 1986 833 2053 uxori,
882 2000 1040 2056 quam
1090 1993 1367 2055 propterea
1408 1983 1698 2051 reliquerat
1738 1978 1982 2034 diabolus
2011 1985 2065 2031 ct

477 2091 584 2131 non
608 2077 889 2141 occiderat,
921 2086 978 2132 ut
1004 2076 1115 2146 ipse
1144 2074 1363 2130 haberet
1382 2074 1712 2143 adjutriccm,
1737 2086 1840 2126 non
1868 2078 1924 2124 ut
1954 2083 2065 2122 ma-

475 2169 611 2222 ritus
636 2167 1080 2223 consolalrieem?
1109 2167 1419 2229 Meininerat
1456 2165 1599 2227 enim
1641 2163 1762 2234 quia
1791 2178 1885 2233 per
1920 2161 2061 2215 illam

479 2260 646 2314 Evam
680 2259 932 2330 deceptus
958 2268 1071 2314 erat
1110 2259 1279 2315 Adam
1313 2256 1462 2329 (Gen.
1492 2272 1579 2323 tn,
1604 2255 1695 2326 6),
1726 2263 1779 2309 et
1809 2268 2059 2323 necessa—

477 2350 613 2403 riam
652 2350 752 2405 sibi
799 2350 1015 2418 putabat
1056 2351 1188 2404 hauc
1220 2348 1405 2403 Evam.
1447 2347 1687 2402 Accessit
1728 2346 1793 2401 ad
1823 2345 1925 2401 Job
1950 2346 2058 2412 illa,

480 2454 731 2512 tanquam
773 2442 916 2507 Eva;
963 2441 1057 2497 sed
1101 2441 1271 2511 Adam
1299 2442 1315 2473 ¹
1361 2440 1548 2495 melior
1586 2438 1685 2494 fuit
1730 2440 1780 2492 in
1827 2448 2061 2494 stercore

475 2535 646 2590 victor
671 2549 830 2605 quam
858 2533 1027 2592 Adam
1055 2534 1227 2589 victus
1248 2534 1299 2587 in
1330 2531 1575 2603 paradiso
1605 2549 1618 2585 ε
1648 2531 1772 2601 quid
1796 2529 1938 2609 enim
1977 2544 2063 2583 re-

475 2626 692 2696 spondit
736 2625 810 2681 illi
842 2627 1089 2691 mulieri?
1129 2625 1259 2685 Vide
1287 2640 1381 2690 cor
1408 2633 1670 2697 paratum,
1701 2623 1821 2678 vide
1855 2637 1949 2679 cor
1972 2637 2060 2677 rc-

474 2728 639 2775 ctum.
670 2718 933 2788 Numquid
967 2734 1076 2784 non
1100 2718 1397 2789 patiebatur
1424 2718 1839 2788 persecutiones,
1866 2726 1920 2772 et
1939 2730 2060 2786 grag-

472 2810 604 2865 ves?
631 2809 699 2865 Et
721 2824 907 2864 omnes
927 2809 1206 2878 Christiani
1230 2810 1531 2880 patiuntur;
1560 2818 1612 2864 et
1634 2809 1677 2863 si
1708 2823 1810 2863 non
1836 2808 2062 2862 saaviunt

474 2900 724 2958 homines
749 2941 764 2964 ,
806 2901 955 2961 stevit
991 2901 1234 2965 diabolus
1262 2918 1275 2955 :
1308 2910 1359 2956 et
1402 2900 1448 2955 si
1478 2899 1748 2956 christiani
1781 2899 1904 2962 facti
1935 2906 2060 2954 sunt

476 2992 853 3062 imperatores,
877 2991 1132 3062 numquid
1153 2991 1401 3055 diabolus
1418 2991 1741 3047 christianus
1762 2990 1929 3045 factus
1953 2989 2059 3045 est?

471 3083 717 3143 intendat
745 3099 873 3155 ergo
913 3083 1177 3146 Sanctitas
1209 3082 1395 3147 Vestra
1431 3082 1558 3154 quid
1586 3083 1655 3138 sit
1694 3090 1897 3143 rectum
1942 3096 2054 3135 cor.

481 3176 723 3231 Accessit
746 3175 811 3231 ad
840 3190 981 3240 eum,
1016 3185 1070 3230 et
1099 3176 1208 3229 ait:
1238 3174 1335 3229 Dic
1360 3174 1552 3244 aliquid
1577 3174 1631 3227 in
1658 3172 1843 3239 Deum,
1875 3182 1923 3229 et
1947 3189 2055 3241 mq-

472 3282 599 3319 rere.
626 3265 973 3339 Enumeravit
995 3280 1183 3320 omnes
1202 3280 1467 3320 aerumnas
1485 3265 1567 3320 vel
1597 3265 1760 3335 ipsius
1781 3264 1861 3318 vel
1892 3278 2015 3319 suas
2038 3280 2052 3318 :

473 3358 571 3413 Dic
596 3357 809 3428 aliquid,
837 3358 1026 3429 inquit,
1049 3358 1103 3412 in
1125 3357 1309 3421 Deum,
1330 3366 1378 3411 et
1406 3373 1621 3413 morere.
1650 3355 1935 3429 Etillejam
1961 3368 2056 3411 co-

473 3463 737 3517 gnoscens
766 3450 929 3505 Evam
949 3492 963 3514 ,
1001 3448 1177 3505 redire
1204 3448 1388 3506 volens
1417 3447 1556 3503 unde
1584 3448 1762 3517 lapsus
1790 3456 1873 3502 est
1895 3487 1910 3512 ,
1949 3445 2055 3507 fixo

473 3538 636 3597 corde
659 3538 710 3592 in
742 3538 852 3593 Deo
876 3547 1122 3609 tanquam
1150 3539 1410 3605 luminare
1440 3539 1491 3593 in
1518 3540 1872 3607 firmamento,
1908 3536 2057 3597 Inibi-.-

474 3643 595 3688 tans
633 3630 796 3687 corde
824 3631 878 3688 in
905 3631 1042 3687 libro
1072 3631 1163 3687 Dei
1197 3649 1210 3685 :
1240 3629 1433 3687 Locuta
1458 3647 1509 3685 es
1530 3672 1543 3695 ,
1580 3630 1783 3700 inquit,
1816 3640 2053 3699 tanquam

474 3738 577 3774 una
604 3737 666 3775 ea:
693 3721 1040 3790 insipientibus
1078 3719 1403 3785 mulieribus;
1430 3720 1473 3774 si
1501 3719 1631 3775 bona
1656 3720 1964 3786 suscepimus
1991 3720 2055 3774 de

472 3827 628 3864 manu
655 3810 891 3874 Domini,
919 3811 1055 3863 mala
1094 3826 1193 3867 non
1234 3810 1556 3865 tolerabimus
1595 3808 1716 3879 (Job
1746 3824 1803 3876 ll,
1830 3808 1883 3872 9,
1926 3807 2054 3882 10)?

473 3902 605 3971 Quia
638 3903 796 3956 ﬁxum
824 3917 918 3957 eor
945 3902 997 3956 in
1044 3902 1175 3967 Deo,
1218 3901 1338 3956 ideo
1366 3910 1567 3956 rectum
1604 3918 1618 3955 :
1647 3900 1767 3970 quia
1796 3899 1936 3955 enim
1967 3916 2053 3955 re-

470 4003 587 4057 ctus
612 4004 692 4049 est
720 3994 880 4060 Deus,
920 3993 1133 4063 quando
1155 3993 1205 4047 in
1234 3993 1327 4048 illo
1355 3993 1472 4063 ﬁgis
1505 4007 1618 4058 cor,
1646 3991 1817 4047 forma
1842 3992 1935 4046 tibi
1959 3992 2047 4060 sit,

469 4097 528 4145 ut
563 4088 630 4141 sit
661 4087 752 4141 tibi
792 4102 886 4145 cor
910 4097 1137 4147 rectum.
1170 4087 1296 4156 Fige
1322 4102 1450 4156 ergo
1475 4101 1568 4143 cor
1597 4096 1741 4140 tuum
1775 4086 1826 4140 in
1854 4084 1973 4150 illo,
1997 4092 2053 4140 et

466 4188 671 4243 rectum
709 4194 804 4236 cor
839 4178 960 4234 erit.
992 4177 1096 4234 Sed
1145 4177 1466 4246 subrepebat
1509 4176 1751 4231 voluntas
1782 4176 2046 4247 humana;

469 4269 656 4325 nescio
698 4267 824 4338 quid
871 4267 939 4323 de
979 4267 1155 4323 carnis
1182 4266 1489 4322 inﬁrmitate
1520 4266 1745 4321 lactabat
1770 4267 1789 4297 ²
1816 4274 2047 4320 mentem

468 4370 613 4416 tuam
645 4376 658 4412 :
705 4359 813 4419 noli
836 4359 946 4429 jam
974 4358 1281 4428 desperare.
1320 4357 1397 4412 Te
1430 4355 1765 4426 pravsignavit
1792 4356 2046 4411 Dominus

466 4451 522 4518 in
559 4466 650 4513 sua
684 4450 1011 4515 inﬁrmitate,
1041 4465 1147 4504 non
1174 4464 1232 4512 se
1270 4464 1285 4502 :
1314 4464 1419 4514 non
1449 4449 1589 4503 enim
1622 4448 1839 4506 timebat
1869 4446 2047 4502 Domi-

468 4549 566 4607 hus
598 4544 741 4614 pati,
775 4544 932 4609 tertio
974 4542 1061 4601 die
1103 4550 1521 4601 resurrecturus.
1567 4539 1620 4595 Si
1667 4554 1883 4609 prorsus
1912 4553 2043 4608 quo-

465 4637 627 4697 modo
656 4636 817 4691 homo
844 4644 1134 4705 pateretur,
1163 4644 1217 4689 et
1244 4648 1350 4688 non
1378 4630 1646 4703 quomodo
1670 4631 1808 4686 Deus
1828 4631 1931 4700 pati
1956 4644 2045 4684 ve-

463 4728 627 4799 niret,
654 4737 705 4782 et
722 4727 767 4782 si
788 4727 947 4784 sciret
961 4739 1020 4781 se
1047 4734 1165 4795 post
1188 4723 1417 4781 triduum
1441 4731 1883 4785 resurrecturum,
1900 4720 2045 4775 nullo

462 4819 624 4877 modo
672 4816 983 4887 formidaret
1029 4816 1360 4889 moriturus,
1404 4813 1545 4883 quod
1593 4829 1701 4873 non
1741 4810 2045 4881 formidavit,

459 4910 737 4981 apostolus
767 4909 961 4964 Paulus
984 4949 999 4975 ,
1034 4908 1086 4961 in
1134 4907 1240 4962 ﬁne
1283 4905 1464 4960 saeculi
1507 4912 1923 4971 resurrecturus.
1955 4902 2045 4956 Ait

458 5005 600 5059 enim
639 5020 654 5058 :
685 5000 973 5072 Compellor
1021 5010 1186 5060 autem
1230 5016 1291 5054 ea'
1319 4997 1511 5052 duobus
1546 5012 1564 5049 :
1590 4996 2043 5064 concupiscentiam

461 5098 652 5151 habens
681 5094 887 5162 dissolvi
914 5103 961 5147 et
1000 5109 1106 5147 esse
1130 5109 1241 5145 cum
1267 5090 1466 5146 Christo
1484 5131 1499 5156 ,
1529 5088 1689 5142 multo
1722 5089 1852 5141 enim
1882 5087 2041 5156 magis

466 5190 750 5258 optimum;
793 5201 996 5241 manere
1038 5185 1090 5237 in
1133 5198 1285 5236 carne
1326 5181 1658 5235 necessarium
1706 5188 1910 5249 prapter
1956 5193 2041 5230 vos

471 5279 730 5350 (Philipp.
762 5294 799 5343 ι,
821 5275 1084 5345 ἳὸειῖι).
1116 5272 1354 5328 Taedium
1390 5271 1531 5327 enim
1564 5270 1639 5324 illi
1665 5278 1780 5323 erat
1823 5282 2041 5322 manere

454 5372 508 5427 in
532 5387 717 5438 carne,
758 5386 823 5425 ex
850 5370 1057 5425 duobus
1086 5366 1386 5437 patiebatur
1411 5363 1695 5425 ardorem;
1739 5360 1955 5415 dissolvi
1985 5370 2039 5415 et

454 5480 577 5520 esse
623 5479 743 5519 cum
787 5461 998 5517 Christo
1024 5502 1038 5524 ,
1086 5459 1255 5513 multo
1299 5456 1468 5527 magis
1501 5454 1760 5523 optimum
1805 5451 2033 5507 dicebat.

452 5557 604 5612 Adeo
632 5571 755 5611 cum
794 5553 1245 5625 appropinquaret
1272 5548 1385 5618 ipsa
1414 5545 1622 5619 passio,
1646 5542 1914 5619 quomodo
1939 5557 2034 5597 ex-

449 5648 717 5704 sultabat!
748 5643 1016 5719 quomodo
1043 5640 1365 5713 gloriabatur
1394 5639 1408 5694 ι
1440 5636 1636 5691 Bonum
1659 5642 1906 5689 certamen
1928 5649 2036 5689 cer-

513 5770 527 5798 ¹
567 5775 637 5816 Stc
654 5774 758 5816 Mss.
787 5773 838 5814 At
861 5764 992 5817 cdd,
1020 5760 1117 5809 Job.

511 5832 528 5859 '
563 5841 739 5878 (annos
762 5840 912 5891 prope
940 5832 1061 5883 Mss,
1075 5823 1178 5881 jurt
1196 5819 1303 5869 :hnt.

1683 380 1739 435 S.
1784 366 2150 433 AUGUSTINI
2190 373 2489 433 EPISCOPI

3617 386 3756 459 tios

2177 490 2294 556 tari,
2315 505 2520 557 cursum
2548 493 2907 562 consummavi,
2941 496 3093 565 [idem
3118 497 3347 563 iuvavi;
3371 498 3432 554 de
3460 509 3639 555 cratera
3661 482 3754 556 su-

2174 599 2263 653 per
2283 592 2354 638 est
2373 584 2497 647 mihi
2518 601 2704 640 corona
2718 588 2953 655 justitiae,
2979 604 3131 658 quam
3157 578 3474 655 reddetimilti
3508 590 3755 647 Dominus

2171 670 2224 729 in
2252 674 2344 729 illa
2369 676 2450 730 die
2466 678 2638 748 justus
2650 680 2815 749 judex
2833 679 2902 751 (II
2928 679 3062 733 Tim.
3096 697 3169 749 iv,
3198 683 3231 736 7
3249 691 3295 736 et
3317 683 3393 753 8).
3429 681 3534 738 lste
3558 685 3757 754 gaudet

2172 770 2540 836 coronandus,
2576 781 2625 825 et
2671 772 2836 826 tristis
2878 781 2961 827 est
2997 773 3087 827 ille
3115 783 3467 829 coronaturus
3508 791 3521 827 ε
3554 775 3757 845 gaudet

2171 857 2247 912 sic
2272 859 2578 928 Apostolus,
2619 872 2671 917 et
2698 862 2824 917 dicit
2848 863 3090 918 Christus
3120 864 3375 921 Dominus
3406 876 3608 933 noster,
3638 865 3755 920 Pa-

2172 957 2265 1015 ter,
2294 951 2339 1003 si
2365 951 2476 1019 ﬁeri
2508 962 2686 1021 potest,
2716 962 2933 1008 transeat
2959 955 3039 1008 hic
3067 955 3220 1009 calix.
3247 956 3352 1011 Sed
3379 956 3647 1011 tristitiam
3675 958 3758 1011 sic

2170 1043 2457 1113 assumpsit
2490 1043 2755 1113 quomodo
2784 1060 3018 1100 carnem.
3050 1045 3220 1101 Nolite
3248 1050 3388 1101 enim
3418 1056 3599 1117 putare
3628 1048 3755 1116 quia

2171 1131 2273 1189 hoc
2315 1133 2558 1203 dicimus,
2606 1152 2711 1191 non
2751 1135 2916 1191 fuisse
2943 1138 3145 1193 tristem
3180 1138 3480 1192 Dominum.
3523 1137 3577 1192 Si
3608 1138 3755 1194 enim

2172 1223 2272 1278 hoc
2297 1225 2603 1290 dixerimus,
2632 1227 2753 1295 quia
2784 1242 2887 1282 non
2918 1238 3031 1283 erat
3051 1227 3235 1295 tristis,
3263 1244 3384 1282 cum
3409 1228 3753 1298 Evangelium

2169 1315 2331 1379 dicat,
2364 1315 2543 1372 Tristis
2563 1330 2634 1373 est
2663 1319 2831 1385 anima
2854 1336 2963 1374 mea
3001 1337 3156 1394 usque
3183 1321 3250 1372 ad
3278 1328 3485 1393 mortem
3517 1320 3537 1391 (
3560 1319 3753 1391 Matth.

2169 1423 2298 1462 xm
2322 1449 2337 1471 ,
2365 1408 2433 1463 '58
2456 1451 2470 1475 ,
2506 1408 2614 1483 59)
2649 1428 2661 1464 :
2692 1425 2818 1480 ergo
2864 1421 2917 1466 et
2960 1411 3172 1481 quando
3210 1411 3339 1466 dicit
3368 1410 3713 1479 Evangelium
3736 1450 3751 1475 ,

2173 1500 2428 1555 Dormivit
2465 1500 2621 1556 Jesus
2660 1500 2781 1572 (Id.
2812 1518 2936 1580 vtu,
2965 1502 3071 1574 24)
3096 1544 3111 1568 ,
3144 1518 3248 1556 ηοη
3278 1502 3529 1557 dormivit
3554 1502 3753 1567 Jesus;

2168 1600 2222 1646 et
2247 1592 2459 1663 quando
2484 1592 2828 1668 Evangelium
2858 1594 3003 1659 dicit,
3035 1594 3367 1669 Manducavit
3405 1594 3562 1649 Iesus
3597 1593 3752 1668 (Luc.

2168 1697 2280 1749 xw,
2300 1684 2349 1746 l,
2375 1683 2519 1753 etc.),
2544 1699 2645 1758 non
2670 1684 3173 1755 manducavitJesus
3200 1704 3212 1739 :
3236 1685 3473 1754 subrepit
3490 1684 3751 1753 vermicuf

2169 1773 2251 1827 lus
2269 1774 2581 1843 putredinis,
2601 1785 2652 1830 et
2672 1774 2803 1829 nihil
2822 1791 3008 1829 sanum
3037 1774 3307 1845 relinquit,
3328 1784 3385 1829 ut
3407 1774 3612 1830 dicatur
3626 1775 3750 1845 quia

2167 1874 2221 1919 et
2237 1880 2433 1935 corpus
2449 1881 2552 1919 non
2570 1875 2683 1921 erat
2704 1883 2903 1931 verum,
2920 1875 2973 1921 et
2991 1882 3203 1940 Carnem
3225 1880 3403 1935 veram
3422 1882 3527 1919 non
3547 1864 3750 1920 habuit.

2167 1955 2430 2026 Quidquid
2474 1972 2599 2027 ergo
2625 1956 2691 2011 de
2732 1957 2821 2011 illo
2851 1958 3104 2026 scriptum
3148 1966 3250 2024 est,
3293 1955 3519 2021 fratres,
3553 1956 3750 2032 factum

2167 2057 2268 2112 est,
2296 2064 2481 2104 verum
2512 2059 2612 2103 est.
2646 2049 2785 2121 Ergo
2807 2050 2973 2105 tristis
3003 2049 3139 2104 fuit?
3164 2050 3389 2105 Prorsus
3421 2050 3586 2118 tristis
3606 2090 3621 2114 ,
3655 2049 3750 2104 sed

2167 2139 2437 2196 voluntate
2482 2142 2777 2212 suscipiens
2818 2141 3115 2206 tristitiam,
3164 2142 3431 2212 quomodo
3476 2142 3753 2197 voluntate

2166 2232 2461 2300 suscipiens
2490 2248 2737 2298 carnem;
2783 2232 3050 2303 quomodo
3089 2233 3359 2288 voluntate
3397 2246 3613 2287 carnem
3653 2247 3752 2286 ve.

2166 2339 2301 2385 ram,
2329 2325 2407 2379 sic
2433 2325 2707 2381 voluntate
2743 2326 3012 2382 tristitiam
3045 2341 3246 2380 veram.
3281 2324 3371 2380 Sic
3397 2341 3524 2395 ergo
3552 2325 3748 2397 volun:-

2169 2426 2275 2474 tatc
2302 2419 2317 2449 ¹
2349 2418 2584 2473 ostendit
2610 2420 2666 2492 in.
2700 2434 2757 2495 se
2777 2462 2791 2485 ,
2834 2429 2893 2481 ut
2928 2419 2972 2475 si
3004 2419 3141 2475 forte
3168 2421 3495 2490 subrepserit
3520 2420 3612 2475 tibi
3644 2420 3747 2474 hu-

2166 2524 2318 2567 mana
2365 2510 2671 2577 inﬁrmitas,
2705 2522 2756 2567 et
2795 2513 3017 2585 emperit
3053 2513 3195 2579 aliud
3226 2514 3361 2568 velle
3403 2528 3563 2583 quam
3607 2514 3748 2569 Deus

2167 2599 2299 2667 vult,
2334 2600 2512 2655 videas
2536 2602 2847 2671 pravitatem
2871 2602 3045 2656 cordis
3070 2604 3141 2656 tui
3169 2612 3316 2657 extra
3339 2602 3593 2673 regulam,
3620 2602 3749 2674 ﬁgas

2166 2689 2292 2745 illud
2332 2690 2398 2745 ad
2439 2693 2706 2762 regulam,
2747 2704 2800 2748 et
2832 2693 3094 2764 dirigatur
3134 2694 3185 2748 in
3220 2694 3385 2749 Deum
3426 2710 3520 2750 cor
3563 2706 3745 2759 tuum,

2164 2782 2305 2852 quod
2338 2783 2388 2837 in
2420 2783 2637 2839 homine
2664 2793 2900 2855 coeperat
2937 2800 3058 2839 esse
3088 2800 3329 2854 pravum.
3361 2783 3449 2839 Sic
3487 2800 3614 2854 ergo
3646 2785 3748 2842 Do-

2163 2877 2341 2932 minus
2368 2885 2417 2931 te
2442 2876 2729 2935 ostendens
2754 2877 2908 2941 dixit,
2938 2876 3119 2930 Tristis
3146 2886 3217 2929 est
3243 2876 3414 2929 anima
3443 2892 3553 2929 mea
3591 2892 3751 2946 usque

2163 2967 2231 3021 ad
2261 2979 2501 3037 mortem;
2541 2977 2593 3022 et
2634 2967 2796 3033 dixit,
2830 2966 3006 3033 Pater,
3047 2968 3092 3022 si
3129 2967 3239 3035 ﬁeri
3276 2974 3433 3037 potest
3464 2976 3686 3020 transeat
3714 2983 3747 3021 α

2162 3076 2241 3113 me
2270 3060 2405 3113 calix
2430 3059 2542 3127 iste.
2573 3058 2679 3113 Sed
2706 3058 2882 3133 statim
2915 3056 2996 3112 fac
3015 3056 3155 3127 quod
3185 3056 3303 3111 ideo
3331 3057 3454 3111 fecit
3478 3065 3535 3110 ut
3565 3065 3617 3111 te
3642 3055 3747 3110 du-

2161 3162 2308 3226 ceret
2333 3170 2344 3205 :
2382 3150 2584 3217 Verum,
2607 3168 2706 3205 non
2732 3150 2865 3220 quod
2890 3166 2978 3219 ego
3006 3151 3134 3221 uolo,
3168 3148 3257 3203 sed
3275 3150 3408 3219 quod
3429 3159 3482 3202 tu
3511 3150 3602 3215 vis,
3636 3146 3747 3201 Pa-

2162 3254 2254 3298 ter.
2287 3243 2342 3298 Si
2371 3244 2512 3297 enim
2542 3242 2645 3297 hoc
2676 3241 2934 3305 feceritis,
2963 3240 3222 3311 justitiam
3252 3238 3514 3294 habebitis
3549 3258 3561 3292 :
3594 3238 3638 3293 si
3658 3239 3746 3309 ju-

2159 3334 2357 3389 stitiam
2388 3333 2651 3389 habebitis
2671 3375 2685 3397 ,
2720 3342 2922 3387 rectum
2950 3341 3032 3386 est
3055 3346 3177 3397 cor;
3210 3330 3253 3385 si
3286 3339 3489 3385 rectum
3518 3340 3598 3385 est
3625 3345 3743 3395 cor,

2154 3428 2359 3497 justitia
2400 3426 2487 3480 illa
2530 3441 2646 3495 qurc
2677 3424 2835 3478 modo
2876 3424 3100 3489 tolerat,
3147 3430 3491 3478 convertetur
3520 3422 3572 3475 in
3594 3420 3744 3490 judi-

2159 3522 2321 3589 cium,
2350 3530 2403 3574 et
2428 3528 2607 3589 postea
2629 3518 2896 3589 judicaute
2925 3517 3147 3571 Domino
3172 3527 3278 3579 tuo,
3311 3529 3416 3569 non
3440 3514 3609 3569 solum
3632 3528 3740 3570 nou

2158 3628 2480 3684 expavesces
2507 3612 2678 3681 mala,
2723 3611 2815 3665 sed
2856 3611 3015 3667 etiam
3059 3607 3376 3679 gloriaberis
3414 3606 3481 3661 de
3518 3621 3739 3660 corona.

2158 3707 2307 3761 Tunc
2337 3703 2539 3759 videbis
2566 3705 2586 3734 ²
2616 3702 2883 3772 quomodo
2907 3699 3189 3771 profecerit
3212 3698 3465 3769 patientia
3495 3697 3624 3761 Dei,
3654 3696 3739 3752 vel

2156 3797 2223 3857 ad
2252 3798 2463 3852 illorum
2488 3810 2721 3868 pcenam,
2751 3794 2835 3848 vel
2861 3792 2925 3846 ad
2950 3801 3093 3863 tuam
3119 3803 3371 3867 coronam
3400 3806 3415 3842 :
3441 3787 3601 3842 modo
3629 3802 3738 3841 non

2157 3889 2339 3953 vides;
2370 3887 2528 3943 crede
2558 3885 2698 3956 quod
2728 3884 2961 3950 nondum
2992 3881 3141 3953 vides
3161 3923 3175 3947 ,
3206 3896 3272 3935 ne
3301 3878 3587 3934 erubescas
3613 3893 3738 3933 cum

2154 3978 2373 4037 videris.
2412 3978 2679 4050 Quousque
2695 3974 2901 4047 justitia
2939 3980 3253 4041 convertatur
3288 3970 3340 4023 in
3363 3970 3619 4050 judicium
3642 3986 3662 4023 :
3691 3978 3739 4023 et

2153 4072 2241 4143 qui
2268 4071 2447 4124 habent
2476 4086 2607 4132 eam,
2639 4083 2809 4121 omnes
2838 4074 2970 4119 recto
2997 4074 3111 4117 sunt
3137 4061 3305 4115 corde.
3382 4048 3387 4053 ’

2222 4160 2313 4226 20.
2345 4160 2493 4233 [vers.
2519 4159 2583 4213 16
2607 4158 2627 4232 ]
2661 4158 2783 4225 Quis
2808 4166 3034 4226 exsurget
3058 4154 3179 4207 mihi
3200 4154 3438 4211 adversus
3460 4152 3737 4223 malignam

2154 4252 2271 4305 tes?
2309 4260 2397 4304 aut
2431 4250 2541 4318 quis
2572 4249 2803 4302 consistet
2832 4246 2955 4299 mihi
2983 4244 3221 4298 adversus
3244 4251 3505 4317 operantes
3540 4242 3733 4315 iniqui-

2152 4344 2344 4411 tatem?
2371 4341 2698 4409 Persuadent
2724 4339 2870 4411 mult'i
2906 4338 3065 4392 multa
3099 4336 3231 4391 mala
3253 4377 3268 4402 ,
3301 4349 3581 4389 susurrare
3611 4349 3731 4389 ser-

2151 4449 2285 4513 pens
2309 4447 2416 4491 non
2446 4431 2674 4495 desinit,
2710 4439 2766 4483 ut
2793 4429 2954 4483 facias
2987 4428 3317 4497 iniquitatem
3353 4444 3365 4477 :
3398 4439 3735 4495 quacumque

2150 4535 2202 4580 te
2227 4523 2555 4581 converteris
2574 4563 2589 4590 ,
2618 4520 2755 4578 forte
2776 4521 2819 4576 si
2850 4520 3142 4603 proiecisti,
3176 4520 3372 4589 qttmris
3402 4532 3522 4570 cum
3553 4516 3732 4585 aliquo

2148 4618 2287 4674 bene
2327 4616 2544 4681 vivere,
2588 4622 2643 4669 et
2684 4613 2768 4667 vix
2800 4611 3042 4676 invenis;
3080 4610 3230 4664 multi
3272 4609 3394 4664 mali
3426 4618 3475 4663 te
3502 4607 3733 4662 circum-

2147 4710 2296 4781 dant,
2327 4709 2449 4780 quia
2480 4721 2644 4779 pauca
2673 4720 2857 4776 grana,
2890 4704 3050 4758 multa
3070 4703 3241 4776 palea.
3269 4701 3440 4755 Habet
3467 4701 3583 4755 haec
3603 4716 3729 4755 arca

2145 4814 2309 4870 grana
2330 4813 2444 4863 sua,
2472 4796 2564 4852 sed
2592 4795 2765 4850 adhuc
2791 4794 3053 4849 laborant.
3081 4792 3334 4863 Separala
3366 4806 3491 4862 ergo
3521 4807 3547 4844 a
3575 4792 3729 4862 palea

2147 4901 2257 4953 tota
2284 4905 2456 4955 massa
2485 4888 2700 4960 grandis
2736 4887 2839 4942 erit
2872 4904 2884 4939 :
2918 4901 3084 4967 pauca
3130 4900 3290 4955 grana
3332 4896 3487 4948 sunt,
3536 4883 3630 4938 sed
3674 4884 3727 4937 iu

2145 4982 2540 5051 comparatione
2586 4978 2894 5049 palearum;
2946 4976 3106 5030 multa
3146 4983 3321 5028 autem
3369 4974 3526 5027 inse.
3583 4971 3728 5043 Ergo

2145 5089 2266 5131 cum
2297 5072 2524 5142 undique
2551 5070 2675 5127 mali
2703 5078 3071 5140 perstrepant,
3121 5076 3176 5121 et
3201 5066 3415 5130 dicant,
3444 5065 3622 5132 Quare
3649 5067 3729 5120 sic

2144 5168 2319 5222 vivis?
2347 5175 2402 5221 tu
2431 5165 2575 5220 solus
2600 5162 2921 5217 christianus
2947 5161 3042 5214 es?
3069 5159 3244 5225 Quare
3276 5174 3379 5212 non
3422 5157 3552 5211 facis
3581 5157 3726 5227 quod

2144 5258 2343 5314 faciunt
2366 5268 2421 5312 et
2444 5255 2578 5311 alii?
2604 5268 2767 5323 quare
2795 5267 2900 5306 non
2930 5258 3160 5320 spectas,
3193 5247 3641 5318 quemadmodum
3671 5257 3729 5303 et

2143 5349 2272 5404 alii?
2300 5360 2465 5419 quare
2496 5360 2600 5399 non
2638 5342 2873 5399 remedia
2898 5350 2951 5395 et
2988 5340 3239 5411 ligaturas
3266 5338 3534 5394 adhibes?
3561 5354 3729 5408 quam

2143 5450 2251 5498 non
2277 5435 2680 5497 mathematicos
2702 5442 2756 5490 et
2775 5433 3044 5504 aruspices
3069 5432 3325 5494 consulis,
3357 5432 3492 5488 sicut
3520 5438 3573 5485 et
3590 5429 3682 5484 alii
3700 5428 3727 5483 τ

2205 5620 2221 5651 ι
2257 5616 2386 5665 edd:
2405 5614 2482 5665 sic
2503 5608 2746 5662 tristitiam
2768 5621 2883 5671 ergo
2904 5606 3237 5671 voluntate._ttt
3254 5611 3358 5653 MSS.
3388 5611 3556 5671 carent
3577 5614 3724 5662 voce,

2141 5679 2413 5737 tristitiam;
2432 5684 2491 5726 et
2509 5674 2632 5733 loco,
2652 5665 2905 5730 voluntate,
2926 5667 3142 5719 nonnulli
3162 5667 3365 5727 habent,
3398 5665 3721 5720 mluntatem:

2140 5753 2191 5793 ﬂ
2212 5751 2468 5867 ἓξξέᾚὶοι*
2495 5814 2521 5849 e
2546 5798 2678 5848 Corh.
2703 5802 2807 5845 Mss.
2841 5792 2922 5843 Alii
2947 5790 3204 5851 eumEdd,
3229 5788 3373 5842 rides.
