4056 6480
271 349 412 410 1209

266 473 319 518 et
351 470 410 514 tu
440 458 620 528 signas
645 463 696 511 te
715 497 730 522 ,
760 461 815 509 et
837 451 993 522 dicis,
1025 449 1355 507 Christianus
1378 464 1519 518 sum,
1547 459 1608 506 ut
1629 449 1858 520 repellas

265 556 404 609 istos
444 551 628 607 nescio
664 562 799 620 quos
825 564 838 600 :
866 534 961 602 sed
1006 545 1341 600 adversarius
1389 544 1619 614 premit,
1663 552 1854 612 urget;

265 644 414 715 quod
447 643 600 713 pejus
621 650 737 708 est,
759 638 1002 709 exemplo
1029 638 1438 694 ehristianorum
1463 636 1688 694 suﬁ‘ocat
1705 635 1854 692 chri-

263 741 500 790 stianos.
553 732 784 788 Sudatur
805 773 821 796 ,
864 739 1152 796 :estuatur;
1209 728 1490 784 tribulatur
1515 730 1689 783 anima
1717 727 1856 782 chri-

266 827 444 882 Stiana
477 843 490 879 :
520 826 738 880 vincere
778 824 938 878 habet
978 833 1194 887 tamen;
1242 821 1336 876 sed
1380 821 1632 890 numquid
1656 820 1723 875 de
1759 820 1855 875 se?

266 918 400 988 Ideo
437 918 563 973 vide
605 915 730 987 quid
771 915 930 969 dicat.
980 912 1287 981 ReSpondet
1325 912 1465 966 enim
1491 953 1507 979 ,
1548 911 1683 978 Quid
1728 910 1855 965 mihi

265 1011 494 1083 prodest
515 1010 637 1080 quia
669 1009 827 1064 modo
855 1007 984 1062 mihi
1015 1007 1150 1062 facio
1178 1005 1430 1068 remedia,
1455 1014 1509 1060 et
1532 1005 1708 1059 lucror
1728 1020 1856 1074 pau-

267 1117 364 1159 eos
392 1102 548 1158 dies?
597 1115 733 1157 exeo
763 1099 886 1156 hinc
909 1098 976 1154 de
1007 1100 1108 1154 isto
1146 1097 1344 1157 saeculo
1369 1137 1386 1164 ,
1416 1105 1472 1152 et
1496 1095 1721 1152 vadoad
1746 1096 1852 1150 Do-

265 1192 482 1248 minum
507 1206 686 1248 meum
714 1192 731 1223 ¹
756 1231 771 1256 ,
796 1199 850 1246 et
874 1190 1047 1245 mittet
1067 1204 1154 1244 me
1174 1188 1225 1242 in
1255 1188 1465 1258 ignem;
1496 1187 1617 1257 quia
1649 1199 1855 1256 pracpo-

264 1289 348 1340 sui
380 1297 583 1354 paucos
607 1281 723 1338 dies
748 1282 869 1336 vita:
899 1279 1087 1335 futura:
1109 1322 1124 1346 ,
1157 1279 1331 1343 mittet
1360 1294 1444 1332 me
1479 1278 1536 1334 in
1561 1276 1850 1347 geltennas.

265 1374 414 1442 Quas
435 1373 748 1445 gehennas?
791 1371 1000 1443 IEterni
1023 1371 1207 1442 judicii
1237 1371 1352 1426 Dei.
1385 1370 1540 1433 Vere,
1570 1369 1669 1423 nisi
1703 1377 1854 1438 putas

265 1467 391 1535 quia
420 1466 563 1522 Deus
602 1474 752 1522 curat
797 1464 1066 1536 quomodo
1102 1464 1281 1518 vivant
1324 1462 1607 1532 homines?
1658 1461 1723 1515 Et
1753 1460 1853 1515 hoc

265 1557 407 1614 forte
456 1573 564 1614 non
606 1558 658 1613 in
691 1558 860 1627 platea
905 1556 998 1616 tibi
1024 1555 1150 1616 dicit
1177 1555 1410 1619 amicus,
1463 1552 1555 1608 sed
1597 1551 1649 1606 in
1692 1551 1852 1606 domo

265 1664 407 1704 uxor
425 1691 440 1715 ,
486 1658 579 1704 aut
605 1647 744 1716 forte
772 1648 994 1704 maritus
1022 1646 1170 1702 uxori
1202 1644 1340 1702 ﬁdeli
1371 1645 1523 1700 bona:
1549 1654 1602 1700 et
1630 1651 1850 1710 sanetae,

264 1739 525 1810 deceptor
550 1739 734 1811 ipsius.
760 1739 814 1795 Si
843 1738 1033 1794 mulier
1062 1738 1286 1803 marito,
1317 1737 1424 1792 Eva
1451 1745 1534 1790 est
1555 1737 1661 1802 illi;
1701 1735 1745 1790 si
1774 1735 1854 1790 vir

264 1832 445 1896 uxori,
477 1830 722 1886 diabolus
751 1839 832 1886 est
860 1830 932 1885 illi
967 1848 978 1883 :
1011 1839 1104 1897 aut
1129 1831 1241 1901 ipsa
1268 1829 1360 1884 tibi
1391 1829 1498 1883 Eva
1528 1838 1639 1896 est,
1673 1837 1765 1883 aut
1795 1838 1850 1883 tu

265 1921 345 1975 illi
389 1935 612 1992 serpens
648 1936 728 1976 es.
785 1920 1083 1991 Aliquando
1105 1920 1216 1974 vult
1241 1928 1552 1976 convertere
1580 1929 1728 1988 pater
1755 1933 1849 1977 co.-

262 2012 580 2082 gitationem
608 2027 759 2066 suam
789 2010 874 2066 vel
895 2010 960 2065 ad
987 2010 1150 2085 ﬁlium
1185 2029 1199 2066 :
1232 2009 1430 2070 invenit
1454 2019 1507 2065 et
1535 2009 1705 2078 ipsum
1733 2023 1850 2066 ma-

263 2104 404 2169 lum,
430 2104 837 2174 nequissimum;
866 2111 1072 2169 aestuat,
1102 2101 1340 2165 ﬂuctuat,
1371 2101 1559 2171 quaerit
1584 2099 1850 2170 quomodo

266 2195 488 2260 vincat,
542 2207 697 2264 prope
726 2193 1007 2258 sorbetur,
1054 2207 1219 2262 prope
1256 2191 1550 2256 consentit,
1594 2189 1685 2245 sed
1712 2189 1851 2246 adsit

261 2285 432 2340 Deus.
463 2285 652 2340 Audite
675 2299 802 2356 ergo
832 2283 1100 2340 Psalmum
1137 2301 1149 2337 :
1183 2282 1308 2350 Qttis
1335 2291 1567 2352 exsurget
1590 2281 1731 2344 mihi,
1762 2281 1847 2336 in-

259 2376 397 2448 quit,
424 2376 662 2430 adversus
687 2375 1058 2446 malignantes?
1087 2374 1215 2429 Tant
1242 2373 1392 2429 multi
1412 2383 1566 2439 sunt;
1596 2388 1848 2444 quacum-

261 2482 365 2537 que
395 2467 660 2536 respicio,
710 2468 808 2537 ipsi
849 2477 1154 2523 occurrunt.
1203 2466 1332 2534 Quis
1359 2474 1601 2522 occurret
1626 2465 1847 2536 principi

260 2558 559 2630 iniquitatis
587 2558 800 2615 diabolo
820 2598 835 2625 ,
877 2567 932 2615 et
955 2558 1159 2631 angelis
1181 2558 1318 2629 ejus,
1346 2567 1400 2614 et
1433 2556 1734 2614 hominibus
1757 2572 1846 2613 se-

258 2649 434 2704 ductis
461 2648 527 2722 ab
550 2649 660 2704 eo?
761 2645 764 2647 Α

329 2740 418 2794 21.
463 2739 614 2812 [eers.
650 2737 760 2813 17.]
800 2738 918 2794 Nisi
943 2741 1062 2810 quia
1088 2736 1369 2808 Dominus,
1413 2739 1612 2810 inquit,
1653 2738 1846 2811 adjuvit

260 2849 374 2895 me,
425 2831 582 2902 paulo
626 2832 789 2886 minus
837 2831 1143 2885 habitaverat
1182 2831 1235 2884 in
1277 2831 1475 2902 inferno
1513 2831 1684 2884 anima
1713 2847 1842 2883 mea.

259 2924 435 3000 Prope
470 2938 684 2978 rueram
715 2922 767 2978 in
811 2922 952 2976 illam
983 2921 1177 2992 fossam
1204 2937 1322 2992 quae
1356 2930 1566 2990 paratur
1598 2929 1844 2990 peccato-

258 3014 407 3069 ribus
438 3031 453 3067 :
483 3014 585 3068 hoc
613 3023 714 3082 est,
749 3013 902 3083 paulo
919 3013 1084 3066 minus
1109 3012 1160 3066 in
1184 3013 1381 3085 inferno
1402 3011 1707 3066 habitaverat
1727 3012 1843 3066 atti-

259 3123 342 3167 ma
372 3122 504 3159 mea.
549 3104 679 3174 Quia
707 3105 815 3173 jam
844 3104 1097 3168 nutabat,
1127 3103 1232 3173 jam
1261 3117 1427 3172 prope
1455 3101 1840 3172 consentiebat,

261 3198 501 3268 respexit
528 3197 595 3252 ad
624 3195 928 3252 Dominum.
963 3195 1030 3252 Ut
1059 3204 1181 3265 puta
1209 3236 1225 3259 ,
1254 3193 1400 3249 verbi
1429 3193 1594 3265 gratia
1616 3235 1630 3259 ,
1676 3195 1843 3262 insul-

259 3287 473 3342 tabatur
512 3286 627 3353 illi,
671 3296 729 3342 ut
756 3286 953 3343 laceret
980 3286 1328 3355 iniquitatem.
1379 3284 1676 3356 Aliquando
1700 3287 1843 3340 enim

259 3388 590 3451 congregant
617 3395 675 3435 se
705 3380 866 3445 mali,
911 3387 966 3434 et
1003 3377 1258 3433 insultant
1295 3377 1488 3444 bonis;
1537 3377 1770 3432 maxime
1798 3377 1844 3431 si

259 3471 457 3526 fuerint
484 3471 562 3526 illi
589 3471 769 3541 plures
787 3511 803 3538 ,
830 3478 886 3525 et
921 3469 1158 3540 ceperint
1191 3469 1338 3524 illum
1363 3483 1548 3533 unum,
1577 3466 1843 3538 quomodo

258 3562 544 3634 aliquando
578 3563 740 3617 multa
767 3562 915 3635 palea
949 3571 1030 3616 est
1067 3560 1206 3615 circa
1248 3575 1410 3613 unum
1437 3573 1657 3630 granum
1695 3558 1844 3630 (tunc

259 3669 363 3709 non
394 3662 558 3708 erunt
582 3653 739 3706 simul
769 3667 891 3706 cum
937 3649 1094 3705 fuerit
1131 3664 1304 3704 massa
1347 3647 1619 3720 ventilata)
1649 3667 1662 3702 :
1695 3648 1844 3718 capi-

261 3757 343 3801 tur
372 3746 516 3800 inter
553 3746 748 3799 multos
775 3743 982 3814 iniquos
1008 3742 1128 3808 ille,
1159 3741 1442 3813 insultatur
1472 3740 1582 3808 illi,
1613 3740 1843 3808 circum-

258 3839 509 3904 venitur;
557 3850 916 3906 superponere
955 3848 1015 3889 se
1044 3834 1230 3888 volunt
1261 3833 1332 3887 illi
1358 3875 1372 3898 ,
1399 3834 1665 3903 exagitant
1693 3832 1843 3902 quasi

255 3932 490 4000 justum,
540 3939 595 3984 et
623 3929 878 3983 insultant
915 3927 1067 3998 quasi
1095 3926 1160 3980 de
1190 3927 1301 3996 ipsa
1331 3925 1526 3995 iustitia
1559 3943 1571 3979 :
1602 3925 1838 3995 Magnus,

257 4021 527 4092 inquiunt,
543 4020 813 4089 apestolus
833 4035 847 4082 ;
879 4017 933 4072 in
953 4017 1148 4072 caelum
1165 4015 1373 4081 volasti,
1393 4015 1660 4085 quomodo
1677 4015 1840 4078 Elias.

257 4113 485 4189 Faciunt
513 4111 758 4170 homines
789 4109 908 4177 ista,
950 4110 1023 4164 ita
1051 4118 1108 4163 ut
1133 4105 1420 4178 aliquando
1445 4104 1727 4162 attendens
1773 4105 1840 4160 ad

255 4205 497 4276 linguam
525 4204 833 4276 humanam,
856 4203 1136 4259 erubescat
1155 4214 1274 4257 esse
1297 4200 1467 4255 bonus
1492 4199 1630 4254 inter
1650 4198 1838 4253 malos.

256 4297 496 4353 Resistat
524 4311 652 4368 ergo
692 4297 877 4362 malis;
927 4295 1021 4350 sed
1061 4309 1166 4348 non
1193 4292 1259 4348 de
1283 4293 1485 4347 viribus
1509 4291 1639 4358 suis,
1671 4306 1740 4346 ne
1768 4289 1844 4346 el-

259 4389 473 4445 ﬁciatur
495 4389 757 4460 superbus
779 4431 794 4457 ,
821 4404 942 4444 cum
973 4389 1085 4443 vult
1104 4385 1329 4444 evadere
1359 4386 1636 4457 superbos,
1673 4394 1727 4439 et
1751 4399 1845 4439 au-

257 4494 381 4568 geat
425 4498 704 4539 numerum
747 4481 1117 4552 superborum.
1161 4479 1267 4544 Sed
1295 4478 1418 4550 quid
1446 4478 1617 4544 dicat?
1662 4495 1680 4529 t
1715 4476 1844 4543 Quis

258 4585 514 4647 exsurget
539 4575 664 4630 mihi
693 4574 948 4629 adversus
973 4573 1320 4642 malignantes
1345 4573 1368 4626 ?
1397 4581 1487 4626 aut
1515 4571 1636 4642 quis
1664 4569 1844 4625 consi-

257 4678 364 4723 stet
390 4666 525 4724 mihi
565 4665 822 4722 adversus
852 4674 1137 4736 operantes
1174 4662 1546 4734 iniquitatem?
1587 4660 1694 4715 Nisi
1721 4659 1843 4733 quia

260 4757 524 4814 Dominus
551 4757 751 4828 adjuvit
779 4771 882 4821 me,
916 4757 1075 4826 paulo
1101 4753 1277 4810 minus
1303 4753 1636 4814 habitaverat
1666 4752 1716 4805 in
1755 4752 1841 4812 in-

259 4847 413 4904 ferno
444 4849 621 4922 anima
651 4863 790 4902 mea.
827 4867 846 4901 ι

326 4939 420 4993 2?...
459 4937 610 5012 [rem
644 4938 733 5005 I8,
766 4935 876 5010 19.]
903 4935 962 4992 Si
989 4936 1234 5002 dicebant,
1263 4933 1433 5006 Motus
1460 4943 1532 5000 est
1555 4949 1642 5003 pes
1669 4949 1845 4996 meus;

261 5031 614 5087 misericordia
653 5041 739 5085 tua
764 5072 780 5097 ,
819 5028 1033 5084 Domine
1055 5071 1070 5095 ,
1101 5027 1372 5098 adjuvabat
1397 5041 1493 5080 nte.
1539 5023 1672 5080 Vide
1709 5038 1844 5095 quo-

259 5125 422 5180 modo
447 5124 836 5179 confessionem
861 5131 1004 5177 amat
1033 5121 1194 5176 Deus.
1237 5119 1475 5175 Movetur
1502 5133 1596 5189 pes
1622 5126 1765 5185 tuus,
1792 5127 1846 5173 et

259 5231 365 5270 non
392 5215 554 5282 dicis,
587 5213 825 5268 Movetur
849 5227 943 5282 pes
967 5227 1156 5277 meus;
1185 5209 1279 5266 sed
1301 5220 1442 5266 stare
1465 5218 1516 5265 te
1541 5209 1695 5276 dicis,
1724 5225 1844 5265 cum

255 5307 364 5376 jam
393 5319 544 5361 ruas.
575 5304 688 5359 lmo
711 5303 756 5360 si
785 5304 893 5376 jam
925 5303 1134 5374 coepisti
1161 5301 1397 5369 moveri,
1426 5301 1469 5356 si
1495 5300 1606 5371 jam
1637 5300 1845 5371 cmpisti

259 5399 556 5465 ﬂuctuare,
584 5397 838 5453 confitere
866 5405 1066 5451 motum
1089 5437 1104 5460 ,
1147 5411 1215 5451 ne
1257 5395 1474 5466 plangas
1503 5395 1743 5460 ruinam;
1791 5404 1849 5449 ut

261 5491 478 5562 adjuvet
511 5498 560 5545 te
588 5489 707 5554 ille,
750 5503 817 5544 ne
845 5487 899 5543 in
937 5487 1144 5541 inferno
1168 5487 1237 5541 sit
1273 5487 1448 5541 anima
1483 5496 1591 5542 tua.
1619 5485 1846 5542 Confes-

260 5583 472 5653 sionem
511 5581 625 5636 vult
670 5581 841 5644 Deus,
887 5578 1238 5634 humilitatem
1282 5578 1412 5632 vult.
1459 5578 1630 5634 Motus
1660 5593 1759 5644 es,
1793 5586 1848 5631 ut

265 5674 432 5730 homo
457 5693 473 5741 ;
499 5673 714 5745 adjuvat
735 5683 786 5729 te
814 5673 925 5739 ille,
956 5680 1014 5726 ut
1042 5671 1186 5726 Deus
1217 5687 1231 5724 :
1263 5671 1357 5727 sed
1385 5671 1470 5728 dic
1495 5681 1696 5738 tamen,
1733 5669 1850 5734 llo-

327 5785 346 5822 ⁸
381 5791 510 5836 5188.:
538 5793 664 5834 Exeo
687 5781 800 5839 illuc
823 5780 889 5833 ad
921 5777 1192 5841 Dominum,
1218 5788 1313 5840 etc.

1370 334 1766 394 ENARBATIO
1803 334 1868 392 IN
1906 333 2225 393 PSALMUM
2257 334 2432 391 XCIII.

3408 343 3544 402 1210

1965 461 2044 505 tus
2067 460 2139 506 est
2167 469 2253 521 pes
2286 469 2446 508 meus.
2493 451 2668 520 Quare
2687 453 2800 524 jam
2830 455 3058 510 moveris
3085 499 3098 523 ,
3129 465 3179 512 et
3205 456 3338 514 dicis
3362 501 3376 526 ,
3407 459 3542 518 Sto?

1963 541 2026 595 Si
2057 543 2312 610 dicebam,
2359 543 2530 599 Motus
2575 556 2648 598 est
2686 561 2772 616 pes
2807 562 2984 612 meus;
3027 549 3370 602 misericordia
3411 561 3534 608 tua.

1959 632 2197 701 Domine,
2219 636 2491 705 adjuvabat
2519 654 2614 692 me.
2640 638 2916 708 Quomodo
2942 643 3277 714 praesumpsit
3324 633 3535 710 Petrus,

1959 737 2066 778 non
2113 724 2166 779 in
2213 726 2409 782 viribus
2452 730 2582 783 suis.
2637 729 2926 788 Videbatur
2966 733 3221 790 Dominus
3261 735 3538 791 ambulare

1958 829 2119 885 super
2156 831 2332 884 mare,
2379 819 2587 875 calcans
2621 823 2791 892 capita
2819 825 3054 880 omnium
3094 827 3442 896 superborum
3472 827 3524 881 in

1959 906 2062 963 isto
2099 909 2313 964 sacculo.
2361 910 2536 980 Ipsum
2564 910 2665 968 iter
2691 928 2844 969 suum
2868 916 3125 973 calcantis
3145 918 3317 987 capita
3343 932 3534 987 super-

1957 999 2176 1066 borum,
2221 1004 2538 1074 signiﬁcavit
2565 1006 2845 1064 ambulans
2871 1024 3034 1080 super
3059 1011 3289 1065 tumidos
3321 1009 3534 1065 ﬂuctus.

1957 1093 2138 1166 Calcat
2163 1105 2217 1150 et
2255 1097 2489 1160 Ecclesia
2523 1115 2536 1152 :
2569 1115 2689 1158 nam
2722 1101 2832 1170 ipsa
2858 1111 2943 1158 est
2967 1103 3174 1159 Petrus.
3212 1103 3327 1160 Non
3356 1114 3533 1160 tamen

1957 1197 2118 1240 ausus
2143 1196 2224 1242 est
2252 1188 2443 1244 Petrus
2465 1205 2561 1260 per
2587 1192 2819 1262 seipsum
2845 1194 3114 1251 ambulare
3142 1211 3305 1267 super
3323 1211 3490 1267 aquas
3523 1215 3530 1247 :

1956 1277 2050 1332 sed
2077 1279 2202 1348 quid
2231 1280 2345 1335 ait?
2385 1280 2608 1338 Domine
2631 1325 2645 1349 ,
2675 1284 2720 1338 si
2745 1296 2798 1339 tu
2827 1301 2880 1340 es
2898 1325 2915 1352 ,
2954 1287 3077 1356 jube
3102 1304 3179 1341 me
3207 1289 3375 1344 uenire
3397 1287 3465 1341 ad
3486 1297 3535 1344 te

1955 1383 2106 1436 super
2146 1387 2321 1440 aquas.
2364 1371 2456 1428 Ille
2485 1374 2536 1428 in
2581 1383 2840 1444 potestate
2877 1391 3012 1444 sua,
3057 1377 3244 1432 Petrus
3283 1377 3338 1433 in
3375 1377 3527 1448 jussu

1957 1458 2117 1514 illius.
2147 1461 2308 1527 Jube,
2345 1464 2544 1534 inquit,
2573 1468 2740 1521 venire
2758 1483 2836 1521 me
2863 1468 2930 1520 ad
2967 1477 3034 1523 te.
3082 1469 3375 1539 Respondit
3399 1470 3487 1526 ille
3512 1487 3526 1522 :

1965 1550 2110 1606 Veni.
2154 1552 2338 1611 Calcat
2373 1557 2515 1611 enim
2556 1567 2610 1614 et
2649 1558 2886 1614 Ecclesia
2926 1559 3098 1628 capita
3141 1559 3528 1630 superborum;

1953 1644 2049 1699 sed
2074 1645 2193 1715 quia
2220 1647 2451 1722 Ecclesia
2481 1659 2562 1708 est
2580 1658 2636 1704 et
2655 1650 2814 1714 habet
2840 1651 3196 1707 inﬁrmitatem
3221 1652 3525 1719 humanam,

1956 1745 2014 1791 ut
2051 1739 2439 1808 eompleretur,
2494 1742 2556 1797 Si
2602 1743 2826 1796 dicebam
2851 1785 2865 1808 ,
2914 1743 3088 1798 Motus
3133 1754 3206 1798 est
3246 1757 3332 1814 pes
3369 1760 3530 1811 meus,

1955 1826 2198 1886 titubavit
2222 1829 2411 1884 Petrus
2438 1831 2488 1886 in
2522 1832 2675 1898 mari,
2705 1842 2760 1887 et
2784 1833 3102 1888 exclamavit
3123 1852 3136 1888 :
3161 1833 3391 1900 Domine,
3413 1850 3533 1905 per.-

1954 1933 2032 1972 eo.
2065 1919 2212 1985 Quod
2241 1935 2368 1991 ergo
2400 1921 2486 1977 hic
2539 1923 2769 1992 positum
2796 1933 2911 1990 est,
2957 1923 3020 1980 Si
3063 1924 3284 1980 dicebam
3304 1965 3321 1990 ,
3355 1922 3530 1980 Holus

1952 2019 2024 2062 est
2043 2026 2131 2078 pes
2157 2027 2337 2076 meus;
2367 2012 2468 2068 hoc
2487 2013 2558 2069 ibi
2587 2013 2814 2083 positum
2845 2023 2928 2070 est
2946 2056 2961 2082 ,
2989 2014 3220 2079 Domine,
3257 2031 3423 2085 pereo.
3455 2014 3527 2074 Et

1952 2099 2094 2169 quod
2117 2099 2201 2156 ltie
2227 2102 2453 2171 positum
2479 2112 2563 2160 est
2580 2145 2595 2171 ,
2627 2103 2977 2160 Misericordia
2999 2115 3086 2158 tua
3105 2147 3122 2172 ,
3163 2105 3405 2172 Domine,
3429 2106 3530 2163 ad-

1943 2182 2153 2254 juvabat
2173 2201 2285 2250 tne;
2321 2185 2422 2242 hoc
2450 2187 2520 2242 ibi
2552 2187 2780 2257 positum
2801 2197 2884 2276 e'st
2905 2229 2921 2259 ,
2954 2187 3188 2246 Porrexit
3209 2206 3412 2246 manum
3436 2187 3530 2245 Je-

1951 2294 2036 2331 sns
2055 2278 2241 2342 dicens,
2276 2279 2494 2344 Modica:
2519 2281 2670 2350 ﬁdei,
2697 2281 2874 2352 utquid
2897 2282 3136 2338 dubitasti
3159 2282 3373 2355 (Matth.
3407 2298 3527 2349 xlv,

1949 2369 2183 2440 25-50?
2221 2370 2412 2438 Mirum
2440 2381 2522 2426 est
2549 2372 2816 2443 quomodo
2842 2373 3029 2444 probat
3058 2374 3196 2430 Deus
3241 2373 3484 2433 homines
3508 2391 3523 2427 :

1949 2461 2062 2532 ipsa
2094 2463 2328 2534 pericula
2366 2473 2544 2530 nostra
2575 2465 2592 2496 ¹
2621 2463 2913 2532 dulciorem
2955 2464 3107 2528 nobis
3149 2463 3350 2520 faciunt
3391 2464 3523 2519 libe-

1949 2561 2177 2608 rautem.
2206 2553 2335 2608 Nam
2365 2553 2540 2610 videte
2561 2555 2703 2625 quod
2729 2555 2985 2624 sequitur.
3018 2555 3150 2623 Quia
3173 2555 3333 2622 dixit,
3357 2553 3419 2610 Si
3442 2554 3527 2608 di-

1949 2646 2141 2713 cebant,
2176 2645 2343 2700 Motus
2371 2656 2442 2702 est
2471 2663 2554 2716 pes
2574 2663 2711 2701 meus
2728 2664 2748 2713 ;
2785 2647 3126 2702 misericordia
3143 2655 3251 2713 tua,
3281 2644 3522 2710 Domine,

1948 2740 2218 2812 adjuvabat
2247 2757 2324 2794 me
2352 2756 2372 2794 :
2394 2739 2564 2795 dulcis
2590 2739 2666 2796 illi
2709 2740 2891 2810 utique
2930 2738 3098 2794 factus
3125 2747 3209 2794 est
3245 2737 3522 2801 Dominus,

1948 2831 2180 2902 eripiens
2223 2832 2369 2886 illum
2410 2847 2439 2885 a
2467 2831 2754 2901 periculis;
2797 2840 2862 2886 .et
2902 2829 3021 2886 ideo
3056 2843 3327 2900 exponens
3356 2829 3521 2897 ipsam

1949 2921 2284 2977 dulcedinem
2320 2921 2572 2988 Domini,
2614 2921 2878 2976 exclamat
2903 2921 3123 2986 dicens,
3168 2919 3418 2986 Domine,
3447 2934 3528 2972 se.

1945 3017 2172 3077 cundum
2201 3016 2568 3071 multitudinem
2593 3015 2824 3069 dolorum
2863 3030 3088 3068 meorunt
3114 3013 3168 3067 in
3210 3010 3360 3066 corde
3391 3027 3524 3074 meo,

1947 3110 2316 3173 “hortationes
2351 3118 2450 3161 tua:
2465 3108 2874 3178 jucundauerunt
2905 3106 3126 3160 animam
3153 3120 3333 3158 nteant.
3376 3101 3527 3156 Multi

1946 3201 2194 3265 dolores,
2235 3198 2332 3258 sed
2372 3200 2550 3254 multa:
2584 3197 3020 3252 consolationes:
3055 3210 3232 3250 amara
3278 3194 3518 3260 vulnera,

1946 3292 2041 3348 sed
2067 3293 2246 3347 suavia
2269 3291 2676 3353 medicamenta.

2015 3385 2106 3440 23.
2139 3383 2290 3457 [vers.
2319 3381 2438 3456 30.]
2469 3381 2730 3451 Numquid
2751 3381 2974 3434 adita'ret
3001 3378 3087 3432 tibi
3111 3376 3252 3432 sedes
3280 3376 3522 3442 iniquita—

1945 3478 2031 3545 tis,
2061 3478 2148 3546 qui
2189 3477 2343 3549 ﬁngis
2375 3475 2600 3530 dolorem
2626 3475 2677 3528 in
2701 3471 2986 3544 praecepto?
3019 3471 3130 3526 lloc
3153 3469 3326 3534 dixit,
3357 3467 3527 3523 Nemo

1948 3569 2100 3625 sedet
2127 3579 2303 3625 tecum
2330 3568 2541 3638 iniquus
2562 3607 2576 3630 ,
2623 3581 2722 3620 nec
2752 3574 2806 3618 tu
2834 3563 3018 3619 sedem
3045 3561 3336 3632 iniquitatis
3356 3558 3521 3614 habe-

1947 3661 2050 3716 bis.
2093 3660 2160 3715 Et
2199 3659 2341 3714 unde
2385 3660 2484 3713 hoc
2530 3657 2816 3726 intelligat,
2861 3653 3036 3710 reddit
3073 3653 3382 3708 rationem:
3425 3649 3526 3720 Qui

1947 3753 2120 3824 ﬁngis,
2149 3752 2338 3822 inquit,
2369 3750 2592 3805 dolorem
2613 3749 2666 3802 in
2691 3755 2958 3818 prun-cpta.
2988 3745 3066 3800 Ex
3085 3744 3186 3799 hoc
3208 3742 3351 3799 enim
3373 3740 3530 3796 intel—

1947 3844 2054 3914 ligo
2082 3841 2224 3914 quod
2255 3856 2362 3897 non
2412 3840 2503 3896 tibi
2548 3839 2789 3894 adhaeret
2827 3836 2983 3892 sedes
3021 3833 3312 3904 iniquitatis
3336 3872 3352 3899 ,
3403 3831 3524 3901 quia

1947 3951 2047 3993 nec
2078 3934 2232 3990 nobis
2268 3931 2571 4003 pepercisti.
2605 3930 2783 3984 Habes
2811 3928 2914 3982 hoc
2954 3928 3004 3981 in
3033 3926 3270 3995 Epistula
3299 3921 3527 3992 apostoli

1948 4025 2130 4090 Petri,
2158 4031 2214 4079 et
2252 4023 2319 4077 ad
2359 4023 2461 4077 hoc
2499 4019 2859 4076 testimonium
2889 4017 3066 4087 posuit
3105 4015 3172 4069 de
3201 4013 3474 4082 Scriptura
3505 4027 3520 4067 :

1945 4117 2165 4186 Tempus
2180 4123 2272 4181 est,
2296 4113 2390 4180 ait,
2412 4112 2742 4168 incltoationis
2753 4109 2936 4180 judicii
2961 4124 3023 4162 ea:
3043 4107 3190 4165 domo
3209 4104 3417 4168 Domini
3428 4119 3448 4169 ,°
3474 4103 3528 4158 id

1947 4218 2064 4276 est,
2107 4216 2316 4276 tempus
2346 4213 2430 4260 est
2457 4213 2513 4259 ut
2539 4202 2699 4258 modo
2718 4201 3021 4272 judicentur
3049 4199 3134 4268 qui
3166 4197 3434 4268 pertinent
3457 4195 3526 4258 ad

1946 4304 2161 4358 domum
2193 4298 2424 4360 Domini.
2447 4295 2501 4352 Si
2529 4293 2858 4365 flagellantur
2887 4292 3014 4357 ﬁlii,
3041 4288 3166 4360 quid
3188 4287 3384 4342 debent
3405 4299 3530 4357 spe-

1947 4412 2069 4452 rare
2111 4394 2250 4451 servi
2299 4388 2650 4462 nequissimi?
2702 4385 2933 4456 Ideoque
2976 4382 3218 4438 addidit:
3253 4379 3314 4436 Si
3357 4388 3528 4434 autem

1945 4491 2148 4544 initium
2170 4504 2202 4541 a
2228 4485 2370 4541 nobis
2391 4525 2405 4549 ,
2447 4481 2558 4554 quis
2592 4481 2708 4550 linis
2743 4494 2920 4533 eorum
2951 4478 3038 4547 qui
3067 4492 3166 4530 non
3201 4473 3412 4528 credunt
3433 4471 3534 4526 Dei

1949 4579 2270 4651 Evangelia?
2317 4575 2518 4632 Deinde
2558 4572 2797 4642 adjungit
2836 4569 2966 4624 illud
3014 4566 3373 4623 testimonium
3412 4582 3426 4619 :
3458 4562 3527 4620 Et

1947 4677 1992 4731 si
2003 4676 2175 4745 justus
2196 4672 2281 4727 via:
2307 4667 2600 4732 salvabitur,
2636 4674 2866 4736 peccator
2893 4672 2938 4716 et
2965 4661 3150 4730 impius
3175 4659 3259 4713 ubi
3287 4656 3530 4728 parebunt

1951 4767 1995 4841 (l
2022 4766 2266 4842 Petram,
2296 4763 2384 4829 Π,
2413 4760 2547 4831 18)?
2584 4757 2865 4825 Quomodo
2890 4770 3018 4826 ergo
3043 4763 3202 4809 erunt
3231 4764 3406 4808 tecum
3428 4751 3529 4805 ini-

1949 4858 2038 4928 qui
2059 4898 2074 4921 ,
2101 4852 2314 4925 quando
2337 4867 2435 4907 nec
2462 4851 2566 4905 tuis
2591 4848 2837 4905 ﬁdelibus
2875 4847 3048 4916 parcis
3071 4887 3087 4913 ,
3117 4855 3170 4899 ut
3195 4857 3448 4902 exerceas
3477 4851 3536 4896 et

1949 4952 2164 5008 erudias
2208 4950 2345 5004 eos?
2392 4945 2497 5002 Sed
2524 4945 2646 5015 quia
2689 4950 2906 5012 propter
2950 4941 3050 4995 hoc
3077 4954 3181 4994 non
3226 4938 3424 5008 parcit,
3473 4943 3532 4989 ut

1950 5041 2191 5107 erudiat;
2232 5037 2354 5094 ideo
2377 5036 2551 5102 dixit,
2600 5035 2698 5103 Qui
2723 5034 2875 5104 ﬁngis
2899 5032 3126 5088 dolorem
3167 5031 3219 5084 in
3258 5035 3528 5099 praecepto.

1953 5134 2135 5204 Fingis
2163 5131 2304 5188 enim
2331 5137 2452 5196 est,
2503 5127 2657 5182 Facis
2696 5125 2894 5180 formas
2915 5165 2930 5190 ,
2977 5123 3210 5194 plasmas
3237 5137 3252 5185 ;
3312 5118 3451 5174 unde
3478 5127 3533 5174 et

1953 5225 2096 5297 ﬁguli
2121 5224 2386 5288 dicuntur,
2416 5229 2472 5276 et
2495 5233 2592 5274 vas
2611 5219 2773 5274 ﬁctile
2794 5216 2988 5272 dicitur
3019 5233 3034 5269 :
3067 5228 3175 5268 non
3202 5213 3382 5268 fictum
3404 5211 3532 5267 illud

1951 5317 2093 5390 quod
2122 5313 2456 5371 mendacium
2483 5322 2594 5377 est;
2641 5308 2735 5366 sed
2759 5307 2900 5379 quod
2939 5305 3200 5362 formatur
3227 5313 3286 5358 ut
3322 5302 3426 5371 sit,
3479 5313 3536 5359 et

1954 5409 2145 5465 habeat
2169 5407 2400 5476 aliquam
2427 5403 2683 5469 formam,
2722 5400 2858 5456 sicut
2884 5397 3199 5470 jamdudum
3225 5396 3397 5462 dixit,
3433 5397 3536 5464 Qut

1954 5503 2102 5573 ﬁnxit
2130 5501 2350 5565 oculum,
2376 5514 2477 5552 non
2512 5495 2734 5551 uidebit?
2773 5492 3035 5563 Numquid
3058 5533 3074 5560 ,
3121 5492 3271 5562 ﬁnxit
3311 5491 3536 5558 oculum.

1953 5591 2290 5650 mendacium
2334 5589 2450 5644 est?
2497 5587 2602 5645 Sed
2627 5585 2967 5657 intelligitur,
2993 5585 3279 5641 Plasmavit
3299 5585 3533 5649 oculum,

2019 5715 2036 5744 ι
2070 5719 2204 5776 Mssa
2224 5708 2396 5776 Mirum
2419 5711 2506 5776 est,
2687 5712 2812 5776 Deus
2833 5703 3003 5768 probat
3025 5704 3308 5770 hominibus,
3329 5704 3436 5770 ipsa
3453 5717 3535 5769 ρο.

1959 5773 2130 5834 ricula,
2157 5781 2250 5823 etc.
2275 5773 2346 5822 sic
2366 5773 2508 5821 etiam
2533 5768 2677 5818 editio
2699 5774 2801 5818 Am.
