4056 6530
486 395 621 455 l2“

486 507 611 563 fecit
638 502 869 560 oculum.
910 499 1096 554 Nonne
1123 477 1313 567 ﬁgulus
1336 497 1417 546 est
1441 531 1456 555 ,
1495 501 1615 542 cum
1643 483 1876 554 fragiles,
1908 477 2057 533 inﬁr-

492 611 628 660 mos,
660 604 712 650 et
739 602 977 647 terrenos
1006 590 1023 620 ί
1051 584 1210 641 facit?
1251 580 1387 637 Audi
1413 575 1726 648 Apostolum
1757 573 2018 627 dicentem
2048 584 2063 621 :

492 688 750 744 Habemus
788 687 1072 739 thesaurum
1105 679 1258 732 istum
1300 675 1353 727 in
1392 670 1523 726 uasis
1570 668 1804 739 ﬁctilibus
1839 662 1907 735 (ll
1949 662 2067 716 Cor.

502 796 554 835 tv
574 821 589 845 ,
619 777 696 849 7).
746 774 851 831 Sed
886 773 1021 827 forte
1045 770 1179 824 alius
1210 765 1363 821 nobis
1389 760 1514 817 fecit
1541 760 1655 814 haec
1678 755 1847 849 vasa?
1893 754 2069 849 Ipsum

497 841 620 923 audi
649 841 912 921 dicentem
943 879 956 915 :
986 878 1005 912 ι
1038 858 1084 914 Ο
1104 857 1287 920 homo,
1321 864 1373 908 tu
1396 851 1514 923 quis
1543 864 1600 905 es
1628 846 1718 917 qui
1746 841 2071 913 reSpondcas

497 958 653 1015 Deo?
676 952 941 1023 Numquid
961 950 1087 1007 dicit
1110 947 1414 1019 ﬁgmentum
1440 942 1488 998 ei
1512 941 1600 1012 qui
1628 954 1687 994 se
1709 936 1880 1000 ﬁnxit,
1898 936 2074 1023 Quare

498 1050 579 1103 sic
605 1061 691 1101 me
721 1019 924 1100 fecisti?
977 1041 1166 1095 Annon
1197 1038 1357 1092 habet
1384 1038 1700 1103 potestatem
1748 1024 1937 1096 ﬁgulus
1978 1019 2074 1076 luti

499 1156 562 1194 ex
595 1137 781 1193 eadem
811 1146 985 1189 massa
1012 1129 1190 1185 facere
1216 1125 1355 1182 aliud
1393 1137 1485 1178 vas
1512 1123 1563 1176 in
1600 1120 1858 1173 honorem
1878 1155 1894 1182 ,
1933 1109 2078 1168 aliud

506 1230 558 1282 in
588 1224 963 1283 contumeliam
990 1241 1009 1275 ι
1044 1220 1220 1291 (Rom.
1251 1232 1308 1272 1x
1329 1257 1344 1283 ,
1373 1214 1474 1281 20,
1500 1210 1639 1282 ‘21)?
1670 1208 1799 1264 Vide
1822 1214 1878 1261 et
1905 1204 2078 1275 ipsum

503 1319 787 1375 Dominum
817 1315 1085 1371 Christum
1107 1352 1122 1375 ,
1166 1308 1291 1380 quia
1319 1304 1548 1362 ostendit
1582 1315 1641 1357 se
1670 1298 1904 1371 ﬁgulum.
1946 1293 2081 1349 Nam

504 1410 628 1479 quia
653 1407 720 1463 de
759 1407 884 1460 limo
932 1402 1200 1458 hominem
1236 1398 1431 1453 fecerat
1468 1393 1617 1466 (Gen.
1647 1407 1715 1458 ll,
1738 1390 1795 1460 7)
1816 1429 1839 1479 ,ί
1862 1386 1930 1442 de
1955 1385 2082 1439 limo

505 1478 711 1558 inunxit
738 1499 822 1555 eui
853 1497 1028 1553 minus
1067 1495 1118 1549 in
1158 1503 1312 1549 utero
1348 1490 1532 1545 oculos
1562 1485 1759 1541 fecerat
1785 1478 1964 1554 (Ιοαη.
1997 1493 2081 1545 1x,

508 1593 642 1664 1-6).
674 1591 815 1661 Ergo
841 1587 981 1660 quod
1008 1586 1156 1650 dixit,
1186 1580 1448 1653 Numquid
1468 1578 1692 1632 adlueret
1712 1573 1800 1627 tibi
1823 1571 1964 1627 sedes
1986 1569 2084 1622 ini-

496 1685 746 1755 quitatis,
779 1682 869 1752 qui
899 1681 1048 1750 ﬁngis
1070 1678 1289 1732 dolorem
1316 1675 1370 1727 in
1401 1668 1690 1742 praerepto?
1720 1665 1799 1721 sic
1823 1664 2085 1755 dicamus,

508 1752 771 1845 Numquid
792 1771 1036 1847 adhaeret
1079 1768 1171 1822 tibi
1210 1764 1363 1820 sedes
1395 1760 1724 1832 iniquitatis,
1763 1754 1851 1847 qui
1892 1752 2090 1847 formas

509 1843 749 1921 dolorem
792 1844 845 1918 in
887 1858 1190 1931 praecepto?
1239 1856 1461 1911 Formas
1489 1893 1502 1918 ,
1535 1849 1740 1920 inquit,
1766 1846 2003 1902 dolorem
2034 1843 2089 1897 in

512 1962 812 2025 prmcepto,
846 1951 897 2007 id
935 1959 1046 2017 est,
1094 1948 1159 2003 de
1188 1945 1373 2001 dolore
1396 1948 1724 2013 praeceptum
1751 1936 1907 1991 nobis
1934 1932 2085 1996 facis,

513 2055 573 2101 ut
615 2046 728 2116 ipse
755 2044 907 2099 dolor
936 2048 1257 2112 przeceptum
1299 2037 1368 2091 sit
1410 2033 1585 2089 nobis.
1633 2029 1911 2099 Quomodo
1936 2026 2091 2081 nobis

514 2136 669 2191 dolor
690 2143 773 2191 est
812 2130 1176 2204 praeceptum?
1218 2126 1442 2195 Quando
1469 2134 1518 2180 te
1546 2122 1777 2192 ﬂagellat
1804 2120 1891 2191 qui
1918 2132 2014 2189 pro
2040 2125 2093 2172 te

516 2237 759 2283 mortuus
784 2236 895 2292 est,
942 2235 994 2279 et
1030 2240 1133 2278 non
1164 2222 1255 2282 tibi
1282 2218 1543 2292 promittit
1568 2219 1588 2249 ²
1620 2213 2000 2271 beatitudinem
2035 2212 2087 2264 in

516 2321 617 2375 ista
644 2319 748 2373 vita
772 2359 788 2385 ,
828 2324 883 2371 et
922 2314 1104 2369 fallere
1134 2329 1236 2367 non
1264 2318 1467 2381 potest,
1509 2316 1563 2364 et
1588 2307 1675 2363 hic
1700 2321 1807 2361 non
1833 2304 1924 2358 dat
1949 2301 2090 2372 quod

517 2412 733 2481 qnteris.
778 2408 914 2477 Quid
945 2405 1124 2465 dabit?
1167 2405 1256 2460 ubi
1285 2403 1469 2459 dabit?
1511 2408 1766 2472 quantum
1793 2396 1959 2462 dabit,
2002 2393 2093 2465 qui

527 2501 612 2556 hic
650 2516 754 2555 non
798 2500 923 2564 dat,
962 2499 1050 2569 qui
1094 2497 1181 2556 hic
1222 2494 1424 2559 erudit,
1455 2492 1543 2563 qui
1587 2489 1739 2561 ﬁngit
1775 2487 2015 2543 dolorem
2042 2486 2095 2539 in

517 2592 821 2664 prmcepto?
849 2591 1024 2647 Labor
1049 2596 1131 2645 est
1162 2587 1245 2642 hic
1267 2595 1404 2650 tuus,
1435 2592 1489 2638 et
1518 2580 1729 2652 requies
1759 2578 1852 2634 tibi
1882 2575 2097 2648 promit-

519 2684 667 2737 titur.
726 2682 973 2737 Attendis
1013 2688 1065 2735 te
1108 2677 1303 2732 habere
1332 2675 1418 2730 hic
1444 2673 1713 2736 laborem;
1754 2668 1848 2725 sed
1884 2666 2097 2731 attende

520 2773 731 2843 qualem
781 2773 867 2828 ille
913 2770 1151 2841 requiem
1191 2767 1485 2838 pollicetur.
1534 2759 1795 2832 Numquid
1836 2758 2092 2830 cogitare,

520 2865 705 2934 potes?
732 2863 789 2919 Si
819 2863 959 2917 illam
981 2875 1163 2932 posses
1191 2858 1446 2930 cogitare,
1478 2853 1685 2909 videres
1716 2862 1768 2906 te
1797 2850 1925 2905 nihil
1951 2849 2099 2904 labo-

520 2970 642 3009 rare
667 2954 732 3009 ad
749 2952 1257 3024 compensationem.
1285 2947 1420 3003 Audi
1445 2961 1564 3001 eum
1591 2946 1678 3015 qui
1700 2941 1829 2998 illud
1856 2956 1920 2995 ex
1947 2949 2099 3010 parte

522 3045 804 3110 cernebat,
853 3043 939 3113 qui
976 3042 1136 3107 dixit,
1172 3039 1327 3094 Nunc
1359 3039 1462 3093 scio
1496 3052 1558 3091 ex
1594 3042 1738 3106 parte
1767 3032 1810 3105 (ἰ
1833 3030 1951 3088 Cor.
1983 3047 2096 3097 xm,

526 3135 619 3207 i2)
648 3152 661 3189 :
690 3134 814 3205 quid
835 3134 909 3188 ait
932 3131 1258 3202 Apostolus?
1306 3148 1325 3181 ι
1360 3128 1568 3184 Etenim
1606 3122 1749 3196 quod
1772 3131 1854 3179 est
1879 3121 1945 3176 ad
1974 3134 2102 3190 prm-

524 3242 651 3282 sens
672 3224 961 3295 temporale
983 3232 1038 3279 ct
1065 3224 1181 3278 leve
1210 3220 1562 3276 tribulationis
1586 3225 1818 3283 nostrae,
1850 3215 2000 3284 juxta
2022 3212 2102 3266 in-

525 3316 831 3372 credibilem
854 3315 1069 3370 modum
1094 3356 1108 3379 ,
1136 3323 1190 3368 et
1210 3313 1262 3367 in
1292 3310 1656 3366 incredibilem
1686 3306 1922 3370 modum,
1949 3312 2104 3358 teter-

529 3424 656 3463 nnm
704 3407 887 3479 gloriae
948 3405 1155 3476 pondus
1202 3412 1454 3473 Operatur
1499 3399 1677 3454 nobis.
1727 3416 1747 3450 ι
1804 3395 1941 3464 Quid
1990 3402 2101 3457 est,

532 3520 551 3552 ι
585 3508 841 3554 aeternum
880 3498 1064 3569 gloria:
1110 3495 1319 3565 pondus
1342 3500 1593 3562 operatur
1625 3486 1813 3544 nobis?
1846 3503 1865 3537 ι
1915 3484 2106 3554 quibus

528 3589 815 3660 operatur?
871 3606 890 3641 ι
924 3588 1038 3643 Non
1085 3584 1489 3656 respicientibus
1531 3596 1649 3652 quae
1693 3578 1971 3641 videntur,
2012 3573 2106 3630 sed

528 3700 647 3754 qnte
676 3698 783 3739 non
808 3682 1057 3737 videnlur
1084 3696 1097 3733 :
1129 3692 1248 3750 qua:
1274 3677 1414 3731 enim
1458 3674 1705 3729 videntur
1730 3713 1743 3737 ,
1794 3666 2107 3738 temporalia

529 3784 680 3841 sunt;
714 3790 832 3845 quae
871 3781 1046 3828 autem
1070 3786 1173 3826 non
1196 3769 1473 3833 videntur,
1500 3775 1694 3820 reterna
1724 3780 1740 3815 ι
1791 3760 1855 3833 (ll
1882 3759 2000 3816 Cor.
2030 3773 2103 3823 tv,

532 3868 620 3933 l7,
654 3867 765 3935 l8).
820 3865 934 3920 Noli
957 3878 1076 3920 esse
1103 3863 1250 3933 piger
1274 3861 1327 3915 in
1360 3859 1539 3913 labore
1571 3856 1836 3919 breviter,
1880 3858 1934 3906 et
1973 3865 2107 3921 gau-

534 3958 688 4015 debis
716 3955 1123 4012 incessabiliter.
1175 3952 1453 4008 Eternam
1478 3948 1638 4002 vitam
1668 3945 1761 4000 tibi
1793 3942 2011 3998 daturus
2030 3948 2113 3995 est

498 4046 521 4055 ”
536 4052 676 4108 Deus
707 4066 721 4103 :
753 4048 925 4118 cogita
952 4053 1154 4117 quanto
1175 4044 1356 4099 labore
1380 4039 1607 4096 emenda
1635 4037 1724 4091 sit.

601 4141 692 4196 24.
725 4138 1005 4204 lntendite,
1035 4135 1254 4199 fratres;
1283 4133 1467 4188 venale
1495 4139 1597 4184 est.
1638 4126 1840 4183 Venale
1866 4132 1948 4180 est
1971 4122 2112 4191 quod

534 4240 728 4305 habeo,
760 4237 889 4295 dicit
919 4235 1011 4291 tibi
1041 4235 1211 4297 Deus;
1239 4246 1358 4286 eme
1379 4226 1526 4283 illud.
1550 4224 1684 4293 Quid
1706 4222 1864 4277 habet
1896 4218 2115 4275 venale?

537 4332 791 4402 Requiem
819 4328 1055 4384 venalem
1087 4325 1286 4390 habeo;
1317 4336 1437 4376 eme
1462 4319 1603 4372 illam
1626 4316 1691 4371 de
1714 4315 1910 4369 labore.
1939 4312 2118 4367 lnten-

534 4424 666 4491 dite,
698 4431 755 4477 ut
784 4422 949 4476 simus
977 4419 1028 4473 in
1060 4416 1272 4472 nomine
1313 4411 1508 4468 Christi
1558 4408 1720 4463 fortes
1755 4403 2025 4461 christiani
2047 4403 2068 4434 ³
2095 4417 2114 4458 :

532 4514 641 4584 jam
684 4511 949 4567 modicum
979 4516 1061 4565 est
1087 4505 1226 4585 quod
1250 4511 1413 4560 restat
1439 4501 1490 4557 in
1524 4500 1762 4564 Psalmo,
1793 4511 1897 4550 non
1927 4494 2116 4563 fatige-

535 4621 675 4660 mur.
707 4601 983 4671 Quomodo
1007 4599 1148 4655 enim
1187 4596 1339 4651 fortis
1376 4593 1570 4663 poterit
1610 4604 1731 4645 esse
1768 4589 1819 4642 in
1853 4585 2113 4648 faciendo,

536 4696 626 4766 qui
649 4693 827 4749 deﬁcit
850 4693 903 4746 in
921 4687 1219 4746 audiendo?
1248 4685 1429 4741 Aderit
1456 4682 1708 4737 Dominus
1729 4687 1788 4733 ut
1802 4677 1954 4732 vobis
1976 4675 2117 4745 quod

535 4787 799 4857 reliquum
842 4791 945 4853 est,
994 4779 1339 4850 explicemus.
1386 4773 1653 4830 Attendite
1682 4789 1696 4824 :
1726 4766 2117 4841 quodammodo

539 4879 682 4933 Deus
719 4873 992 4946 proposuit
1031 4871 1216 4926 venale
1252 4881 1472 4938 regnum
1515 4864 1792 4919 ctelorum.
1826 4860 1969 4914 Dicis
1994 4858 2066 4913 illi
2099 4874 2113 4909 :

537 4970 803 5035 Quantum
831 4962 1004 5019 valet?
1036 4961 1265 5017 Pretium
1305 4957 1468 5028 ipsius
1502 4955 1654 5010 labor
1699 4961 1783 5007 est
1810 4969 1824 5007 :
1852 4948 2120 5019 quomodo

537 5061 582 5113 si
623 5060 843 5124 diceret,
882 5056 1117 5112 Pretium
1148 5052 1313 5124 ipsius
1352 5063 1539 5105 aurum
1582 5055 1683 5111 est,
1712 5059 1816 5098 non
1853 5042 2120 5097 sufﬁceret

540 5150 642 5204 hoc
689 5149 860 5204 solum
896 5147 1103 5210 dicere,
1156 5142 1251 5199 sed
1288 5152 1558 5211 quaereres
1609 5143 1862 5205 quantum
1910 5147 2116 5185 aurum.

541 5243 674 5297 Nam
704 5250 756 5296 et
785 5238 987 5295 solidus
1024 5250 1209 5291 aurum
1244 5240 1345 5293 est,
1379 5238 1434 5285 et
1467 5226 1775 5289 semiuncia,
1805 5233 1859 5279 et
1889 5223 2037 5286 libra,
2068 5230 2123 5276 et

542 5334 646 5388 tale
672 5331 888 5401 aliquid.
923 5329 1045 5383 Ideo
1071 5327 1205 5382 dixit
1231 5324 1477 5393 pretium,
1498 5335 1568 5373 ne
1588 5318 1859 5372 laborares
1882 5329 2121 5385 qurerere

541 5423 794 5496 quamdiu
834 5420 1103 5477 invenires
1119 5414 1368 5484 ‘..llujus
1406 5410 1484 5466 rei
1534 5409 1759 5478 pretium
1808 5405 1959 5460 labor
1998 5414 2117 5459 est:

606 5539 624 5570 ί
658 5537 730 5588 sic
752 5541 850 5584 Am.
867 5539 941 5582 Er.
968 5538 1021 5582 et
1034 5527 1186 5580 nostri
1201 5532 1310 5575 Mss.
1330 5529 1383 5572 Al.
1399 5527 1509 5571 Iov.
1530 5531 1639 5570 cum
1662 5516 1816 5567 tribus
1832 5528 1861 5566 e
1877 5516 1977 5565 suis
1992 5521 2118 5573 Mss,

546 5605 766 5654 gstemoa.
1544 5642 1555 5652 .
1602 5640 1613 5652 .

606 5663 626 5692 ι
658 5662 730 5710 sic
753 5670 852 5706 .m.
878 5662 950 5705 Er.
975 5660 1147 5716 etuss.
1175 5656 1229 5699 At
1248 5647 1653 5716 temperauit“:
1699 5715 1704 5716 ί

607 5724 629 5755 ι
658 5698 1319 5781 ῐὶέἶιὲῖιίαῖίεὲῖζέἱιξῃοηιῡιε
1331 5698 1533 5781 eguisti,
1558 5698 2056 5781 ροᾳιίᾳτςηςζιτιεεςιῃξί

608 5785 630 5815 ⁸
661 5762 1043 5843 begins—lis:
1061 5762 1164 5845 Villii
1200 5787 1310 5845 eum
1331 5769 1465 5840 Edd.,
1492 5762 1721 5829 quamdiu
1750 5762 1891 5825 hujus
1916 5762 1985 5812 rei
2008 5772 2117 5824 pre-

546 5847 684 5907 tium,
710 5841 1018 5905 acu—omisso
1037 5841 1202 5901 verbo,
1226 5841 1469 5887 t'mv'mrcs.

1724 372 1779 428 S.
1824 361 2182 424 AUGUS’I'INI
2221 360 2520 419 EPISCOPI

3614 362 3753 419 ηις

2173 484 2400 545 quantus
2430 475 2579 531 labor
2602 476 2718 531 est?
2754 474 2871 531 lam
2907 490 3084 546 qurere
3120 482 3179 529 tn
3218 482 3469 546 quantum
3500 475 3751 533 laboran-

2172 564 2297 620 dum
2344 566 2432 620 sit.
2477 564 2720 620 Nondum
2751 565 2943 621 dicitur
2971 566 3061 620 tibi
3087 575 3314 636 quantus
3342 564 3549 621 iuturus
3578 567 3647 621 sit
3674 567 3759 624 la.-

2173 659 2271 714 bor
2304 660 2433 726 iste,
2480 658 2565 713 vel
2611 669 2865 729 quantum
2911 658 3105 713 laboris
3134 657 3201 714 de
3231 667 3280 713 te
3310 659 3550 729 exigatur
3581 677 3595 715 :
3628 659 3758 713 illud

2174 749 2269 804 tibi
2309 748 2436 803 dicit
2483 749 2642 815 Deus,
2673 748 2784 819 Ego
2823 748 3046 804 ostendo
3071 758 3263 819 quanta
3302 750 3371 802 sit
3394 748 3480 801 illa
3505 750 3759 819 requies;

2178 849 2231 896 tu
2258 841 2433 911 judiea
2463 851 2660 911 quanto
2690 840 2871 897 labore
2896 841 3119 897 emenda
3149 842 3236 896 sit.
3285 841 3435 896 Dicat
3459 857 3585 912 ergo
3616 843 3763 897 Deus

2178 939 2373 1001 quanta
2418 931 2586 985 futura
2627 932 2696 987 sit
2737 933 2848 1002 ipsa
2895 933 3125 1003 requies.
3168 931 3311 985 Beati
3338 933 3423 1001 qui
3454 933 3680 986 habit/ml
3710 935 3762 984 in

2180 1021 2327 1076 domo
2363 1032 2481 1087 tua;
2518 1024 2572 1076 in
2609 1023 2797 1077 sa’cula
2821 1024 3124 1078 sceculorum
3149 1022 3424 1077 laudabunt
3454 1033 3520 1078 te.
3567 1022 3759 1093 (Paul.

2182 1126 2398 1177 Lxxxnt,
2439 1112 2533 1174 5).
2579 1112 2705 1168 Haec
2750 1121 2830 1168 est
2872 1114 3082 1184 requies
3123 1114 3439 1184 sempiterna
3470 1131 3483 1167 :
3514 1116 3628 1169 sine
3658 1114 3757 1171 ﬁne

2184 1206 2285 1261 erit
2312 1206 2521 1277 requies
2547 1207 2666 1273 ista,
2695 1205 2810 1260 sine
2839 1207 2942 1261 line
2966 1206 3066 1262 erit
3092 1206 3337 1277 gaudium
3364 1206 3485 1270 hoc,
3515 1209 3631 1262 sine
3659 1207 3766 1262 ﬁne

2183 1297 2286 1352 erit
2311 1297 2489 1351 lrctitia
2514 1297 2631 1362 ista,
2653 1296 2767 1351 sine
2794 1298 2896 1351 line
2921 1297 3024 1352 erit
3049 1297 3401 1366 incorruptio;
3427 1298 3584 1351 vitam
3609 1308 3770 1353 aeter-

2184 1401 2306 1441 nam
2336 1386 2591 1454 habebis;
2620 1388 2852 1458 requiem
2888 1403 3005 1458 qua:
3033 1404 3137 1442 non
3160 1389 3316 1444 habet
3342 1388 3519 1443 linem.
3553 1389 3765 1458 Quanto

2188 1480 2367 1536 labore
2392 1480 2548 1551 digna
2591 1488 2673 1536 est
2713 1482 2922 1551 requies
2959 1496 3074 1551 qum
3118 1495 3222 1535 non
3270 1480 3429 1536 habet
3474 1482 3671 1537 tinem?
3712 1481 3768 1537 Si

2188 1588 2372 1626 verum
2405 1573 2484 1628 vis
2522 1587 2852 1642 comparare,
2881 1581 2935 1628 et
2964 1586 3144 1627 verum
3168 1572 3428 1643 judicare,
3457 1584 3651 1630 utterna
3679 1591 3770 1630 re-

2189 1664 2340 1733 quies
2384 1674 2583 1719 acterno
2630 1663 2810 1719 labore
2856 1673 3001 1719 recte
3041 1665 3253 1719 emitur.
3284 1664 3479 1720 Verum
3510 1665 3610 1722 hoc
3640 1677 3725 1721 est
3756 1686 3769 1721 :

2190 1755 2283 1810 sed
2312 1756 2415 1810 noli
2438 1756 2645 1821 timere,
2673 1756 2976 1812 misericors
2994 1765 3076 1812 est
3106 1757 3262 1812 Deus.
3297 1756 3351 1813 Si
3382 1758 3522 1813 enim
3545 1758 3774 1814 haberes

2192 1856 2449 1903 aeternum
2488 1847 2743 1913 laborem,
2778 1864 3046 1919 nunquam
3087 1850 3397 1918 pervcnires
3425 1850 3491 1904 ad
3518 1859 3773 1905 :eternam

2193 1942 2445 2013 quietem.
2485 1940 2711 2012 Semper
2752 1942 2996 1997 laborans
3028 1943 3239 2013 quando
3268 1953 3616 2014 perventurus
3655 1962 3778 2000 cras

2194 2034 2261 2089 ad
2302 2033 2427 2089 illud
2470 2033 2610 2103 quod
2654 2033 2809 2103 digne
2838 2032 3050 2105 quidem
3098 2045 3270 2105 potest
3309 2038 3411 2089 cmi
3454 2038 3780 2108 sempiterno

2196 2124 2398 2188 labore,
2428 2125 2549 2194 quia
2579 2127 2901 2193 sempiterna
2928 2126 3136 2196 requies
3165 2127 3279 2181 est?
3305 2126 3478 2198 aliqua
3508 2130 3739 2198 pretium
3763 2146 3776 2182 :

2198 2226 2397 2270 aeterno
2422 2225 2565 2271 certe
2591 2215 2772 2271 labore
2793 2216 2947 2287 digna
2969 2226 3050 2271 cst
3070 2226 3264 2273 acterna
3286 2219 3435 2288 quies
3456 2223 3779 2290 comparari.

2198 2306 2302 2364 Sed
2333 2309 2377 2361 si
2405 2321 2615 2378 semper
2635 2307 2924 2372 laborares,
2952 2324 3221 2378 nunquam
3243 2310 3309 2365 ad
3335 2312 3568 2382 requiem
3592 2328 3783 2384 perve-

2197 2402 2362 2456 nires.
2397 2402 2536 2473 Ergo
2563 2410 2619 2457 ut
2643 2401 2925 2472 aliquando
2952 2403 3232 2472 pervenias
3261 2403 3326 2459 ad
3356 2404 3405 2459 id
3440 2406 3579 2475 quod
3610 2408 3781 2473 emis,

2198 2506 2304 2547 non
2331 2492 2382 2546 in
2404 2501 2659 2548 aeternum
2683 2493 3026 2549 laborandum
3057 2502 3138 2549 est
3169 2512 3182 2548 :
3213 2510 3316 2549 non
3347 2496 3468 2565 quia
3499 2512 3602 2553 non
3634 2498 3784 2554 valet

2201 2583 2353 2647 tanti,
2385 2583 2477 2638 sed
2510 2592 2566 2639 ut
2588 2584 2921 2654 possideatur
2944 2585 3085 2654 quod
3111 2584 3324 2640 emitur.
3357 2586 3521 2657 Digna
3553 2597 3635 2643 est
3660 2590 3784 2659 qui-

2200 2672 2320 2729 dem
2350 2676 2451 2729 emi
2481 2675 2661 2730 labore
2690 2683 2979 2745 perpetuo;
3025 2676 3119 2731 sed
3160 2692 3377 2733 necesse
3404 2688 3485 2734 est
3514 2688 3571 2734 ut
3602 2680 3788 2737 labore

2202 2767 2477 2835 temporali
2515 2777 2739 2822 ematur.
2785 2765 2942 2824 Certe
2988 2778 3164 2824 tantus
3207 2769 3388 2842 debuit
3423 2784 3576 2838 esse,
3607 2772 3659 2827 id
3702 2783 3789 2828 est

2203 2858 2556 2929 sempiternus
2579 2858 2726 2914 labor
2752 2874 2849 2929 pro
2874 2859 3055 2930 requie
3083 2861 3425 2932 sempiterna.
3455 2861 3639 2919 Decies
3657 2879 3783 2919 cen-

2203 2959 2323 3005 tena
2364 2949 2527 3004 millia
2570 2964 2831 3005 annorum
2874 2950 2925 3005 in
2970 2950 3152 3007 labore
3190 2951 3313 3022 quid
3360 2953 3574 3008 valent?
3599 2953 3790 3009 Decies

2204 3052 2428 3099 centena
2478 3041 2642 3096 millia
2689 3057 2947 3097 annorum
2998 3042 3193 3102 habent
3244 3046 3400 3099 tinem
3442 3063 3454 3098 :
3498 3044 3650 3113 Quod
3692 3046 3789 3101 tibi

2205 3132 2366 3199 dabo,
2397 3132 2525 3188 dicit
2554 3131 2710 3198 Deus,
2741 3147 2846 3186 non
2877 3131 3089 3188 habebit
3134 3132 3310 3188 finem.
3353 3134 3532 3201 Qualis
3573 3135 3790 3191 miseri-

2206 3226 2384 3282 cordia
2411 3226 2537 3282 Dei?
2563 3225 2673 3291 Nec
2696 3224 2849 3289 dicit,
2883 3226 3065 3280 Decies
3092 3235 3312 3281 centena
3340 3226 3503 3281 millia
3528 3241 3792 3282 annorum

2206 3318 2417 3383 labora;
2446 3332 2550 3372 non
2581 3316 2727 3383 dicit,
2754 3315 2835 3371 vel
2864 3317 3005 3372 mille
3031 3332 3198 3372 annos
3230 3318 3436 3383 labora;
3484 3334 3588 3373 non
3630 3318 3793 3386 dicit,

2208 3408 2520 3479 quingentos
2547 3421 2714 3462 annos
2745 3406 2926 3461 labora
2954 3426 2965 3461 :
2991 3423 3107 3463 cum
3134 3408 3263 3462 vivis
3292 3408 3495 3477 labora,
3524 3409 3575 3463 in
3606 3409 3794 3480 paucis

2210 3500 2396 3563 annis;
2428 3500 2550 3554 inde
2574 3500 2681 3568 jam
2711 3500 2921 3569 requies
2948 3500 3077 3568 erit,
3118 3510 3173 3555 et
3213 3500 3369 3555 ﬁnem
3408 3517 3512 3555 non
3555 3502 3793 3557 habebit.

2211 3592 2277 3646 Et
2332 3590 2505 3646 adhuc
2553 3591 2674 3645 audi
2729 3593 3144 3662 conscquentia'
3180 3612 3191 3647 :
3224 3592 3472 3658 Domine,
3520 3595 3798 3649 secundum

2212 3683 2581 3738 multitudinem
2608 3683 2839 3739 dolorum
2868 3701 3089 3740 meorum
3130 3687 3181 3740 in
3219 3687 3370 3742 corde
3391 3704 3520 3753 meo,
3554 3688 3797 3743 exhorta-

2214 3775 2372 3828 tiones
2416 3784 2516 3828 tua:
2549 3774 2958 3846 jucundaverunt
3000 3777 3220 3830 animum
3266 3795 3446 3832 meum.
3492 3778 3558 3834 Et
3598 3794 3800 3849 paucos

2215 3880 2383 3920 annos
2413 3864 2643 3931 laboras,
2665 3872 2717 3920 et
2750 3866 2801 3919 in
2842 3866 2968 3937 ipsis
3006 3866 3273 3923 laboribus
3298 3884 3401 3922 non
3429 3869 3578 3925 deest
3603 3884 3799 3925 conso—

2214 3956 2363 4022 latio,
2392 3972 2493 4009 non
2518 3956 2711 4011 desunt
2737 3958 2926 4027 gaudia
2947 3958 3271 4028 quotidiana.
3305 3960 3410 4015 Sed
3434 3962 3538 4016 noli
3565 3962 3800 4032 gaudere

2217 4050 2270 4104 in
2303 4050 2497 4104 smculo
2530 4067 2542 4101 :
2574 4048 2746 4119 gaude
2789 4049 2843 4104 in
2886 4048 3119 4117 Christo,
3160 4052 3329 4121 gaude
3372 4053 3422 4106 in
3460 4053 3622 4108 verbo
3660 4054 3799 4123 ejus,

2218 4139 2387 4211 gaude
2418 4139 2467 4193 in
2499 4140 2616 4210 lege
2650 4139 2785 4208 ejus.
2818 4141 2894 4195 Ad
2924 4140 3035 4210 ipsa
3064 4142 3250 4211 gaudia
3283 4143 3513 4212 pertinet
3539 4142 3681 4213 quod
3719 4145 3801 4200 lo-

2218 4229 2449 4300 quimur,
2476 4240 2529 4284 et
2564 4229 2703 4297 quod
2733 4229 2945 4284 auditis.
2973 4229 3195 4296 Quanta:
3224 4247 3351 4302 ergo
3376 4242 3500 4288 sunt
3529 4232 3644 4287 ista:
3668 4248 3803 4288 con—

2220 4323 2507 4377 solationes
2546 4322 2597 4374 in
2639 4321 2798 4376 tantis
2839 4320 3143 4377 laboribus?
3174 4322 3367 4379 Verum
3397 4332 3478 4379 est
3505 4338 3631 4395 ergo
3661 4325 3805 4394 quod

2221 4413 2350 4468 dixit
2372 4412 2678 4483 Apostolus,
2716 4431 2734 4464 ι
2766 4411 2975 4466 Etenim
2999 4412 3140 4482 quod
3161 4412 3227 4467 ad
3254 4428 3488 4484 prmsens
3510 4415 3807 4483 temporale

2222 4515 2304 4561 est
2343 4514 2396 4560 et
2442 4505 2558 4561 leve
2600 4505 2952 4561 tribulationis
2999 4516 3214 4574 nostrae,
3250 4506 3396 4575 juxta
3442 4506 3807 4563 incredibilem

2224 4598 2460 4663 modum,
2489 4608 2543 4653 et
2572 4597 2623 4652 in
2652 4587 3011 4653 incredibilem
3042 4598 3253 4653 modum
3278 4641 3292 4665 ,
3340 4608 3596 4656 aeternum
3623 4600 3810 4670 gloria:

2226 4691 2430 4759 pondus
2452 4697 2703 4758 operatur
2729 4689 2900 4744 nobis.
2928 4708 2946 4740 ι
2991 4689 3129 4744 Ecce
3158 4698 3409 4759 quantum
3454 4690 3680 4760 pretium
3711 4690 3807 4743 da-

2226 4797 2363 4847 mus,
2396 4780 2626 4851 quodam
2674 4780 2832 4835 modo
2870 4795 3027 4835 unam
3076 4779 3317 4850 siliquam
3362 4780 3427 4834 ad
3471 4781 3811 4850 accipiendos

2228 4874 2503 4929 thesauros
2533 4872 2883 4941 sempiternos
2913 4889 2926 4925 :
2955 4871 3197 4941 siliquam
3232 4871 3428 4927 laboris
3465 4871 3529 4925 ad
3569 4872 3810 4942 requiem

2226 4964 2612 5028 incredibilem,
2659 4962 2949 5018 secundum
2995 4962 3132 5032 quod
3176 4962 3374 5018 dictum
3406 4970 3507 5029 est,
3537 4961 3698 5016 Juxta
3731 4963 3814 5015 in-

2226 5056 2513 5111 credibilem
2543 5054 2766 5121 modum,
2797 5062 2843 5108 et
2862 5054 2913 5107 in
2939 5052 3279 5107 incredibilem
3310 5051 3537 5116 modum,
3567 5060 3813 5106 retentum

2227 5151 2404 5221 glorite
2427 5148 2627 5221 pondus
2656 5156 2909 5216 operatur.
2941 5144 3152 5200 Gaudes
3191 5144 3255 5199 ad
3301 5153 3542 5215 tempus;
3588 5143 3696 5199 noli
3739 5143 3813 5196 ibi

2228 5241 2393 5296 ﬁdere
2421 5258 2434 5295 :
2466 5238 2633 5307 tristis
2662 5252 2719 5292 cs
2749 5235 2815 5290 ad
2843 5244 3080 5306 tempus;
3114 5236 3220 5290 noli
3260 5237 3567 5305 deSperare.
3610 5230 3729 5289 Non
3762 5243 3816 5287 te

2227 5338 2531 5401 corrumpat
2578 5328 2819 5394 felicitas,
2866 5334 2921 5381 et
2971 5342 3075 5380 non
3128 5326 3329 5397 frangat
3377 5326 3670 5381 adversitas
3704 5344 3716 5378 :
3746 5340 3820 5380 ne

2227 5427 2367 5483 forte
2385 5426 2531 5481 dicas
2552 5424 2604 5478 in
2632 5423 2810 5477 animo
2837 5430 2947 5485 tuo,
2970 5420 3086 5476 Non
3117 5430 3286 5491 potest
3314 5420 3447 5485 ﬁeri,
3476 5428 3533 5474 ut
3563 5421 3699 5474 Deus
3722 5417 3817 5472 ad-

2229 5519 2403 5574 mittat
2430 5517 2495 5571 ad
2524 5530 2582 5571 se
2603 5515 2830 5584 iniquos,
2858 5512 2944 5582 qui
2962 5511 3133 5583 justus
3162 5511 3303 5580 ipsos
3328 5510 3594 5573 emendat,
3622 5518 3679 5563 ut
3709 5508 3817 5563 sal-

2232 5620 2344 5677 vet;
2375 5608 2461 5681 qui
2491 5607 2611 5663 ideo
2637 5604 2902 5673 emendat,
2927 5612 2984 5659 ut
3011 5602 3234 5658 erudiat.
3265 5600 3326 5658 Si
3346 5601 3384 5671 Ι
3389 5611 3526 5657 ustus
3546 5601 3631 5657 via:
3645 5599 3821 5657 salvus

2299 5792 2315 5824 ¹
2341 5790 2411 5840 sic
2435 5794 2532 5837 Am.
2564 5791 2633 5834 Er.
2662 5790 2710 5833 et
2734 5788 2840 5831 Mss.
2868 5785 2921 5829 At
2938 5786 3066 5841 Lov.,
3095 5782 3415 5829 conseruntur.

3832 5770 3840 5813 l
