  <div class='ocr_page' id='page_1' title='image "/cluster/home/n/w/nwhite01/storage/ocr_20150623/37/hvd.32044015471477/100.png"; bbox 0 0 4058 6480; ppageno 0'>
   <div class='ocr_carea' id='block_1_1' title="bbox 243 327 380 385">
    <p class='ocr_par' dir='ltr' id='par_1_1' title="bbox 243 327 380 385">
     <span class='ocr_line' id='line_1_1' title="bbox 243 327 380 385; baseline 0 0"><span class='ocrx_word' id='word_1_1' title='bbox 243 327 380 385; x_wconf 63' lang='grc'><strong>1115</strong></span> 
     </span>
    </p>
   </div>
   <div class='ocr_carea' id='block_1_2' title="bbox 233 431 1817 510">
    <p class='ocr_par' dir='ltr' id='par_1_2' title="bbox 233 431 1817 510">
     <span class='ocr_line' id='line_1_2' title="bbox 233 431 1817 510; baseline -0.007 -15"><span class='ocrx_word' id='word_1_2' title='bbox 233 442 355 508; x_wconf 71' lang='lat' dir='ltr'><strong>ﬁet;</strong></span> <span class='ocrx_word' id='word_1_3' title='bbox 384 446 618 510; x_wconf 84' lang='lat' dir='ltr'><strong>peccator</strong></span> <span class='ocrx_word' id='word_1_4' title='bbox 646 446 694 489; x_wconf 84' lang='lat' dir='ltr'><strong>et</strong></span> <span class='ocrx_word' id='word_1_5' title='bbox 722 435 903 505; x_wconf 88' lang='lat' dir='ltr'><strong>impius</strong></span> <span class='ocrx_word' id='word_1_6' title='bbox 929 434 1011 488; x_wconf 83' lang='lat' dir='ltr'><strong>ubi</strong></span> <span class='ocrx_word' id='word_1_7' title='bbox 1043 432 1323 505; x_wconf 80' lang='lat' dir='ltr'><strong>parebunt?</strong></span> <span class='ocrx_word' id='word_1_8' title='bbox 1354 431 1619 500; x_wconf 76' lang='lat' dir='ltr'><strong>Numquid</strong></span> <span class='ocrx_word' id='word_1_9' title='bbox 1644 431 1817 485; x_wconf 67' lang='lat' dir='ltr'><strong>adha-</strong></span> 
     </span>
    </p>
   </div>
   <div class='ocr_carea' id='block_1_3' title="bbox 230 524 1822 601">
    <p class='ocr_par' dir='ltr' id='par_1_3' title="bbox 230 524 1822 601">
     <span class='ocr_line' id='line_1_3' title="bbox 230 524 1822 601; baseline -0.007 -13"><span class='ocrx_word' id='word_1_10' title='bbox 230 544 307 588; x_wconf 85' lang='lat' dir='ltr'><strong>ret</strong></span> <span class='ocrx_word' id='word_1_11' title='bbox 332 532 420 587; x_wconf 79' lang='lat' dir='ltr'><strong>tibi</strong></span> <span class='ocrx_word' id='word_1_12' title='bbox 443 532 585 586; x_wconf 70' lang='lat' dir='ltr'><strong>sedes</strong></span> <span class='ocrx_word' id='word_1_13' title='bbox 610 530 927 601; x_wconf 73' lang='lat' dir='ltr'><strong>iniquitatis?</strong></span> <span class='ocrx_word' id='word_1_14' title='bbox 958 528 1009 583; x_wconf 92' lang='lat' dir='ltr'><strong><em>id</em></strong></span> <span class='ocrx_word' id='word_1_15' title='bbox 1036 538 1146 593; x_wconf 89' lang='lat' dir='ltr'><strong>est,</strong></span> <span class='ocrx_word' id='word_1_16' title='bbox 1179 526 1438 598; x_wconf 79' lang='lat' dir='ltr'><strong>Numquid</strong></span> <span class='ocrx_word' id='word_1_17' title='bbox 1465 526 1701 580; x_wconf 65' lang='lat' dir='ltr'><strong>adhaeret</strong></span> <span class='ocrx_word' id='word_1_18' title='bbox 1732 524 1822 577; x_wconf 86' lang='lat' dir='ltr'><strong><em>libi</em></strong></span> 
     </span>
    </p>
   </div>
   <div class='ocr_carea' id='block_1_4' title="bbox 160 615 1825 693">
    <p class='ocr_par' dir='ltr' id='par_1_4' title="bbox 160 615 1825 693">
     <span class='ocr_line' id='line_1_4' title="bbox 160 615 1825 693; baseline -0.007 -13"><span class='ocrx_word' id='word_1_19' title='bbox 160 654 187 668; x_wconf 60' lang='grc' dir='ltr'><em>κ</em></span> <span class='ocrx_word' id='word_1_20' title='bbox 227 622 394 679; x_wconf 80' lang='lat' dir='ltr'><strong>sedes</strong></span> <span class='ocrx_word' id='word_1_21' title='bbox 415 622 731 693; x_wconf 88' lang='lat' dir='ltr'><strong>impiorum;</strong></span> <span class='ocrx_word' id='word_1_22' title='bbox 762 620 848 690; x_wconf 91' lang='lat' dir='ltr'><strong>qui</strong></span> <span class='ocrx_word' id='word_1_23' title='bbox 868 620 1016 690; x_wconf 78' lang='lat' dir='ltr'><strong>ﬁngis</strong></span> <span class='ocrx_word' id='word_1_24' title='bbox 1037 618 1259 673; x_wconf 65' lang='lat' dir='ltr'><strong>dolerem</strong></span> <span class='ocrx_word' id='word_1_25' title='bbox 1282 619 1331 670; x_wconf 88' lang='lat' dir='ltr'><strong>in</strong></span> <span class='ocrx_word' id='word_1_26' title='bbox 1354 627 1620 686; x_wconf 81' lang='lat' dir='ltr'><strong>prtacepto,</strong></span> <span class='ocrx_word' id='word_1_27' title='bbox 1653 615 1739 685; x_wconf 85' lang='lat' dir='ltr'><strong>qui</strong></span> <span class='ocrx_word' id='word_1_28' title='bbox 1772 624 1825 669; x_wconf 88' lang='lat' dir='ltr'><strong>et</strong></span> 
     </span>
    </p>
   </div>
   <div class='ocr_carea' id='block_1_5' title="bbox 228 707 1821 774">
    <p class='ocr_par' dir='ltr' id='par_1_5' title="bbox 228 707 1821 774">
     <span class='ocr_line' id='line_1_5' title="bbox 228 707 1821 774; baseline -0.009 0"><span class='ocrx_word' id='word_1_29' title='bbox 228 718 369 774; x_wconf 78' lang='lat' dir='ltr'><strong>istos</strong></span> <span class='ocrx_word' id='word_1_30' title='bbox 398 716 534 770; x_wconf 88' lang='lat' dir='ltr'><strong>ﬁlios</strong></span> <span class='ocrx_word' id='word_1_31' title='bbox 557 715 639 770; x_wconf 89' lang='lat' dir='ltr'><strong>sic</strong></span> <span class='ocrx_word' id='word_1_32' title='bbox 662 713 873 769; x_wconf 82' lang='lat' dir='ltr'><strong>voluisti</strong></span> <span class='ocrx_word' id='word_1_33' title='bbox 904 726 1153 767; x_wconf 81' lang='lat' dir='ltr'><strong>exercere</strong></span> <span class='ocrx_word' id='word_1_34' title='bbox 1179 722 1232 765; x_wconf 90' lang='lat' dir='ltr'><strong>et</strong></span> <span class='ocrx_word' id='word_1_35' title='bbox 1257 709 1487 774; x_wconf 85' lang='lat' dir='ltr'><strong>erudire,</strong></span> <span class='ocrx_word' id='word_1_36' title='bbox 1512 711 1586 762; x_wconf 89' lang='lat' dir='ltr'><strong>sic</strong></span> <span class='ocrx_word' id='word_1_37' title='bbox 1613 707 1821 762; x_wconf 83' lang='lat' dir='ltr'><strong>voluisti</strong></span> 
     </span>
    </p>
   </div>
   <div class='ocr_carea' id='block_1_6' title="bbox 228 801 1823 880">
    <p class='ocr_par' dir='ltr' id='par_1_6' title="bbox 228 801 1823 880">
     <span class='ocr_line' id='line_1_6' title="bbox 228 801 1823 880; baseline -0.008 -16"><span class='ocrx_word' id='word_1_38' title='bbox 228 809 310 864; x_wconf 86' lang='lat' dir='ltr'><strong>eis</strong></span> <span class='ocrx_word' id='word_1_39' title='bbox 337 814 610 880; x_wconf 62' lang='lat' dir='ltr'><strong>prmeepta</strong></span> <span class='ocrx_word' id='word_1_40' title='bbox 635 805 783 870; x_wconf 89' lang='lat' dir='ltr'><strong>dare,</strong></span> <span class='ocrx_word' id='word_1_41' title='bbox 811 813 867 858; x_wconf 93' lang='lat' dir='ltr'><strong>ut</strong></span> <span class='ocrx_word' id='word_1_42' title='bbox 891 818 995 858; x_wconf 92' lang='lat' dir='ltr'><strong>non</strong></span> <span class='ocrx_word' id='word_1_43' title='bbox 1019 813 1193 857; x_wconf 95' lang='lat' dir='ltr'><strong>essent</strong></span> <span class='ocrx_word' id='word_1_44' title='bbox 1217 802 1330 856; x_wconf 90' lang='lat' dir='ltr'><strong>sine</strong></span> <span class='ocrx_word' id='word_1_45' title='bbox 1354 801 1561 863; x_wconf 86' lang='lat' dir='ltr'><strong>timore,</strong></span> <span class='ocrx_word' id='word_1_46' title='bbox 1588 816 1653 853; x_wconf 89' lang='lat' dir='ltr'><strong>ne</strong></span> <span class='ocrx_word' id='word_1_47' title='bbox 1678 813 1823 852; x_wconf 88' lang='lat' dir='ltr'><strong>ama-</strong></span> 
     </span>
    </p>
   </div>
   <div class='ocr_carea' id='block_1_7' title="bbox 227 888 1820 968">
    <p class='ocr_par' dir='ltr' id='par_1_7' title="bbox 227 888 1820 968">
     <span class='ocr_line' id='line_1_7' title="bbox 227 888 1820 968; baseline -0.008 -13"><span class='ocrx_word' id='word_1_48' title='bbox 227 908 353 955; x_wconf 89' lang='lat' dir='ltr'><strong>rent</strong></span> <span class='ocrx_word' id='word_1_49' title='bbox 375 896 578 968; x_wconf 85' lang='lat' dir='ltr'><strong>aliquid</strong></span> <span class='ocrx_word' id='word_1_50' title='bbox 600 894 763 961; x_wconf 83' lang='lat' dir='ltr'><strong>aliud,</strong></span> <span class='ocrx_word' id='word_1_51' title='bbox 791 903 847 951; x_wconf 87' lang='lat' dir='ltr'><strong>et</strong></span> <span class='ocrx_word' id='word_1_52' title='bbox 871 894 1311 950; x_wconf 75' lang='lat' dir='ltr'><strong>obliviscerentur</strong></span> <span class='ocrx_word' id='word_1_53' title='bbox 1339 902 1389 947; x_wconf 91' lang='lat' dir='ltr'><strong>te</strong></span> <span class='ocrx_word' id='word_1_54' title='bbox 1416 906 1600 945; x_wconf 85' lang='lat' dir='ltr'><strong>verum</strong></span> <span class='ocrx_word' id='word_1_55' title='bbox 1623 888 1820 943; x_wconf 84' lang='lat' dir='ltr'><strong>bonum</strong></span> 
     </span>
    </p>
   </div>
   <div class='ocr_carea' id='block_1_8' title="bbox 226 981 1822 1047">
    <p class='ocr_par' dir='ltr' id='par_1_8' title="bbox 226 981 1822 1047">
     <span class='ocr_line' id='line_1_8' title="bbox 226 981 1822 1047; baseline -0.009 0"><span class='ocrx_word' id='word_1_56' title='bbox 226 988 431 1047; x_wconf 84' lang='lat' dir='ltr'><strong>suum?</strong></span> <span class='ocrx_word' id='word_1_57' title='bbox 455 988 637 1045; x_wconf 90' lang='lat' dir='ltr'><strong>Bonus</strong></span> <span class='ocrx_word' id='word_1_58' title='bbox 665 996 749 1044; x_wconf 89' lang='lat' dir='ltr'><strong>est</strong></span> <span class='ocrx_word' id='word_1_59' title='bbox 776 986 915 1042; x_wconf 88' lang='lat' dir='ltr'><strong>Deus</strong></span> <span class='ocrx_word' id='word_1_60' title='bbox 946 1002 961 1041; x_wconf 85' lang='lat'>:</span> <span class='ocrx_word' id='word_1_61' title='bbox 989 985 1033 1039; x_wconf 90' lang='lat' dir='ltr'><strong>si</strong></span> <span class='ocrx_word' id='word_1_62' title='bbox 1061 993 1289 1040; x_wconf 91' lang='lat' dir='ltr'><strong>cessaret</strong></span> <span class='ocrx_word' id='word_1_63' title='bbox 1316 984 1476 1047; x_wconf 89' lang='lat' dir='ltr'><strong>Dens,</strong></span> <span class='ocrx_word' id='word_1_64' title='bbox 1509 991 1691 1037; x_wconf 90' lang='lat' dir='ltr'><strong>etnon</strong></span> <span class='ocrx_word' id='word_1_65' title='bbox 1721 981 1822 1034; x_wconf 86' lang='lat' dir='ltr'><strong>mi-</strong></span> 
     </span>
    </p>
   </div>
   <div class='ocr_carea' id='block_1_9' title="bbox 224 1073 1819 1149">
    <p class='ocr_par' dir='ltr' id='par_1_9' title="bbox 224 1073 1819 1149">
     <span class='ocr_line' id='line_1_9' title="bbox 224 1073 1819 1149; baseline -0.006 -11"><span class='ocrx_word' id='word_1_66' title='bbox 224 1089 410 1138; x_wconf 83' lang='lat' dir='ltr'><strong>sceret</strong></span> <span class='ocrx_word' id='word_1_67' title='bbox 450 1079 834 1149; x_wconf 85' lang='lat' dir='ltr'><strong>amaritudines</strong></span> <span class='ocrx_word' id='word_1_68' title='bbox 875 1076 1214 1133; x_wconf 72' lang='lat' dir='ltr'><strong>felicitatibus</strong></span> <span class='ocrx_word' id='word_1_69' title='bbox 1241 1074 1439 1142; x_wconf 73' lang='lat' dir='ltr'><strong>saeculi,</strong></span> <span class='ocrx_word' id='word_1_70' title='bbox 1480 1073 1819 1129; x_wconf 76' lang='lat' dir='ltr'><strong>obliviscere-</strong></span> 
     </span>
    </p>
   </div>
   <div class='ocr_carea' id='block_1_10' title="bbox 224 1186 527 1228">
    <p class='ocr_par' dir='ltr' id='par_1_10' title="bbox 224 1186 527 1228">
     <span class='ocr_line' id='line_1_10' title="bbox 224 1186 527 1228; baseline -0.013 0"><span class='ocrx_word' id='word_1_71' title='bbox 224 1188 351 1228; x_wconf 86' lang='lat' dir='ltr'><strong>mur</strong></span> <span class='ocrx_word' id='word_1_72' title='bbox 376 1186 527 1227; x_wconf 87' lang='lat' dir='ltr'><strong>eum.</strong></span> 
     </span>
    </p>
   </div>
   <div class='ocr_carea' id='block_1_11' title="bbox 295 1256 1819 1332">
    <p class='ocr_par' dir='ltr' id='par_1_11' title="bbox 295 1256 1819 1332">
     <span class='ocr_line' id='line_1_11' title="bbox 295 1256 1819 1332; baseline -0.006 -12"><span class='ocrx_word' id='word_1_73' title='bbox 295 1264 395 1320; x_wconf 75' lang='grc'><strong>25.</strong></span> <span class='ocrx_word' id='word_1_74' title='bbox 441 1262 549 1319; x_wconf 85' lang='lat' dir='ltr'><strong>Sed</strong></span> <span class='ocrx_word' id='word_1_75' title='bbox 592 1262 680 1317; x_wconf 90' lang='lat' dir='ltr'><strong>ubi</strong></span> <span class='ocrx_word' id='word_1_76' title='bbox 719 1275 946 1332; x_wconf 76' lang='lat' dir='ltr'><strong>angores</strong></span> <span class='ocrx_word' id='word_1_77' title='bbox 983 1260 1349 1316; x_wconf 80' lang='lat' dir='ltr'><strong>molestiarum</strong></span> <span class='ocrx_word' id='word_1_78' title='bbox 1392 1256 1590 1313; x_wconf 87' lang='lat' dir='ltr'><strong>faciunt</strong></span> <span class='ocrx_word' id='word_1_79' title='bbox 1630 1256 1819 1313; x_wconf 84' lang='lat' dir='ltr'><strong>fluctus</strong></span> 
     </span>
    </p>
   </div>
   <div class='ocr_carea' id='block_1_12' title="bbox 222 1349 1816 1424">
    <p class='ocr_par' dir='ltr' id='par_1_12' title="bbox 222 1349 1816 1424">
     <span class='ocr_line' id='line_1_12' title="bbox 222 1349 1816 1424; baseline -0.005 -13"><span class='ocrx_word' id='word_1_80' title='bbox 222 1355 447 1420; x_wconf 63' lang='lat' dir='ltr'><strong>animae,</strong></span> <span class='ocrx_word' id='word_1_81' title='bbox 479 1354 614 1409; x_wconf 86' lang='lat' dir='ltr'><strong>fides</strong></span> <span class='ocrx_word' id='word_1_82' title='bbox 636 1354 722 1408; x_wconf 90' lang='lat' dir='ltr'><strong>illa</strong></span> <span class='ocrx_word' id='word_1_83' title='bbox 755 1368 871 1424; x_wconf 75' lang='lat' dir='ltr'><strong>qua:</strong></span> <span class='ocrx_word' id='word_1_84' title='bbox 899 1353 966 1407; x_wconf 87' lang='lat' dir='ltr'><strong>ibi</strong></span> <span class='ocrx_word' id='word_1_85' title='bbox 997 1351 1313 1417; x_wconf 90' lang='lat' dir='ltr'><strong>dormiebat,</strong></span> <span class='ocrx_word' id='word_1_86' title='bbox 1336 1350 1614 1405; x_wconf 77' lang='lat' dir='ltr'><strong>excitetur.</strong></span> <span class='ocrx_word' id='word_1_87' title='bbox 1647 1349 1816 1403; x_wconf 83' lang='lat' dir='ltr'><strong>Tran-</strong></span> 
     </span>
    </p>
   </div>
   <div class='ocr_carea' id='block_1_13' title="bbox 224 1440 1815 1518">
    <p class='ocr_par' dir='ltr' id='par_1_13' title="bbox 224 1440 1815 1518">
     <span class='ocr_line' id='line_1_13' title="bbox 224 1440 1815 1518; baseline -0.004 -17"><span class='ocrx_word' id='word_1_88' title='bbox 224 1447 452 1518; x_wconf 86' lang='lat' dir='ltr'><strong>quillum</strong></span> <span class='ocrx_word' id='word_1_89' title='bbox 480 1447 625 1502; x_wconf 89' lang='lat' dir='ltr'><strong>enim</strong></span> <span class='ocrx_word' id='word_1_90' title='bbox 646 1455 782 1511; x_wconf 89' lang='lat' dir='ltr'><strong>erat,</strong></span> <span class='ocrx_word' id='word_1_91' title='bbox 806 1444 1018 1515; x_wconf 84' lang='lat' dir='ltr'><strong>quando</strong></span> <span class='ocrx_word' id='word_1_92' title='bbox 1037 1442 1287 1499; x_wconf 81' lang='lat' dir='ltr'><strong>dormivit</strong></span> <span class='ocrx_word' id='word_1_93' title='bbox 1310 1442 1549 1498; x_wconf 76' lang='lat' dir='ltr'><strong>Christus</strong></span> <span class='ocrx_word' id='word_1_94' title='bbox 1573 1442 1627 1497; x_wconf 93' lang='lat' dir='ltr'><strong>in</strong></span> <span class='ocrx_word' id='word_1_95' title='bbox 1649 1440 1779 1496; x_wconf 88' lang='lat' dir='ltr'><strong>mari</strong></span> <span class='ocrx_word' id='word_1_96' title='bbox 1801 1458 1815 1494; x_wconf 89' lang='lat'><strong>:</strong></span> 
     </span>
    </p>
   </div>
   <div class='ocr_carea' id='block_1_14' title="bbox 224 1532 1817 1606">
    <p class='ocr_par' dir='ltr' id='par_1_14' title="bbox 224 1532 1817 1606">
     <span class='ocr_line' id='line_1_14' title="bbox 224 1532 1817 1606; baseline -0.005 -12"><span class='ocrx_word' id='word_1_97' title='bbox 224 1540 317 1594; x_wconf 84' lang='lat' dir='ltr'><strong>illo</strong></span> <span class='ocrx_word' id='word_1_98' title='bbox 341 1538 649 1594; x_wconf 83' lang='lat' dir='ltr'><strong>dormiente</strong></span> <span class='ocrx_word' id='word_1_99' title='bbox 680 1545 966 1606; x_wconf 88' lang='lat' dir='ltr'><strong>tempestas</strong></span> <span class='ocrx_word' id='word_1_100' title='bbox 991 1546 1107 1591; x_wconf 90' lang='lat' dir='ltr'><strong>orta</strong></span> <span class='ocrx_word' id='word_1_101' title='bbox 1134 1542 1236 1599; x_wconf 88' lang='lat' dir='ltr'><strong>est,</strong></span> <span class='ocrx_word' id='word_1_102' title='bbox 1273 1543 1329 1591; x_wconf 88' lang='lat' dir='ltr'><strong>et</strong></span> <span class='ocrx_word' id='word_1_103' title='bbox 1367 1541 1645 1603; x_wconf 68' lang='lat' dir='ltr'><strong>creperum</strong></span> <span class='ocrx_word' id='word_1_104' title='bbox 1675 1532 1817 1602; x_wconf 88' lang='lat' dir='ltr'><strong>peri-</strong></span> 
     </span>
    </p>
   </div>
   <div class='ocr_carea' id='block_1_15' title="bbox 221 1624 1815 1701">
    <p class='ocr_par' dir='ltr' id='par_1_15' title="bbox 221 1624 1815 1701">
     <span class='ocr_line' id='line_1_15' title="bbox 221 1624 1815 1701; baseline -0.006 -14"><span class='ocrx_word' id='word_1_105' title='bbox 221 1630 422 1687; x_wconf 78' lang='lat' dir='ltr'><strong>clitari.</strong></span> <span class='ocrx_word' id='word_1_106' title='bbox 453 1630 601 1701; x_wconf 87' lang='lat' dir='ltr'><strong>Ergo</strong></span> <span class='ocrx_word' id='word_1_107' title='bbox 628 1630 681 1685; x_wconf 93' lang='lat' dir='ltr'><strong>in</strong></span> <span class='ocrx_word' id='word_1_108' title='bbox 706 1628 868 1684; x_wconf 86' lang='lat' dir='ltr'><strong>corde</strong></span> <span class='ocrx_word' id='word_1_109' title='bbox 891 1627 1181 1684; x_wconf 87' lang='lat' dir='ltr'><strong>christiano</strong></span> <span class='ocrx_word' id='word_1_110' title='bbox 1217 1635 1269 1682; x_wconf 90' lang='lat' dir='ltr'><strong>et</strong></span> <span class='ocrx_word' id='word_1_111' title='bbox 1303 1626 1653 1695; x_wconf 85' lang='lat' dir='ltr'><strong>tranquillitas</strong></span> <span class='ocrx_word' id='word_1_112' title='bbox 1691 1624 1815 1691; x_wconf 89' lang='lat' dir='ltr'><strong>erit,</strong></span> 
     </span>
    </p>
   </div>
   <div class='ocr_carea' id='block_1_16' title="bbox 220 1718 1814 1793">
    <p class='ocr_par' dir='ltr' id='par_1_16' title="bbox 220 1718 1814 1793">
     <span class='ocr_line' id='line_1_16' title="bbox 220 1718 1814 1793; baseline -0.005 -14"><span class='ocrx_word' id='word_1_113' title='bbox 220 1731 439 1793; x_wconf 81' lang='lat' dir='ltr'><strong>ctpax;</strong></span> <span class='ocrx_word' id='word_1_114' title='bbox 486 1721 584 1777; x_wconf 88' lang='lat' dir='ltr'><strong>sed</strong></span> <span class='ocrx_word' id='word_1_115' title='bbox 627 1720 879 1791; x_wconf 87' lang='lat' dir='ltr'><strong>quamdiu</strong></span> <span class='ocrx_word' id='word_1_116' title='bbox 922 1720 1100 1789; x_wconf 86' lang='lat' dir='ltr'><strong>vigilat</strong></span> <span class='ocrx_word' id='word_1_117' title='bbox 1141 1719 1275 1775; x_wconf 89' lang='lat' dir='ltr'><strong>ﬁdes</strong></span> <span class='ocrx_word' id='word_1_118' title='bbox 1313 1728 1491 1773; x_wconf 91' lang='lat' dir='ltr'><strong>nostra</strong></span> <span class='ocrx_word' id='word_1_119' title='bbox 1522 1734 1535 1772; x_wconf 90' lang='lat'><strong>:</strong></span> <span class='ocrx_word' id='word_1_120' title='bbox 1568 1718 1814 1772; x_wconf 91' lang='lat' dir='ltr'><strong>siautem</strong></span> 
     </span>
    </p>
   </div>
   <div class='ocr_carea' id='block_1_17' title="bbox 219 1810 1818 1882">
    <p class='ocr_par' dir='ltr' id='par_1_17' title="bbox 219 1810 1818 1882">
     <span class='ocr_line' id='line_1_17' title="bbox 219 1810 1818 1882; baseline -0.002 -14"><span class='ocrx_word' id='word_1_121' title='bbox 219 1813 425 1869; x_wconf 85' lang='lat' dir='ltr'><strong>dormit</strong></span> <span class='ocrx_word' id='word_1_122' title='bbox 448 1812 585 1868; x_wconf 89' lang='lat' dir='ltr'><strong>ﬁdes</strong></span> <span class='ocrx_word' id='word_1_123' title='bbox 614 1823 816 1877; x_wconf 87' lang='lat' dir='ltr'><strong>nostra,</strong></span> <span class='ocrx_word' id='word_1_124' title='bbox 845 1812 1220 1882; x_wconf 86' lang='lat' dir='ltr'><strong>periclitamur.</strong></span> <span class='ocrx_word' id='word_1_125' title='bbox 1252 1811 1363 1867; x_wconf 84' lang='lat' dir='ltr'><strong>Hoc</strong></span> <span class='ocrx_word' id='word_1_126' title='bbox 1388 1814 1529 1867; x_wconf 91' lang='lat' dir='ltr'><strong>enim</strong></span> <span class='ocrx_word' id='word_1_127' title='bbox 1557 1810 1818 1881; x_wconf 89' lang='lat' dir='ltr'><strong>signiﬁcat</strong></span> 
     </span>
    </p>
   </div>
   <div class='ocr_carea' id='block_1_18' title="bbox 220 1902 1813 1975">
    <p class='ocr_par' dir='ltr' id='par_1_18' title="bbox 220 1902 1813 1975">
     <span class='ocr_line' id='line_1_18' title="bbox 220 1902 1813 1975; baseline -0.003 -14"><span class='ocrx_word' id='word_1_128' title='bbox 220 1903 504 1961; x_wconf 86' lang='lat' dir='ltr'><strong>dormiens</strong></span> <span class='ocrx_word' id='word_1_129' title='bbox 530 1904 797 1968; x_wconf 88' lang='lat' dir='ltr'><strong>Christus,</strong></span> <span class='ocrx_word' id='word_1_130' title='bbox 835 1904 953 1975; x_wconf 88' lang='lat' dir='ltr'><strong>quia</strong></span> <span class='ocrx_word' id='word_1_131' title='bbox 993 1903 1205 1974; x_wconf 90' lang='lat' dir='ltr'><strong>quidam</strong></span> <span class='ocrx_word' id='word_1_132' title='bbox 1244 1903 1625 1959; x_wconf 86' lang='lat' dir='ltr'><strong>obliviscuntur</strong></span> <span class='ocrx_word' id='word_1_133' title='bbox 1658 1902 1813 1957; x_wconf 90' lang='lat' dir='ltr'><strong>ﬁdem</strong></span> 
     </span>
    </p>
   </div>
   <div class='ocr_carea' id='block_1_19' title="bbox 220 1994 1812 2066">
    <p class='ocr_par' dir='ltr' id='par_1_19' title="bbox 220 1994 1812 2066">
     <span class='ocr_line' id='line_1_19' title="bbox 220 1994 1812 2066; baseline -0.003 -13"><span class='ocrx_word' id='word_1_134' title='bbox 220 2011 371 2053; x_wconf 88' lang='lat' dir='ltr'><strong>suam</strong></span> <span class='ocrx_word' id='word_1_135' title='bbox 391 2036 411 2065; x_wconf 90' lang='lat'><strong>,</strong></span> <span class='ocrx_word' id='word_1_136' title='bbox 447 2005 506 2052; x_wconf 90' lang='lat' dir='ltr'><strong>et</strong></span> <span class='ocrx_word' id='word_1_137' title='bbox 547 1997 935 2066; x_wconf 82' lang='lat' dir='ltr'><strong>periclitantur.</strong></span> <span class='ocrx_word' id='word_1_138' title='bbox 964 1996 1069 2051; x_wconf 88' lang='lat' dir='ltr'><strong>Sed</strong></span> <span class='ocrx_word' id='word_1_139' title='bbox 1107 1994 1377 2065; x_wconf 88' lang='lat' dir='ltr'><strong>quomodo</strong></span> <span class='ocrx_word' id='word_1_140' title='bbox 1400 1995 1488 2049; x_wconf 89' lang='lat' dir='ltr'><strong>illa</strong></span> <span class='ocrx_word' id='word_1_141' title='bbox 1518 1995 1668 2048; x_wconf 83' lang='lat' dir='ltr'><strong>navis</strong></span> <span class='ocrx_word' id='word_1_142' title='bbox 1692 2010 1812 2050; x_wconf 91' lang='lat' dir='ltr'><strong>eum</strong></span> 
     </span>
    </p>
   </div>
   <div class='ocr_carea' id='block_1_20' title="bbox 220 2085 1814 2152">
    <p class='ocr_par' dir='ltr' id='par_1_20' title="bbox 220 2085 1814 2152">
     <span class='ocr_line' id='line_1_20' title="bbox 220 2085 1814 2152; baseline -0.003 -9"><span class='ocrx_word' id='word_1_143' title='bbox 220 2086 539 2152; x_wconf 85' lang='lat' dir='ltr'><strong>fluctuaret,</strong></span> <span class='ocrx_word' id='word_1_144' title='bbox 573 2088 833 2143; x_wconf 87' lang='lat' dir='ltr'><strong>excitatus</strong></span> <span class='ocrx_word' id='word_1_145' title='bbox 871 2097 953 2142; x_wconf 88' lang='lat' dir='ltr'><strong>est</strong></span> <span class='ocrx_word' id='word_1_146' title='bbox 992 2086 1236 2141; x_wconf 90' lang='lat' dir='ltr'><strong>Christus</strong></span> <span class='ocrx_word' id='word_1_147' title='bbox 1270 2102 1300 2141; x_wconf 90' lang='lat' dir='ltr'><strong>a</strong></span> <span class='ocrx_word' id='word_1_148' title='bbox 1336 2085 1730 2147; x_wconf 87' lang='lat' dir='ltr'><strong>ﬂuctuantibus,</strong></span> <span class='ocrx_word' id='word_1_149' title='bbox 1760 2095 1814 2139; x_wconf 91' lang='lat' dir='ltr'><strong>ct</strong></span> 
     </span>
    </p>
   </div>
   <div class='ocr_carea' id='block_1_21' title="bbox 218 2178 1814 2249">
    <p class='ocr_par' dir='ltr' id='par_1_21' title="bbox 218 2178 1814 2249">
     <span class='ocr_line' id='line_1_21' title="bbox 218 2178 1814 2249; baseline -0.001 -14"><span class='ocrx_word' id='word_1_150' title='bbox 218 2180 547 2247; x_wconf 81' lang='lat' dir='ltr'><strong>dicentibus,</strong></span> <span class='ocrx_word' id='word_1_151' title='bbox 579 2178 800 2234; x_wconf 85' lang='lat' dir='ltr'><strong>Domine</strong></span> <span class='ocrx_word' id='word_1_152' title='bbox 822 2220 837 2245; x_wconf 91' lang='lat'><strong>,</strong></span> <span class='ocrx_word' id='word_1_153' title='bbox 869 2180 1117 2249; x_wconf 87' lang='lat' dir='ltr'><strong>perimus;</strong></span> <span class='ocrx_word' id='word_1_154' title='bbox 1144 2180 1375 2234; x_wconf 79' lang='lat' dir='ltr'><strong>surrexit</strong></span> <span class='ocrx_word' id='word_1_155' title='bbox 1400 2179 1505 2243; x_wconf 91' lang='lat' dir='ltr'><strong>ille,</strong></span> <span class='ocrx_word' id='word_1_156' title='bbox 1538 2179 1814 2248; x_wconf 84' lang='lat' dir='ltr'><strong>imperavit</strong></span> 
     </span>
    </p>
   </div>
   <div class='ocr_carea' id='block_1_22' title="bbox 220 2270 1807 2344">
    <p class='ocr_par' dir='ltr' id='par_1_22' title="bbox 220 2270 1807 2344">
     <span class='ocr_line' id='line_1_22' title="bbox 220 2270 1807 2344; baseline -0.003 -16"><span class='ocrx_word' id='word_1_157' title='bbox 220 2273 652 2344; x_wconf 83' lang='lat' dir='ltr'><strong>tempestatibus,</strong></span> <span class='ocrx_word' id='word_1_158' title='bbox 673 2272 951 2342; x_wconf 80' lang='lat' dir='ltr'><strong>imperavit</strong></span> <span class='ocrx_word' id='word_1_159' title='bbox 971 2270 1235 2337; x_wconf 85' lang='lat' dir='ltr'><strong>ﬂuctibus,</strong></span> <span class='ocrx_word' id='word_1_160' title='bbox 1255 2271 1478 2327; x_wconf 78' lang='lat' dir='ltr'><strong>cessavit</strong></span> <span class='ocrx_word' id='word_1_161' title='bbox 1498 2270 1807 2339; x_wconf 88' lang='lat' dir='ltr'><strong>pericnlmn,</strong></span> 
     </span>
    </p>
   </div>
   <div class='ocr_carea' id='block_1_23' title="bbox 218 2363 1812 2437">
    <p class='ocr_par' dir='ltr' id='par_1_23' title="bbox 218 2363 1812 2437">
     <span class='ocr_line' id='line_1_23' title="bbox 218 2363 1812 2437; baseline -0.001 -17"><span class='ocrx_word' id='word_1_162' title='bbox 218 2363 352 2421; x_wconf 87' lang='lat' dir='ltr'><strong>facta</strong></span> <span class='ocrx_word' id='word_1_163' title='bbox 393 2374 481 2421; x_wconf 90' lang='lat' dir='ltr'><strong>est</strong></span> <span class='ocrx_word' id='word_1_164' title='bbox 524 2365 877 2435; x_wconf 88' lang='lat' dir='ltr'><strong>tranquillitas</strong></span> <span class='ocrx_word' id='word_1_165' title='bbox 906 2365 1130 2437; x_wconf 77' lang='lat' dir='ltr'><strong>(Matth.</strong></span> <span class='ocrx_word' id='word_1_166' title='bbox 1164 2380 1276 2431; x_wconf 81' lang='lat' dir='ltr'><strong>vui,</strong></span> <span class='ocrx_word' id='word_1_167' title='bbox 1304 2365 1499 2433; x_wconf 71' lang='lat'><strong>23-26)</strong></span> <span class='ocrx_word' id='word_1_168' title='bbox 1530 2383 1541 2419; x_wconf 86' lang='lat'><strong>:</strong></span> <span class='ocrx_word' id='word_1_169' title='bbox 1575 2366 1652 2419; x_wconf 87' lang='lat' dir='ltr'><strong>sic</strong></span> <span class='ocrx_word' id='word_1_170' title='bbox 1679 2373 1731 2419; x_wconf 91' lang='lat' dir='ltr'><strong>ct</strong></span> <span class='ocrx_word' id='word_1_171' title='bbox 1760 2374 1812 2419; x_wconf 90' lang='lat' dir='ltr'><strong>te</strong></span> 
     </span>
    </p>
   </div>
   <div class='ocr_carea' id='block_1_24' title="bbox 219 2456 1810 2527">
    <p class='ocr_par' dir='ltr' id='par_1_24' title="bbox 219 2456 1810 2527">
     <span class='ocr_line' id='line_1_24' title="bbox 219 2456 1810 2527; baseline -0.002 -13"><span class='ocrx_word' id='word_1_172' title='bbox 219 2472 335 2514; x_wconf 85' lang='lat' dir='ltr'><strong>cum</strong></span> <span class='ocrx_word' id='word_1_173' title='bbox 368 2456 593 2512; x_wconf 90' lang='lat' dir='ltr'><strong>turbant</strong></span> <span class='ocrx_word' id='word_1_174' title='bbox 620 2458 1063 2527; x_wconf 72' lang='lat' dir='ltr'><strong>concupiscentia</strong></span> <span class='ocrx_word' id='word_1_175' title='bbox 1095 2458 1266 2523; x_wconf 69' lang='lat' dir='ltr'><strong>malae,</strong></span> <span class='ocrx_word' id='word_1_176' title='bbox 1298 2459 1671 2526; x_wconf 85' lang='lat' dir='ltr'><strong>persuasiones</strong></span> <span class='ocrx_word' id='word_1_177' title='bbox 1700 2473 1810 2511; x_wconf 89' lang='lat' dir='ltr'><strong>ma-</strong></span> 
     </span>
    </p>
   </div>
   <div class='ocr_carea' id='block_1_25' title="bbox 217 2545 1809 2619">
    <p class='ocr_par' dir='ltr' id='par_1_25' title="bbox 217 2545 1809 2619">
     <span class='ocr_line' id='line_1_25' title="bbox 217 2545 1809 2619; baseline 0.001 -18"><span class='ocrx_word' id='word_1_178' title='bbox 217 2545 298 2609; x_wconf 70' lang='lat' dir='ltr'><strong>lta,</strong></span> <span class='ocrx_word' id='word_1_179' title='bbox 329 2545 534 2603; x_wconf 83' lang='lat' dir='ltr'><strong>ﬂuctus</strong></span> <span class='ocrx_word' id='word_1_180' title='bbox 558 2555 704 2613; x_wconf 92' lang='lat' dir='ltr'><strong>sunt,</strong></span> <span class='ocrx_word' id='word_1_181' title='bbox 732 2548 1234 2618; x_wconf 89' lang='lat' dir='ltr'><strong>tranquillabuntur.</strong></span> <span class='ocrx_word' id='word_1_182' title='bbox 1275 2548 1391 2607; x_wconf 79' lang='lat' dir='ltr'><strong>lam</strong></span> <span class='ocrx_word' id='word_1_183' title='bbox 1438 2547 1692 2619; x_wconf 62' lang='lat' dir='ltr'><strong>desperas</strong></span> <span class='ocrx_word' id='word_1_184' title='bbox 1711 2590 1725 2614; x_wconf 92' lang='lat'><strong>,</strong></span> <span class='ocrx_word' id='word_1_185' title='bbox 1755 2556 1809 2603; x_wconf 89' lang='lat' dir='ltr'><strong>et</strong></span> 
     </span>
    </p>
   </div>
   <div class='ocr_carea' id='block_1_26' title="bbox 206 2639 1810 2710">
    <p class='ocr_par' dir='ltr' id='par_1_26' title="bbox 206 2639 1810 2710">
     <span class='ocr_line' id='line_1_26' title="bbox 206 2639 1810 2710; baseline 0.002 -17"><span class='ocrx_word' id='word_1_186' title='bbox 206 2650 372 2708; x_wconf 82' lang='lat' dir='ltr'><strong>putas</strong></span> <span class='ocrx_word' id='word_1_187' title='bbox 420 2649 477 2694; x_wconf 92' lang='lat' dir='ltr'><strong>te</strong></span> <span class='ocrx_word' id='word_1_188' title='bbox 524 2652 629 2693; x_wconf 92' lang='lat' dir='ltr'><strong>non</strong></span> <span class='ocrx_word' id='word_1_189' title='bbox 671 2640 933 2708; x_wconf 88' lang='lat' dir='ltr'><strong>pertinere</strong></span> <span class='ocrx_word' id='word_1_190' title='bbox 970 2639 1037 2694; x_wconf 91' lang='lat' dir='ltr'><strong>ad</strong></span> <span class='ocrx_word' id='word_1_191' title='bbox 1086 2639 1365 2695; x_wconf 90' lang='lat' dir='ltr'><strong>Dominum</strong></span> <span class='ocrx_word' id='word_1_192' title='bbox 1399 2640 1653 2710; x_wconf 89' lang='lat' dir='ltr'><strong>:evigilet</strong></span> <span class='ocrx_word' id='word_1_193' title='bbox 1678 2640 1810 2695; x_wconf 87' lang='lat' dir='ltr'><strong>ﬁdes</strong></span> 
     </span>
    </p>
   </div>
   <div class='ocr_carea' id='block_1_27' title="bbox 218 2730 1807 2803">
    <p class='ocr_par' dir='ltr' id='par_1_27' title="bbox 218 2730 1807 2803">
     <span class='ocr_line' id='line_1_27' title="bbox 218 2730 1807 2803; baseline 0.003 -19"><span class='ocrx_word' id='word_1_194' title='bbox 218 2740 327 2796; x_wconf 88' lang='lat' dir='ltr'><strong>tua,</strong></span> <span class='ocrx_word' id='word_1_195' title='bbox 356 2731 535 2786; x_wconf 82' lang='lat' dir='ltr'><strong>excita</strong></span> <span class='ocrx_word' id='word_1_196' title='bbox 562 2730 832 2786; x_wconf 89' lang='lat' dir='ltr'><strong>Christum</strong></span> <span class='ocrx_word' id='word_1_197' title='bbox 861 2732 912 2787; x_wconf 91' lang='lat' dir='ltr'><strong>iu</strong></span> <span class='ocrx_word' id='word_1_198' title='bbox 939 2732 1100 2787; x_wconf 90' lang='lat' dir='ltr'><strong>corde</strong></span> <span class='ocrx_word' id='word_1_199' title='bbox 1123 2742 1241 2798; x_wconf 91' lang='lat' dir='ltr'><strong>tuo;</strong></span> <span class='ocrx_word' id='word_1_200' title='bbox 1275 2742 1525 2803; x_wconf 79' lang='lat' dir='ltr'><strong>surgente</strong></span> <span class='ocrx_word' id='word_1_201' title='bbox 1548 2733 1671 2800; x_wconf 87' lang='lat' dir='ltr'><strong>ﬁde,</strong></span> <span class='ocrx_word' id='word_1_202' title='bbox 1697 2733 1807 2802; x_wconf 86' lang='lat' dir='ltr'><strong>jam</strong></span> 
     </span>
    </p>
   </div>
   <div class='ocr_carea' id='block_1_28' title="bbox 214 2821 1807 2894">
    <p class='ocr_par' dir='ltr' id='par_1_28' title="bbox 214 2821 1807 2894">
     <span class='ocr_line' id='line_1_28' title="bbox 214 2821 1807 2894; baseline 0.003 -19"><span class='ocrx_word' id='word_1_203' title='bbox 214 2822 465 2893; x_wconf 73' lang='lat' dir='ltr'><strong>agnoscis</strong></span> <span class='ocrx_word' id='word_1_204' title='bbox 498 2821 586 2876; x_wconf 92' lang='lat' dir='ltr'><strong>ubi</strong></span> <span class='ocrx_word' id='word_1_205' title='bbox 616 2822 691 2877; x_wconf 89' lang='lat' dir='ltr'><strong>sis</strong></span> <span class='ocrx_word' id='word_1_206' title='bbox 720 2840 735 2877; x_wconf 89' lang='lat'><strong>:</strong></span> <span class='ocrx_word' id='word_1_207' title='bbox 766 2832 821 2878; x_wconf 92' lang='lat' dir='ltr'><strong>et</strong></span> <span class='ocrx_word' id='word_1_208' title='bbox 847 2822 890 2878; x_wconf 91' lang='lat' dir='ltr'><strong>si</strong></span> <span class='ocrx_word' id='word_1_209' title='bbox 920 2821 1061 2878; x_wconf 88' lang='lat' dir='ltr'><strong>forte</strong></span> <span class='ocrx_word' id='word_1_210' title='bbox 1090 2832 1295 2878; x_wconf 86' lang='lat' dir='ltr'><strong>tentant</strong></span> <span class='ocrx_word' id='word_1_211' title='bbox 1332 2824 1524 2881; x_wconf 86' lang='lat' dir='ltr'><strong>fluctus</strong></span> <span class='ocrx_word' id='word_1_212' title='bbox 1549 2826 1807 2894; x_wconf 91' lang='lat' dir='ltr'><strong>concupi-</strong></span> 
     </span>
    </p>
   </div>
   <div class='ocr_carea' id='block_1_29' title="bbox 215 2913 1809 2986">
    <p class='ocr_par' dir='ltr' id='par_1_29' title="bbox 215 2913 1809 2986">
     <span class='ocr_line' id='line_1_29' title="bbox 215 2913 1809 2986; baseline 0.001 -17"><span class='ocrx_word' id='word_1_213' title='bbox 215 2914 459 2979; x_wconf 68' lang='lat' dir='ltr'><strong>scentiae,</strong></span> <span class='ocrx_word' id='word_1_214' title='bbox 486 2913 712 2970; x_wconf 89' lang='lat' dir='ltr'><strong>intueris</strong></span> <span class='ocrx_word' id='word_1_215' title='bbox 730 2914 857 2984; x_wconf 90' lang='lat' dir='ltr'><strong>quid</strong></span> <span class='ocrx_word' id='word_1_216' title='bbox 885 2914 1316 2985; x_wconf 88' lang='lat' dir='ltr'><strong>promisitDeus;</strong></span> <span class='ocrx_word' id='word_1_217' title='bbox 1348 2923 1403 2971; x_wconf 91' lang='lat' dir='ltr'><strong>et</strong></span> <span class='ocrx_word' id='word_1_218' title='bbox 1430 2915 1659 2971; x_wconf 89' lang='lat' dir='ltr'><strong>dulcedo</strong></span> <span class='ocrx_word' id='word_1_219' title='bbox 1685 2931 1809 2986; x_wconf 89' lang='lat' dir='ltr'><strong>pro-</strong></span> 
     </span>
    </p>
   </div>
   <div class='ocr_carea' id='block_1_30' title="bbox 215 3004 1803 3077">
    <p class='ocr_par' dir='ltr' id='par_1_30' title="bbox 215 3004 1803 3077">
     <span class='ocr_line' id='line_1_30' title="bbox 215 3004 1803 3077; baseline 0 -15"><span class='ocrx_word' id='word_1_220' title='bbox 215 3005 506 3062; x_wconf 78' lang='lat' dir='ltr'><strong>missorum</strong></span> <span class='ocrx_word' id='word_1_221' title='bbox 534 3004 695 3060; x_wconf 81' lang='lat' dir='ltr'><strong>faciet</strong></span> <span class='ocrx_word' id='word_1_222' title='bbox 716 3014 1202 3077; x_wconf 87' lang='lat' dir='ltr'><strong>tecontemptorem</strong></span> <span class='ocrx_word' id='word_1_223' title='bbox 1225 3006 1565 3063; x_wconf 90' lang='lat' dir='ltr'><strong>dulcedinum</strong></span> <span class='ocrx_word' id='word_1_224' title='bbox 1589 3008 1803 3063; x_wconf 66' lang='lat' dir='ltr'><strong>saaculi:</strong></span> 
     </span>
    </p>
   </div>
   <div class='ocr_carea' id='block_1_31' title="bbox 214 3094 1802 3169">
    <p class='ocr_par' dir='ltr' id='par_1_31' title="bbox 214 3094 1802 3169">
     <span class='ocr_line' id='line_1_31' title="bbox 214 3094 1802 3169; baseline 0.003 -20"><span class='ocrx_word' id='word_1_225' title='bbox 214 3104 267 3149; x_wconf 87' lang='lat' dir='ltr'><strong>et</strong></span> <span class='ocrx_word' id='word_1_226' title='bbox 304 3095 350 3151; x_wconf 90' lang='lat' dir='ltr'><strong>si</strong></span> <span class='ocrx_word' id='word_1_227' title='bbox 396 3094 541 3151; x_wconf 88' lang='lat' dir='ltr'><strong>forte</strong></span> <span class='ocrx_word' id='word_1_228' title='bbox 582 3097 761 3151; x_wconf 78' lang='lat' dir='ltr'><strong>multa:</strong></span> <span class='ocrx_word' id='word_1_229' title='bbox 798 3107 987 3169; x_wconf 85' lang='lat' dir='ltr'><strong>urgent</strong></span> <span class='ocrx_word' id='word_1_230' title='bbox 1014 3098 1172 3153; x_wconf 83' lang='lat' dir='ltr'><strong>minae</strong></span> <span class='ocrx_word' id='word_1_231' title='bbox 1197 3099 1491 3168; x_wconf 90' lang='lat' dir='ltr'><strong>potentium</strong></span> <span class='ocrx_word' id='word_1_232' title='bbox 1522 3100 1802 3168; x_wconf 89' lang='lat' dir='ltr'><strong>malorum,</strong></span> 
     </span>
    </p>
   </div>
   <div class='ocr_carea' id='block_1_32' title="bbox 214 3186 1807 3259">
    <p class='ocr_par' dir='ltr' id='par_1_32' title="bbox 214 3186 1807 3259">
     <span class='ocr_line' id='line_1_32' title="bbox 214 3186 1807 3259; baseline 0.003 -19"><span class='ocrx_word' id='word_1_233' title='bbox 214 3196 261 3240; x_wconf 91' lang='lat' dir='ltr'><strong>et</strong></span> <span class='ocrx_word' id='word_1_234' title='bbox 288 3186 422 3257; x_wconf 67' lang='lat' dir='ltr'><strong>ipsa:</strong></span> <span class='ocrx_word' id='word_1_235' title='bbox 452 3195 507 3241; x_wconf 89' lang='lat' dir='ltr'><strong>te</strong></span> <span class='ocrx_word' id='word_1_236' title='bbox 528 3187 804 3255; x_wconf 88' lang='lat' dir='ltr'><strong>expellunt</strong></span> <span class='ocrx_word' id='word_1_237' title='bbox 826 3187 893 3243; x_wconf 90' lang='lat' dir='ltr'><strong>de</strong></span> <span class='ocrx_word' id='word_1_238' title='bbox 908 3188 1111 3257; x_wconf 88' lang='lat' dir='ltr'><strong>justitia</strong></span> <span class='ocrx_word' id='word_1_239' title='bbox 1132 3205 1148 3255; x_wconf 93' lang='lat'><strong>;</strong></span> <span class='ocrx_word' id='word_1_240' title='bbox 1171 3188 1400 3244; x_wconf 90' lang='lat' dir='ltr'><strong>attendis</strong></span> <span class='ocrx_word' id='word_1_241' title='bbox 1419 3190 1558 3259; x_wconf 91' lang='lat' dir='ltr'><strong>quod</strong></span> <span class='ocrx_word' id='word_1_242' title='bbox 1578 3190 1807 3245; x_wconf 89' lang='lat' dir='ltr'><strong>minatur</strong></span> 
     </span>
    </p>
   </div>
   <div class='ocr_carea' id='block_1_33' title="bbox 215 3277 1805 3350">
    <p class='ocr_par' dir='ltr' id='par_1_33' title="bbox 215 3277 1805 3350">
     <span class='ocr_line' id='line_1_33' title="bbox 215 3277 1805 3350; baseline 0.001 -16"><span class='ocrx_word' id='word_1_243' title='bbox 215 3278 355 3335; x_wconf 84' lang='lat' dir='ltr'><strong>Deus</strong></span> <span class='ocrx_word' id='word_1_244' title='bbox 373 3320 391 3345; x_wconf 91' lang='lat'><strong>,</strong></span> <span class='ocrx_word' id='word_1_245' title='bbox 426 3277 511 3332; x_wconf 88' lang='lat' dir='ltr'><strong>Ite</strong></span> <span class='ocrx_word' id='word_1_246' title='bbox 536 3278 590 3332; x_wconf 89' lang='lat' dir='ltr'><strong>in</strong></span> <span class='ocrx_word' id='word_1_247' title='bbox 619 3280 786 3349; x_wconf 86' lang='lat' dir='ltr'><strong>ignem</strong></span> <span class='ocrx_word' id='word_1_248' title='bbox 814 3289 1056 3335; x_wconf 77' lang='lat' dir='ltr'><strong>talentum</strong></span> <span class='ocrx_word' id='word_1_249' title='bbox 1079 3280 1165 3349; x_wconf 86' lang='lat' dir='ltr'><strong>qui</strong></span> <span class='ocrx_word' id='word_1_250' title='bbox 1190 3290 1398 3350; x_wconf 86' lang='lat' dir='ltr'><strong>paratus</strong></span> <span class='ocrx_word' id='word_1_251' title='bbox 1425 3289 1495 3335; x_wconf 91' lang='lat' dir='ltr'><strong>est</strong></span> <span class='ocrx_word' id='word_1_252' title='bbox 1531 3281 1732 3335; x_wconf 84' lang='lat' dir='ltr'><strong>diabolo</strong></span> <span class='ocrx_word' id='word_1_253' title='bbox 1760 3292 1805 3335; x_wconf 90' lang='lat' dir='ltr'><strong>et</strong></span> 
     </span>
    </p>
   </div>
   <div class='ocr_carea' id='block_1_34' title="bbox 212 3368 1802 3442">
    <p class='ocr_par' dir='ltr' id='par_1_34' title="bbox 212 3368 1802 3442">
     <span class='ocr_line' id='line_1_34' title="bbox 212 3368 1802 3442; baseline 0.001 -19"><span class='ocrx_word' id='word_1_254' title='bbox 212 3370 407 3441; x_wconf 73' lang='lat' dir='ltr'><strong>angelis</strong></span> <span class='ocrx_word' id='word_1_255' title='bbox 426 3371 543 3441; x_wconf 86' lang='lat' dir='ltr'><strong>ejus</strong></span> <span class='ocrx_word' id='word_1_256' title='bbox 569 3368 592 3442; x_wconf 89' lang='lat'><strong>(</strong></span> <span class='ocrx_word' id='word_1_257' title='bbox 609 3368 694 3423; x_wconf 89' lang='lat' dir='ltr'><strong>ld.</strong></span> <span class='ocrx_word' id='word_1_258' title='bbox 721 3386 845 3437; x_wconf 87' lang='lat' dir='ltr'><strong>xxv,</strong></span> <span class='ocrx_word' id='word_1_259' title='bbox 872 3371 935 3426; x_wconf 73' lang='grc'><strong>41</strong></span> <span class='ocrx_word' id='word_1_260' title='bbox 960 3369 1001 3442; x_wconf 88' lang='grc'><strong>),</strong></span> <span class='ocrx_word' id='word_1_261' title='bbox 1029 3382 1085 3427; x_wconf 91' lang='lat' dir='ltr'><strong>et</strong></span> <span class='ocrx_word' id='word_1_262' title='bbox 1114 3386 1220 3427; x_wconf 93' lang='lat' dir='ltr'><strong>non</strong></span> <span class='ocrx_word' id='word_1_263' title='bbox 1257 3371 1478 3427; x_wconf 90' lang='lat' dir='ltr'><strong>dimittis</strong></span> <span class='ocrx_word' id='word_1_264' title='bbox 1496 3372 1755 3442; x_wconf 86' lang='lat' dir='ltr'><strong>justitiam</strong></span> <span class='ocrx_word' id='word_1_265' title='bbox 1789 3389 1802 3425; x_wconf 91' lang='lat'><strong>:</strong></span> 
     </span>
    </p>
   </div>
   <div class='ocr_carea' id='block_1_35' title="bbox 215 3460 1806 3531">
    <p class='ocr_par' dir='ltr' id='par_1_35' title="bbox 215 3460 1806 3531">
     <span class='ocr_line' id='line_1_35' title="bbox 215 3460 1806 3531; baseline 0.003 -18"><span class='ocrx_word' id='word_1_266' title='bbox 215 3460 412 3516; x_wconf 80' lang='lat' dir='ltr'><strong>tituens</strong></span> <span class='ocrx_word' id='word_1_267' title='bbox 455 3476 587 3531; x_wconf 87' lang='lat' dir='ltr'><strong>ergo</strong></span> <span class='ocrx_word' id='word_1_268' title='bbox 626 3461 800 3531; x_wconf 90' lang='lat' dir='ltr'><strong>ignem</strong></span> <span class='ocrx_word' id='word_1_269' title='bbox 839 3461 1242 3530; x_wconf 87' lang='lat' dir='ltr'><strong>sempiternum,</strong></span> <span class='ocrx_word' id='word_1_270' title='bbox 1265 3462 1564 3517; x_wconf 90' lang='lat' dir='ltr'><strong>contemnis</strong></span> <span class='ocrx_word' id='word_1_271' title='bbox 1591 3462 1806 3517; x_wconf 91' lang='lat' dir='ltr'><strong>dolores</strong></span> 
     </span>
    </p>
   </div>
   <div class='ocr_carea' id='block_1_36' title="bbox 216 3551 1805 3623">
    <p class='ocr_par' dir='ltr' id='par_1_36' title="bbox 216 3551 1805 3623">
     <span class='ocr_line' id='line_1_36' title="bbox 216 3551 1805 3623; baseline 0.001 -17"><span class='ocrx_word' id='word_1_272' title='bbox 216 3551 580 3621; x_wconf 85' lang='lat' dir='ltr'><strong>temporales;</strong></span> <span class='ocrx_word' id='word_1_273' title='bbox 611 3562 665 3606; x_wconf 91' lang='lat' dir='ltr'><strong>et</strong></span> <span class='ocrx_word' id='word_1_274' title='bbox 687 3566 782 3621; x_wconf 91' lang='lat' dir='ltr'><strong>pro</strong></span> <span class='ocrx_word' id='word_1_275' title='bbox 802 3566 867 3606; x_wconf 91' lang='lat' dir='ltr'><strong>eo</strong></span> <span class='ocrx_word' id='word_1_276' title='bbox 886 3551 1029 3623; x_wconf 92' lang='lat' dir='ltr'><strong>quod</strong></span> <span class='ocrx_word' id='word_1_277' title='bbox 1057 3552 1299 3621; x_wconf 89' lang='lat' dir='ltr'><strong>promisit</strong></span> <span class='ocrx_word' id='word_1_278' title='bbox 1323 3552 1484 3617; x_wconf 88' lang='lat' dir='ltr'><strong>Deus,</strong></span> <span class='ocrx_word' id='word_1_279' title='bbox 1508 3554 1805 3608; x_wconf 88' lang='lat' dir='ltr'><strong>contemnis</strong></span> 
     </span>
    </p>
   </div>
   <div class='ocr_carea' id='block_1_37' title="bbox 215 3642 1805 3715">
    <p class='ocr_par' dir='ltr' id='par_1_37' title="bbox 215 3642 1805 3715">
     <span class='ocr_line' id='line_1_37' title="bbox 215 3642 1805 3715; baseline 0.001 -18"><span class='ocrx_word' id='word_1_280' title='bbox 215 3643 571 3713; x_wconf 84' lang='lat' dir='ltr'><strong>temporalem</strong></span> <span class='ocrx_word' id='word_1_281' title='bbox 619 3642 944 3698; x_wconf 81' lang='lat' dir='ltr'><strong>felicitatem.</strong></span> <span class='ocrx_word' id='word_1_282' title='bbox 996 3642 1248 3698; x_wconf 87' lang='lat' dir='ltr'><strong>Promisit</strong></span> <span class='ocrx_word' id='word_1_283' title='bbox 1293 3644 1571 3715; x_wconf 90' lang='lat' dir='ltr'><strong>requiem;</strong></span> <span class='ocrx_word' id='word_1_284' title='bbox 1622 3652 1805 3714; x_wconf 89' lang='lat' dir='ltr'><strong>patere</strong></span> 
     </span>
    </p>
   </div>
   <div class='ocr_carea' id='block_1_38' title="bbox 213 3733 1806 3804">
    <p class='ocr_par' dir='ltr' id='par_1_38' title="bbox 213 3733 1806 3804">
     <span class='ocr_line' id='line_1_38' title="bbox 213 3733 1806 3804; baseline 0 -15"><span class='ocrx_word' id='word_1_285' title='bbox 213 3734 521 3791; x_wconf 84' lang='lat' dir='ltr'><strong>molestiam</strong></span> <span class='ocrx_word' id='word_1_286' title='bbox 547 3734 812 3789; x_wconf 90' lang='lat' dir='ltr'><strong>:minatur</strong></span> <span class='ocrx_word' id='word_1_287' title='bbox 850 3733 1022 3804; x_wconf 88' lang='lat' dir='ltr'><strong>ignem</strong></span> <span class='ocrx_word' id='word_1_288' title='bbox 1062 3743 1354 3799; x_wconf 64' lang='lat' dir='ltr'><strong>aeternum;</strong></span> <span class='ocrx_word' id='word_1_289' title='bbox 1404 3742 1685 3789; x_wconf 85' lang='lat' dir='ltr'><strong>contemne</strong></span> <span class='ocrx_word' id='word_1_290' title='bbox 1710 3733 1806 3789; x_wconf 88' lang='lat' dir='ltr'><strong>do-</strong></span> 
     </span>
    </p>
   </div>
   <div class='ocr_carea' id='block_1_39' title="bbox 217 3824 1805 3895">
    <p class='ocr_par' dir='ltr' id='par_1_39' title="bbox 217 3824 1805 3895">
     <span class='ocr_line' id='line_1_39' title="bbox 217 3824 1805 3895; baseline 0.001 -15"><span class='ocrx_word' id='word_1_291' title='bbox 217 3826 357 3881; x_wconf 86' lang='lat' dir='ltr'><strong>lores</strong></span> <span class='ocrx_word' id='word_1_292' title='bbox 396 3825 729 3895; x_wconf 81' lang='lat' dir='ltr'><strong>temporales</strong></span> <span class='ocrx_word' id='word_1_293' title='bbox 762 3841 775 3879; x_wconf 91' lang='lat'>:</span> <span class='ocrx_word' id='word_1_294' title='bbox 804 3836 857 3879; x_wconf 90' lang='lat' dir='ltr'><strong>et</strong></span> <span class='ocrx_word' id='word_1_295' title='bbox 881 3825 1163 3895; x_wconf 89' lang='lat' dir='ltr'><strong>evigilante</strong></span> <span class='ocrx_word' id='word_1_296' title='bbox 1182 3824 1395 3879; x_wconf 90' lang='lat' dir='ltr'><strong>Christo</strong></span> <span class='ocrx_word' id='word_1_297' title='bbox 1436 3825 1805 3895; x_wconf 85' lang='lat' dir='ltr'><strong>tranquilletur</strong></span> 
     </span>
    </p>
   </div>
   <div class='ocr_carea' id='block_1_40' title="bbox 212 3917 1803 3988">
    <p class='ocr_par' dir='ltr' id='par_1_40' title="bbox 212 3917 1803 3988">
     <span class='ocr_line' id='line_1_40' title="bbox 212 3917 1803 3988; baseline 0 -16"><span class='ocrx_word' id='word_1_298' title='bbox 212 3931 305 3973; x_wconf 89' lang='lat' dir='ltr'><strong>cor</strong></span> <span class='ocrx_word' id='word_1_299' title='bbox 333 3929 511 3983; x_wconf 87' lang='lat' dir='ltr'><strong>tuum,</strong></span> <span class='ocrx_word' id='word_1_300' title='bbox 541 3926 599 3972; x_wconf 89' lang='lat' dir='ltr'><strong>ut</strong></span> <span class='ocrx_word' id='word_1_301' title='bbox 621 3917 687 3970; x_wconf 89' lang='lat' dir='ltr'><strong>ad</strong></span> <span class='ocrx_word' id='word_1_302' title='bbox 716 3926 920 3988; x_wconf 79' lang='lat' dir='ltr'><strong>portum</strong></span> <span class='ocrx_word' id='word_1_303' title='bbox 950 3932 1158 3988; x_wconf 90' lang='lat' dir='ltr'><strong>quoque</strong></span> <span class='ocrx_word' id='word_1_304' title='bbox 1183 3917 1479 3987; x_wconf 82' lang='lat' dir='ltr'><strong>pervenias.</strong></span> <span class='ocrx_word' id='word_1_305' title='bbox 1507 3917 1623 3973; x_wconf 87' lang='lat' dir='ltr'><strong>Non</strong></span> <span class='ocrx_word' id='word_1_306' title='bbox 1662 3918 1803 3972; x_wconf 91' lang='lat' dir='ltr'><strong>enim</strong></span> 
     </span>
    </p>
   </div>
   <div class='ocr_carea' id='block_1_41' title="bbox 216 4008 1805 4084">
    <p class='ocr_par' dir='ltr' id='par_1_41' title="bbox 216 4008 1805 4084">
     <span class='ocr_line' id='line_1_41' title="bbox 216 4008 1805 4084; baseline -0.003 -17"><span class='ocrx_word' id='word_1_307' title='bbox 216 4029 318 4068; x_wconf 86' lang='lat' dir='ltr'><strong>non</strong></span> <span class='ocrx_word' id='word_1_308' title='bbox 348 4020 683 4084; x_wconf 59' lang='lat' dir='ltr'><strong>praepararet</strong></span> <span class='ocrx_word' id='word_1_309' title='bbox 706 4021 934 4081; x_wconf 81' lang='lat' dir='ltr'><strong>portum,</strong></span> <span class='ocrx_word' id='word_1_310' title='bbox 959 4011 1049 4081; x_wconf 87' lang='lat' dir='ltr'><strong>qui</strong></span> <span class='ocrx_word' id='word_1_311' title='bbox 1076 4010 1278 4081; x_wconf 88' lang='lat' dir='ltr'><strong>paravit</strong></span> <span class='ocrx_word' id='word_1_312' title='bbox 1298 4026 1509 4065; x_wconf 88' lang='lat' dir='ltr'><strong>navem.</strong></span> <span class='ocrx_word' id='word_1_313' title='bbox 1541 4008 1805 4081; x_wconf 82' lang='lat' dir='ltr'><strong>Numquid</strong></span> 
     </span>
    </p>
   </div>
   <div class='ocr_carea' id='block_1_42' title="bbox 215 4100 1804 4174">
    <p class='ocr_par' dir='ltr' id='par_1_42' title="bbox 215 4100 1804 4174">
     <span class='ocr_line' id='line_1_42' title="bbox 215 4100 1804 4174; baseline -0.001 -17"><span class='ocrx_word' id='word_1_314' title='bbox 215 4105 443 4159; x_wconf 66' lang='lat' dir='ltr'><strong>adiuuet</strong></span> <span class='ocrx_word' id='word_1_315' title='bbox 495 4105 584 4157; x_wconf 86' lang='lat' dir='ltr'><strong>tibi</strong></span> <span class='ocrx_word' id='word_1_316' title='bbox 640 4105 781 4157; x_wconf 83' lang='lat' dir='ltr'><strong>sedes</strong></span> <span class='ocrx_word' id='word_1_317' title='bbox 823 4104 1132 4174; x_wconf 73' lang='lat' dir='ltr'><strong>iniquitatis,</strong></span> <span class='ocrx_word' id='word_1_318' title='bbox 1175 4102 1262 4173; x_wconf 88' lang='lat' dir='ltr'><strong>qui</strong></span> <span class='ocrx_word' id='word_1_319' title='bbox 1300 4102 1452 4173; x_wconf 79' lang='lat' dir='ltr'><strong>ﬁngis</strong></span> <span class='ocrx_word' id='word_1_320' title='bbox 1490 4100 1715 4156; x_wconf 80' lang='lat' dir='ltr'><strong>dolerent</strong></span> <span class='ocrx_word' id='word_1_321' title='bbox 1751 4102 1804 4156; x_wconf 89' lang='lat' dir='ltr'><strong>in</strong></span> 
     </span>
    </p>
   </div>
   <div class='ocr_carea' id='block_1_43' title="bbox 216 4194 1806 4267">
    <p class='ocr_par' dir='ltr' id='par_1_43' title="bbox 216 4194 1806 4267">
     <span class='ocr_line' id='line_1_43' title="bbox 216 4194 1806 4267; baseline 0.001 -18"><span class='ocrx_word' id='word_1_322' title='bbox 216 4195 514 4267; x_wconf 65' lang='lat' dir='ltr'><strong>pracepto?</strong></span> <span class='ocrx_word' id='word_1_323' title='bbox 559 4196 635 4250; x_wconf 90' lang='lat' dir='ltr'><strong>De</strong></span> <span class='ocrx_word' id='word_1_324' title='bbox 676 4195 977 4251; x_wconf 86' lang='lat' dir='ltr'><strong>hominibus</strong></span> <span class='ocrx_word' id='word_1_325' title='bbox 1019 4195 1173 4250; x_wconf 89' lang='lat' dir='ltr'><strong>malls</strong></span> <span class='ocrx_word' id='word_1_326' title='bbox 1215 4204 1432 4251; x_wconf 76' lang='lat' dir='ltr'><strong>exercet</strong></span> <span class='ocrx_word' id='word_1_327' title='bbox 1480 4210 1605 4260; x_wconf 91' lang='lat' dir='ltr'><strong>nos,</strong></span> <span class='ocrx_word' id='word_1_328' title='bbox 1635 4203 1689 4250; x_wconf 91' lang='lat' dir='ltr'><strong>et</strong></span> <span class='ocrx_word' id='word_1_329' title='bbox 1738 4194 1806 4251; x_wconf 86' lang='lat' dir='ltr'><strong>de</strong></span> 
     </span>
    </p>
   </div>
   <div class='ocr_carea' id='block_1_44' title="bbox 216 4286 1807 4344">
    <p class='ocr_par' dir='ltr' id='par_1_44' title="bbox 216 4286 1807 4344">
     <span class='ocr_line' id='line_1_44' title="bbox 216 4286 1807 4344; baseline -0.002 -1"><span class='ocrx_word' id='word_1_330' title='bbox 216 4288 430 4343; x_wconf 88' lang='lat' dir='ltr'><strong>illorum</strong></span> <span class='ocrx_word' id='word_1_331' title='bbox 460 4287 883 4343; x_wconf 89' lang='lat' dir='ltr'><strong>insecutionibus</strong></span> <span class='ocrx_word' id='word_1_332' title='bbox 906 4303 1003 4343; x_wconf 90' lang='lat' dir='ltr'><strong>nos</strong></span> <span class='ocrx_word' id='word_1_333' title='bbox 1028 4288 1223 4344; x_wconf 89' lang='lat' dir='ltr'><strong>erudit.</strong></span> <span class='ocrx_word' id='word_1_334' title='bbox 1248 4288 1322 4342; x_wconf 90' lang='lat' dir='ltr'><strong>De</strong></span> <span class='ocrx_word' id='word_1_335' title='bbox 1338 4288 1535 4342; x_wconf 90' lang='lat' dir='ltr'><strong>malitia</strong></span> <span class='ocrx_word' id='word_1_336' title='bbox 1562 4287 1684 4342; x_wconf 91' lang='lat' dir='ltr'><strong>mali</strong></span> <span class='ocrx_word' id='word_1_337' title='bbox 1711 4286 1807 4341; x_wconf 88' lang='lat' dir='ltr'><strong>ﬁa-</strong></span> 
     </span>
    </p>
   </div>
   <div class='ocr_carea' id='block_1_45' title="bbox 215 4380 1803 4452">
    <p class='ocr_par' dir='ltr' id='par_1_45' title="bbox 215 4380 1803 4452">
     <span class='ocr_line' id='line_1_45' title="bbox 215 4380 1803 4452; baseline -0.003 -13"><span class='ocrx_word' id='word_1_338' title='bbox 215 4383 447 4452; x_wconf 82' lang='lat' dir='ltr'><strong>gellatur</strong></span> <span class='ocrx_word' id='word_1_339' title='bbox 473 4384 664 4449; x_wconf 91' lang='lat' dir='ltr'><strong>bonus,</strong></span> <span class='ocrx_word' id='word_1_340' title='bbox 692 4382 835 4438; x_wconf 90' lang='lat' dir='ltr'><strong>etde</strong></span> <span class='ocrx_word' id='word_1_341' title='bbox 858 4397 1014 4437; x_wconf 81' lang='lat' dir='ltr'><strong>servo</strong></span> <span class='ocrx_word' id='word_1_342' title='bbox 1040 4381 1353 4437; x_wconf 88' lang='lat' dir='ltr'><strong>emendatur</strong></span> <span class='ocrx_word' id='word_1_343' title='bbox 1382 4381 1519 4436; x_wconf 90' lang='lat' dir='ltr'><strong>ﬁlius</strong></span> <span class='ocrx_word' id='word_1_344' title='bbox 1550 4399 1561 4433; x_wconf 94' lang='lat'>:</span> <span class='ocrx_word' id='word_1_345' title='bbox 1595 4380 1666 4435; x_wconf 90' lang='lat' dir='ltr'><strong>ita</strong></span> <span class='ocrx_word' id='word_1_346' title='bbox 1701 4381 1803 4435; x_wconf 89' lang='lat' dir='ltr'><strong>ﬁn-</strong></span> 
     </span>
    </p>
   </div>
   <div class='ocr_carea' id='block_1_46' title="bbox 215 4471 1806 4546">
    <p class='ocr_par' dir='ltr' id='par_1_46' title="bbox 215 4471 1806 4546">
     <span class='ocr_line' id='line_1_46' title="bbox 215 4471 1806 4546; baseline -0.003 -17"><span class='ocrx_word' id='word_1_347' title='bbox 215 4477 359 4546; x_wconf 88' lang='lat' dir='ltr'><strong>gitur</strong></span> <span class='ocrx_word' id='word_1_348' title='bbox 378 4473 535 4530; x_wconf 87' lang='lat' dir='ltr'><strong>dolor</strong></span> <span class='ocrx_word' id='word_1_349' title='bbox 555 4475 606 4528; x_wconf 92' lang='lat' dir='ltr'><strong>in</strong></span> <span class='ocrx_word' id='word_1_350' title='bbox 630 4482 909 4544; x_wconf 57' lang='lat' dir='ltr'><strong>percepto.</strong></span> <span class='ocrx_word' id='word_1_351' title='bbox 928 4471 1080 4541; x_wconf 84' lang='lat' dir='ltr'><strong>Quod</strong></span> <span class='ocrx_word' id='word_1_352' title='bbox 1098 4472 1217 4527; x_wconf 92' lang='lat' dir='ltr'><strong>illos</strong></span> <span class='ocrx_word' id='word_1_353' title='bbox 1246 4487 1401 4542; x_wconf 89' lang='lat' dir='ltr'><strong>posse</strong></span> <span class='ocrx_word' id='word_1_354' title='bbox 1428 4472 1566 4527; x_wconf 89' lang='lat' dir='ltr'><strong>Deus</strong></span> <span class='ocrx_word' id='word_1_355' title='bbox 1585 4472 1806 4542; x_wconf 89' lang='lat' dir='ltr'><strong>permit-</strong></span> 
     </span>
    </p>
   </div>
   <div class='ocr_carea' id='block_1_47' title="bbox 212 4562 1802 4634">
    <p class='ocr_par' dir='ltr' id='par_1_47' title="bbox 212 4562 1802 4634">
     <span class='ocr_line' id='line_1_47' title="bbox 212 4562 1802 4634; baseline -0.005 -11"><span class='ocrx_word' id='word_1_356' title='bbox 212 4568 298 4634; x_wconf 85' lang='lat' dir='ltr'><strong>tit,</strong></span> <span class='ocrx_word' id='word_1_357' title='bbox 317 4566 427 4622; x_wconf 82' lang='lat' dir='ltr'><strong>hoc</strong></span> <span class='ocrx_word' id='word_1_358' title='bbox 450 4565 652 4620; x_wconf 89' lang='lat' dir='ltr'><strong>faciunt</strong></span> <span class='ocrx_word' id='word_1_359' title='bbox 675 4564 796 4618; x_wconf 84' lang='lat' dir='ltr'><strong>mali</strong></span> <span class='ocrx_word' id='word_1_360' title='bbox 825 4563 1279 4634; x_wconf 88' lang='lat' dir='ltr'><strong>homines,quibus</strong></span> <span class='ocrx_word' id='word_1_361' title='bbox 1299 4562 1365 4618; x_wconf 90' lang='lat' dir='ltr'><strong>ad</strong></span> <span class='ocrx_word' id='word_1_362' title='bbox 1384 4572 1591 4632; x_wconf 88' lang='lat' dir='ltr'><strong>tempus</strong></span> <span class='ocrx_word' id='word_1_363' title='bbox 1613 4562 1802 4633; x_wconf 88' lang='lat' dir='ltr'><strong>parcit.</strong></span> 
     </span>
    </p>
   </div>
   <div class='ocr_carea' id='block_1_48' title="bbox 281 4654 1803 4731">
    <p class='ocr_par' dir='ltr' id='par_1_48' title="bbox 281 4654 1803 4731">
     <span class='ocr_line' id='line_1_48' title="bbox 281 4654 1803 4731; baseline -0.004 -17"><span class='ocrx_word' id='word_1_364' title='bbox 281 4660 380 4716; x_wconf 74' lang='lat'><strong>26.</strong></span> <span class='ocrx_word' id='word_1_365' title='bbox 410 4657 563 4731; x_wconf 58' lang='lat' dir='ltr'><strong>[verm</strong></span> <span class='ocrx_word' id='word_1_366' title='bbox 593 4656 707 4729; x_wconf 72' lang='lat' dir='ltr'><strong>2L]</strong></span> <span class='ocrx_word' id='word_1_367' title='bbox 751 4656 885 4724; x_wconf 85' lang='lat' dir='ltr'><strong>Quid</strong></span> <span class='ocrx_word' id='word_1_368' title='bbox 929 4657 1069 4711; x_wconf 90' lang='lat' dir='ltr'><strong>enim</strong></span> <span class='ocrx_word' id='word_1_369' title='bbox 1112 4654 1385 4725; x_wconf 90' lang='lat' dir='ltr'><strong>sequitur?</strong></span> <span class='ocrx_word' id='word_1_370' title='bbox 1428 4654 1711 4725; x_wconf 84' lang='lat' dir='ltr'><strong>Captabunt</strong></span> <span class='ocrx_word' id='word_1_371' title='bbox 1752 4656 1803 4709; x_wconf 91' lang='lat' dir='ltr'><strong>in</strong></span> 
     </span>
    </p>
   </div>
   <div class='ocr_carea' id='block_1_49' title="bbox 212 4746 1801 4824">
    <p class='ocr_par' dir='ltr' id='par_1_49' title="bbox 212 4746 1801 4824">
     <span class='ocr_line' id='line_1_49' title="bbox 212 4746 1801 4824; baseline -0.003 -16"><span class='ocrx_word' id='word_1_372' title='bbox 212 4756 442 4808; x_wconf 77' lang='lat' dir='ltr'><strong>animam</strong></span> <span class='ocrx_word' id='word_1_373' title='bbox 470 4753 622 4824; x_wconf 84' lang='lat' dir='ltr'><strong>justi.</strong></span> <span class='ocrx_word' id='word_1_374' title='bbox 658 4751 835 4818; x_wconf 87' lang='lat' dir='ltr'><strong>Quare</strong></span> <span class='ocrx_word' id='word_1_375' title='bbox 859 4748 1184 4819; x_wconf 87' lang='lat' dir='ltr'><strong>captabunt?</strong></span> <span class='ocrx_word' id='word_1_376' title='bbox 1211 4746 1345 4815; x_wconf 88' lang='lat' dir='ltr'><strong>Quia</strong></span> <span class='ocrx_word' id='word_1_377' title='bbox 1384 4762 1566 4803; x_wconf 90' lang='lat' dir='ltr'><strong>verum</strong></span> <span class='ocrx_word' id='word_1_378' title='bbox 1600 4747 1801 4803; x_wconf 89' lang='lat' dir='ltr'><strong>crimen</strong></span> 
     </span>
    </p>
   </div>
   <div class='ocr_carea' id='block_1_50' title="bbox 213 4838 1805 4910">
    <p class='ocr_par' dir='ltr' id='par_1_50' title="bbox 213 4838 1805 4910">
     <span class='ocr_line' id='line_1_50' title="bbox 213 4838 1805 4910; baseline -0.004 -10"><span class='ocrx_word' id='word_1_379' title='bbox 213 4862 323 4900; x_wconf 88' lang='lat' dir='ltr'><strong>non</strong></span> <span class='ocrx_word' id='word_1_380' title='bbox 348 4846 631 4899; x_wconf 81' lang='lat' dir='ltr'><strong>inveniunt</strong></span> <span class='ocrx_word' id='word_1_381' title='bbox 659 4841 798 4908; x_wconf 84' lang='lat' dir='ltr'><strong>quod</strong></span> <span class='ocrx_word' id='word_1_382' title='bbox 834 4841 1107 4910; x_wconf 87' lang='lat' dir='ltr'><strong>objieiant.</strong></span> <span class='ocrx_word' id='word_1_383' title='bbox 1136 4838 1273 4906; x_wconf 85' lang='lat' dir='ltr'><strong>Quid</strong></span> <span class='ocrx_word' id='word_1_384' title='bbox 1294 4840 1434 4895; x_wconf 89' lang='lat' dir='ltr'><strong>enim</strong></span> <span class='ocrx_word' id='word_1_385' title='bbox 1458 4847 1805 4908; x_wconf 79' lang='lat' dir='ltr'><strong>captaverant</strong></span> 
     </span>
    </p>
   </div>
   <div class='ocr_carea' id='block_1_51' title="bbox 214 4930 1799 5000">
    <p class='ocr_par' dir='ltr' id='par_1_51' title="bbox 214 4930 1799 5000">
     <span class='ocr_line' id='line_1_51' title="bbox 214 4930 1799 5000; baseline -0.005 -7"><span class='ocrx_word' id='word_1_386' title='bbox 214 4938 267 4993; x_wconf 89' lang='lat' dir='ltr'><strong>in</strong></span> <span class='ocrx_word' id='word_1_387' title='bbox 316 4937 581 4994; x_wconf 88' lang='lat' dir='ltr'><strong>Domino?</strong></span> <span class='ocrx_word' id='word_1_388' title='bbox 621 4935 1086 4990; x_wconf 86' lang='lat' dir='ltr'><strong>Concinnaverunt</strong></span> <span class='ocrx_word' id='word_1_389' title='bbox 1106 4932 1238 4988; x_wconf 83' lang='lat' dir='ltr'><strong>falsa</strong></span> <span class='ocrx_word' id='word_1_390' title='bbox 1266 4933 1486 4987; x_wconf 91' lang='lat' dir='ltr'><strong>crimina</strong></span> <span class='ocrx_word' id='word_1_391' title='bbox 1510 4930 1623 5000; x_wconf 87' lang='lat' dir='ltr'><strong>(Id.</strong></span> <span class='ocrx_word' id='word_1_392' title='bbox 1655 4946 1799 4996; x_wconf 87' lang='lat' dir='ltr'><strong>xxvt,</strong></span> 
     </span>
    </p>
   </div>
   <div class='ocr_carea' id='block_1_52' title="bbox 215 5021 1807 5101">
    <p class='ocr_par' dir='ltr' id='par_1_52' title="bbox 215 5021 1807 5101">
     <span class='ocr_line' id='line_1_52' title="bbox 215 5021 1807 5101; baseline -0.006 -15"><span class='ocrx_word' id='word_1_393' title='bbox 215 5030 329 5101; x_wconf 81' lang='lat'><strong>59),</strong></span> <span class='ocrx_word' id='word_1_394' title='bbox 388 5029 512 5099; x_wconf 87' lang='lat' dir='ltr'><strong>quia</strong></span> <span class='ocrx_word' id='word_1_395' title='bbox 568 5043 693 5083; x_wconf 88' lang='lat' dir='ltr'><strong>vera</strong></span> <span class='ocrx_word' id='word_1_396' title='bbox 725 5025 961 5081; x_wconf 85' lang='lat' dir='ltr'><strong>invenire</strong></span> <span class='ocrx_word' id='word_1_397' title='bbox 1005 5040 1109 5081; x_wconf 90' lang='lat' dir='ltr'><strong>non</strong></span> <span class='ocrx_word' id='word_1_398' title='bbox 1149 5031 1451 5094; x_wconf 89' lang='lat' dir='ltr'><strong>potuerunt.</strong></span> <span class='ocrx_word' id='word_1_399' title='bbox 1490 5021 1556 5077; x_wconf 87' lang='lat' dir='ltr'><strong>Et</strong></span> <span class='ocrx_word' id='word_1_400' title='bbox 1598 5022 1807 5093; x_wconf 81' lang='lat' dir='ltr'><strong>sangui-</strong></span> 
     </span>
    </p>
   </div>
   <div class='ocr_carea' id='block_1_53' title="bbox 214 5112 1798 5181">
    <p class='ocr_par' dir='ltr' id='par_1_53' title="bbox 214 5112 1798 5181">
     <span class='ocr_line' id='line_1_53' title="bbox 214 5112 1798 5181; baseline -0.007 -4"><span class='ocrx_word' id='word_1_401' title='bbox 214 5139 331 5177; x_wconf 80' lang='lat' dir='ltr'><strong>nem</strong></span> <span class='ocrx_word' id='word_1_402' title='bbox 359 5123 680 5175; x_wconf 82' lang='lat' dir='ltr'><strong>innocentem</strong></span> <span class='ocrx_word' id='word_1_403' title='bbox 716 5117 1136 5172; x_wconf 67' lang='lat' dir='ltr'><strong>condemnabam.</strong></span> <span class='ocrx_word' id='word_1_404' title='bbox 1164 5115 1343 5181; x_wconf 85' lang='lat' dir='ltr'><strong>Quare</strong></span> <span class='ocrx_word' id='word_1_405' title='bbox 1368 5115 1469 5169; x_wconf 91' lang='lat' dir='ltr'><strong>hoc</strong></span> <span class='ocrx_word' id='word_1_406' title='bbox 1496 5122 1661 5167; x_wconf 91' lang='lat' dir='ltr'><strong>totum</strong></span> <span class='ocrx_word' id='word_1_407' title='bbox 1690 5112 1798 5178; x_wconf 88' lang='lat' dir='ltr'><strong>ﬁat,</strong></span> 
     </span>
    </p>
   </div>
   <div class='ocr_carea' id='block_1_54' title="bbox 216 5207 1091 5282">
    <p class='ocr_par' dir='ltr' id='par_1_54' title="bbox 216 5207 1091 5282">
     <span class='ocr_line' id='line_1_54' title="bbox 216 5207 1091 5282; baseline -0.007 -15"><span class='ocrx_word' id='word_1_408' title='bbox 216 5214 268 5267; x_wconf 90' lang='lat' dir='ltr'><strong>in</strong></span> <span class='ocrx_word' id='word_1_409' title='bbox 299 5209 755 5282; x_wconf 84' lang='lat' dir='ltr'><strong>consequentibus</strong></span> <span class='ocrx_word' id='word_1_410' title='bbox 781 5207 1091 5263; x_wconf 88' lang='lat' dir='ltr'><strong>declarabit.</strong></span> 
     </span>
    </p>
   </div>
   <div class='ocr_carea' id='block_1_55' title="bbox 286 5294 1803 5378">
    <p class='ocr_par' dir='ltr' id='par_1_55' title="bbox 286 5294 1803 5378">
     <span class='ocr_line' id='line_1_55' title="bbox 286 5294 1803 5378; baseline -0.008 -18"><span class='ocrx_word' id='word_1_411' title='bbox 286 5306 380 5361; x_wconf 75' lang='lat'><strong>27.</strong></span> <span class='ocrx_word' id='word_1_412' title='bbox 411 5304 561 5378; x_wconf 78' lang='lat' dir='ltr'><strong>[vers.</strong></span> <span class='ocrx_word' id='word_1_413' title='bbox 594 5303 667 5357; x_wconf 70' lang='grc'><strong>92</strong></span> <span class='ocrx_word' id='word_1_414' title='bbox 694 5301 711 5374; x_wconf 92' lang='grc'>]</span> <span class='ocrx_word' id='word_1_415' title='bbox 759 5300 823 5353; x_wconf 81' lang='lat' dir='ltr'><strong>Et</strong></span> <span class='ocrx_word' id='word_1_416' title='bbox 860 5302 1023 5370; x_wconf 78' lang='lat' dir='ltr'><strong>factus</strong></span> <span class='ocrx_word' id='word_1_417' title='bbox 1058 5308 1150 5365; x_wconf 88' lang='lat' dir='ltr'><strong>est,</strong></span> <span class='ocrx_word' id='word_1_418' title='bbox 1187 5297 1377 5368; x_wconf 89' lang='lat' dir='ltr'><strong>inquit,</strong></span> <span class='ocrx_word' id='word_1_419' title='bbox 1406 5297 1528 5351; x_wconf 89' lang='lat' dir='ltr'><strong>mihi</strong></span> <span class='ocrx_word' id='word_1_420' title='bbox 1554 5294 1803 5350; x_wconf 81' lang='lat' dir='ltr'><strong>Dominus</strong></span> 
     </span>
    </p>
   </div>
   <div class='ocr_carea' id='block_1_56' title="bbox 216 5388 1804 5470">
    <p class='ocr_par' dir='ltr' id='par_1_56' title="bbox 216 5388 1804 5470">
     <span class='ocr_line' id='line_1_56' title="bbox 216 5388 1804 5470; baseline -0.007 -17"><span class='ocrx_word' id='word_1_421' title='bbox 216 5398 270 5453; x_wconf 87' lang='lat' dir='ltr'><strong>in</strong></span> <span class='ocrx_word' id='word_1_422' title='bbox 294 5398 569 5470; x_wconf 80' lang='lat' dir='ltr'><strong>refugium.</strong></span> <span class='ocrx_word' id='word_1_423' title='bbox 603 5394 719 5449; x_wconf 84' lang='lat' dir='ltr'><strong>Non</strong></span> <span class='ocrx_word' id='word_1_424' title='bbox 748 5406 1011 5461; x_wconf 78' lang='lat' dir='ltr'><strong>quzercres</strong></span> <span class='ocrx_word' id='word_1_425' title='bbox 1040 5390 1144 5445; x_wconf 87' lang='lat' dir='ltr'><strong>tale</strong></span> <span class='ocrx_word' id='word_1_426' title='bbox 1173 5388 1430 5459; x_wconf 79' lang='lat' dir='ltr'><strong>refugium</strong></span> <span class='ocrx_word' id='word_1_427' title='bbox 1452 5430 1465 5453; x_wconf 95' lang='lat'><strong>,</strong></span> <span class='ocrx_word' id='word_1_428' title='bbox 1494 5388 1537 5442; x_wconf 91' lang='lat' dir='ltr'><strong>si</strong></span> <span class='ocrx_word' id='word_1_429' title='bbox 1576 5403 1679 5441; x_wconf 90' lang='lat' dir='ltr'><strong>non</strong></span> <span class='ocrx_word' id='word_1_430' title='bbox 1709 5402 1804 5458; x_wconf 88' lang='lat' dir='ltr'><strong>pc-</strong></span> 
     </span>
    </p>
   </div>
   <div class='ocr_carea' id='block_1_57' title="bbox 219 5484 1801 5553">
    <p class='ocr_par' dir='ltr' id='par_1_57' title="bbox 219 5484 1801 5553">
     <span class='ocr_line' id='line_1_57' title="bbox 219 5484 1801 5553; baseline -0.007 -7"><span class='ocrx_word' id='word_1_431' title='bbox 219 5490 527 5547; x_wconf 88' lang='lat' dir='ltr'><strong>riclitareris</strong></span> <span class='ocrx_word' id='word_1_432' title='bbox 561 5507 575 5543; x_wconf 88' lang='lat'><strong>:</strong></span> <span class='ocrx_word' id='word_1_433' title='bbox 610 5485 705 5543; x_wconf 90' lang='lat' dir='ltr'><strong>sed</strong></span> <span class='ocrx_word' id='word_1_434' title='bbox 754 5485 874 5538; x_wconf 91' lang='lat' dir='ltr'><strong>ideo</strong></span> <span class='ocrx_word' id='word_1_435' title='bbox 920 5484 1247 5553; x_wconf 88' lang='lat' dir='ltr'><strong>periclitatus</strong></span> <span class='ocrx_word' id='word_1_436' title='bbox 1285 5495 1363 5548; x_wconf 89' lang='lat' dir='ltr'><strong>es,</strong></span> <span class='ocrx_word' id='word_1_437' title='bbox 1406 5489 1462 5535; x_wconf 92' lang='lat' dir='ltr'><strong>ut</strong></span> <span class='ocrx_word' id='word_1_438' title='bbox 1495 5496 1801 5551; x_wconf 71' lang='lat' dir='ltr'><strong>quarreres;</strong></span> 
     </span>
    </p>
   </div>
   <div class='ocr_carea' id='block_1_58' title="bbox 221 5574 1805 5652">
    <p class='ocr_par' dir='ltr' id='par_1_58' title="bbox 221 5574 1805 5652">
     <span class='ocr_line' id='line_1_58' title="bbox 221 5574 1805 5652; baseline -0.006 -12"><span class='ocrx_word' id='word_1_439' title='bbox 221 5584 339 5652; x_wconf 85' lang='lat' dir='ltr'><strong>quia</strong></span> <span class='ocrx_word' id='word_1_440' title='bbox 382 5584 473 5639; x_wconf 88' lang='lat' dir='ltr'><strong>ille</strong></span> <span class='ocrx_word' id='word_1_441' title='bbox 520 5581 676 5651; x_wconf 88' lang='lat' dir='ltr'><strong>ﬁngit</strong></span> <span class='ocrx_word' id='word_1_442' title='bbox 718 5577 956 5632; x_wconf 89' lang='lat' dir='ltr'><strong>dolorem</strong></span> <span class='ocrx_word' id='word_1_443' title='bbox 998 5576 1050 5629; x_wconf 90' lang='lat' dir='ltr'><strong>in</strong></span> <span class='ocrx_word' id='word_1_444' title='bbox 1095 5583 1379 5645; x_wconf 71' lang='lat' dir='ltr'><strong>praecepto.</strong></span> <span class='ocrx_word' id='word_1_445' title='bbox 1410 5574 1559 5629; x_wconf 82' lang='lat' dir='ltr'><strong>Facit</strong></span> <span class='ocrx_word' id='word_1_446' title='bbox 1584 5575 1712 5629; x_wconf 88' lang='lat' dir='ltr'><strong>mihi</strong></span> <span class='ocrx_word' id='word_1_447' title='bbox 1738 5576 1805 5631; x_wconf 89' lang='lat' dir='ltr'><strong>de</strong></span> 
     </span>
    </p>
   </div>
   <div class='ocr_carea' id='block_1_59' title="bbox 223 5668 1807 5737">
    <p class='ocr_par' dir='ltr' id='par_1_59' title="bbox 223 5668 1807 5737">
     <span class='ocr_line' id='line_1_59' title="bbox 223 5668 1807 5737; baseline -0.004 -7"><span class='ocrx_word' id='word_1_448' title='bbox 223 5678 415 5733; x_wconf 87' lang='lat' dir='ltr'><strong>malitia</strong></span> <span class='ocrx_word' id='word_1_449' title='bbox 442 5677 715 5733; x_wconf 82' lang='lat' dir='ltr'><strong>malorum</strong></span> <span class='ocrx_word' id='word_1_450' title='bbox 746 5669 1171 5733; x_wconf 87' lang='lat' dir='ltr'><strong>tribulationem;</strong></span> <span class='ocrx_word' id='word_1_451' title='bbox 1206 5676 1433 5737; x_wconf 88' lang='lat' dir='ltr'><strong>punctus</strong></span> <span class='ocrx_word' id='word_1_452' title='bbox 1468 5668 1807 5723; x_wconf 90' lang='lat' dir='ltr'><strong>tribulatione</strong></span> 
     </span>
    </p>
   </div>
   <div class='ocr_carea' id='block_1_60' title="bbox 223 5756 1811 5845">
    <p class='ocr_par' dir='ltr' id='par_1_60' title="bbox 223 5756 1811 5845">
     <span class='ocr_line' id='line_1_60' title="bbox 223 5756 1811 5845; baseline -0.008 -18"><span class='ocrx_word' id='word_1_453' title='bbox 223 5772 353 5844; x_wconf 71' lang='grc' dir='ltr'><strong>εωρὶ</strong></span> <span class='ocrx_word' id='word_1_454' title='bbox 376 5782 621 5845; x_wconf 70' lang='grc' dir='ltr'><strong>ιιιιωιεῐε</strong></span> <span class='ocrx_word' id='word_1_455' title='bbox 652 5761 913 5833; x_wconf 87' lang='lat' dir='ltr'><strong>refugium</strong></span> <span class='ocrx_word' id='word_1_456' title='bbox 944 5756 1085 5832; x_wconf 87' lang='lat' dir='ltr'><strong>quod</strong></span> <span class='ocrx_word' id='word_1_457' title='bbox 1106 5758 1160 5816; x_wconf 90' lang='lat' dir='ltr'><strong>in</strong></span> <span class='ocrx_word' id='word_1_458' title='bbox 1183 5758 1273 5814; x_wconf 82' lang='lat' dir='ltr'><strong>illa</strong></span> <span class='ocrx_word' id='word_1_459' title='bbox 1296 5757 1543 5816; x_wconf 84' lang='lat' dir='ltr'><strong>felicitate</strong></span> <span class='ocrx_word' id='word_1_460' title='bbox 1568 5761 1811 5816; x_wconf 60' lang='lat' dir='ltr'><strong>Stt‘culat&#39;i</strong></span> 
     </span>
    </p>
   </div>
   <div class='ocr_carea' id='block_1_61' title="bbox 1298 315 2379 376">
    <p class='ocr_par' dir='ltr' id='par_1_61' title="bbox 1298 315 2379 376">
     <span class='ocr_line' id='line_1_61' title="bbox 1298 315 2379 376; baseline -0.001 0"><span class='ocrx_word' id='word_1_461' title='bbox 1298 316 1692 376; x_wconf 79' lang='lat' dir='ltr'><strong>ENARRATIO</strong></span> <span class='ocrx_word' id='word_1_462' title='bbox 1728 315 1793 371; x_wconf 82' lang='lat' dir='ltr'><strong>IN</strong></span> <span class='ocrx_word' id='word_1_463' title='bbox 1834 315 2155 374; x_wconf 73' lang='lat' dir='ltr'><strong>PSALMUM</strong></span> <span class='ocrx_word' id='word_1_464' title='bbox 2196 318 2379 375; x_wconf 73' lang='lat' dir='ltr'><strong>XCIII.</strong></span> 
     </span>
    </p>
   </div>
   <div class='ocr_carea' id='block_1_62' title="bbox 3380 337 3510 391">
    <p class='ocr_par' dir='ltr' id='par_1_62' title="bbox 3380 337 3510 391">
     <span class='ocr_line' id='line_1_62' title="bbox 3380 337 3510 391; baseline 0.015 -2"><span class='ocrx_word' id='word_1_465' title='bbox 3380 337 3510 391; x_wconf 69' lang='lat' dir='ltr'><strong>li”</strong></span> 
     </span>
    </p>
   </div>
   <div class='ocr_carea' id='block_1_63' title="bbox 1930 430 3503 514">
    <p class='ocr_par' dir='ltr' id='par_1_63' title="bbox 1930 430 3503 514">
     <span class='ocr_line' id='line_1_63' title="bbox 1930 430 3503 514; baseline 0.011 -30"><span class='ocrx_word' id='word_1_466' title='bbox 1930 430 2192 490; x_wconf 86' lang='lat' dir='ltr'><strong>desieram</strong></span> <span class='ocrx_word' id='word_1_467' title='bbox 2212 451 2474 506; x_wconf 73' lang='lat' dir='ltr'><strong>quzerere.</strong></span> <span class='ocrx_word' id='word_1_468' title='bbox 2500 436 2629 505; x_wconf 89' lang='lat' dir='ltr'><strong>Quis</strong></span> <span class='ocrx_word' id='word_1_469' title='bbox 2647 440 2788 494; x_wconf 88' lang='lat' dir='ltr'><strong>enim</strong></span> <span class='ocrx_word' id='word_1_470' title='bbox 2812 439 2966 498; x_wconf 71' lang='lat' dir='ltr'><strong>facile</strong></span> <span class='ocrx_word' id='word_1_471' title='bbox 2987 444 3291 500; x_wconf 75' lang='lat' dir='ltr'><strong>recordatur</strong></span> <span class='ocrx_word' id='word_1_472' title='bbox 3318 448 3503 514; x_wconf 71' lang='lat' dir='ltr'><strong>Dt&#39;llttt,</strong></span> 
     </span>
    </p>
   </div>
   <div class='ocr_carea' id='block_1_64' title="bbox 1928 525 3508 606">
    <p class='ocr_par' dir='ltr' id='par_1_64' title="bbox 1928 525 3508 606">
     <span class='ocr_line' id='line_1_64' title="bbox 1928 525 3508 606; baseline 0.009 -29"><span class='ocrx_word' id='word_1_473' title='bbox 1928 525 2017 593; x_wconf 91' lang='lat' dir='ltr'><strong>qui</strong></span> <span class='ocrx_word' id='word_1_474' title='bbox 2039 540 2251 596; x_wconf 86' lang='lat' dir='ltr'><strong>semper</strong></span> <span class='ocrx_word' id='word_1_475' title='bbox 2275 529 2397 583; x_wconf 81' lang='lat' dir='ltr'><strong>felix</strong></span> <span class='ocrx_word' id='word_1_476' title='bbox 2420 540 2522 597; x_wconf 91' lang='lat' dir='ltr'><strong>est,</strong></span> <span class='ocrx_word' id='word_1_477' title='bbox 2550 541 2603 586; x_wconf 91' lang='lat' dir='ltr'><strong>et</strong></span> <span class='ocrx_word' id='word_1_478' title='bbox 2628 547 2723 601; x_wconf 88' lang='lat' dir='ltr'><strong>spe</strong></span> <span class='ocrx_word' id='word_1_479' title='bbox 2751 535 2996 602; x_wconf 66' lang='lat' dir='ltr'><strong>praesenti</strong></span> <span class='ocrx_word' id='word_1_480' title='bbox 3024 535 3251 606; x_wconf 88' lang='lat' dir='ltr'><strong>gaudet?</strong></span> <span class='ocrx_word' id='word_1_481' title='bbox 3278 538 3508 594; x_wconf 72' lang='lat' dir='ltr'><strong>Ret-edat</strong></span> 
     </span>
    </p>
   </div>
   <div class='ocr_carea' id='block_1_65' title="bbox 1928 619 3508 695">
    <p class='ocr_par' dir='ltr' id='par_1_65' title="bbox 1928 619 3508 695">
     <span class='ocr_line' id='line_1_65' title="bbox 1928 619 3508 695; baseline 0.008 -26"><span class='ocrx_word' id='word_1_482' title='bbox 1928 630 2051 684; x_wconf 88' lang='lat' dir='ltr'><strong>spes</strong></span> <span class='ocrx_word' id='word_1_483' title='bbox 2080 619 2278 683; x_wconf 64' lang='lat' dir='ltr'><strong>saeculi,</strong></span> <span class='ocrx_word' id='word_1_484' title='bbox 2308 631 2359 675; x_wconf 91' lang='lat' dir='ltr'><strong>et</strong></span> <span class='ocrx_word' id='word_1_485' title='bbox 2390 623 2606 677; x_wconf 88' lang='lat' dir='ltr'><strong>accedat</strong></span> <span class='ocrx_word' id='word_1_486' title='bbox 2635 638 2759 693; x_wconf 88' lang='lat' dir='ltr'><strong>spes</strong></span> <span class='ocrx_word' id='word_1_487' title='bbox 2786 625 2906 692; x_wconf 91' lang='lat' dir='ltr'><strong>Dei;</strong></span> <span class='ocrx_word' id='word_1_488' title='bbox 2940 636 2997 680; x_wconf 93' lang='lat' dir='ltr'><strong>ut</strong></span> <span class='ocrx_word' id='word_1_489' title='bbox 3024 628 3191 695; x_wconf 88' lang='lat' dir='ltr'><strong>possis</strong></span> <span class='ocrx_word' id='word_1_490' title='bbox 3208 627 3407 695; x_wconf 88' lang='lat' dir='ltr'><strong>dicere,</strong></span> <span class='ocrx_word' id='word_1_491' title='bbox 3444 631 3508 683; x_wconf 67' lang='grc' dir='ltr'><strong>Ιίι</strong></span> 
     </span>
    </p>
   </div>
   <div class='ocr_carea' id='block_1_66' title="bbox 1930 710 3498 787">
    <p class='ocr_par' dir='ltr' id='par_1_66' title="bbox 1930 710 3498 787">
     <span class='ocr_line' id='line_1_66' title="bbox 1930 710 3498 787; baseline 0.011 -31"><span class='ocrx_word' id='word_1_492' title='bbox 1930 710 2092 777; x_wconf 75' lang='lat' dir='ltr'><strong>foetus</strong></span> <span class='ocrx_word' id='word_1_493' title='bbox 2115 720 2186 763; x_wconf 89' lang='lat' dir='ltr'><strong>est</strong></span> <span class='ocrx_word' id='word_1_494' title='bbox 2214 712 2335 763; x_wconf 85' lang='lat' dir='ltr'><strong>mihi</strong></span> <span class='ocrx_word' id='word_1_495' title='bbox 2360 710 2607 767; x_wconf 83' lang='lat' dir='ltr'><strong>Dominus</strong></span> <span class='ocrx_word' id='word_1_496' title='bbox 2629 714 2681 770; x_wconf 88' lang='lat' dir='ltr'><strong>in</strong></span> <span class='ocrx_word' id='word_1_497' title='bbox 2701 717 2949 787; x_wconf 74' lang='lat' dir='ltr'><strong>refugium</strong></span> <span class='ocrx_word' id='word_1_498' title='bbox 2979 732 2998 771; x_wconf 92' lang='lat'><strong><em>:</em></strong></span> <span class='ocrx_word' id='word_1_499' title='bbox 3026 718 3091 771; x_wconf 88' lang='lat' dir='ltr'><strong>ad</strong></span> <span class='ocrx_word' id='word_1_500' title='bbox 3124 717 3228 773; x_wconf 80' lang='lat' dir='ltr'><strong>h::c</strong></span> <span class='ocrx_word' id='word_1_501' title='bbox 3257 720 3466 774; x_wconf 87' lang='lat' dir='ltr'><strong>doleam</strong></span> <span class='ocrx_word' id='word_1_502' title='bbox 3486 766 3498 784; x_wconf 84' lang='lat'><strong>,</strong></span> 
     </span>
    </p>
   </div>
   <div class='ocr_carea' id='block_1_67' title="bbox 1930 800 3503 876">
    <p class='ocr_par' dir='ltr' id='par_1_67' title="bbox 1930 800 3503 876">
     <span class='ocr_line' id='line_1_67' title="bbox 1930 800 3503 876; baseline 0.007 -24"><span class='ocrx_word' id='word_1_503' title='bbox 1930 800 2085 854; x_wconf 89' lang='lat' dir='ltr'><strong>utliat</strong></span> <span class='ocrx_word' id='word_1_504' title='bbox 2102 800 2228 854; x_wconf 90' lang='lat' dir='ltr'><strong>mihi</strong></span> <span class='ocrx_word' id='word_1_505' title='bbox 2249 802 2500 857; x_wconf 92' lang='lat' dir='ltr'><strong>Dominus</strong></span> <span class='ocrx_word' id='word_1_506' title='bbox 2518 805 2568 858; x_wconf 90' lang='lat' dir='ltr'><strong>in</strong></span> <span class='ocrx_word' id='word_1_507' title='bbox 2592 807 2867 876; x_wconf 81' lang='lat' dir='ltr'><strong>refugium.</strong></span> <span class='ocrx_word' id='word_1_508' title='bbox 2893 806 2957 861; x_wconf 86' lang='lat' dir='ltr'><strong>Et</strong></span> <span class='ocrx_word' id='word_1_509' title='bbox 2979 807 3115 862; x_wconf 86' lang='lat' dir='ltr'><strong>Deus</strong></span> <span class='ocrx_word' id='word_1_510' title='bbox 3132 826 3268 864; x_wconf 88' lang='lat' dir='ltr'><strong>nteus</strong></span> <span class='ocrx_word' id='word_1_511' title='bbox 3285 810 3335 863; x_wconf 89' lang='lat' dir='ltr'><strong>in</strong></span> <span class='ocrx_word' id='word_1_512' title='bbox 3357 814 3503 865; x_wconf 69' lang='lat' dir='ltr'><strong>auti-</strong></span> 
     </span>
    </p>
   </div>
   <div class='ocr_carea' id='block_1_68' title="bbox 1928 891 3504 970">
    <p class='ocr_par' dir='ltr' id='par_1_68' title="bbox 1928 891 3504 970">
     <span class='ocr_line' id='line_1_68' title="bbox 1928 891 3504 970; baseline 0.006 -25"><span class='ocrx_word' id='word_1_513' title='bbox 1928 891 2049 945; x_wconf 92' lang='lat' dir='ltr'><strong>lium</strong></span> <span class='ocrx_word' id='word_1_514' title='bbox 2082 895 2190 960; x_wconf 87' lang='lat' dir='ltr'><strong>spei</strong></span> <span class='ocrx_word' id='word_1_515' title='bbox 2222 910 2364 948; x_wconf 81' lang='lat' dir='ltr'><strong>meta.</strong></span> <span class='ocrx_word' id='word_1_516' title='bbox 2405 894 2557 949; x_wconf 81' lang='lat' dir='ltr'><strong>Modo</strong></span> <span class='ocrx_word' id='word_1_517' title='bbox 2594 898 2734 951; x_wconf 90' lang='lat' dir='ltr'><strong>enim</strong></span> <span class='ocrx_word' id='word_1_518' title='bbox 2769 898 3019 953; x_wconf 84' lang='lat' dir='ltr'><strong>Dominus</strong></span> <span class='ocrx_word' id='word_1_519' title='bbox 3052 914 3174 967; x_wconf 84' lang='lat' dir='ltr'><strong>spes</strong></span> <span class='ocrx_word' id='word_1_520' title='bbox 3255 902 3504 970; x_wconf 73' lang='lat' dir='ltr'><strong>quamdiu</strong></span> 
     </span>
    </p>
   </div>
   <div class='ocr_carea' id='block_1_69' title="bbox 1927 984 3502 1057">
    <p class='ocr_par' dir='ltr' id='par_1_69' title="bbox 1927 984 3502 1057">
     <span class='ocr_line' id='line_1_69' title="bbox 1927 984 3502 1057; baseline 0.004 -19"><span class='ocrx_word' id='word_1_521' title='bbox 1927 984 2068 1038; x_wconf 89' lang='lat' dir='ltr'><strong>enim</strong></span> <span class='ocrx_word' id='word_1_522' title='bbox 2097 984 2181 1039; x_wconf 89' lang='lat' dir='ltr'><strong>hic</strong></span> <span class='ocrx_word' id='word_1_523' title='bbox 2208 986 2480 1051; x_wconf 90' lang='lat' dir='ltr'><strong>sumus,in</strong></span> <span class='ocrx_word' id='word_1_524' title='bbox 2500 1003 2595 1057; x_wconf 90' lang='lat' dir='ltr'><strong>spe</strong></span> <span class='ocrx_word' id='word_1_525' title='bbox 2610 1002 2811 1053; x_wconf 89' lang='lat' dir='ltr'><strong>sumus,</strong></span> <span class='ocrx_word' id='word_1_526' title='bbox 2829 991 3057 1044; x_wconf 89' lang='lat' dir='ltr'><strong>nondum</strong></span> <span class='ocrx_word' id='word_1_527' title='bbox 3077 993 3126 1045; x_wconf 90' lang='lat' dir='ltr'><strong>in</strong></span> <span class='ocrx_word' id='word_1_528' title='bbox 3146 1008 3225 1047; x_wconf 89' lang='lat' dir='ltr'><strong>re.</strong></span> <span class='ocrx_word' id='word_1_529' title='bbox 3243 992 3347 1047; x_wconf 88' lang='lat' dir='ltr'><strong>Sed</strong></span> <span class='ocrx_word' id='word_1_530' title='bbox 3362 1008 3429 1047; x_wconf 92' lang='lat' dir='ltr'><strong>ne</strong></span> <span class='ocrx_word' id='word_1_531' title='bbox 3453 994 3502 1046; x_wconf 92' lang='lat' dir='ltr'><strong>in</strong></span> 
     </span>
    </p>
   </div>
   <div class='ocr_carea' id='block_1_70' title="bbox 1924 1075 3507 1152">
    <p class='ocr_par' dir='ltr' id='par_1_70' title="bbox 1924 1075 3507 1152">
     <span class='ocr_line' id='line_1_70' title="bbox 1924 1075 3507 1152; baseline 0.004 -23"><span class='ocrx_word' id='word_1_532' title='bbox 1924 1090 2021 1144; x_wconf 86' lang='lat' dir='ltr'><strong>spe</strong></span> <span class='ocrx_word' id='word_1_533' title='bbox 2048 1075 2375 1142; x_wconf 90' lang='lat' dir='ltr'><strong>deﬁciamus,</strong></span> <span class='ocrx_word' id='word_1_534' title='bbox 2403 1078 2553 1132; x_wconf 89' lang='lat' dir='ltr'><strong>adest</strong></span> <span class='ocrx_word' id='word_1_535' title='bbox 2579 1082 2866 1149; x_wconf 76' lang='lat' dir='ltr'><strong>promiSsnr</strong></span> <span class='ocrx_word' id='word_1_536' title='bbox 2892 1082 3101 1152; x_wconf 78' lang='lat' dir='ltr'><strong>erigens</strong></span> <span class='ocrx_word' id='word_1_537' title='bbox 3134 1098 3248 1147; x_wconf 88' lang='lat' dir='ltr'><strong>nos,</strong></span> <span class='ocrx_word' id='word_1_538' title='bbox 3280 1092 3332 1137; x_wconf 91' lang='lat' dir='ltr'><strong>et</strong></span> <span class='ocrx_word' id='word_1_539' title='bbox 3367 1092 3507 1138; x_wconf 87' lang='lat' dir='ltr'><strong>tem-</strong></span> 
     </span>
    </p>
   </div>
   <div class='ocr_carea' id='block_1_71' title="bbox 1925 1169 3503 1241">
    <p class='ocr_par' dir='ltr' id='par_1_71' title="bbox 1925 1169 3503 1241">
     <span class='ocr_line' id='line_1_71' title="bbox 1925 1169 3503 1241; baseline 0.004 -20"><span class='ocrx_word' id='word_1_540' title='bbox 1925 1182 2118 1237; x_wconf 88' lang='lat' dir='ltr'><strong>perans</strong></span> <span class='ocrx_word' id='word_1_541' title='bbox 2154 1169 2266 1238; x_wconf 86' lang='lat' dir='ltr'><strong>ipsa</strong></span> <span class='ocrx_word' id='word_1_542' title='bbox 2290 1170 2425 1224; x_wconf 92' lang='lat' dir='ltr'><strong>mala</strong></span> <span class='ocrx_word' id='word_1_543' title='bbox 2456 1185 2574 1241; x_wconf 81' lang='lat' dir='ltr'><strong>qua:</strong></span> <span class='ocrx_word' id='word_1_544' title='bbox 2601 1172 2849 1239; x_wconf 85' lang='lat' dir='ltr'><strong>patimur.</strong></span> <span class='ocrx_word' id='word_1_545' title='bbox 2878 1171 2991 1226; x_wconf 83' lang='lat' dir='ltr'><strong>Non</strong></span> <span class='ocrx_word' id='word_1_546' title='bbox 3028 1175 3167 1227; x_wconf 90' lang='lat' dir='ltr'><strong>enim</strong></span> <span class='ocrx_word' id='word_1_547' title='bbox 3200 1174 3393 1228; x_wconf 89' lang='lat' dir='ltr'><strong>frustra</strong></span> <span class='ocrx_word' id='word_1_548' title='bbox 3423 1173 3503 1228; x_wconf 88' lang='lat' dir='ltr'><strong>di-</strong></span> 
     </span>
    </p>
   </div>
   <div class='ocr_carea' id='block_1_72' title="bbox 1923 1261 3502 1332">
    <p class='ocr_par' dir='ltr' id='par_1_72' title="bbox 1923 1261 3502 1332">
     <span class='ocr_line' id='line_1_72' title="bbox 1923 1261 3502 1332; baseline 0.003 -17"><span class='ocrx_word' id='word_1_549' title='bbox 1923 1269 2067 1315; x_wconf 90' lang='lat' dir='ltr'><strong>ctmn</strong></span> <span class='ocrx_word' id='word_1_550' title='bbox 2094 1271 2195 1329; x_wconf 90' lang='lat' dir='ltr'><strong>est,</strong></span> <span class='ocrx_word' id='word_1_551' title='bbox 2240 1279 2259 1313; x_wconf 82' lang='lat' dir='ltr'><strong>t</strong></span> <span class='ocrx_word' id='word_1_552' title='bbox 2287 1261 2486 1317; x_wconf 84' lang='lat' dir='ltr'><strong>Fidelis</strong></span> <span class='ocrx_word' id='word_1_553' title='bbox 2530 1263 2688 1328; x_wconf 91' lang='lat' dir='ltr'><strong>Deus,</strong></span> <span class='ocrx_word' id='word_1_554' title='bbox 2721 1264 2808 1332; x_wconf 91' lang='lat' dir='ltr'><strong>qui</strong></span> <span class='ocrx_word' id='word_1_555' title='bbox 2851 1280 2954 1318; x_wconf 76' lang='lat' dir='ltr'><strong>non</strong></span> <span class='ocrx_word' id='word_1_556' title='bbox 2993 1265 3134 1320; x_wconf 90' lang='lat' dir='ltr'><strong>sinet</strong></span> <span class='ocrx_word' id='word_1_557' title='bbox 3176 1279 3267 1319; x_wconf 80' lang='lat' dir='ltr'><strong>vos</strong></span> <span class='ocrx_word' id='word_1_558' title='bbox 3311 1264 3502 1320; x_wconf 89' lang='lat' dir='ltr'><strong>tentari</strong></span> 
     </span>
    </p>
   </div>
   <div class='ocr_carea' id='block_1_73' title="bbox 1923 1352 3499 1425">
    <p class='ocr_par' dir='ltr' id='par_1_73' title="bbox 1923 1352 3499 1425">
     <span class='ocr_line' id='line_1_73' title="bbox 1923 1352 3499 1425; baseline 0.003 -18"><span class='ocrx_word' id='word_1_559' title='bbox 1923 1368 2083 1425; x_wconf 89' lang='lat' dir='ltr'><strong>supra</strong></span> <span class='ocrx_word' id='word_1_560' title='bbox 2111 1369 2266 1423; x_wconf 88' lang='lat' dir='ltr'><strong>quam</strong></span> <span class='ocrx_word' id='word_1_561' title='bbox 2297 1354 2514 1424; x_wconf 88' lang='lat' dir='ltr'><strong>potestis</strong></span> <span class='ocrx_word' id='word_1_562' title='bbox 2542 1352 2710 1419; x_wconf 88' lang='lat' dir='ltr'><strong>ferre;</strong></span> <span class='ocrx_word' id='word_1_563' title='bbox 2741 1353 2834 1408; x_wconf 88' lang='lat' dir='ltr'><strong>sed</strong></span> <span class='ocrx_word' id='word_1_564' title='bbox 2877 1354 3030 1410; x_wconf 89' lang='lat' dir='ltr'><strong>faciet</strong></span> <span class='ocrx_word' id='word_1_565' title='bbox 3058 1370 3178 1410; x_wconf 88' lang='lat' dir='ltr'><strong>cum</strong></span> <span class='ocrx_word' id='word_1_566' title='bbox 3210 1357 3499 1412; x_wconf 90' lang='lat' dir='ltr'><strong>tentatione</strong></span> 
     </span>
    </p>
   </div>
   <div class='ocr_carea' id='block_1_74' title="bbox 1922 1445 3496 1521">
    <p class='ocr_par' dir='ltr' id='par_1_74' title="bbox 1922 1445 3496 1521">
     <span class='ocr_line' id='line_1_74' title="bbox 1922 1445 3496 1521; baseline 0.003 -20"><span class='ocrx_word' id='word_1_567' title='bbox 1922 1445 2080 1501; x_wconf 90' lang='lat' dir='ltr'><strong>etiam</strong></span> <span class='ocrx_word' id='word_1_568' title='bbox 2124 1446 2343 1513; x_wconf 88' lang='lat' dir='ltr'><strong>exitum,</strong></span> <span class='ocrx_word' id='word_1_569' title='bbox 2384 1455 2438 1501; x_wconf 94' lang='lat' dir='ltr'><strong>ut</strong></span> <span class='ocrx_word' id='word_1_570' title='bbox 2479 1446 2690 1517; x_wconf 83' lang='lat' dir='ltr'><strong>possitis</strong></span> <span class='ocrx_word' id='word_1_571' title='bbox 2733 1447 3029 1511; x_wconf 65' lang='lat' dir='ltr'><strong>sustinere»</strong></span> <span class='ocrx_word' id='word_1_572' title='bbox 3065 1446 3121 1521; x_wconf 87' lang='grc' dir='ltr'><strong>(Ι</strong></span> <span class='ocrx_word' id='word_1_573' title='bbox 3149 1446 3264 1502; x_wconf 89' lang='lat' dir='ltr'><strong>Cor.</strong></span> <span class='ocrx_word' id='word_1_574' title='bbox 3289 1465 3342 1514; x_wconf 84' lang='lat' dir='ltr'><strong>x,</strong></span> <span class='ocrx_word' id='word_1_575' title='bbox 3369 1450 3496 1520; x_wconf 78' lang='grc'><strong>15),</strong></span> 
     </span>
    </p>
   </div>
   <div class='ocr_carea' id='block_1_75' title="bbox 1922 1537 3497 1609">
    <p class='ocr_par' dir='ltr' id='par_1_75' title="bbox 1922 1537 3497 1609">
     <span class='ocr_line' id='line_1_75' title="bbox 1922 1537 3497 1609; baseline 0.001 -17"><span class='ocrx_word' id='word_1_576' title='bbox 1922 1538 1999 1592; x_wconf 87' lang='lat' dir='ltr'><strong>sic</strong></span> <span class='ocrx_word' id='word_1_577' title='bbox 2029 1537 2200 1591; x_wconf 88' lang='lat' dir='ltr'><strong>mittat</strong></span> <span class='ocrx_word' id='word_1_578' title='bbox 2226 1539 2275 1592; x_wconf 90' lang='lat' dir='ltr'><strong>in</strong></span> <span class='ocrx_word' id='word_1_579' title='bbox 2307 1538 2572 1593; x_wconf 82' lang='lat' dir='ltr'><strong>fornacem</strong></span> <span class='ocrx_word' id='word_1_580' title='bbox 2603 1538 2979 1605; x_wconf 86' lang='lat' dir='ltr'><strong>tribulationis,</strong></span> <span class='ocrx_word' id='word_1_581' title='bbox 3004 1550 3060 1593; x_wconf 89' lang='lat' dir='ltr'><strong>ut</strong></span> <span class='ocrx_word' id='word_1_582' title='bbox 3080 1551 3337 1609; x_wconf 85' lang='lat' dir='ltr'><strong>coquatur</strong></span> <span class='ocrx_word' id='word_1_583' title='bbox 3364 1556 3455 1595; x_wconf 91' lang='lat' dir='ltr'><strong>vas</strong></span> <span class='ocrx_word' id='word_1_584' title='bbox 3482 1582 3497 1605; x_wconf 96' lang='lat'><strong>,</strong></span> 
     </span>
    </p>
   </div>
   <div class='ocr_carea' id='block_1_76' title="bbox 1921 1630 3499 1703">
    <p class='ocr_par' dir='ltr' id='par_1_76' title="bbox 1921 1630 3499 1703">
     <span class='ocr_line' id='line_1_76' title="bbox 1921 1630 3499 1703; baseline 0.002 -19"><span class='ocrx_word' id='word_1_585' title='bbox 1921 1646 2027 1685; x_wconf 88' lang='lat' dir='ltr'><strong>nou</strong></span> <span class='ocrx_word' id='word_1_586' title='bbox 2069 1639 2125 1685; x_wconf 92' lang='lat' dir='ltr'><strong>ut</strong></span> <span class='ocrx_word' id='word_1_587' title='bbox 2159 1630 2449 1702; x_wconf 83' lang='lat' dir='ltr'><strong>frangatur.</strong></span> <span class='ocrx_word' id='word_1_588' title='bbox 2480 1631 2544 1685; x_wconf 83' lang='lat' dir='ltr'><strong>Et</strong></span> <span class='ocrx_word' id='word_1_589' title='bbox 2570 1635 2732 1702; x_wconf 81' lang='lat' dir='ltr'><strong>factus</strong></span> <span class='ocrx_word' id='word_1_590' title='bbox 2756 1642 2826 1686; x_wconf 86' lang='lat' dir='ltr'><strong>est</strong></span> <span class='ocrx_word' id='word_1_591' title='bbox 2857 1633 2978 1686; x_wconf 89' lang='lat' dir='ltr'><strong>mihi</strong></span> <span class='ocrx_word' id='word_1_592' title='bbox 3006 1632 3255 1687; x_wconf 88' lang='lat' dir='ltr'><strong>Dominus</strong></span> <span class='ocrx_word' id='word_1_593' title='bbox 3275 1636 3331 1687; x_wconf 88' lang='lat' dir='ltr'><strong>in</strong></span> <span class='ocrx_word' id='word_1_594' title='bbox 3360 1639 3499 1703; x_wconf 79' lang='lat' dir='ltr'><strong>refu-</strong></span> 
     </span>
    </p>
   </div>
   <div class='ocr_carea' id='block_1_77' title="bbox 1919 1722 3497 1796">
    <p class='ocr_par' dir='ltr' id='par_1_77' title="bbox 1919 1722 3497 1796">
     <span class='ocr_line' id='line_1_77' title="bbox 1919 1722 3497 1796; baseline 0.004 -23"><span class='ocrx_word' id='word_1_595' title='bbox 1919 1724 2059 1795; x_wconf 86' lang='lat' dir='ltr'><strong>gium</strong></span> <span class='ocrx_word' id='word_1_596' title='bbox 2082 1764 2096 1787; x_wconf 94' lang='lat'><strong>,</strong></span> <span class='ocrx_word' id='word_1_597' title='bbox 2130 1732 2176 1777; x_wconf 89' lang='lat' dir='ltr'><strong>et</strong></span> <span class='ocrx_word' id='word_1_598' title='bbox 2200 1722 2341 1777; x_wconf 84' lang='lat' dir='ltr'><strong>Deus</strong></span> <span class='ocrx_word' id='word_1_599' title='bbox 2370 1740 2507 1777; x_wconf 90' lang='lat' dir='ltr'><strong>meus</strong></span> <span class='ocrx_word' id='word_1_600' title='bbox 2533 1725 2585 1777; x_wconf 88' lang='lat' dir='ltr'><strong>in</strong></span> <span class='ocrx_word' id='word_1_601' title='bbox 2618 1724 2863 1777; x_wconf 74' lang='lat' dir='ltr'><strong>auxilium</strong></span> <span class='ocrx_word' id='word_1_602' title='bbox 2889 1725 2994 1794; x_wconf 85' lang='lat' dir='ltr'><strong>spei</strong></span> <span class='ocrx_word' id='word_1_603' title='bbox 3022 1742 3161 1778; x_wconf 74' lang='lat' dir='ltr'><strong>meta.</strong></span> <span class='ocrx_word' id='word_1_604' title='bbox 3208 1725 3315 1780; x_wconf 88' lang='lat' dir='ltr'><strong>Cur</strong></span> <span class='ocrx_word' id='word_1_605' title='bbox 3350 1740 3497 1796; x_wconf 85' lang='lat' dir='ltr'><strong>ergo,</strong></span> 
     </span>
    </p>
   </div>
   <div class='ocr_carea' id='block_1_78' title="bbox 1918 1813 3499 1888">
    <p class='ocr_par' dir='ltr' id='par_1_78' title="bbox 1918 1813 3499 1888">
     <span class='ocr_line' id='line_1_78' title="bbox 1918 1813 3499 1888; baseline 0.004 -22"><span class='ocrx_word' id='word_1_606' title='bbox 1918 1813 2083 1883; x_wconf 72' lang='lat' dir='ltr'><strong>quid‘</strong></span> <span class='ocrx_word' id='word_1_607' title='bbox 2118 1814 2210 1869; x_wconf 89' lang='lat' dir='ltr'><strong>tibi</strong></span> <span class='ocrx_word' id='word_1_608' title='bbox 2248 1814 2522 1870; x_wconf 87' lang='lat' dir='ltr'><strong>videbatur</strong></span> <span class='ocrx_word' id='word_1_609' title='bbox 2564 1818 2711 1885; x_wconf 88' lang='lat' dir='ltr'><strong>quasi</strong></span> <span class='ocrx_word' id='word_1_610' title='bbox 2761 1816 2983 1885; x_wconf 88' lang='lat' dir='ltr'><strong>iujustus</strong></span> <span class='ocrx_word' id='word_1_611' title='bbox 3012 1832 3151 1882; x_wconf 77' lang='lat' dir='ltr'><strong>esse,</strong></span> <span class='ocrx_word' id='word_1_612' title='bbox 3183 1818 3300 1887; x_wconf 90' lang='lat' dir='ltr'><strong>quia</strong></span> <span class='ocrx_word' id='word_1_613' title='bbox 3334 1819 3499 1888; x_wconf 87' lang='lat' dir='ltr'><strong>parcit</strong></span> 
     </span>
    </p>
   </div>
   <div class='ocr_carea' id='block_1_79' title="bbox 1919 1905 3497 1979">
    <p class='ocr_par' dir='ltr' id='par_1_79' title="bbox 1919 1905 3497 1979">
     <span class='ocr_line' id='line_1_79' title="bbox 1919 1905 3497 1979; baseline 0.003 -21"><span class='ocrx_word' id='word_1_614' title='bbox 1919 1906 2109 1960; x_wconf 87' lang='lat' dir='ltr'><strong>malis?</strong></span> <span class='ocrx_word' id='word_1_615' title='bbox 2139 1905 2271 1961; x_wconf 82' lang='lat' dir='ltr'><strong>Vide</strong></span> <span class='ocrx_word' id='word_1_616' title='bbox 2297 1907 2561 1976; x_wconf 82' lang='lat' dir='ltr'><strong>quomodo</strong></span> <span class='ocrx_word' id='word_1_617' title='bbox 2588 1908 2695 1977; x_wconf 89' lang='lat' dir='ltr'><strong>jam</strong></span> <span class='ocrx_word' id='word_1_618' title='bbox 2723 1909 3004 1979; x_wconf 80' lang='lat' dir='ltr'><strong>corrigitur</strong></span> <span class='ocrx_word' id='word_1_619' title='bbox 3037 1909 3312 1975; x_wconf 73' lang='lat' dir='ltr'><strong>l&#39;sdmus,</strong></span> <span class='ocrx_word' id='word_1_620' title='bbox 3353 1919 3405 1964; x_wconf 90' lang='lat' dir='ltr'><strong>et</strong></span> <span class='ocrx_word' id='word_1_621' title='bbox 3445 1919 3497 1963; x_wconf 91' lang='lat' dir='ltr'><strong>tu</strong></span> 
     </span>
    </p>
   </div>
   <div class='ocr_carea' id='block_1_80' title="bbox 1918 1999 3499 2068">
    <p class='ocr_par' dir='ltr' id='par_1_80' title="bbox 1918 1999 3499 2068">
     <span class='ocr_line' id='line_1_80' title="bbox 1918 1999 3499 2068; baseline 0.001 -15"><span class='ocrx_word' id='word_1_622' title='bbox 1918 2014 2038 2053; x_wconf 91' lang='lat' dir='ltr'><strong>cum</strong></span> <span class='ocrx_word' id='word_1_623' title='bbox 2074 1999 2285 2053; x_wconf 89' lang='lat' dir='ltr'><strong>Psalmo</strong></span> <span class='ocrx_word' id='word_1_624' title='bbox 2308 2000 2575 2068; x_wconf 79' lang='lat' dir='ltr'><strong>corrigere</strong></span> <span class='ocrx_word' id='word_1_625' title='bbox 2602 2017 2614 2053; x_wconf 76' lang='grc' dir='ltr'><strong>ε</strong></span> <span class='ocrx_word' id='word_1_626' title='bbox 2649 2000 2767 2054; x_wconf 90' lang='lat' dir='ltr'><strong>ideo</strong></span> <span class='ocrx_word' id='word_1_627' title='bbox 2792 2001 2930 2053; x_wconf 70' lang='lat' dir='ltr'><strong>enim</strong></span> <span class='ocrx_word' id='word_1_628' title='bbox 2953 2015 3109 2055; x_wconf 85' lang='lat' dir='ltr'><strong>voces</strong></span> <span class='ocrx_word' id='word_1_629' title='bbox 3133 2011 3246 2055; x_wconf 75' lang='lat' dir='ltr'><strong>tuas</strong></span> <span class='ocrx_word' id='word_1_630' title='bbox 3270 2001 3499 2056; x_wconf 89' lang='lat' dir='ltr'><strong>habebat</strong></span> 
     </span>
    </p>
   </div>
   <div class='ocr_carea' id='block_1_81' title="bbox 1919 2090 3497 2162">
    <p class='ocr_par' dir='ltr' id='par_1_81' title="bbox 1919 2090 3497 2162">
     <span class='ocr_line' id='line_1_81' title="bbox 1919 2090 3497 2162; baseline 0 -17"><span class='ocrx_word' id='word_1_631' title='bbox 1919 2090 2180 2145; x_wconf 77' lang='lat' dir='ltr'><strong>Psalmtts.</strong></span> <span class='ocrx_word' id='word_1_632' title='bbox 2211 2091 2339 2157; x_wconf 63' lang='lat' dir='ltr'><strong>Quae</strong></span> <span class='ocrx_word' id='word_1_633' title='bbox 2373 2101 2494 2144; x_wconf 88' lang='lat' dir='ltr'><strong>sunt</strong></span> <span class='ocrx_word' id='word_1_634' title='bbox 2524 2092 2714 2145; x_wconf 82' lang='lat' dir='ltr'><strong>voces?</strong></span> <span class='ocrx_word' id='word_1_635' title='bbox 2746 2090 3009 2160; x_wconf 75' lang='lat' dir='ltr'><strong>Usqucqno</strong></span> <span class='ocrx_word' id='word_1_636' title='bbox 3042 2103 3352 2162; x_wconf 75' lang='lat' dir='ltr'><strong>peccatores,</strong></span> <span class='ocrx_word' id='word_1_637' title='bbox 3386 2090 3497 2145; x_wconf 88' lang='lat' dir='ltr'><strong>Do-</strong></span> 
     </span>
    </p>
   </div>
   <div class='ocr_carea' id='block_1_82' title="bbox 1915 2183 3498 2253">
    <p class='ocr_par' dir='ltr' id='par_1_82' title="bbox 1915 2183 3498 2253">
     <span class='ocr_line' id='line_1_82' title="bbox 1915 2183 3498 2253; baseline 0.002 -17"><span class='ocrx_word' id='word_1_638' title='bbox 1915 2183 2069 2249; x_wconf 88' lang='lat' dir='ltr'><strong>mine,</strong></span> <span class='ocrx_word' id='word_1_639' title='bbox 2095 2200 2346 2253; x_wconf 85' lang='lat' dir='ltr'><strong>usquequo</strong></span> <span class='ocrx_word' id='word_1_640' title='bbox 2374 2195 2654 2251; x_wconf 82' lang='lat' dir='ltr'><strong>peceatores</strong></span> <span class='ocrx_word' id='word_1_641' title='bbox 2668 2183 3051 2253; x_wconf 83' lang='lat' dir='ltr'><strong>gloriabuntur?</strong></span> <span class='ocrx_word' id='word_1_642' title='bbox 3080 2184 3322 2237; x_wconf 75' lang='lat' dir='ltr'><strong>Psalmus</strong></span> <span class='ocrx_word' id='word_1_643' title='bbox 3340 2198 3498 2239; x_wconf 89' lang='lat' dir='ltr'><strong>voces</strong></span> 
     </span>
    </p>
   </div>
   <div class='ocr_carea' id='block_1_83' title="bbox 1916 2273 3492 2343">
    <p class='ocr_par' dir='ltr' id='par_1_83' title="bbox 1916 2273 3492 2343">
     <span class='ocr_line' id='line_1_83' title="bbox 1916 2273 3492 2343; baseline -0.001 -14"><span class='ocrx_word' id='word_1_644' title='bbox 1916 2283 2033 2329; x_wconf 89' lang='lat' dir='ltr'><strong>tuas</strong></span> <span class='ocrx_word' id='word_1_645' title='bbox 2064 2273 2287 2328; x_wconf 88' lang='lat' dir='ltr'><strong>habebat</strong></span> <span class='ocrx_word' id='word_1_646' title='bbox 2320 2292 2332 2327; x_wconf 90' lang='lat'>:</span> <span class='ocrx_word' id='word_1_647' title='bbox 2369 2273 2525 2328; x_wconf 89' lang='lat' dir='ltr'><strong>modo</strong></span> <span class='ocrx_word' id='word_1_648' title='bbox 2565 2290 2691 2343; x_wconf 81' lang='lat' dir='ltr'><strong>ergo</strong></span> <span class='ocrx_word' id='word_1_649' title='bbox 2742 2281 2793 2327; x_wconf 92' lang='lat' dir='ltr'><strong>lu</strong></span> <span class='ocrx_word' id='word_1_650' title='bbox 2841 2273 3032 2328; x_wconf 88' lang='lat' dir='ltr'><strong>habeto</strong></span> <span class='ocrx_word' id='word_1_651' title='bbox 3076 2289 3233 2328; x_wconf 82' lang='lat' dir='ltr'><strong>voces</strong></span> <span class='ocrx_word' id='word_1_652' title='bbox 3277 2274 3492 2328; x_wconf 86' lang='lat' dir='ltr'><strong>Psaltni.</strong></span> 
     </span>
    </p>
   </div>
   <div class='ocr_carea' id='block_1_84' title="bbox 1914 2364 3496 2434">
    <p class='ocr_par' dir='ltr' id='par_1_84' title="bbox 1914 2364 3496 2434">
     <span class='ocr_line' id='line_1_84' title="bbox 1914 2364 3496 2434; baseline 0.001 -17"><span class='ocrx_word' id='word_1_653' title='bbox 1914 2364 2043 2432; x_wconf 73' lang='lat' dir='ltr'><strong>Qua:</strong></span> <span class='ocrx_word' id='word_1_654' title='bbox 2074 2374 2195 2418; x_wconf 91' lang='lat' dir='ltr'><strong>sunt</strong></span> <span class='ocrx_word' id='word_1_655' title='bbox 2226 2379 2384 2419; x_wconf 84' lang='lat' dir='ltr'><strong>voces</strong></span> <span class='ocrx_word' id='word_1_656' title='bbox 2415 2364 2642 2418; x_wconf 84' lang='lat' dir='ltr'><strong>Psalmi?</strong></span> <span class='ocrx_word' id='word_1_657' title='bbox 2682 2364 2748 2417; x_wconf 83' lang='lat' dir='ltr'><strong>Et</strong></span> <span class='ocrx_word' id='word_1_658' title='bbox 2787 2370 2947 2434; x_wconf 80' lang='lat' dir='ltr'><strong>factus</strong></span> <span class='ocrx_word' id='word_1_659' title='bbox 2987 2376 3056 2418; x_wconf 84' lang='lat' dir='ltr'><strong>cst</strong></span> <span class='ocrx_word' id='word_1_660' title='bbox 3097 2366 3218 2416; x_wconf 90' lang='lat' dir='ltr'><strong>mihi</strong></span> <span class='ocrx_word' id='word_1_661' title='bbox 3247 2364 3496 2420; x_wconf 87' lang='lat' dir='ltr'><strong>Dominus</strong></span> 
     </span>
    </p>
   </div>
   <div class='ocr_carea' id='block_1_85' title="bbox 1914 2453 3309 2525">
    <p class='ocr_par' dir='ltr' id='par_1_85' title="bbox 1914 2453 3309 2525">
     <span class='ocr_line' id='line_1_85' title="bbox 1914 2453 3309 2525; baseline -0.001 -17"><span class='ocrx_word' id='word_1_662' title='bbox 1914 2456 1966 2509; x_wconf 90' lang='lat' dir='ltr'><strong>in</strong></span> <span class='ocrx_word' id='word_1_663' title='bbox 1994 2456 2265 2525; x_wconf 76' lang='lat' dir='ltr'><strong>refugium,</strong></span> <span class='ocrx_word' id='word_1_664' title='bbox 2297 2465 2341 2508; x_wconf 90' lang='lat' dir='ltr'><strong>et</strong></span> <span class='ocrx_word' id='word_1_665' title='bbox 2365 2453 2507 2509; x_wconf 83' lang='lat' dir='ltr'><strong>Deus</strong></span> <span class='ocrx_word' id='word_1_666' title='bbox 2534 2471 2671 2508; x_wconf 87' lang='lat' dir='ltr'><strong>meus</strong></span> <span class='ocrx_word' id='word_1_667' title='bbox 2696 2456 2747 2507; x_wconf 87' lang='lat' dir='ltr'><strong>in</strong></span> <span class='ocrx_word' id='word_1_668' title='bbox 2778 2456 3022 2508; x_wconf 70' lang='lat' dir='ltr'><strong>auxilium</strong></span> <span class='ocrx_word' id='word_1_669' title='bbox 3041 2456 3147 2524; x_wconf 82' lang='lat' dir='ltr'><strong>spei</strong></span> <span class='ocrx_word' id='word_1_670' title='bbox 3170 2471 3309 2508; x_wconf 74' lang='lat' dir='ltr'><strong>mete.</strong></span> 
     </span>
    </p>
   </div>
   <div class='ocr_carea' id='block_1_86' title="bbox 1982 2543 3492 2619">
    <p class='ocr_par' dir='ltr' id='par_1_86' title="bbox 1982 2543 3492 2619">
     <span class='ocr_line' id='line_1_86' title="bbox 1982 2543 3492 2619; baseline -0.002 -19"><span class='ocrx_word' id='word_1_671' title='bbox 1982 2547 2074 2603; x_wconf 76' lang='grc'><strong>28.</strong></span> <span class='ocrx_word' id='word_1_672' title='bbox 2107 2544 2265 2619; x_wconf 78' lang='grc' dir='ltr'><strong>[υεη.</strong></span> <span class='ocrx_word' id='word_1_673' title='bbox 2455 2544 2522 2599; x_wconf 86' lang='lat' dir='ltr'><strong>Et</strong></span> <span class='ocrx_word' id='word_1_674' title='bbox 2566 2545 2738 2599; x_wconf 89' lang='lat' dir='ltr'><strong>reddet</strong></span> <span class='ocrx_word' id='word_1_675' title='bbox 2781 2546 2883 2598; x_wconf 87' lang='lat' dir='ltr'><strong>illis</strong></span> <span class='ocrx_word' id='word_1_676' title='bbox 2932 2545 3177 2598; x_wconf 85' lang='lat' dir='ltr'><strong>Dominus</strong></span> <span class='ocrx_word' id='word_1_677' title='bbox 3219 2545 3492 2599; x_wconf 84' lang='lat' dir='ltr'><strong>secundum</strong></span> 
     </span>
    </p>
   </div>
   <div class='ocr_carea' id='block_1_87' title="bbox 1911 2636 3492 2707">
    <p class='ocr_par' dir='ltr' id='par_1_87' title="bbox 1911 2636 3492 2707">
     <span class='ocr_line' id='line_1_87' title="bbox 1911 2636 3492 2707; baseline -0.003 -14"><span class='ocrx_word' id='word_1_678' title='bbox 1911 2655 2068 2707; x_wconf 88' lang='lat' dir='ltr'><strong>opera</strong></span> <span class='ocrx_word' id='word_1_679' title='bbox 2090 2654 2261 2692; x_wconf 88' lang='lat' dir='ltr'><strong>eorum</strong></span> <span class='ocrx_word' id='word_1_680' title='bbox 2280 2652 2299 2701; x_wconf 81' lang='lat'><strong>,&#39;</strong></span> <span class='ocrx_word' id='word_1_681' title='bbox 2323 2646 2371 2690; x_wconf 87' lang='lat' dir='ltr'><strong>et</strong></span> <span class='ocrx_word' id='word_1_682' title='bbox 2391 2636 2666 2691; x_wconf 88' lang='lat' dir='ltr'><strong>secundum</strong></span> <span class='ocrx_word' id='word_1_683' title='bbox 2689 2636 2933 2690; x_wconf 88' lang='lat' dir='ltr'><strong>malitiam</strong></span> <span class='ocrx_word' id='word_1_684' title='bbox 2955 2653 3125 2689; x_wconf 88' lang='lat' dir='ltr'><strong>eorum</strong></span> <span class='ocrx_word' id='word_1_685' title='bbox 3148 2636 3397 2706; x_wconf 76' lang='lat' dir='ltr'><strong>disperdat</strong></span> <span class='ocrx_word' id='word_1_686' title='bbox 3426 2637 3492 2688; x_wconf 86' lang='lat' dir='ltr'><strong>il-</strong></span> 
     </span>
    </p>
   </div>
   <div class='ocr_carea' id='block_1_88' title="bbox 1912 2728 3490 2797">
    <p class='ocr_par' dir='ltr' id='par_1_88' title="bbox 1912 2728 3490 2797">
     <span class='ocr_line' id='line_1_88' title="bbox 1912 2728 3490 2797; baseline -0.002 -12"><span class='ocrx_word' id='word_1_687' title='bbox 1912 2732 1988 2785; x_wconf 90' lang='lat' dir='ltr'><strong>los</strong></span> <span class='ocrx_word' id='word_1_688' title='bbox 2017 2730 2262 2784; x_wconf 86' lang='lat' dir='ltr'><strong>Dominus</strong></span> <span class='ocrx_word' id='word_1_689' title='bbox 2289 2728 2426 2784; x_wconf 89' lang='lat' dir='ltr'><strong>Deus</strong></span> <span class='ocrx_word' id='word_1_690' title='bbox 2455 2738 2639 2783; x_wconf 85' lang='lat' dir='ltr'><strong>noster.</strong></span> <span class='ocrx_word' id='word_1_691' title='bbox 2685 2729 2798 2783; x_wconf 87' lang='lat' dir='ltr'><strong>Non</strong></span> <span class='ocrx_word' id='word_1_692' title='bbox 2825 2738 2974 2781; x_wconf 88' lang='lat' dir='ltr'><strong>vacat</strong></span> <span class='ocrx_word' id='word_1_693' title='bbox 2999 2728 3138 2797; x_wconf 76' lang='lat' dir='ltr'><strong>quod</strong></span> <span class='ocrx_word' id='word_1_694' title='bbox 3170 2729 3243 2781; x_wconf 86' lang='lat' dir='ltr'><strong>ait</strong></span> <span class='ocrx_word' id='word_1_695' title='bbox 3267 2770 3280 2794; x_wconf 95' lang='lat'><strong>,</strong></span> <span class='ocrx_word' id='word_1_696' title='bbox 3309 2744 3490 2782; x_wconf 84' lang='lat' dir='ltr'><strong>secun-</strong></span> 
     </span>
    </p>
   </div>
   <div class='ocr_carea' id='block_1_89' title="bbox 1913 2819 3490 2890">
    <p class='ocr_par' dir='ltr' id='par_1_89' title="bbox 1913 2819 3490 2890">
     <span class='ocr_line' id='line_1_89' title="bbox 1913 2819 3490 2890; baseline -0.001 -14"><span class='ocrx_word' id='word_1_697' title='bbox 1913 2823 2035 2876; x_wconf 89' lang='lat' dir='ltr'><strong>dum</strong></span> <span class='ocrx_word' id='word_1_698' title='bbox 2056 2822 2301 2876; x_wconf 85' lang='lat' dir='ltr'><strong>malitiam</strong></span> <span class='ocrx_word' id='word_1_699' title='bbox 2324 2837 2516 2875; x_wconf 90' lang='lat' dir='ltr'><strong>eorum.</strong></span> <span class='ocrx_word' id='word_1_700' title='bbox 2536 2819 2662 2874; x_wconf 84' lang='lat' dir='ltr'><strong>Mihi</strong></span> <span class='ocrx_word' id='word_1_701' title='bbox 2681 2820 2747 2874; x_wconf 89' lang='lat' dir='ltr'><strong>de</strong></span> <span class='ocrx_word' id='word_1_702' title='bbox 2775 2821 2876 2874; x_wconf 81' lang='lat' dir='ltr'><strong>illis</strong></span> <span class='ocrx_word' id='word_1_703' title='bbox 2907 2828 3214 2890; x_wconf 70' lang='lat' dir='ltr'><strong>praestatur;</strong></span> <span class='ocrx_word' id='word_1_704' title='bbox 3245 2830 3297 2875; x_wconf 88' lang='lat' dir='ltr'><strong>et</strong></span> <span class='ocrx_word' id='word_1_705' title='bbox 3316 2830 3490 2876; x_wconf 88' lang='lat' dir='ltr'><strong>tamen</strong></span> 
     </span>
    </p>
   </div>
   <div class='ocr_carea' id='block_1_90' title="bbox 1911 2910 3492 2978">
    <p class='ocr_par' dir='ltr' id='par_1_90' title="bbox 1911 2910 3492 2978">
     <span class='ocr_line' id='line_1_90' title="bbox 1911 2910 3492 2978; baseline -0.002 -8"><span class='ocrx_word' id='word_1_706' title='bbox 1911 2915 2109 2971; x_wconf 90' lang='lat' dir='ltr'><strong>malitia</strong></span> <span class='ocrx_word' id='word_1_707' title='bbox 2156 2928 2343 2969; x_wconf 92' lang='lat' dir='ltr'><strong>eorum</strong></span> <span class='ocrx_word' id='word_1_708' title='bbox 2388 2913 2613 2978; x_wconf 90' lang='lat' dir='ltr'><strong>dicitur,</strong></span> <span class='ocrx_word' id='word_1_709' title='bbox 2661 2928 2768 2967; x_wconf 91' lang='lat' dir='ltr'><strong>non</strong></span> <span class='ocrx_word' id='word_1_710' title='bbox 2800 2912 3052 2967; x_wconf 86' lang='lat' dir='ltr'><strong>beneﬁcia</strong></span> <span class='ocrx_word' id='word_1_711' title='bbox 3080 2927 3287 2968; x_wconf 88' lang='lat' dir='ltr'><strong>eorum.</strong></span> <span class='ocrx_word' id='word_1_712' title='bbox 3335 2910 3492 2968; x_wconf 87' lang='lat' dir='ltr'><strong>Certe</strong></span> 
     </span>
    </p>
   </div>
   <div class='ocr_carea' id='block_1_91' title="bbox 1909 3006 3489 3078">
    <p class='ocr_par' dir='ltr' id='par_1_91' title="bbox 1909 3006 3489 3078">
     <span class='ocr_line' id='line_1_91' title="bbox 1909 3006 3489 3078; baseline -0.003 -14"><span class='ocrx_word' id='word_1_713' title='bbox 1909 3009 2049 3064; x_wconf 89' lang='lat' dir='ltr'><strong>enim</strong></span> <span class='ocrx_word' id='word_1_714' title='bbox 2095 3009 2164 3065; x_wconf 88' lang='lat' dir='ltr'><strong>de</strong></span> <span class='ocrx_word' id='word_1_715' title='bbox 2208 3009 2362 3063; x_wconf 90' lang='lat' dir='ltr'><strong>malis</strong></span> <span class='ocrx_word' id='word_1_716' title='bbox 2402 3016 2623 3064; x_wconf 89' lang='lat' dir='ltr'><strong>exercet</strong></span> <span class='ocrx_word' id='word_1_717' title='bbox 2668 3024 2798 3074; x_wconf 89' lang='lat' dir='ltr'><strong>nos,</strong></span> <span class='ocrx_word' id='word_1_718' title='bbox 2827 3008 3057 3078; x_wconf 88' lang='lat' dir='ltr'><strong>flagellat</strong></span> <span class='ocrx_word' id='word_1_719' title='bbox 3079 3021 3195 3062; x_wconf 90' lang='lat' dir='ltr'><strong>nos.</strong></span> <span class='ocrx_word' id='word_1_720' title='bbox 3226 3006 3305 3060; x_wconf 82' lang='lat' dir='ltr'><strong>Ad</strong></span> <span class='ocrx_word' id='word_1_721' title='bbox 3332 3022 3489 3076; x_wconf 91' lang='lat' dir='ltr'><strong>quam</strong></span> 
     </span>
    </p>
   </div>
   <div class='ocr_carea' id='block_1_92' title="bbox 1909 3098 3491 3171">
    <p class='ocr_par' dir='ltr' id='par_1_92' title="bbox 1909 3098 3491 3171">
     <span class='ocr_line' id='line_1_92' title="bbox 1909 3098 3491 3171; baseline -0.003 -15"><span class='ocrx_word' id='word_1_722' title='bbox 1909 3116 2021 3156; x_wconf 88' lang='lat' dir='ltr'><strong>rem</strong></span> <span class='ocrx_word' id='word_1_723' title='bbox 2054 3100 2325 3171; x_wconf 84' lang='lat' dir='ltr'><strong>flagellat?</strong></span> <span class='ocrx_word' id='word_1_724' title='bbox 2354 3099 2548 3170; x_wconf 90' lang='lat' dir='ltr'><strong>Utique</strong></span> <span class='ocrx_word' id='word_1_725' title='bbox 2576 3098 2641 3155; x_wconf 89' lang='lat' dir='ltr'><strong>ad</strong></span> <span class='ocrx_word' id='word_1_726' title='bbox 2673 3115 2896 3168; x_wconf 86' lang='lat' dir='ltr'><strong>regnum</strong></span> <span class='ocrx_word' id='word_1_727' title='bbox 2927 3099 3205 3153; x_wconf 75' lang='lat' dir='ltr'><strong>cmlorum.</strong></span> <span class='ocrx_word' id='word_1_728' title='bbox 3238 3098 3491 3169; x_wconf 81' lang='lat' dir='ltr'><strong>Flagellat</strong></span> 
     </span>
    </p>
   </div>
   <div class='ocr_carea' id='block_1_93' title="bbox 1908 3192 3491 3263">
    <p class='ocr_par' dir='ltr' id='par_1_93' title="bbox 1908 3192 3491 3263">
     <span class='ocr_line' id='line_1_93' title="bbox 1908 3192 3491 3263; baseline -0.004 -13"><span class='ocrx_word' id='word_1_729' title='bbox 1908 3194 2052 3250; x_wconf 88' lang='lat' dir='ltr'><strong>enim</strong></span> <span class='ocrx_word' id='word_1_730' title='bbox 2081 3210 2277 3248; x_wconf 87' lang='lat' dir='ltr'><strong>omnem</strong></span> <span class='ocrx_word' id='word_1_731' title='bbox 2304 3194 2465 3262; x_wconf 80' lang='lat' dir='ltr'><strong>ﬁlium</strong></span> <span class='ocrx_word' id='word_1_732' title='bbox 2494 3210 2639 3263; x_wconf 90' lang='lat' dir='ltr'><strong>quem</strong></span> <span class='ocrx_word' id='word_1_733' title='bbox 2663 3194 2840 3263; x_wconf 86' lang='lat' dir='ltr'><strong>recipit</strong></span> <span class='ocrx_word' id='word_1_734' title='bbox 2881 3209 2898 3246; x_wconf 91' lang='lat'><strong><em>:</em></strong></span> <span class='ocrx_word' id='word_1_735' title='bbox 2933 3202 2978 3245; x_wconf 91' lang='lat' dir='ltr'><strong>ct</strong></span> <span class='ocrx_word' id='word_1_736' title='bbox 3008 3194 3119 3262; x_wconf 89' lang='lat' dir='ltr'><strong>quis</strong></span> <span class='ocrx_word' id='word_1_737' title='bbox 3148 3201 3218 3246; x_wconf 90' lang='lat' dir='ltr'><strong>est</strong></span> <span class='ocrx_word' id='word_1_738' title='bbox 3245 3192 3382 3260; x_wconf 86' lang='lat' dir='ltr'><strong>ﬁlius</strong></span> <span class='ocrx_word' id='word_1_739' title='bbox 3410 3192 3491 3244; x_wconf 86' lang='lat' dir='ltr'><strong>cui</strong></span> 
     </span>
    </p>
   </div>
   <div class='ocr_carea' id='block_1_94' title="bbox 1909 3284 3486 3357">
    <p class='ocr_par' dir='ltr' id='par_1_94' title="bbox 1909 3284 3486 3357">
     <span class='ocr_line' id='line_1_94' title="bbox 1909 3284 3486 3357; baseline -0.003 -16"><span class='ocrx_word' id='word_1_740' title='bbox 1909 3304 2009 3341; x_wconf 89' lang='lat' dir='ltr'><strong>non</strong></span> <span class='ocrx_word' id='word_1_741' title='bbox 2035 3287 2116 3340; x_wconf 84' lang='lat' dir='ltr'><strong>det</strong></span> <span class='ocrx_word' id='word_1_742' title='bbox 2145 3286 2466 3356; x_wconf 82' lang='lat' dir='ltr'><strong>disciplinam</strong></span> <span class='ocrx_word' id='word_1_743' title='bbox 2493 3295 2636 3357; x_wconf 85' lang='lat' dir='ltr'><strong>pater</strong></span> <span class='ocrx_word' id='word_1_744' title='bbox 2660 3288 2768 3355; x_wconf 85' lang='lat' dir='ltr'><strong>ejus</strong></span> <span class='ocrx_word' id='word_1_745' title='bbox 2800 3284 2981 3354; x_wconf 82' lang='lat' dir='ltr'><strong>(Hebr.</strong></span> <span class='ocrx_word' id='word_1_746' title='bbox 3009 3300 3102 3350; x_wconf 82' lang='lat' dir='ltr'><strong>xu,</strong></span> <span class='ocrx_word' id='word_1_747' title='bbox 3135 3284 3187 3347; x_wconf 87' lang='lat'><strong>6,</strong></span> <span class='ocrx_word' id='word_1_748' title='bbox 3218 3284 3318 3352; x_wconf 88' lang='lat'><strong>7)?</strong></span> <span class='ocrx_word' id='word_1_749' title='bbox 3338 3284 3486 3349; x_wconf 85' lang='lat' dir='ltr'><strong>Quod</strong></span> 
     </span>
    </p>
   </div>
   <div class='ocr_carea' id='block_1_95' title="bbox 1908 3375 3487 3445">
    <p class='ocr_par' dir='ltr' id='par_1_95' title="bbox 1908 3375 3487 3445">
     <span class='ocr_line' id='line_1_95' title="bbox 1908 3375 3487 3445; baseline -0.001 -14"><span class='ocrx_word' id='word_1_750' title='bbox 1908 3392 2029 3431; x_wconf 91' lang='lat' dir='ltr'><strong>cum</strong></span> <span class='ocrx_word' id='word_1_751' title='bbox 2070 3376 2193 3431; x_wconf 89' lang='lat' dir='ltr'><strong>facit</strong></span> <span class='ocrx_word' id='word_1_752' title='bbox 2237 3376 2411 3443; x_wconf 90' lang='lat' dir='ltr'><strong>Deus,</strong></span> <span class='ocrx_word' id='word_1_753' title='bbox 2438 3376 2505 3430; x_wconf 91' lang='lat' dir='ltr'><strong>ad</strong></span> <span class='ocrx_word' id='word_1_754' title='bbox 2558 3375 2923 3431; x_wconf 79' lang='lat' dir='ltr'><strong>hzercditatem</strong></span> <span class='ocrx_word' id='word_1_755' title='bbox 2974 3377 3350 3445; x_wconf 84' lang='lat' dir='ltr'><strong>sempiternam</strong></span> <span class='ocrx_word' id='word_1_756' title='bbox 3391 3390 3487 3430; x_wconf 91' lang='lat' dir='ltr'><strong>nos</strong></span> 
     </span>
    </p>
   </div>
   <div class='ocr_carea' id='block_1_96' title="bbox 1908 3465 3485 3536">
    <p class='ocr_par' dir='ltr' id='par_1_96' title="bbox 1908 3465 3485 3536">
     <span class='ocr_line' id='line_1_96' title="bbox 1908 3465 3485 3536; baseline -0.003 -14"><span class='ocrx_word' id='word_1_757' title='bbox 1908 3465 2110 3533; x_wconf 89' lang='lat' dir='ltr'><strong>erudit;</strong></span> <span class='ocrx_word' id='word_1_758' title='bbox 2143 3475 2197 3521; x_wconf 90' lang='lat' dir='ltr'><strong>et</strong></span> <span class='ocrx_word' id='word_1_759' title='bbox 2226 3467 2329 3521; x_wconf 90' lang='lat' dir='ltr'><strong>hoc</strong></span> <span class='ocrx_word' id='word_1_760' title='bbox 2360 3467 2514 3521; x_wconf 91' lang='lat' dir='ltr'><strong>nobis</strong></span> <span class='ocrx_word' id='word_1_761' title='bbox 2540 3474 2756 3536; x_wconf 66' lang='lat' dir='ltr'><strong>prarstat</strong></span> <span class='ocrx_word' id='word_1_762' title='bbox 2796 3481 2940 3535; x_wconf 85' lang='lat' dir='ltr'><strong>sa-pe</strong></span> <span class='ocrx_word' id='word_1_763' title='bbox 2976 3465 3043 3519; x_wconf 89' lang='lat' dir='ltr'><strong>de</strong></span> <span class='ocrx_word' id='word_1_764' title='bbox 3071 3465 3221 3519; x_wconf 91' lang='lat' dir='ltr'><strong>malis</strong></span> <span class='ocrx_word' id='word_1_765' title='bbox 3253 3465 3485 3519; x_wconf 88' lang='lat' dir='ltr'><strong>homini-</strong></span> 
     </span>
    </p>
   </div>
   <div class='ocr_carea' id='block_1_97' title="bbox 1909 3558 3486 3629">
    <p class='ocr_par' dir='ltr' id='par_1_97' title="bbox 1909 3558 3486 3629">
     <span class='ocr_line' id='line_1_97' title="bbox 1909 3558 3486 3629; baseline -0.003 -15"><span class='ocrx_word' id='word_1_766' title='bbox 1909 3560 2029 3623; x_wconf 88' lang='lat' dir='ltr'><strong>bus,</strong></span> <span class='ocrx_word' id='word_1_767' title='bbox 2049 3559 2100 3613; x_wconf 93' lang='lat' dir='ltr'><strong>iu</strong></span> <span class='ocrx_word' id='word_1_768' title='bbox 2118 3558 2309 3628; x_wconf 92' lang='lat' dir='ltr'><strong>quibus</strong></span> <span class='ocrx_word' id='word_1_769' title='bbox 2324 3567 2539 3613; x_wconf 86' lang='lat' dir='ltr'><strong>exercet</strong></span> <span class='ocrx_word' id='word_1_770' title='bbox 2567 3566 2621 3614; x_wconf 89' lang='lat' dir='ltr'><strong>et</strong></span> <span class='ocrx_word' id='word_1_771' title='bbox 2648 3558 2850 3629; x_wconf 89' lang='lat' dir='ltr'><strong>perlicit</strong></span> <span class='ocrx_word' id='word_1_772' title='bbox 2867 3558 3203 3612; x_wconf 87' lang='lat' dir='ltr'><strong>dilectionem</strong></span> <span class='ocrx_word' id='word_1_773' title='bbox 3228 3566 3486 3621; x_wconf 86' lang='lat' dir='ltr'><strong>nostram,</strong></span> 
     </span>
    </p>
   </div>
   <div class='ocr_carea' id='block_1_98' title="bbox 1908 3649 3489 3724">
    <p class='ocr_par' dir='ltr' id='par_1_98' title="bbox 1908 3649 3489 3724">
     <span class='ocr_line' id='line_1_98' title="bbox 1908 3649 3489 3724; baseline -0.003 -17"><span class='ocrx_word' id='word_1_774' title='bbox 1908 3668 2066 3724; x_wconf 91' lang='lat' dir='ltr'><strong>quam</strong></span> <span class='ocrx_word' id='word_1_775' title='bbox 2095 3654 2203 3707; x_wconf 80' lang='lat' dir='ltr'><strong>vult</strong></span> <span class='ocrx_word' id='word_1_776' title='bbox 2230 3651 2443 3707; x_wconf 80' lang='lat' dir='ltr'><strong>extendi</strong></span> <span class='ocrx_word' id='word_1_777' title='bbox 2470 3666 2635 3722; x_wconf 81' lang='lat' dir='ltr'><strong>usque</strong></span> <span class='ocrx_word' id='word_1_778' title='bbox 2658 3651 2723 3705; x_wconf 91' lang='lat' dir='ltr'><strong>ad</strong></span> <span class='ocrx_word' id='word_1_779' title='bbox 2747 3652 3006 3706; x_wconf 87' lang='lat' dir='ltr'><strong>inimicos.</strong></span> <span class='ocrx_word' id='word_1_780' title='bbox 3036 3650 3216 3718; x_wconf 89' lang='lat' dir='ltr'><strong>Neque</strong></span> <span class='ocrx_word' id='word_1_781' title='bbox 3241 3649 3382 3703; x_wconf 90' lang='lat' dir='ltr'><strong>cnim</strong></span> <span class='ocrx_word' id='word_1_782' title='bbox 3407 3658 3489 3705; x_wconf 89' lang='lat' dir='ltr'><strong>est</strong></span> 
     </span>
    </p>
   </div>
   <div class='ocr_carea' id='block_1_99' title="bbox 1909 3739 3489 3815">
    <p class='ocr_par' dir='ltr' id='par_1_99' title="bbox 1909 3739 3489 3815">
     <span class='ocr_line' id='line_1_99' title="bbox 1909 3739 3489 3815; baseline -0.005 -15"><span class='ocrx_word' id='word_1_783' title='bbox 1909 3745 2139 3815; x_wconf 88' lang='lat' dir='ltr'><strong>perfecta</strong></span> <span class='ocrx_word' id='word_1_784' title='bbox 2186 3744 2404 3799; x_wconf 88' lang='lat' dir='ltr'><strong>dilectio</strong></span> <span class='ocrx_word' id='word_1_785' title='bbox 2448 3743 2758 3811; x_wconf 90' lang='lat' dir='ltr'><strong>christiani,</strong></span> <span class='ocrx_word' id='word_1_786' title='bbox 2802 3742 2904 3797; x_wconf 90' lang='lat' dir='ltr'><strong>nisi</strong></span> <span class='ocrx_word' id='word_1_787' title='bbox 2948 3756 3067 3797; x_wconf 91' lang='lat' dir='ltr'><strong>cum</strong></span> <span class='ocrx_word' id='word_1_788' title='bbox 3121 3741 3304 3809; x_wconf 84' lang='lat' dir='ltr'><strong>implet</strong></span> <span class='ocrx_word' id='word_1_789' title='bbox 3347 3739 3489 3809; x_wconf 75' lang='lat' dir='ltr'><strong>quod</strong></span> 
     </span>
    </p>
   </div>
   <div class='ocr_carea' id='block_1_100' title="bbox 1907 3820 3490 3904">
    <p class='ocr_par' dir='ltr' id='par_1_100' title="bbox 1907 3820 3490 3904">
     <span class='ocr_line' id='line_1_100' title="bbox 1907 3820 3490 3904; baseline -0.006 -12"><span class='ocrx_word' id='word_1_790' title='bbox 1907 3836 2152 3892; x_wconf 89' lang='lat' dir='ltr'><strong>Christus</strong></span> <span class='ocrx_word' id='word_1_791' title='bbox 2179 3835 2431 3904; x_wconf 72' lang='lat' dir='ltr'><strong>prmcepit</strong></span> <span class='ocrx_word' id='word_1_792' title='bbox 2460 3852 2473 3886; x_wconf 89' lang='lat'><strong>:</strong></span> <span class='ocrx_word' id='word_1_793' title='bbox 2504 3834 2712 3903; x_wconf 88' lang='lat' dir='ltr'><strong>Diligite</strong></span> <span class='ocrx_word' id='word_1_794' title='bbox 2730 3820 3188 3895; x_wconf 51' lang='lat' dir='ltr'><strong>iuinticofuestros,</strong></span> <span class='ocrx_word' id='word_1_795' title='bbox 3218 3830 3490 3901; x_wconf 75' lang='lat' dir='ltr'><strong>benefacitc</strong></span> 
     </span>
    </p>
   </div>
   <div class='ocr_carea' id='block_1_101' title="bbox 1910 3924 3485 3996">
    <p class='ocr_par' dir='ltr' id='par_1_101' title="bbox 1910 3924 3485 3996">
     <span class='ocr_line' id='line_1_101' title="bbox 1910 3924 3485 3996; baseline -0.006 -13"><span class='ocrx_word' id='word_1_796' title='bbox 1910 3930 1988 3983; x_wconf 88' lang='lat' dir='ltr'><strong>his</strong></span> <span class='ocrx_word' id='word_1_797' title='bbox 2014 3928 2100 3996; x_wconf 86' lang='lat' dir='ltr'><strong>qui</strong></span> <span class='ocrx_word' id='word_1_798' title='bbox 2128 3943 2213 3981; x_wconf 83' lang='lat' dir='ltr'><strong>vos</strong></span> <span class='ocrx_word' id='word_1_799' title='bbox 2237 3927 2472 3990; x_wconf 88' lang='lat' dir='ltr'><strong>oderunt,</strong></span> <span class='ocrx_word' id='word_1_800' title='bbox 2496 3934 2545 3979; x_wconf 89' lang='lat' dir='ltr'><strong>et</strong></span> <span class='ocrx_word' id='word_1_801' title='bbox 2572 3934 2714 3978; x_wconf 90' lang='lat' dir='ltr'><strong>orate</strong></span> <span class='ocrx_word' id='word_1_802' title='bbox 2742 3940 2834 3994; x_wconf 87' lang='lat' dir='ltr'><strong>pro</strong></span> <span class='ocrx_word' id='word_1_803' title='bbox 2860 3924 2930 3976; x_wconf 89' lang='lat' dir='ltr'><strong>eis</strong></span> <span class='ocrx_word' id='word_1_804' title='bbox 2958 3926 3040 3992; x_wconf 85' lang='lat' dir='ltr'><strong>qui</strong></span> <span class='ocrx_word' id='word_1_805' title='bbox 3067 3937 3152 3973; x_wconf 80' lang='lat' dir='ltr'><strong>vos</strong></span> <span class='ocrx_word' id='word_1_806' title='bbox 3176 3936 3485 3989; x_wconf 79' lang='lat' dir='ltr'><strong>persequun-</strong></span> 
     </span>
    </p>
   </div>
   <div class='ocr_carea' id='block_1_102' title="bbox 1910 4011 3488 4088">
    <p class='ocr_par' dir='ltr' id='par_1_102' title="bbox 1910 4011 3488 4088">
     <span class='ocr_line' id='line_1_102' title="bbox 1910 4011 3488 4088; baseline -0.006 -14"><span class='ocrx_word' id='word_1_807' title='bbox 1910 4030 1990 4074; x_wconf 88' lang='lat' dir='ltr'><strong>tur</strong></span> <span class='ocrx_word' id='word_1_808' title='bbox 2018 4016 2233 4088; x_wconf 82' lang='lat' dir='ltr'><strong>(Matth.</strong></span> <span class='ocrx_word' id='word_1_809' title='bbox 2266 4032 2319 4083; x_wconf 77' lang='grc' dir='ltr'><strong>ν,</strong></span> <span class='ocrx_word' id='word_1_810' title='bbox 2352 4015 2481 4085; x_wconf 70' lang='grc'><strong>44).</strong></span> <span class='ocrx_word' id='word_1_811' title='bbox 2514 4016 2648 4070; x_wconf 81' lang='lat' dir='ltr'><strong>Hinc</strong></span> <span class='ocrx_word' id='word_1_812' title='bbox 2676 4015 2789 4084; x_wconf 88' lang='lat' dir='ltr'><strong>ipse</strong></span> <span class='ocrx_word' id='word_1_813' title='bbox 2816 4013 3059 4067; x_wconf 89' lang='lat' dir='ltr'><strong>diabolus</strong></span> <span class='ocrx_word' id='word_1_814' title='bbox 3086 4012 3334 4077; x_wconf 79' lang='lat' dir='ltr'><strong>vincitur,</strong></span> <span class='ocrx_word' id='word_1_815' title='bbox 3365 4011 3488 4065; x_wconf 89' lang='lat' dir='ltr'><strong>hinc</strong></span> 
     </span>
    </p>
   </div>
   <div class='ocr_carea' id='block_1_103' title="bbox 1910 4104 3487 4178">
    <p class='ocr_par' dir='ltr' id='par_1_103' title="bbox 1910 4104 3487 4178">
     <span class='ocr_line' id='line_1_103' title="bbox 1910 4104 3487 4178; baseline -0.006 -11"><span class='ocrx_word' id='word_1_816' title='bbox 1910 4111 2151 4167; x_wconf 62' lang='lat' dir='ltr'><strong>victoriae</strong></span> <span class='ocrx_word' id='word_1_817' title='bbox 2188 4124 2385 4164; x_wconf 91' lang='lat' dir='ltr'><strong>corona</strong></span> <span class='ocrx_word' id='word_1_818' title='bbox 2425 4108 2733 4178; x_wconf 89' lang='lat' dir='ltr'><strong>percipitur.</strong></span> <span class='ocrx_word' id='word_1_819' title='bbox 2775 4106 2913 4161; x_wconf 82' lang='lat' dir='ltr'><strong>Ecce</strong></span> <span class='ocrx_word' id='word_1_820' title='bbox 2941 4114 3136 4175; x_wconf 88' lang='lat' dir='ltr'><strong>quanta</strong></span> <span class='ocrx_word' id='word_1_821' title='bbox 3168 4104 3320 4158; x_wconf 90' lang='lat' dir='ltr'><strong>nobis</strong></span> <span class='ocrx_word' id='word_1_822' title='bbox 3350 4104 3487 4157; x_wconf 88' lang='lat' dir='ltr'><strong>Deus</strong></span> 
     </span>
    </p>
   </div>
   <div class='ocr_carea' id='block_1_104' title="bbox 1911 4194 3485 4276">
    <p class='ocr_par' dir='ltr' id='par_1_104' title="bbox 1911 4194 3485 4276">
     <span class='ocr_line' id='line_1_104' title="bbox 1911 4194 3485 4276; baseline -0.008 -16"><span class='ocrx_word' id='word_1_823' title='bbox 1911 4212 2126 4276; x_wconf 75' lang='lat' dir='ltr'><strong>prmstat</strong></span> <span class='ocrx_word' id='word_1_824' title='bbox 2149 4201 2216 4256; x_wconf 91' lang='lat' dir='ltr'><strong>dc</strong></span> <span class='ocrx_word' id='word_1_825' title='bbox 2244 4201 2395 4255; x_wconf 88' lang='lat' dir='ltr'><strong>malis</strong></span> <span class='ocrx_word' id='word_1_826' title='bbox 2420 4198 2722 4254; x_wconf 87' lang='lat' dir='ltr'><strong>hominibus</strong></span> <span class='ocrx_word' id='word_1_827' title='bbox 2748 4216 2759 4252; x_wconf 90' lang='lat'><strong>:</strong></span> <span class='ocrx_word' id='word_1_828' title='bbox 2783 4212 2879 4252; x_wconf 91' lang='lat' dir='ltr'><strong>nec</strong></span> <span class='ocrx_word' id='word_1_829' title='bbox 2908 4207 3081 4251; x_wconf 88' lang='lat' dir='ltr'><strong>tamen</strong></span> <span class='ocrx_word' id='word_1_830' title='bbox 3111 4194 3400 4251; x_wconf 85' lang='lat' dir='ltr'><strong>secundum</strong></span> <span class='ocrx_word' id='word_1_831' title='bbox 3434 4194 3485 4248; x_wconf 90' lang='lat' dir='ltr'><strong>id</strong></span> 
     </span>
    </p>
   </div>
   <div class='ocr_carea' id='block_1_105' title="bbox 1908 4285 3486 4369">
    <p class='ocr_par' dir='ltr' id='par_1_105' title="bbox 1908 4285 3486 4369">
     <span class='ocr_line' id='line_1_105' title="bbox 1908 4285 3486 4369; baseline -0.007 -17"><span class='ocrx_word' id='word_1_832' title='bbox 1908 4296 2049 4369; x_wconf 90' lang='lat' dir='ltr'><strong>quod</strong></span> <span class='ocrx_word' id='word_1_833' title='bbox 2078 4295 2146 4351; x_wconf 90' lang='lat' dir='ltr'><strong>de</strong></span> <span class='ocrx_word' id='word_1_834' title='bbox 2185 4294 2288 4349; x_wconf 91' lang='lat' dir='ltr'><strong>illis</strong></span> <span class='ocrx_word' id='word_1_835' title='bbox 2320 4293 2474 4348; x_wconf 89' lang='lat' dir='ltr'><strong>nobis</strong></span> <span class='ocrx_word' id='word_1_836' title='bbox 2501 4300 2756 4362; x_wconf 70' lang='lat' dir='ltr'><strong>prmstat,</strong></span> <span class='ocrx_word' id='word_1_837' title='bbox 2788 4288 2882 4345; x_wconf 91' lang='lat' dir='ltr'><strong>sed</strong></span> <span class='ocrx_word' id='word_1_838' title='bbox 2908 4286 3196 4343; x_wconf 90' lang='lat' dir='ltr'><strong>secundum</strong></span> <span class='ocrx_word' id='word_1_839' title='bbox 3228 4285 3486 4341; x_wconf 90' lang='lat' dir='ltr'><strong>malitiam</strong></span> 
     </span>
    </p>
   </div>
   <div class='ocr_carea' id='block_1_106' title="bbox 1908 4379 3486 4451">
    <p class='ocr_par' dir='ltr' id='par_1_106' title="bbox 1908 4379 3486 4451">
     <span class='ocr_line' id='line_1_106' title="bbox 1908 4379 3486 4451; baseline -0.008 -5"><span class='ocrx_word' id='word_1_840' title='bbox 1908 4405 2093 4448; x_wconf 87' lang='lat' dir='ltr'><strong>eorum</strong></span> <span class='ocrx_word' id='word_1_841' title='bbox 2135 4387 2397 4444; x_wconf 88' lang='lat' dir='ltr'><strong>retribuet</strong></span> <span class='ocrx_word' id='word_1_842' title='bbox 2434 4386 2532 4439; x_wconf 91' lang='lat' dir='ltr'><strong>eis.</strong></span> <span class='ocrx_word' id='word_1_843' title='bbox 2562 4383 2749 4439; x_wconf 83' lang='lat' dir='ltr'><strong>Videte</strong></span> <span class='ocrx_word' id='word_1_844' title='bbox 2774 4383 2915 4437; x_wconf 90' lang='lat' dir='ltr'><strong>enim</strong></span> <span class='ocrx_word' id='word_1_845' title='bbox 2942 4390 3135 4451; x_wconf 89' lang='lat' dir='ltr'><strong>quanta</strong></span> <span class='ocrx_word' id='word_1_846' title='bbox 3165 4379 3317 4434; x_wconf 87' lang='lat' dir='ltr'><strong>nobis</strong></span> <span class='ocrx_word' id='word_1_847' title='bbox 3346 4394 3486 4449; x_wconf 74' lang='lat' dir='ltr'><strong>prte-</strong></span> 
     </span>
    </p>
   </div>
   <div class='ocr_carea' id='block_1_107' title="bbox 1908 4472 3484 4549">
    <p class='ocr_par' dir='ltr' id='par_1_107' title="bbox 1908 4472 3484 4549">
     <span class='ocr_line' id='line_1_107' title="bbox 1908 4472 3484 4549; baseline -0.009 -12"><span class='ocrx_word' id='word_1_848' title='bbox 1908 4482 2045 4538; x_wconf 91' lang='lat' dir='ltr'><strong>stitit</strong></span> <span class='ocrx_word' id='word_1_849' title='bbox 2085 4480 2154 4535; x_wconf 90' lang='lat' dir='ltr'><strong>de</strong></span> <span class='ocrx_word' id='word_1_850' title='bbox 2202 4480 2318 4549; x_wconf 90' lang='lat' dir='ltr'><strong>ipso</strong></span> <span class='ocrx_word' id='word_1_851' title='bbox 2364 4475 2751 4531; x_wconf 90' lang='lat' dir='ltr'><strong>immanissimo</strong></span> <span class='ocrx_word' id='word_1_852' title='bbox 2788 4474 2994 4529; x_wconf 90' lang='lat' dir='ltr'><strong>scelere</strong></span> <span class='ocrx_word' id='word_1_853' title='bbox 3020 4472 3169 4527; x_wconf 70' lang='lat' dir='ltr'><strong>Judie</strong></span> <span class='ocrx_word' id='word_1_854' title='bbox 3194 4472 3484 4527; x_wconf 89' lang='lat' dir='ltr'><strong>traditoris.</strong></span> 
     </span>
    </p>
   </div>
   <div class='ocr_carea' id='block_1_108' title="bbox 1907 4564 3491 4641">
    <p class='ocr_par' dir='ltr' id='par_1_108' title="bbox 1907 4564 3491 4641">
     <span class='ocr_line' id='line_1_108' title="bbox 1907 4564 3491 4641; baseline -0.008 -12"><span class='ocrx_word' id='word_1_855' title='bbox 1907 4572 2072 4629; x_wconf 85' lang='lat' dir='ltr'><strong>Judas</strong></span> <span class='ocrx_word' id='word_1_856' title='bbox 2098 4571 2293 4641; x_wconf 86' lang='lat' dir='ltr'><strong>quippe</strong></span> <span class='ocrx_word' id='word_1_857' title='bbox 2323 4567 2542 4623; x_wconf 89' lang='lat' dir='ltr'><strong>tradidit</strong></span> <span class='ocrx_word' id='word_1_858' title='bbox 2582 4565 2651 4621; x_wconf 90' lang='lat' dir='ltr'><strong>ad</strong></span> <span class='ocrx_word' id='word_1_859' title='bbox 2696 4565 2998 4636; x_wconf 89' lang='lat' dir='ltr'><strong>passionem</strong></span> <span class='ocrx_word' id='word_1_860' title='bbox 3036 4564 3227 4619; x_wconf 85' lang='lat' dir='ltr'><strong>Filium</strong></span> <span class='ocrx_word' id='word_1_861' title='bbox 3260 4565 3393 4630; x_wconf 90' lang='lat' dir='ltr'><strong>Dei,</strong></span> <span class='ocrx_word' id='word_1_862' title='bbox 3434 4573 3491 4617; x_wconf 92' lang='lat' dir='ltr'><strong>et</strong></span> 
     </span>
    </p>
   </div>
   <div class='ocr_carea' id='block_1_109' title="bbox 1907 4658 3491 4735">
    <p class='ocr_par' dir='ltr' id='par_1_109' title="bbox 1907 4658 3491 4735">
     <span class='ocr_line' id='line_1_109' title="bbox 1907 4658 3491 4735; baseline -0.005 -16"><span class='ocrx_word' id='word_1_863' title='bbox 1907 4680 2005 4735; x_wconf 87' lang='lat' dir='ltr'><strong>per</strong></span> <span class='ocrx_word' id='word_1_864' title='bbox 2029 4664 2330 4735; x_wconf 88' lang='lat' dir='ltr'><strong>passionem</strong></span> <span class='ocrx_word' id='word_1_865' title='bbox 2362 4660 2479 4716; x_wconf 85' lang='lat' dir='ltr'><strong>Filii</strong></span> <span class='ocrx_word' id='word_1_866' title='bbox 2509 4659 2601 4715; x_wconf 90' lang='lat' dir='ltr'><strong>Dei</strong></span> <span class='ocrx_word' id='word_1_867' title='bbox 2628 4673 2816 4715; x_wconf 89' lang='lat' dir='ltr'><strong>omnes</strong></span> <span class='ocrx_word' id='word_1_868' title='bbox 2842 4668 3027 4729; x_wconf 84' lang='lat' dir='ltr'><strong>gentes</strong></span> <span class='ocrx_word' id='word_1_869' title='bbox 3051 4658 3342 4728; x_wconf 67' lang='lat' dir='ltr'><strong>redempta:</strong></span> <span class='ocrx_word' id='word_1_870' title='bbox 3367 4666 3491 4712; x_wconf 90' lang='lat' dir='ltr'><strong>sunt</strong></span> 
     </span>
    </p>
   </div>
   <div class='ocr_carea' id='block_1_110' title="bbox 1908 4749 3493 4819">
    <p class='ocr_par' dir='ltr' id='par_1_110' title="bbox 1908 4749 3493 4819">
     <span class='ocr_line' id='line_1_110' title="bbox 1908 4749 3493 4819; baseline -0.004 -10"><span class='ocrx_word' id='word_1_871' title='bbox 1908 4754 1976 4809; x_wconf 91' lang='lat' dir='ltr'><strong>ad</strong></span> <span class='ocrx_word' id='word_1_872' title='bbox 2005 4753 2231 4808; x_wconf 90' lang='lat' dir='ltr'><strong>salutem</strong></span> <span class='ocrx_word' id='word_1_873' title='bbox 2260 4770 2275 4806; x_wconf 90' lang='lat'><strong>:</strong></span> <span class='ocrx_word' id='word_1_874' title='bbox 2306 4765 2404 4806; x_wconf 91' lang='lat' dir='ltr'><strong>nec</strong></span> <span class='ocrx_word' id='word_1_875' title='bbox 2450 4758 2627 4805; x_wconf 90' lang='lat' dir='ltr'><strong>tamen</strong></span> <span class='ocrx_word' id='word_1_876' title='bbox 2670 4764 2766 4819; x_wconf 93' lang='lat' dir='ltr'><strong>pro</strong></span> <span class='ocrx_word' id='word_1_877' title='bbox 2808 4750 2977 4804; x_wconf 88' lang='lat' dir='ltr'><strong>salute</strong></span> <span class='ocrx_word' id='word_1_878' title='bbox 3020 4749 3255 4819; x_wconf 87' lang='lat' dir='ltr'><strong>gentium</strong></span> <span class='ocrx_word' id='word_1_879' title='bbox 3284 4762 3493 4803; x_wconf 80' lang='lat' dir='ltr'><strong>merces</strong></span> 
     </span>
    </p>
   </div>
   <div class='ocr_carea' id='block_1_111' title="bbox 1908 4840 3487 4912">
    <p class='ocr_par' dir='ltr' id='par_1_111' title="bbox 1908 4840 3487 4912">
     <span class='ocr_line' id='line_1_111' title="bbox 1908 4840 3487 4912; baseline -0.005 -12"><span class='ocrx_word' id='word_1_880' title='bbox 1908 4844 2116 4901; x_wconf 89' lang='lat' dir='ltr'><strong>reddita</strong></span> <span class='ocrx_word' id='word_1_881' title='bbox 2143 4851 2224 4898; x_wconf 89' lang='lat' dir='ltr'><strong>est</strong></span> <span class='ocrx_word' id='word_1_882' title='bbox 2253 4841 2403 4898; x_wconf 61' lang='lat' dir='ltr'><strong>ludas</strong></span> <span class='ocrx_word' id='word_1_883' title='bbox 2423 4882 2439 4907; x_wconf 95' lang='lat'><strong>,</strong></span> <span class='ocrx_word' id='word_1_884' title='bbox 2469 4840 2562 4896; x_wconf 89' lang='lat' dir='ltr'><strong>sed</strong></span> <span class='ocrx_word' id='word_1_885' title='bbox 2593 4856 2691 4912; x_wconf 92' lang='lat' dir='ltr'><strong>pro</strong></span> <span class='ocrx_word' id='word_1_886' title='bbox 2711 4840 2828 4909; x_wconf 88' lang='lat' dir='ltr'><strong>ejus</strong></span> <span class='ocrx_word' id='word_1_887' title='bbox 2856 4840 3055 4894; x_wconf 89' lang='lat' dir='ltr'><strong>malitia</strong></span> <span class='ocrx_word' id='word_1_888' title='bbox 3087 4840 3325 4896; x_wconf 88' lang='lat' dir='ltr'><strong>debitum</strong></span> <span class='ocrx_word' id='word_1_889' title='bbox 3358 4854 3487 4907; x_wconf 85' lang='lat' dir='ltr'><strong>sup-</strong></span> 
     </span>
    </p>
   </div>
   <div class='ocr_carea' id='block_1_112' title="bbox 1909 4929 3490 5006">
    <p class='ocr_par' dir='ltr' id='par_1_112' title="bbox 1909 4929 3490 5006">
     <span class='ocr_line' id='line_1_112' title="bbox 1909 4929 3490 5006; baseline -0.006 -17"><span class='ocrx_word' id='word_1_890' title='bbox 1909 4935 2127 5006; x_wconf 89' lang='lat' dir='ltr'><strong>plicium</strong></span> <span class='ocrx_word' id='word_1_891' title='bbox 2157 4930 2472 4988; x_wconf 89' lang='lat' dir='ltr'><strong>retributum</strong></span> <span class='ocrx_word' id='word_1_892' title='bbox 2499 4938 2600 4986; x_wconf 90' lang='lat' dir='ltr'><strong>est.</strong></span> <span class='ocrx_word' id='word_1_893' title='bbox 2651 4930 2783 4984; x_wconf 82' lang='lat' dir='ltr'><strong>Nam</strong></span> <span class='ocrx_word' id='word_1_894' title='bbox 2824 4931 2869 4985; x_wconf 92' lang='lat' dir='ltr'><strong>si</strong></span> <span class='ocrx_word' id='word_1_895' title='bbox 2916 4929 3130 4985; x_wconf 90' lang='lat' dir='ltr'><strong>traditio</strong></span> <span class='ocrx_word' id='word_1_896' title='bbox 3157 4929 3391 4994; x_wconf 87' lang='lat' dir='ltr'><strong>Christi,</strong></span> <span class='ocrx_word' id='word_1_897' title='bbox 3435 4938 3490 4981; x_wconf 89' lang='lat' dir='ltr'><strong>et</strong></span> 
     </span>
    </p>
   </div>
   <div class='ocr_carea' id='block_1_113' title="bbox 1910 5020 3492 5088">
    <p class='ocr_par' dir='ltr' id='par_1_113' title="bbox 1910 5020 3492 5088">
     <span class='ocr_line' id='line_1_113' title="bbox 1910 5020 3492 5088; baseline -0.006 -5"><span class='ocrx_word' id='word_1_898' title='bbox 1910 5045 2015 5084; x_wconf 89' lang='lat' dir='ltr'><strong>non</strong></span> <span class='ocrx_word' id='word_1_899' title='bbox 2062 5026 2319 5082; x_wconf 87' lang='lat' dir='ltr'><strong>tradentis</strong></span> <span class='ocrx_word' id='word_1_900' title='bbox 2362 5025 2569 5079; x_wconf 88' lang='lat' dir='ltr'><strong>animus</strong></span> <span class='ocrx_word' id='word_1_901' title='bbox 2613 5022 3035 5079; x_wconf 83' lang='lat' dir='ltr'><strong>considerandus</strong></span> <span class='ocrx_word' id='word_1_902' title='bbox 3076 5032 3194 5088; x_wconf 89' lang='lat' dir='ltr'><strong>est,</strong></span> <span class='ocrx_word' id='word_1_903' title='bbox 3226 5021 3327 5075; x_wconf 92' lang='lat' dir='ltr'><strong>hoc</strong></span> <span class='ocrx_word' id='word_1_904' title='bbox 3366 5020 3492 5075; x_wconf 85' lang='lat' dir='ltr'><strong>fecit</strong></span> 
     </span>
    </p>
   </div>
   <div class='ocr_carea' id='block_1_114' title="bbox 1908 5115 3486 5190">
    <p class='ocr_par' dir='ltr' id='par_1_114' title="bbox 1908 5115 3486 5190">
     <span class='ocr_line' id='line_1_114' title="bbox 1908 5115 3486 5190; baseline -0.01 -11"><span class='ocrx_word' id='word_1_905' title='bbox 1908 5121 2074 5179; x_wconf 73' lang='lat' dir='ltr'><strong>ludas</strong></span> <span class='ocrx_word' id='word_1_906' title='bbox 2122 5118 2265 5190; x_wconf 91' lang='lat' dir='ltr'><strong>quod</strong></span> <span class='ocrx_word' id='word_1_907' title='bbox 2312 5118 2436 5174; x_wconf 89' lang='lat' dir='ltr'><strong>fecit</strong></span> <span class='ocrx_word' id='word_1_908' title='bbox 2471 5116 2610 5172; x_wconf 88' lang='lat' dir='ltr'><strong>Deus</strong></span> <span class='ocrx_word' id='word_1_909' title='bbox 2640 5116 2798 5172; x_wconf 85' lang='lat' dir='ltr'><strong>Pater</strong></span> <span class='ocrx_word' id='word_1_910' title='bbox 2818 5158 2832 5182; x_wconf 96' lang='lat'><strong>,</strong></span> <span class='ocrx_word' id='word_1_911' title='bbox 2864 5116 2931 5171; x_wconf 89' lang='lat' dir='ltr'><strong>de</strong></span> <span class='ocrx_word' id='word_1_912' title='bbox 2959 5129 3063 5185; x_wconf 91' lang='lat' dir='ltr'><strong>quo</strong></span> <span class='ocrx_word' id='word_1_913' title='bbox 3087 5115 3340 5182; x_wconf 91' lang='lat' dir='ltr'><strong>scriptum</strong></span> <span class='ocrx_word' id='word_1_914' title='bbox 3379 5122 3486 5175; x_wconf 86' lang='lat' dir='ltr'><strong>est,</strong></span> 
     </span>
    </p>
   </div>
   <div class='ocr_carea' id='block_1_115' title="bbox 1908 5203 3489 5284">
    <p class='ocr_par' dir='ltr' id='par_1_115' title="bbox 1908 5203 3489 5284">
     <span class='ocr_line' id='line_1_115' title="bbox 1908 5203 3489 5284; baseline -0.008 -16"><span class='ocrx_word' id='word_1_915' title='bbox 1908 5215 2031 5284; x_wconf 88' lang='lat' dir='ltr'><strong>quia</strong></span> <span class='ocrx_word' id='word_1_916' title='bbox 2061 5210 2201 5266; x_wconf 84' lang='lat' dir='ltr'><strong>Filio</strong></span> <span class='ocrx_word' id='word_1_917' title='bbox 2236 5210 2444 5281; x_wconf 86' lang='lat' dir='ltr'><strong>praprio</strong></span> <span class='ocrx_word' id='word_1_918' title='bbox 2465 5225 2565 5262; x_wconf 90' lang='lat' dir='ltr'><strong>non</strong></span> <span class='ocrx_word' id='word_1_919' title='bbox 2587 5210 2830 5278; x_wconf 83' lang='lat' dir='ltr'><strong>pepercit,</strong></span> <span class='ocrx_word' id='word_1_920' title='bbox 2857 5208 2945 5261; x_wconf 87' lang='lat' dir='ltr'><strong>sed</strong></span> <span class='ocrx_word' id='word_1_921' title='bbox 2982 5222 3073 5274; x_wconf 87' lang='lat' dir='ltr'><strong>pro</strong></span> <span class='ocrx_word' id='word_1_922' title='bbox 3095 5203 3238 5257; x_wconf 83' lang='lat' dir='ltr'><strong>nobis</strong></span> <span class='ocrx_word' id='word_1_923' title='bbox 3261 5203 3489 5255; x_wconf 87' lang='lat' dir='ltr'><strong>omnibus</strong></span> 
     </span>
    </p>
   </div>
   <div class='ocr_carea' id='block_1_116' title="bbox 1909 5296 3487 5373">
    <p class='ocr_par' dir='ltr' id='par_1_116' title="bbox 1909 5296 3487 5373">
     <span class='ocr_line' id='line_1_116' title="bbox 1909 5296 3487 5373; baseline -0.008 -10"><span class='ocrx_word' id='word_1_924' title='bbox 1909 5308 2119 5363; x_wconf 86' lang='lat' dir='ltr'><strong>tradidit</strong></span> <span class='ocrx_word' id='word_1_925' title='bbox 2147 5306 2294 5360; x_wconf 84' lang='lat' dir='ltr'><strong>illum</strong></span> <span class='ocrx_word' id='word_1_926' title='bbox 2324 5304 2498 5373; x_wconf 82' lang='lat' dir='ltr'><strong>(Rom.</strong></span> <span class='ocrx_word' id='word_1_927' title='bbox 2529 5319 2621 5357; x_wconf 82' lang='lat' dir='ltr'><strong>vm</strong></span> <span class='ocrx_word' id='word_1_928' title='bbox 2643 5342 2658 5367; x_wconf 93' lang='lat'><strong>,</strong></span> <span class='ocrx_word' id='word_1_929' title='bbox 2687 5301 2798 5371; x_wconf 77' lang='lat'><strong>&#39;59.).</strong></span> <span class='ocrx_word' id='word_1_930' title='bbox 2832 5300 2943 5355; x_wconf 85' lang='lat' dir='ltr'><strong>Hoc</strong></span> <span class='ocrx_word' id='word_1_931' title='bbox 2970 5298 3092 5352; x_wconf 80' lang='lat' dir='ltr'><strong>fecit</strong></span> <span class='ocrx_word' id='word_1_932' title='bbox 3116 5296 3279 5350; x_wconf 77' lang='lat' dir='ltr'><strong>Judas</strong></span> <span class='ocrx_word' id='word_1_933' title='bbox 3298 5337 3313 5362; x_wconf 95' lang='lat'><strong>,</strong></span> <span class='ocrx_word' id='word_1_934' title='bbox 3345 5297 3487 5365; x_wconf 90' lang='lat' dir='ltr'><strong>quod</strong></span> 
     </span>
    </p>
   </div>
   <div class='ocr_carea' id='block_1_117' title="bbox 1910 5387 3488 5466">
    <p class='ocr_par' dir='ltr' id='par_1_117' title="bbox 1910 5387 3488 5466">
     <span class='ocr_line' id='line_1_117' title="bbox 1910 5387 3488 5466; baseline -0.011 -10"><span class='ocrx_word' id='word_1_935' title='bbox 1910 5398 2039 5455; x_wconf 86' lang='lat' dir='ltr'><strong>fecit</strong></span> <span class='ocrx_word' id='word_1_936' title='bbox 2085 5399 2197 5466; x_wconf 86' lang='lat' dir='ltr'><strong>ipso</strong></span> <span class='ocrx_word' id='word_1_937' title='bbox 2239 5395 2494 5450; x_wconf 90' lang='lat' dir='ltr'><strong>Dominus</strong></span> <span class='ocrx_word' id='word_1_938' title='bbox 2538 5392 2815 5456; x_wconf 89' lang='lat' dir='ltr'><strong>Christus,</strong></span> <span class='ocrx_word' id='word_1_939' title='bbox 2855 5388 2922 5445; x_wconf 91' lang='lat' dir='ltr'><strong>de</strong></span> <span class='ocrx_word' id='word_1_940' title='bbox 2947 5402 3053 5457; x_wconf 90' lang='lat' dir='ltr'><strong>quo</strong></span> <span class='ocrx_word' id='word_1_941' title='bbox 3082 5387 3339 5457; x_wconf 88' lang='lat' dir='ltr'><strong>scriptum</strong></span> <span class='ocrx_word' id='word_1_942' title='bbox 3371 5395 3488 5451; x_wconf 92' lang='lat' dir='ltr'><strong>est,</strong></span> 
     </span>
    </p>
   </div>
   <div class='ocr_carea' id='block_1_118' title="bbox 1917 5480 3490 5559">
    <p class='ocr_par' dir='ltr' id='par_1_118' title="bbox 1917 5480 3490 5559">
     <span class='ocr_line' id='line_1_118' title="bbox 1917 5480 3490 5559; baseline -0.006 -15"><span class='ocrx_word' id='word_1_943' title='bbox 1917 5491 2017 5559; x_wconf 85' lang='lat' dir='ltr'><strong>Qui</strong></span> <span class='ocrx_word' id='word_1_944' title='bbox 2060 5489 2280 5558; x_wconf 88' lang='lat' dir='ltr'><strong>seipsum</strong></span> <span class='ocrx_word' id='word_1_945' title='bbox 2318 5485 2528 5540; x_wconf 90' lang='lat' dir='ltr'><strong>tradidit</strong></span> <span class='ocrx_word' id='word_1_946' title='bbox 2570 5501 2662 5557; x_wconf 83' lang='lat' dir='ltr'><strong>pro</strong></span> <span class='ocrx_word' id='word_1_947' title='bbox 2705 5482 2845 5537; x_wconf 87' lang='lat' dir='ltr'><strong>nobis</strong></span> <span class='ocrx_word' id='word_1_948' title='bbox 2872 5481 3173 5535; x_wconf 85' lang='lat' dir='ltr'><strong>oblationem</strong></span> <span class='ocrx_word' id='word_1_949' title='bbox 3198 5488 3245 5534; x_wconf 90' lang='lat' dir='ltr'><strong>et</strong></span> <span class='ocrx_word' id='word_1_950' title='bbox 3274 5480 3490 5536; x_wconf 89' lang='lat' dir='ltr'><strong>hostiam</strong></span> 
     </span>
    </p>
   </div>
   <div class='ocr_carea' id='block_1_119' title="bbox 1915 5569 3490 5639">
    <p class='ocr_par' dir='ltr' id='par_1_119' title="bbox 1915 5569 3490 5639">
     <span class='ocr_line' id='line_1_119' title="bbox 1915 5569 3490 5639; baseline -0.007 -3"><span class='ocrx_word' id='word_1_951' title='bbox 1915 5580 2025 5636; x_wconf 89' lang='lat' dir='ltr'><strong>Deo</strong></span> <span class='ocrx_word' id='word_1_952' title='bbox 2052 5580 2106 5634; x_wconf 90' lang='lat' dir='ltr'><strong>in</strong></span> <span class='ocrx_word' id='word_1_953' title='bbox 2147 5578 2352 5633; x_wconf 82' lang='lat' dir='ltr'><strong>adorent</strong></span> <span class='ocrx_word' id='word_1_954' title='bbox 2375 5575 2635 5631; x_wconf 86' lang='lat' dir='ltr'><strong>suavitatis</strong></span> <span class='ocrx_word' id='word_1_955' title='bbox 2666 5589 2685 5627; x_wconf 88' lang='lat'><strong><em>:</em></strong></span> <span class='ocrx_word' id='word_1_956' title='bbox 2713 5582 2765 5626; x_wconf 91' lang='lat' dir='ltr'><strong>et</strong></span> <span class='ocrx_word' id='word_1_957' title='bbox 2795 5572 2984 5625; x_wconf 88' lang='lat' dir='ltr'><strong>iterum</strong></span> <span class='ocrx_word' id='word_1_958' title='bbox 3006 5611 3021 5637; x_wconf 93' lang='lat'><strong>,</strong></span> <span class='ocrx_word' id='word_1_959' title='bbox 3053 5570 3199 5628; x_wconf 87' lang='lat' dir='ltr'><strong>Sicut</strong></span> <span class='ocrx_word' id='word_1_960' title='bbox 3226 5569 3490 5639; x_wconf 82' lang='lat' dir='ltr'><strong>Christus,</strong></span> 
     </span>
    </p>
   </div>
   <div class='ocr_carea' id='block_1_120' title="bbox 1980 5750 3424 5823">
    <p class='ocr_par' dir='ltr' id='par_1_120' title="bbox 1980 5750 3424 5823">
     <span class='ocr_line' id='line_1_120' title="bbox 1980 5750 3424 5823; baseline -0.013 -3"><span class='ocrx_word' id='word_1_961' title='bbox 1980 5770 1993 5799; x_wconf 79' lang='grc'><strong>³</strong></span> <span class='ocrx_word' id='word_1_962' title='bbox 2024 5772 2099 5819; x_wconf 73' lang='lat' dir='ltr'><strong>Et.</strong></span> <span class='ocrx_word' id='word_1_963' title='bbox 2122 5773 2258 5815; x_wconf 55' lang='lat' dir='ltr'><strong>Vena</strong></span> <span class='ocrx_word' id='word_1_964' title='bbox 2290 5772 2406 5812; x_wconf 74' lang='lat' dir='ltr'><strong>rum</strong></span> <span class='ocrx_word' id='word_1_965' title='bbox 2429 5772 2541 5823; x_wconf 87' lang='lat' dir='ltr'><strong>ergo</strong></span> <span class='ocrx_word' id='word_1_966' title='bbox 2564 5754 2646 5821; x_wconf 67' lang='lat' dir='ltr'><strong>qui</strong></span> <span class='ocrx_word' id='word_1_967' title='bbox 2676 5755 2776 5807; x_wconf 77' lang='lat' dir='ltr'><strong>tibi.</strong></span> <span class='ocrx_word' id='word_1_968' title='bbox 2804 5762 2933 5804; x_wconf 56' lang='lat' dir='ltr'><strong>tam:</strong></span> <span class='ocrx_word' id='word_1_969' title='bbox 2957 5764 3055 5805; x_wconf 68' lang='lat' dir='ltr'><strong>(ur</strong></span> <span class='ocrx_word' id='word_1_970' title='bbox 3072 5764 3186 5817; x_wconf 65' lang='lat' dir='ltr'><strong>ergo</strong></span> <span class='ocrx_word' id='word_1_971' title='bbox 3207 5750 3309 5803; x_wconf 74' lang='lat' dir='ltr'><strong>tibi.</strong></span> <span class='ocrx_word' id='word_1_972' title='bbox 3367 5759 3424 5801; x_wconf 69' lang='lat' dir='ltr'><strong>at.</strong></span> 
     </span>
    </p>
   </div>
  </div>
