4056 6476
598 396 733 456 1215

592 505 793 577 inquit,
825 508 1003 562 dilexit
1031 507 1311 562 Ecclesium
1331 548 1345 572 ,
1375 516 1420 562 et
1465 508 1684 578 seipsum
1728 511 1938 564 tradidit
1972 529 2069 582 pro
2113 529 2171 565 ea

591 594 807 667 (Ep/tes.
838 614 891 665 v,
920 597 988 663 2,
1016 598 1086 652 25
1111 600 1150 665 ).
1180 598 1248 652 Et
1274 606 1450 652 tamen
1477 598 1673 667 gratias
1701 600 1904 669 agimus
1934 601 2044 655 Deo
2071 602 2171 654 Pa—

592 688 679 752 tri,
708 689 797 758 qui
826 688 980 743 unico
1008 689 1143 744 Filio
1170 704 1275 744 non
1307 691 1562 759 pepercit.
1589 690 1682 746 sed
1712 707 1807 761 pro
1826 693 1980 748 nobis
2001 693 2170 748 tradi-

590 779 667 834 dit
694 795 849 848 eum;
878 783 1079 851 gratias
1103 783 1313 852 agimus
1337 783 1436 851 ipsi
1479 782 1648 850 Filio,
1680 785 1770 853 qui
1797 786 2028 854 seipsum
2060 796 2167 840 tra-

587 871 719 926 didit
749 886 843 941 pro
876 872 1052 939 nobis,
1081 882 1135 927 et
1162 874 1212 927 in
1240 888 1306 928 eo
1330 874 1659 929 voluntatem
1703 875 1873 929 Patris
1899 876 2165 945 implevit:

588 973 641 1017 et
687 964 1014 1019 detestamur
1057 964 1248 1020 Judam
1271 1007 1285 1031 ,
1319 965 1385 1020 de
1414 965 1567 1034 cujus
1596 965 1736 1021 facto
1778 967 1931 1022 nobis
1963 978 2167 1022 tantum

587 1054 901 1109 beneﬁcium
930 1057 1177 1125 praestitit
1209 1056 1385 1121 Deus;
1419 1067 1472 1111 et
1498 1065 1642 1112 recte
1660 1057 1930 1127 dicimus,
1964 1059 2164 1114 Reddi-

586 1145 660 1199 dit
689 1146 738 1200 ei
768 1146 1023 1201 Dominus
1045 1147 1336 1202 secundum
1362 1147 1699 1217 iniquitatem
1729 1147 1866 1217 ejus,
1895 1158 1951 1204 et
1974 1164 2166 1205 secun-

586 1236 709 1291 dum
740 1239 996 1293 malitiam
1028 1240 1145 1309 ejus
1186 1238 1501 1309 disperdidit
1535 1256 1680 1295 eum.
1728 1240 1843 1295 Non
1888 1243 2030 1296 enim
2077 1242 2166 1297 ille

586 1345 683 1398 pro
712 1331 865 1386 nobis
888 1332 1103 1387 tradidit
1120 1331 1413 1394 Christum,
1433 1331 1525 1386 sed
1548 1347 1644 1401 pro
1664 1340 1886 1402 argento
1907 1348 2012 1402 quo
2037 1349 2165 1389 ven-

585 1422 720 1477 didit
759 1439 881 1478 eum
917 1441 929 1475 :
964 1424 1206 1493 quamvis
1237 1422 1450 1478 traditio
1475 1423 1671 1478 Christi
1698 1424 1768 1478 sit
1802 1433 1983 1479 nostra
2012 1439 2162 1480 rece-

588 1515 698 1581 ptio
723 1515 762 1578 ¹,
790 1523 844 1569 et
869 1514 1063 1569 Christi
1084 1514 1317 1569 venditio
1342 1514 1413 1570 sit
1442 1524 1625 1569 nostra
1650 1514 1971 1584 redemptio.
1994 1514 2083 1570 Sic
2110 1523 2165 1571 et

584 1604 661 1658 illi
683 1605 770 1675 qui
794 1615 1056 1676 martyres
1076 1605 1339 1675 persecuti
1366 1613 1510 1674 sunt,
1534 1605 1903 1676 persequendo
1922 1606 1974 1673 in
1997 1616 2159 1675 terra,

584 1696 638 1751 in
680 1697 874 1753 caelum
921 1698 1232 1764 mittebant;
1261 1706 1315 1754 et
1354 1698 1585 1754 scientes
1625 1697 1841 1769 quidem
1883 1699 2163 1767 praesentis

583 1788 704 1843 vitae
751 1788 1004 1843 damnum
1051 1788 1705 1859 inferebant,nescientes
1748 1798 1927 1845 autem
1974 1790 2163 1844 futura:

582 1878 705 1931 vita:
734 1878 938 1933 lucrum
966 1877 1349 1935 conferebant:
1377 1880 1698 1950 quicumque
1723 1889 1898 1935 tamen
1926 1895 2165 1950 perseve-

582 1979 832 2025 raverunt
850 1970 904 2025 in
925 1970 1048 2025 odio
1073 1971 1269 2040 injuste
1286 1972 1574 2041 justorum,
1601 1971 1789 2027 reddet
1807 1973 1886 2029 eis
1906 1973 2161 2029 Dominus

582 2061 873 2118 secundum
905 2062 1213 2132 iniquitates
1238 2078 1422 2117 eorum
1446 2105 1461 2130 ,
1487 2072 1544 2119 et
1577 2063 1871 2118 secundum
1901 2064 2159 2119 malitiam

583 2167 767 2208 eorum
790 2152 1057 2223 disperdet
1078 2168 1191 2208 eos.
1242 2154 1389 2209 Sicut
1417 2155 1559 2208 enim
1588 2153 1741 2209 malis
1766 2154 1921 2209 obest
1950 2154 2160 2212 bonitas

579 2241 863 2311 iustorum,
886 2245 963 2298 sic
989 2244 1144 2299 bonis
1173 2245 1391 2314 prodest
1413 2245 1663 2315 iniquitas
1692 2246 1997 2315 impiorum.
2025 2246 2159 2302 Nam

581 2344 635 2388 et
662 2335 914 2388 Dominus
937 2334 1087 2401 dicit,
1117 2334 1227 2406 Ego
1252 2338 1383 2403 veni,
1413 2347 1468 2391 ut
1496 2338 1583 2406 qui
1610 2353 1709 2391 non
1736 2337 1902 2391 vident
1928 2339 2154 2407 videant,

581 2434 626 2479 et
653 2428 737 2495 qui
765 2427 931 2481 vident
960 2428 1078 2483 cwci
1109 2430 1235 2497 ﬁant
1263 2429 1438 2499 (Joan.
1468 2445 1524 2483 ιιι
1544 2471 1558 2495 ,
1589 2430 1678 2501 59)
1709 2448 1722 2484 :
1752 2439 1806 2484 et
1833 2431 2156 2500 Apostolus,

578 2518 705 2572 Aliis
731 2519 953 2588 quidem,
974 2520 1161 2592 inquit,
1189 2538 1361 2576 sanius
1384 2523 1509 2576 odor
1528 2524 1640 2576 vitae
1668 2524 1719 2577 in
1742 2524 1914 2588 vitam,
1936 2524 2051 2578 aliis
2066 2541 2161 2578 au-

578 2620 674 2664 tem
714 2612 839 2666 odor
875 2614 1050 2667 mortis
1089 2613 1142 2667 in
1187 2624 1397 2667 mortem
1439 2613 1516 2683 (ll
1547 2612 1663 2668 Cor.
1698 2630 1768 2678 tt,
1802 2614 1916 2685 16).
1961 2614 2156 2670 Malitia

574 2712 703 2757 vero
728 2701 1026 2773 iniquorum
1048 2746 1062 2770 ,
1090 2704 1305 2758 sinistra
1348 2715 1472 2759 sunt
1497 2720 1643 2758 arma
1687 2704 1988 2773 justorum;
2020 2706 2158 2761 sicut

572 2791 715 2847 idem
744 2791 869 2847 dicit
895 2794 1190 2861 apostolus,
1220 2792 1324 2847 Per
1348 2810 1493 2847 arma
1512 2794 1723 2863 justitia:
1749 2794 1927 2848 dextra
1957 2804 2004 2849 et
2032 2797 2156 2849 sini-

573 2893 700 2950 stra,
735 2884 787 2938 id
809 2894 913 2949 est,
943 2902 1032 2955 per
1060 2886 1276 2956 gloriam
1304 2894 1349 2939 et
1378 2885 1738 2956 ignobilitatem
1761 2885 1870 2956 (Id.
1896 2902 1966 2953 γι,
1990 2887 2043 2953 7,
2062 2887 2149 2956 8):

570 2985 729 3046 atque
773 2978 843 3031 ita
886 2977 1139 3045 deinceps
1179 2987 1373 3033 caetera
1403 2978 1733 3047 exsequitur,
1767 2977 1956 3032 dextra
2004 2994 2151 3034 arma

570 3066 965 3135 demonstrans,
993 3069 1216 3139 gloriam
1246 3070 1363 3136 Dei,
1388 3070 1582 3124 famam
1599 3071 1814 3137 bonam,
1841 3072 2149 3127 veritatem'

578 3173 680 3227 qua
711 3158 1168 3229 cognoscebantur
1193 3158 1334 3229 quod
1358 3159 1625 3227 vivebant,
1659 3161 1799 3230 quod
1829 3177 1930 3215 non
1960 3163 2148 3216 morti-

566 3251 879 3317 licabantnr,
908 3251 1047 3321 quod
1077 3252 1410 3321 gaudebant,
1440 3252 1581 3321 quod
1627 3253 1823 3308 multos
1870 3254 2110 3309 ditabant
2131 3298 2144 3319 ,

566 3342 703 3412 quod
730 3344 908 3398 omnia
938 3344 1315 3413 possidebant;
1349 3344 1563 3400 sinistra
1590 3360 1737 3410 vero,
1762 3346 1903 3416 quod
1933 3348 2144 3417 ignobi-

565 3432 644 3487 les
669 3442 717 3488 et
743 3434 895 3489 mala:
921 3435 1073 3488 fama:
1102 3434 1453 3498 habebantur,
1479 3435 1619 3505 quod
1649 3436 1961 3491 seductorcs
1993 3450 2146 3507 puta-

563 3523 776 3591 bantur,
800 3524 941 3595 qnod
972 3525 1370 3595 ignorabantur,
1397 3526 1798 3593 occidebantur,
1822 3529 2147 3584 coerceban-

564 3626 671 3683 tur,
699 3616 1183 3681 contristabantur,
1216 3629 1376 3687 egere
1402 3632 1465 3673 ac
1495 3618 1627 3671 nihil
1658 3617 1857 3675 habere
1884 3619 2143 3676 videban-

564 3716 666 3761 tur.
716 3707 782 3760 Et
824 3707 949 3777 quid
990 3707 1180 3761 mirum
1221 3708 1267 3763 si
1311 3709 1508 3764 milites
1548 3706 1747 3764 Christi
1780 3719 1833 3764 et
1862 3710 2062 3765 dextris
2087 3722 2143 3769 et

561 3798 792 3853 sinistris
819 3800 983 3855 armis
1004 3800 1275 3855 diabolum
1298 3803 1633 3872 expugnant?
1659 3800 1808 3858 Sicut
1833 3814 2007 3859 autem
2037 3821 2141 3874 pax

559 3891 863 3947 hominibus
894 3894 1046 3949 bona:
1078 3894 1364 3950 voluntatis
1391 3894 1538 3964 (Luc.
1572 3912 1643 3959 ιι,
1669 3895 1809 3966 14),
1850 3906 1903 3952 et
1929 3898 2140 3967 quando

558 3993 683 4039 sunt
709 3984 828 4038 aliis
851 3983 984 4040 odor
1007 3986 1192 4041 mortis
1217 3986 1271 4041 in
1298 3995 1558 4051 mortem;
1588 3987 1667 4041 sic
1692 3987 1939 4043 interitus
1970 3988 2139 4043 homi-

558 4077 713 4132 nibus
741 4076 894 4131 make
918 4076 1228 4141 voluntatis,
1251 4086 1307 4131 et
1326 4076 1539 4148 quando
1562 4077 1723 4146 justis
1746 4095 1892 4133 arma
1923 4081 2135 4135 sinistra

558 4177 682 4222 sunt
716 4167 783 4222 ad
823 4168 1070 4222 salutem.
1125 4166 1307 4237 Itaque
1349 4168 1535 4223 reddet
1575 4168 1679 4223 illis
1710 4184 1814 4224 non
1844 4171 2132 4226 secundum

556 4268 795 4313 neStram
836 4258 1118 4313 utilitatem
1140 4300 1155 4323 ,
1184 4274 1302 4328 quae
1331 4257 1399 4313 de
1430 4259 1555 4327 ipsis
1586 4258 1677 4324 ﬁt;
1711 4260 1805 4315 sed
1846 4262 2134 4318 secundum

558 4352 793 4420 ipsorum
820 4350 1174 4421 iniquitatem,
1199 4366 1358 4420 quam
1381 4350 1651 4421 diligendo
1680 4351 1910 4408 oderunt
1934 4355 2136 4413 animas

555 4458 680 4498 snas
701 4461 713 4499 :
733 4452 787 4499 et
808 4459 914 4499 non
934 4442 1229 4499 secundum
1255 4443 1567 4500 beneﬁcium
1591 4444 1730 4515 quod
1756 4445 1909 4501 nobis
1924 4445 1993 4501 de
2009 4447 2137 4516 ipsis

555 4544 807 4605 prmstat,
842 4534 1068 4589 honorat
1109 4550 1235 4599 eos,
1266 4536 1355 4606 qui
1392 4536 1551 4590 etiam
1585 4536 1737 4590 malis
1766 4537 1904 4592 bene
1934 4537 2132 4605 utitur;

555 4625 647 4680 sed
674 4625 946 4679 secundum
975 4626 1220 4681 malitiam
1253 4642 1425 4681 eorum
1469 4627 1724 4697 disperdet
1764 4644 1847 4683 eos
1888 4627 2135 4685 Dominus

557 4716 693 4771 Deus
724 4728 912 4771 uoster.

624 4809 713 4864 29.
740 4809 955 4865 Tolerct
977 4825 1104 4881 ergo
1123 4811 1299 4880 justus
1328 4810 1615 4880 injustam;
1650 4811 1839 4867 toleret
1866 4822 2135 4883 tempora,-

559 4904 657 4959 letn
690 4903 1052 4973 impunitatem
1085 4904 1265 4971 injusti
1286 4944 1300 4967 ,
1328 4904 1635 4972 temporalis
1662 4904 1813 4960 labor
1835 4905 1968 4975 justi
1995 4924 2008 4961 :
2041 4908 2135 4964 sed

556 4993 721 5061 justus
744 5010 813 5049 ex
847 4994 947 5049 lide
974 4993 1100 5047 vivit
1128 4993 1300 5064 (Rom.
1324 5010 1338 5046 ι
1361 5034 1375 5059 ,
1416 4995 1528 5063 1'7).
1557 4992 1670 5047 Non
1723 5004 1805 5049 est
1847 4996 1987 5051 enim
2033 4997 2133 5057 alia

548 5086 750 5156 justitia
783 5086 1011 5139 hominis
1042 5086 1093 5140 in
1121 5085 1219 5140 hac
1247 5087 1383 5149 vita,
1416 5087 1517 5140 nisi
1545 5101 1608 5140 cx
1637 5088 1739 5143 lide
1766 5090 1949 5145 vivere
1969 5132 1983 5156 ,
2015 5106 2136 5161 qua:

555 5192 649 5247 per
693 5176 1035 5232 dilectionem
1079 5187 1329 5247 operatur
1354 5176 1550 5247 (Galat.
1576 5194 1628 5242 v,
1654 5179 1747 5247 6).
1775 5179 1829 5236 Si
1862 5190 2037 5259 autem
2068 5198 2132 5237 ex

554 5267 657 5321 ﬁde
684 5268 831 5331 vivit,
855 5267 1038 5323 credat
1080 5278 1135 5323 et
1159 5267 1258 5322 sibi
1289 5267 1518 5322 futuram
1550 5268 1785 5337 requiem
1831 5281 1950 5337 post
1992 5286 2134 5340 prae-

552 5369 759 5415 sentem
807 5360 1045 5417 laborem
1066 5399 1082 5425 ,
1122 5370 1175 5416 ct
1207 5360 1309 5414 illis
1339 5360 1695 5428 sempiternos
1720 5362 1987 5415 cruciatus
2016 5372 2137 5432 post

562 5462 881 5522 praesentem
908 5453 1337 5509 exsultationem.
1368 5451 1497 5506 Etsi
1521 5450 1652 5506 ﬁdes
1672 5467 1769 5522 per
1795 5450 2132 5507 dilectiOnem

550 5558 823 5618 operatur,
855 5546 1041 5617 diligat
1065 5546 1226 5602 etiam
1258 5544 1501 5599 inimicos
1524 5586 1538 5610 ,
1561 5554 1614 5599 et
1643 5553 1899 5614 quantum
1933 5544 1984 5600 in
2017 5547 2133 5616 ipso

616 5725 630 5759 ι
656 5724 794 5772 sicin
818 5729 921 5770 Mss.
950 5730 1001 5769 Αι
1026 5722 1073 5769 in
1097 5720 1228 5779 Edd.,
1264 5719 1541 5780 redemptio.

614 5788 631 5816 ³
658 5785 729 5832 Sit:
755 5787 927 5837 [icilh
949 5785 1089 5850 lilu-r.
1135 5782 1217 5830 Alli
1245 5790 1377 5850 Mss...
1410 5781 1601 5842 faniam.
1633 5781 1873 5832 raritatem
1896 5799 1910 5842 ;
1939 5786 2130 5841 omisso,

554 5843 739 5901 l‘omon.
776 5855 819 5894 At
851 5847 938 5890 t-':!l
967 5883 974 5892 .
1003 5847 1032 5905 ρ
1052 5857 1176 5893 mum
1195 5843 1401 5895 veritatis
1426 5856 1538 5903 quo,
1562 5852 1652 5892 etc-

1812 358 1883 455 ‘s.
1928 399 2289 456 AUGUS’l‘tNt
2329 400 2631 462 urtscort

3724 427 3861 481 {illi

2278 524 2379 580 est,
2410 518 2665 586 prodesse
2686 522 2793 580 illis
2813 524 2939 582 velit
2964 542 2977 580 :
3001 527 3073 581 ita
3097 528 3238 584 enim
3264 529 3424 587 faciet
3456 549 3524 590 ne
3547 537 3649 593 sibi
3678 542 3859 598 obsint

2277 610 2373 678 illi,
2396 627 2516 666 cum
2540 614 2641 669 hoc
2664 616 2846 673 velint.
2874 620 2941 675 Et
2959 623 3172 692 quando
3193 624 3331 682 forte
3354 637 3671 697 potestatem
3702 649 3858 691 acce-

2276 705 2452 769 perint
2476 708 2627 775 quasi
2667 713 2893 766 nocendi
2923 723 2976 769 et
2998 715 3336 786 dominandi;
3370 736 3583 778 sursum
3612 741 3710 782 cor
3759 728 3859 782 ha-

2275 792 2417 861 beat,
2454 796 2540 849 ubi
2570 798 2618 851 ei
2650 816 2809 856 nemo
2832 815 3009 871 nocet,
3037 808 3258 864 edoctus
3282 822 3337 866 et
3360 815 3600 871 eruditus
3626 833 3694 873 ex
3739 821 3857 890 lege

2277 886 2403 953 Dei,
2434 897 2492 942 ut
2530 891 2799 963 mitigetur
2821 910 2851 950 a
2880 897 3069 953 diebus
3098 903 3342 973 malignis
3362 947 3376 971 ,
3406 906 3578 964 donec
3621 886 3863 967 fodiatur

2274 982 2537 1045 peccatori
2569 982 2743 1039 fovea.
2771 986 2828 1041 Si
2852 989 2992 1043 enim
3016 991 3066 1045 in
3094 991 3209 1062 lege
3237 995 3442 1052 Domini
3468 1000 3714 1057 voluntas
3737 1004 3860 1073 ejus

2271 1078 2374 1164 est,
2405 1078 2459 1124 et
2486 1072 2538 1126 in
2570 1073 2687 1144 lege
2714 1078 2829 1145 ejus
2860 1081 3199 1137 meditabitur
3222 1085 3310 1141 die
3331 1102 3393 1141 ac
3419 1099 3577 1145 nocte
3606 1072 3784 1164 (Psal.
3820 1112 3858 1160 ι,

2270 1157 2334 1254 ᾖ)
2355 1200 2375 1254 ,7
2398 1161 2548 1229 cujus
2575 1170 2906 1225 conversatio
2934 1171 2984 1225 in
3021 1170 3172 1227 cmlis
3200 1186 3279 1230 est
3307 1176 3562 1249 (Philipp.
3592 1157 3650 1237 ni
3672 1224 3685 1247 ,
3710 1184 3785 1237 20
3806 1157 3857 1254 );

2271 1250 2338 1307 de
2360 1253 2692 1312 ﬁrmamento
2716 1259 2857 1316 lucet
2877 1277 3041 1331 super
3069 1273 3264 1321 terram
3292 1287 3303 1322 :
3334 1270 3474 1325 unde
3495 1274 3592 1327 iste
3616 1250 3856 1342 psalmus

2272 1343 2477 1398 titulum
2520 1346 2589 1402 de
2629 1360 2809 1418 quarta
2834 1353 3028 1408 sabbati
3054 1359 3287 1426 accepit,
3319 1363 3532 1430 quando
3560 1364 3695 1420 facta
3728 1378 3857 1422 sunt

2270 1430 2552 1491 luminaria
2585 1436 2735 1509 (Gen.
2764 1456 2802 1505 ι,
2834 1444 2956 1513 14);
2990 1455 3047 1499 ιιι
3074 1449 3251 1502 omnia
3279 1449 3436 1505 faciat
3464 1453 3581 1509 sine
3611 1471 3856 1511 murmu-

2268 1525 2507 1594 ratione,
2535 1530 2758 1585 verbum
2795 1533 2917 1589 vitze
2957 1536 3160 1593 habens
3190 1542 3242 1595 in
3276 1544 3492 1600 natione
3520 1555 3760 1604 tortuosa
3799 1560 3857 1605 et

2266 1630 2518 1685 perversa
2563 1619 2821 1695 (Philipp.
2847 1642 2919 1691 ιι,
2945 1628 3195 1703 14-16).
3242 1633 3391 1688 Sicut
3414 1638 3557 1691 enim
3586 1640 3773 1696 stellas
3800 1642 3854 1696 in

2267 1708 2406 1762 coelo
2428 1724 2533 1764 non
2555 1713 2815 1784 extinguit
2836 1731 2969 1783 nox;
2994 1719 3071 1774 sic
3097 1733 3303 1777 mentes
3326 1724 3557 1782 ﬁdelium
3583 1729 3856 1785 inhaeren-

2268 1804 2349 1889 tes
2370 1798 2706 1859 ﬁrmamento
2735 1804 3021 1877 Scriptura:
3048 1810 3142 1866 Dei
3169 1828 3274 1868 non
3297 1815 3460 1871 vincit
3484 1818 3755 1889 iniquitas.
3788 1822 3855 1878 Et

2266 1885 2368 1944 hoc
2408 1890 2579 1960 ipsum
2618 1896 2762 1964 quod
2804 1909 2983 1953 nostra
3016 1910 3226 1958 terrena
3256 1904 3453 1961 dantur
3478 1885 3769 1980 aliquando
3796 1914 3851 1968 in

2264 1991 2583 2051 potestatem
2614 1987 2894 2055 malorum,
2922 2006 3025 2045 non
3051 1994 3225 2049 solum
3257 1997 3322 2050 ad
3352 2007 3587 2053 nostram
3617 2003 3854 2070 pertinet

2267 2072 2619 2129 eruditionem
2641 2117 2656 2140 ,
2682 2085 2739 2132 ut
2767 2079 2856 2133 ﬁat
2887 2081 3042 2137 nobis
3082 2084 3339 2141 Dominus
3370 2088 3422 2142 in
3453 2090 3715 2160 refugium
3737 2134 3754 2159 ,
3796 2103 3852 2150 ot

2265 2162 2407 2218 Deus
2448 2164 2500 2219 in
2542 2167 2799 2224 auxilium
2843 2172 2957 2241 spei
3005 2184 3232 2241 nostrae;
3266 2177 3361 2232 sed
3388 2180 3549 2235 etiam
3579 2181 3646 2236 ad
3680 2184 3850 2253 ipsius

2267 2258 2561 2325 peccatoris
2589 2259 2793 2314 foveam
2824 2263 3051 2332 proﬁcit,
3085 2266 3154 2321 de
3181 2283 3289 2337 quo
3316 2269 3367 2324 in
3396 2272 3500 2325 alio
3530 2275 3738 2342 psalmo
3762 2276 3847 2330 div

2263 2349 2432 2403 citur:
2454 2349 2788 2408 Inclinabilur
2810 2365 2855 2409 et
2879 2358 3040 2425 cadet,
3064 2376 3179 2413 cum
3200 2361 3540 2418 dominabitur
3562 2382 3849 2437 pauperum

2264 2436 2436 2507 (Psal.
2461 2458 2534 2509 ιχ,
2560 2444 2674 2514 10).

2334 2530 2422 2586 50.
2455 2532 2613 2589 Forte
2651 2551 2877 2594 onerosa
2907 2538 3006 2594 fuit
3040 2541 3190 2599 vobis
3229 2543 3503 2615 longitudo
3541 2551 3845 2606 sermonis:

2258 2635 2563 2692 quanquam
2594 2626 2649 2680 in
2680 2628 2780 2683 ista
2808 2630 3084 2688 alacritate
3111 2634 3272 2689 studii
3299 2638 3457 2691 vestri
3489 2653 3593 2693 non
3622 2639 3725 2695 hoc
3751 2656 3847 2711 ap-

2260 2723 2461 2784 pareat.
2492 2715 2597 2773 Sed
2628 2719 2731 2774 etsi
2756 2721 2822 2774 ita
2844 2732 2945 2790 est,
2978 2723 3234 2793 ignoscite
3261 2744 3274 2780 :
3298 2727 3491 2798 primo,
3514 2729 3636 2799 quia
3657 2730 3845 2800 jussus

2259 2804 2390 2871 feci;
2422 2823 2542 2862 nam
2586 2810 2843 2867 Dominus
2871 2814 3011 2870 Deus
3041 2825 3222 2872 noster
3250 2833 3344 2887 per
3365 2834 3459 2875 eos
3490 2821 3617 2874 mihi
3649 2821 3845 2881 fratres

2253 2897 2434 2967 jussit,
2466 2900 2519 2954 in
2551 2902 2744 2971 quibus
2779 2903 3001 2960 habitat.
3046 2907 3160 2962 Non
3189 2910 3331 2964 enim
3355 2910 3507 2979 jubet
3532 2912 3703 2979 Deus,
3737 2915 3846 2972 nisi

2256 2986 2325 3043 de
2349 2990 2475 3045 sede
2501 3006 2616 3045 sua.
2646 2992 2865 3061 Deinde,
2890 2996 3011 3066 quia
3046 3007 3248 3052 tantum
3270 3001 3408 3054 avidi
3440 3000 3611 3057 fuistis
3632 3006 3828 3069 nostri,

2255 3083 2587 3150 conﬁtemur,
2617 3097 2669 3140 et
2712 3101 2810 3143 nos
2854 3088 2990 3143 avidi
3041 3091 3234 3147 fuimus
3282 3094 3461 3148 vestri.
3518 3095 3843 3152 Consoletur

2254 3186 2382 3241 ergo
2413 3173 2553 3230 Deus
2582 3185 2765 3231 noster
2791 3178 3027 3235 laborem
3054 3181 3235 3246 istum,
3261 3191 3321 3236 ut
3345 3183 3509 3238 sudor
3535 3185 3633 3240 iste
3654 3197 3842 3243 noster

2254 3260 2323 3313 sit
2366 3262 2516 3317 vobis
2563 3265 2616 3318 in
2658 3277 2965 3335 provectum
2996 3269 3181 3324 salutis
3205 3314 3220 3337 ,
3252 3287 3359 3326 non
3388 3273 3439 3327 in
3473 3275 3838 3332 testimonium

2251 3356 2623 3421 accusationis.
2660 3358 2769 3414 lloc
2798 3360 2950 3425 dico,
2974 3360 3200 3431 fratres,
3233 3374 3288 3418 ut
3311 3380 3379 3419 ex
3412 3381 3476 3421 eo
3506 3367 3647 3437 quod
3674 3369 3837 3423 audi-

2252 3446 2370 3512 stis,
2403 3447 2713 3515 proﬁciatis,
2744 3459 2797 3505 et
2822 3454 3102 3509 ruminetis
3131 3456 3405 3511 vobiscum
3432 3476 3444 3511 :
3470 3474 3574 3513 non
3601 3476 3696 3515 vos
3721 3477 3839 3531 per-

2252 3538 2477 3591 mittatis
2506 3538 2770 3607 oblivisci,
2805 3558 2908 3596 non
2940 3544 3111 3598 solum
3144 3546 3244 3599 ista
3271 3549 3612 3618 recogitando
3638 3560 3694 3605 et
3714 3553 3837 3606 colo

2249 3629 2549 3699 loquendo,
2580 3631 2678 3687 sed
2705 3634 2865 3688 etiam
2898 3635 2966 3689 ita
3006 3636 3253 3692 vivendo.
3285 3639 3430 3694 Bona
3456 3642 3561 3695 vita
3590 3643 3731 3704 enim
3765 3659 3832 3699 ex

2246 3720 2529 3789 praeceptis
2571 3721 2668 3777 Dei
2701 3740 2820 3793 quae
2850 3726 3045 3795 agitur,
3081 3737 3331 3798 tanquam
3358 3731 3511 3785 stilus
3534 3741 3652 3799 est,
3685 3734 3833 3803 quod

2245 3811 2460 3867 auditur
2487 3815 2727 3871 scribens
2758 3818 2809 3870 in
2839 3818 3018 3873 corde.
3052 3819 3111 3875 Si
3136 3821 3190 3875 in
3218 3838 3339 3876 cera
3370 3825 3713 3891 scriberetur,
3748 3826 3831 3880 fa-

2245 3903 2348 3958 cile
2376 3904 2682 3961 deleretur:
2706 3909 2923 3965 scribite
2954 3911 3078 3966 illud
3111 3912 3162 3966 in
3190 3914 3438 3968 cordibus
3469 3916 3679 3983 vestris,
3711 3932 3827 3972 mo-

2243 3994 2393 4050 ribus
2423 3998 2634 4064 vestris,
2666 4010 2720 4054 et
2751 4014 3019 4070 nunquam
3045 4000 3328 4058 delebitnr.

2252 4122 3827 4155 .______.._____________,______

2698 4204 2778 4263 IN
2821 4203 3199 4267 PSALMUM
3227 4206 3425 4268 XCIV

2826 4327 2915 4383 EN
2926 4328 3241 4385 ARRATIO.

2885 4460 3056 4505 εειιιιο
3086 4444 3185 4518 (a).

2315 4557 2366 4611 1.
2396 4556 2545 4628 [vers.
2571 4556 2648 4629 1.]
2679 4556 2792 4628 Ego
2808 4558 3021 4623 vellem,
3040 4557 3330 4624 fratres,,ut
3355 4568 3558 4629 patrem
3577 4569 3824 4617 nostrum

2241 4648 2418 4715 potius
2442 4648 2777 4713 audiremus;
2802 4648 2897 4704 sed
2919 4658 2976 4702 et
3005 4649 3105 4703 hoc
3136 4648 3330 4702 bonttm
3352 4658 3434 4703 est
3454 4659 3510 4703 ut
3535 4650 3672 4719 patri
3695 4650 3827 4707 obe—

2240 4735 2468 4791 diamns.
2501 4737 2634 4804 Quia
2665 4753 2793 4807 ergo
2830 4737 2991 4807 jussit
3019 4738 3205 4803 nobis,
3234 4737 3322 4806 qui
3371 4737 3620 4807 dignatur
3664 4754 3826 4797 orare

2242 4841 2339 4897 pro
2369 4826 2523 4881 nobis
2544 4870 2558 4892 ,
2591 4830 2657 4881 de
2687 4829 2938 4898 prtesenti
2984 4829 3189 4898 psalmo
3225 4827 3367 4896 quod
3399 4828 3653 4883 Dominus
3685 4830 3828 4885 Deus

2240 4921 2478 4975 omnium
2508 4932 2748 4975 nostrum
2776 4923 2976 4976 donare
3004 4920 3325 4990 dignabitur,
3351 4921 3528 4990 loquar
3561 4921 3825 4979 Cbaritati

2244 5014 2467 5069 Vestrm.
2504 5014 2598 5069 Est
2625 5023 2801 5069 autem
2849 5014 3047 5069 Psalmi
3098 5013 3309 5078 titulus,
3341 5012 3479 5069 Laus
3508 5014 3692 5066 cantici
3719 5015 3821 5083 ipsi

2240 5105 2427 5161 David.
2455 5106 2592 5161 Laus
2611 5106 2796 5159 cantici
2819 5115 2872 5160 et
2897 5105 3221 5159 hilaritatem
3244 5104 3527 5174 signiﬁcat,
3550 5106 3670 5175 quia
3693 5120 3827 5160 can—

2242 5208 2328 5253 tus
2353 5209 2462 5263 est;
2492 5207 2545 5251 et
2570 5197 2931 5261 devotionem,
2960 5196 3082 5266 quia
3107 5196 3219 5250 laus
3244 5206 3347 5250 est.
3377 5195 3515 5263 Quid
3542 5197 3685 5251 enim
3712 5211 3829 5250 ma.

2241 5291 2326 5361 gis
2359 5289 2520 5343 homo
2549 5288 2707 5343 debet
2733 5287 2972 5353 laudare,
3005 5302 3162 5356 quam
3192 5286 3242 5341 id
3278 5286 3419 5356 quod
3445 5286 3522 5340 sic
3547 5286 3740 5355 placet.
3771 5296 3833 5341 ut

2243 5396 2350 5435 non
2395 5380 2562 5450 possit
2599 5379 2699 5432 sibi
2744 5377 3070 5447 displicere?
3114 5377 3385 5432 Securitas
3412 5392 3541 5447 ergo
3569 5375 3743 5430 laudis
3774 5376 3831 5431 in

2244 5472 2400 5526 laude
2436 5468 2537 5525 llei‘
2555 5479 2658 5525 est.
2687 5468 2760 5525 lbi
2788 5469 3031 5524 laudator
3057 5483 3278 5523 securus
3299 5478 3403 5533 est,
3426 5468 3514 5523 ubi
3541 5482 3648 5523 non
3675 5466 3831 5522 timet

2243 5580 2311 5619 ne
2333 5564 2400 5618 de
2427 5564 2638 5617 laudato
2667 5564 2969 5618 erubescat.
2997 5563 3061 5617 Et
3087 5561 3364 5617 laudemus
3385 5576 3533 5631 ergo,
3560 5571 3615 5617 et
3642 5570 3829 5617 cante-

2304 5719 2375 5779 ((ι)
2409 5718 2606 5767 Habitus
2622 5718 2757 5779 jussu
2784 5717 2961 5766 Aurelii
3007 5716 3424 5780 Cartliaginensis;
3452 5715 3529 5766 vel
3556 5719 3718 5779 potius
3738 5723 3827 5765 νει»

2241 5781 2349 5831 lerii
2375 5782 2689 5841 Itipjmnensis
2717 5780 2945 5840 episcopi,
2972 5780 3189 5841 adempte
3217 5780 3478 5838 Augustino
3514 5792 3691 5830 recens
3723 5782 3825 5842 ept-

2246 5857 2405 5905 scopo,
2435 5850 2511 5892 aut
2538 5842 2689 5891 adhuc
2714 5842 3013 5904 presbytero.
