4056 6478
191 334 334 388 1-117

191 463 350 514 mus;
379 447 484 504 hoc
502 457 606 515 est,
629 461 748 504 cum
771 446 1036 503 hilaritate
1059 457 1111 502 ct
1134 461 1254 502 cum
1281 448 1459 502 laetitia
1485 448 1776 502 laudemus.

192 541 338 608 Quid
361 539 546 596 autem
575 541 838 594 laudaturi
864 552 1048 594 sumus
1066 582 1079 606 ,
1113 540 1224 608 ipse
1255 539 1494 594 Psaltnus
1520 540 1787 610 sequenti-

193 634 300 689 bus
329 633 578 688 versibus
611 633 808 688 indicat
837 632 1009 685 nobis.

269 726 324 778 ει..
363 719 576 788 γεηὶὶε,
605 715 913 783 exsultemus
941 723 1178 778 Domino.
1229 723 1419 779 invitat
1459 725 1526 780 ad
1569 741 1788 796 magnas

193 815 384 888 epulas
405 809 730 880 exsultandi,
759 817 865 872 non
889 816 1106 882 saeculo,
1125 817 1218 872 sed
1247 817 1493 871 Domino.
1512 817 1623 872 Nisi
1645 819 1786 872 enim

193 920 344 964 esset
375 911 428 964 in
457 909 564 964 hoc
583 910 780 963 smculo
795 905 1082 964 exsultatio
1101 909 1258 974 mala,
1280 924 1398 978 qua:
1413 909 1787 979 distinguenda

195 1011 278 1056 est
317 1000 390 1054 ab
433 999 798 1054 exsultatione
827 999 963 1052 bona
989 1041 1004 1064 ,
1033 997 1305 1054 sufficeret
1333 999 1513 1054 dicere
1536 1041 1551 1066 ,
1585 997 1784 1066 Venite,

197 1093 516 1146 exsultemus
533 1109 554 1146 :
576 1092 668 1146 sed
707 1092 941 1146 breviter
965 1087 1227 1146 distinxit.
1261 1091 1394 1158 Quid
1421 1099 1502 1145 est
1528 1091 1664 1145 bene
1689 1106 1786 1146 ex-

199 1183 442 1238 sultare?
477 1183 702 1236 Domino
727 1182 1015 1237 exsultare.
1041 1181 1178 1250 Ergo
1208 1177 1494 1235 exsultatio
1519 1181 1656 1236 mala
1684 1190 1786 1248 est,

199 1277 478 1331 exsultare
505 1275 734 1340 smcnlo;
763 1275 1046 1328 exsultatio
1075 1273 1209 1326 bona
1240 1284 1350 1338 est,
1383 1273 1652 1329 exsultare
1679 1273 1787 1328 Do-

201 1367 372 1421 mino.
405 1366 503 1422 Pie
547 1366 714 1421 debes
760 1365 986 1420 Domino
1032 1363 1326 1432 exsultare,
1369 1366 1416 1422 si
1453 1369 1532 1422 vis
1571 1383 1788 1425 securus

203 1459 404 1514 mundo
433 1457 864 1524 insnltare.Quid
889 1468 972 1514 est
996 1467 1194 1525 autem,
1227 1457 1442 1516 Venite?
1467 1447 1620 1518 Unde
1635 1473 1790 1520 vocat

211 1559 264 1605 ut
291 1551 535 1618 veniant,
563 1565 684 1606 cum
716 1549 906 1620 quibus
935 1550 1046 1604 vult
1073 1552 1341 1608 exsultare
1385 1554 1646 1620 Domino;
1689 1555 1789 1610 nisi

200 1641 324 1712 quia
367 1643 530 1713 longe
579 1651 703 1697 sunt
747 1651 803 1696 ut
849 1643 1110 1697 veniendo
1155 1645 1538 1714 propinqucnt,
1573 1647 1790 1716 propin-

200 1733 420 1803 quando
448 1731 727 1800 accedant,
760 1733 1064 1790 accedendo
1091 1735 1393 1790 exsultent?
1427 1735 1572 1792 Unde
1612 1739 1788 1792 autem

205 1825 366 1894 longe
391 1826 557 1880 sunt?
576 1823 839 1895 Numquid
863 1825 993 1879 locis
1021 1825 1178 1896 longe
1206 1835 1379 1895 potest
1402 1827 1560 1880 homo
1585 1843 1703 1883 esse
1723 1829 1790 1882 ab

202 1931 270 1972 eo
299 1917 394 1986 qui
422 1903 620 1986 ubique
645 1918 760 1970 est?
791 1915 882 1970 Vis
907 1930 1024 1971 esse
1055 1913 1122 1970 ab
1147 1932 1212 1972 eo
1241 1911 1430 1987 longe?
1451 1920 1566 1986 Quo
1589 1919 1708 1986 ibis,
1733 1929 1792 1975 ut

201 2009 364 2080 longe
393 2011 508 2066 sis?
535 2007 664 2064 Nam
693 2009 910 2080 quidam
938 2018 1190 2078 peccator
1220 2007 1457 2080 quidem,
1487 2012 1580 2067 sed
1613 2021 1788 2070 tamen

200 2115 336 2156 cum
381 2115 482 2169 Spe
517 2095 697 2155 salutis
740 2101 1006 2170 pmttitens
1031 2109 1082 2156 et
1114 2101 1304 2156 dolens
1327 2102 1394 2157 de
1425 2105 1657 2172 peccatis
1678 2147 1692 2172 ,
1739 2115 1792 2162 ct

203 2199 470 2246 metuens
489 2191 614 2244 iram
639 2191 752 2257 Dei,
769 2200 822 2246 et
850 2189 1032 2247 volens
1058 2185 1270 2261 placare
1299 2193 1485 2260 Deum,
1509 2193 1662 2250 sicin
1685 2197 1790 2252 alio

203 2284 421 2353 psalmo
453 2284 716 2353 loquitur:
745 2283 858 2350 Quo
885 2284 964 2338 ibo
986 2287 1047 2338 ab
1068 2285 1249 2354 spiritu
1271 2285 1396 2339 tuo?
1420 2295 1465 2340 et
1493 2303 1524 2339 a
1552 2289 1680 2358 facie
1704 2296 1793 2342 tua

204 2377 300 2444 quo
323 2359 562 2445 fugiam?
583 2373 646 2430 Si
665 2375 935 2428 ascendere
954 2376 1006 2428 in
1027 2375 1227 2442 mlum,
1252 2385 1302 2428 tu
1327 2375 1396 2428 ibi
1416 2393 1486 2430 es.
1505 2377 1641 2444 Quid
1666 2393 1792 2449 ergo

207 2464 412 2518 restat?
429 2464 564 2531 Quia
581 2466 622 2520 si
646 2463 940 2542 ascenderit
960 2465 1010 2518 in
1031 2466 1247 2532 malum,
1270 2465 1338 2520 ibi
1365 2467 1566 2522 invenit
1587 2468 1752 2523 Deum
1775 2487 1788 2524 :

203 2565 262 2612 ut
289 2555 453 2628 longe
479 2545 647 2628 fugiat
671 2573 699 2611 a
729 2558 840 2613 Deo
863 2599 876 2623 ,
909 2573 1013 2627 quo
1041 2559 1210 2612 iturus
1238 2560 1353 2612 est?
1397 2559 1528 2614 Vide
1551 2561 1678 2630 quid
1705 2561 1788 2616 di-

204 2659 290 2704 cat
313 2667 326 2704 :
355 2652 418 2706 Si
443 2641 748 2706 descendere
773 2652 840 2705 ad
864 2653 1150 2722 infernum,
1180 2639 1300 2706 ades
1327 2651 1494 2722 (Psal.
1525 2670 1788 2722 cxxxvnt,

205 2737 258 2810 7,
273 2742 355 2810 8).
374 2742 430 2798 Si
454 2759 582 2813 ergo
603 2744 942 2800 ascendendo
969 2742 1019 2798 in
1042 2745 1254 2808 caelum,
1281 2745 1348 2798 ibi
1377 2746 1575 2800 invenit
1595 2747 1788 2814 Deum;

205 2835 582 2894 descendendo
604 2837 656 2890 in
680 2835 964 2898 infernum,
987 2852 1092 2890 non
1121 2835 1253 2906 fugit
1276 2837 1439 2892 Deum
1463 2855 1474 2889 :
1496 2837 1600 2907 quo
1621 2839 1792 2894 iturus

207 2937 310 2987 est.
338 2943 450 2998 quo
483 2928 747 2998 fugiturus
770 2936 854 2984 est
879 2929 946 2982 ah
969 2929 1057 2982 illo
1081 2929 1234 2992 irato,
1263 2929 1364 2983 nisi
1394 2915 1458 2982 ad
1487 2929 1657 2996 ipsum
1689 2931 1794 3000 pla-

206 3022 421 3074 catum?
445 3020 514 3074 Et
536 3029 738 3088 tamen,
757 3035 880 3076 cum
903 3021 1121 3076 omnino
1143 3035 1299 3074 nemo
1325 3021 1492 3090 possit
1518 3021 1702 3091 fugere
1724 3021 1792 3074 ab

205 3112 298 3166 illo
323 3113 412 3182 qui
445 3113 642 3183 ubique
670 3123 751 3168 est
771 3155 785 3178 ,
813 3114 914 3168 nisi
941 3113 1156 3183 quidam
1195 3114 1352 3183 longe
1382 3123 1564 3169 essent
1589 3131 1618 3169 a
1646 3115 1788 3182 Deo,

205 3219 312 3259 non
337 3205 612 3259 diceretur
637 3222 650 3256 :
683 3199 913 3274 Papulas
941 3205 1032 3258 iste
1055 3189 1202 3258 labiis
1227 3221 1308 3258 me
1333 3205 1568 3270 honorat,
1593 3222 1680 3260 cor
1698 3223 1794 3260 au-

207 3307 304 3348 tem
329 3311 508 3348 eorum
537 3281 686 3366 longe
710 3304 780 3348 est
809 3311 842 3348 (ι
869 3310 947 3348 me
977 3283 1128 3360 (isai.
1158 3311 1281 3350 xxxx
1303 3337 1317 3362 ,
1351 3296 1474 3364 15).
1507 3295 1622 3350 Non
1663 3312 1792 3367 ergo

207 3385 326 3440 loco
368 3385 597 3455 quisque
647 3386 800 3455 longe
845 3395 926 3440 est
965 3400 994 3440 ιι
1041 3388 1186 3450 Deo,
1216 3385 1308 3440 scd
1335 3375 1788 3442 dissimilitudine.

207 3478 344 3546 Quid
375 3486 480 3542 cst,
509 3465 976 3532 dissimilitudine?
1017 3477 1147 3532 Mala
1177 3479 1282 3532 vita
1302 3519 1317 3544 ,
1349 3479 1503 3534 malis
1535 3482 1790 3536 moribus.

207 3567 262 3623 Si
291 3571 437 3624 enim
470 3569 625 3624 b0nis
652 3569 890 3624 moribus
918 3569 1301 3638 propinquatur
1331 3569 1472 3636 Deo;
1503 3572 1658 3626 malis
1688 3587 1794 3628 mo-

209 3661 360 3718 ribus
390 3655 662 3717 receditur
680 3677 708 3715 a
735 3649 867 3716 Deo.
895 3647 1044 3718 Unus
1070 3677 1198 3732 ergo
1225 3661 1470 3730 idemque
1497 3661 1656 3718 homo
1678 3679 1796 3720 cor-

210 3767 340 3821 pore
383 3761 536 3808 stans
573 3767 677 3808 uno
721 3752 872 3817 loco,
904 3760 957 3806 et
994 3737 1220 3806 amando
1265 3752 1429 3807 Deum
1473 3753 1679 3808 accedit
1727 3755 1796 3810 ad

211 3839 401 3906 Deum,
421 3853 476 3897 et
497 3841 726 3897 amando
749 3843 1075 3912 iniquitatem
1093 3841 1296 3896 recedit
1319 3857 1348 3896 τι
1375 3843 1484 3898 Deo
1505 3861 1516 3897 :
1536 3859 1792 3914 nusquam

214 3933 376 4004 pedes
401 3944 601 4000 movet,
625 3943 679 3988 ct
707 3943 878 3988 tamen
905 3941 1076 4002 potest
1097 3943 1148 3986 et
1173 3933 1425 3987 accedere
1447 3943 1501 3988 et
1521 3935 1792 3990 recedere.

213 4025 383 4080 Pedes
409 4027 554 4080 enim
581 4025 748 4079 nostri
779 4029 829 4078 in
855 4024 956 4080 hoc
985 4025 1194 4089 itinere,
1217 4023 1439 4080 affectus
1461 4027 1626 4080 nostri
1648 4036 1791 4080 sunt.

213 4113 378 4172 Prout
405 4118 634 4188 quisque
657 4117 904 4172 affectum
937 4116 1198 4179 habuerit,
1224 4127 1380 4185 prout
1401 4117 1624 4187 quisque
1645 4135 1797 4172 amo-

213 4225 326 4265 rem
357 4209 640 4274 bahucrit,
671 4211 739 4264 ita
767 4209 972 4264 accedit
1001 4209 1083 4264 vel
1126 4209 1332 4264 recedit
1369 4225 1398 4264 a
1447 4211 1576 4266 Dco.
1611 4212 1796 4268 Nonne

215 4302 526 4371 plerumque
548 4299 792 4365 dicimus,
822 4299 1032 4370 quando
1059 4299 1356 4356 invenimus
1377 4302 1550 4372 aliqua
1573 4291 1796 4358 dissimi-

217 4393 278 4446 lia
305 4411 319 4446 :
345 4383 458 4448 Hoc
487 4393 643 4463 longe
665 4401 748 4448 est
775 4391 841 4446 ab
871 4381 1000 4446 illo?
1023 4393 1243 4458 Quando
1270 4380 1476 4463 aliquos
1500 4393 1634 4448 duus
1657 4383 1796 4451 forte

219 4481 462 4538 homines
491 4497 860 4553 comparamus
879 4525 893 4548 ,
935 4483 1070 4536 duos
1097 4498 1263 4552 equos
1285 4524 1299 4548 ,
1332 4481 1464 4538 duas
1493 4497 1669 4540 vestes
1690 4528 1703 4552 ,
1742 4495 1797 4541 et

215 4575 415 4630 dixerit
443 4573 668 4641 aliquis,
705 4565 904 4629 Similis
931 4583 1013 4629 est
1056 4573 1170 4628 haec
1194 4575 1378 4639 vestis,
1417 4575 1536 4629 talis
1564 4586 1646 4631 est
1667 4593 1796 4644 qua-

217 4665 278 4720 lis
303 4663 424 4731 illa;
457 4673 570 4730 aut,
603 4665 706 4718 Iste
735 4665 897 4719 homo
922 4659 1038 4719 talis
1067 4673 1150 4720 est
1173 4666 1341 4734 qualis
1369 4665 1487 4719 ille:
1513 4667 1638 4738 quid
1660 4669 1795 4722 alius

215 4755 374 4820 dicit,
409 4756 500 4825 qui
533 4755 880 4810 contradicit?
908 4756 1088 4821 Absit;
1123 4757 1278 4826 longe
1307 4766 1388 4811 est
1416 4757 1484 4811 ab
1515 4757 1626 4812 illo.
1656 4758 1796 4826 Quid

215 4856 314 4914 est,
341 4847 502 4918 longe
547 4855 630 4902 est
673 4839 742 4900 ab
786 4845 910 4902 illo?
943 4845 1222 4900 Dissimilis
1269 4855 1352 4902 est
1395 4839 1490 4902 illi.
1540 4849 1605 4903 Et
1647 4849 1796 4918 juxta

214 4947 376 5003 stant,
401 4949 457 4992 et
484 4948 660 4992 tamen
689 4938 788 4992 istc
817 4937 973 5008 longe
997 4946 1078 4991 est
1106 4937 1176 4990 ab
1202 4935 1308 4990 illo.
1337 4938 1447 4990 Duo
1479 4954 1606 4994 vero
1631 4939 1797 5010 iniqui

217 5045 371 5100 pares
404 5029 510 5084 vita
544 5040 596 5084 et
627 5029 885 5095 moribus,
909 5029 952 5082 si
975 5043 1112 5084 unus
1141 5029 1211 5084 sit
1241 5031 1292 5082 in
1321 5027 1562 5096 Oriente,
1587 5033 1723 5087 alter
1745 5033 1797 5088 in

214 5115 532 5186 Occidente,
550 5115 708 5192 juxta
738 5119 963 5176 invicem
992 5131 1134 5175 sunt.
1157 5121 1222 5174 Et
1250 5120 1354 5174 duo
1375 5117 1506 5190 justi
1531 5122 1794 5192 similiter,

216 5213 351 5270 alter
381 5215 456 5270 sit
483 5216 536 5268 in
567 5209 804 5279 Oriente,
837 5213 974 5268 alter
1001 5211 1052 5268 in
1084 5209 1406 5278 Occidente,
1437 5227 1616 5268 secum
1648 5219 1796 5284 sunt,

215 5308 336 5378 quia
369 5308 423 5361 in
456 5309 564 5362 Deo
593 5315 736 5361 sunt.
763 5305 980 5372 Contra,
1017 5303 1364 5376 unusjustus,
1397 5305 1534 5360 alter
1563 5305 1794 5376 iniquus,

215 5399 426 5456 etiamsi
469 5415 574 5455 una
623 5399 812 5454 catena
859 5399 1106 5470 ligentur,
1153 5399 1380 5452 multum
1413 5413 1444 5453 a
1483 5413 1542 5454 se
1569 5401 1798 5470 separati

215 5503 360 5550 sunt.
393 5495 536 5565 Ergo
564 5495 608 5548 si
633 5493 1066 5550 dissimilitudine
1096 5491 1395 5547 recedimus
1423 5507 1452 5546 a
1483 5493 1613 5560 Deo,
1644 5493 1796 5550 simi-

217 5586 440 5642 litudine
477 5586 782 5642 accedimus
817 5585 883 5640 ad
927 5585 1114 5638 Deum.
1147 5585 1260 5651 Qua
1299 5585 1676 5640 similitudine?
1715 5573 1796 5640 Ad

219 5695 374 5750 quam
409 5679 536 5735 facti
566 5693 770 5748 sumus,
801 5694 958 5750 quam
989 5679 1042 5731 in
1071 5677 1223 5732 nobis
1251 5677 1518 5746 peccando
1543 5691 1790 5748 corrupe-

219 5791 418 5844 ramus,
442 5791 600 5848 quam
628 5795 720 5847 pec
758 5785 960 5830 :torum
991 5771 1304 5828 remissione
1331 5773 1644 5843 recepimus,
1675 5785 1791 5842 qua:

1295 331 1683 386 amatum
1720 329 1784 382 l.\'
1827 329 2138 386 essenon
2171 301 2357 386 ktztv.

3339 335 3474 402 féls

1897 442 1948 494 in
1973 441 2126 496 nobis
2153 453 2438 500 renovatur
2461 444 2602 501 intus
2623 446 2675 502 in
2699 457 2896 515 mente,
2921 458 2976 504 ut
3004 459 3250 521 tanquam
3273 459 3477 511 rescul-

1895 542 2050 601 patnr
2077 531 2132 586 in
2165 549 2412 601 nummo,
2444 535 2494 590 id
2529 547 2643 604 est,
2677 539 2726 592 in
2755 540 2932 594 anima
2958 539 3139 595 nostra
3171 543 3346 614 imago
3380 547 3478 602 net

1893 625 2097 690 nostri,
2127 634 2182 680 et
2219 627 2502 682 redeamus
2527 629 2592 682 ad
2627 629 2908 686 thesauros
2934 633 3071 701 ejus.
3120 633 3252 688 Nam
3294 635 3472 702 unde,

1895 715 2103 784 fratres,
2133 717 2201 773 de
2229 735 2444 774 nummo
2470 722 2634 776 voluit
2663 723 2918 780 Dominus
2944 736 3125 781 noster
3146 727 3300 784 Jesus
3322 729 3474 784 Chri-

1895 801 2009 862 stus
2037 809 2322 866 ostendere
2361 813 2713 867 tentatoribus
2744 816 2854 870 suis
2883 817 3008 886 quid
3049 809 3252 888 qt'nerat
3294 813 3479 876 Deus?

1895 900 2118 967 Quando
2146 903 2287 958 enim
2319 903 2386 958 de
2415 905 2610 958 tributo
2635 905 2860 962 thsaris
2881 949 2896 975 ,
2923 920 3226 979 quaerentes
3253 929 3472 967 causam
3551 930 3554 932 ·

1891 994 2172 1049 calumnia:
2192 1036 2206 1060 ,
2238 997 2518 1052 consulere
2545 999 2854 1067 magistrum
2883 1002 3123 1059 veritatis
3149 1005 3462 1072 voluerunt,

1892 1083 1946 1140 et
1992 1087 2319 1142 consulendo
2369 1087 2574 1143 tentare
2619 1099 2794 1143 utrum
2843 1087 3027 1148 liceret
3067 1095 3316 1150 tributum
3359 1095 3465 1154 dari

1891 1173 2118 1240 Cmsari;
2164 1178 2290 1248 quid
2336 1178 2423 1234 ille
2467 1179 2580 1233 ait?
2613 1179 2750 1246 Quid
2777 1197 2858 1235 me
2885 1185 3086 1238 tentatis
3107 1227 3122 1252 ,
3155 1187 3468 1256 hypocrittc?

1895 1267 2051 1323 Pctiit
2075 1269 2252 1324 afferri
2283 1270 2382 1325 sibi
2415 1287 2726 1338 nummum,
2759 1283 2814 1327 et
2843 1274 3032 1328 allatus
3059 1285 3160 1331 est.
3193 1277 3350 1349 Cujus
3378 1281 3474 1334 ha-

1893 1362 1992 1424 bet,
2013 1364 2199 1434 inquit,
2218 1365 2484 1435 imaginem
2503 1365 2527 1418 ?
2545 1365 2956 1434 Responderunt
2971 1385 2986 1422 :
3001 1367 3232 1424 Caesaris.
3257 1371 3323 1426 Et
3351 1372 3470 1428 ille:

1897 1455 2113 1510 Reddite
2138 1473 2254 1526 ergo
2276 1455 2465 1511 Caesari
2487 1474 2599 1527 qua:
2617 1457 2832 1513 Cwsaris
2861 1469 2994 1522 sunt,
3027 1471 3074 1515 et
3107 1461 3210 1515 Deo
3237 1481 3350 1532 qua:
3377 1461 3475 1520 Dei

1896 1555 2008 1599 sunt
2039 1547 2250 1617 (illan/1.
2279 1563 2408 1613 xxn,
2433 1541 2645 1618 15-21).
2676 1550 2947 1620 Tanquam
2975 1551 3272 1609 diceret:Si
3297 1555 3476 1612 Cmsar

1894 1639 2088 1707 quaerit
2117 1639 2170 1694 in
2199 1655 2416 1693 nummo
2445 1637 2728 1708 imaginem
2761 1641 2912 1697 suam'
2936 1683 2952 1711 ,
2977 1641 3123 1699 Deus
3150 1661 3255 1700 non
3285 1645 3478 1717 quierit

1897 1727 1948 1781 in
1980 1727 2196 1784 homine
2217 1729 2500 1800 imaginem
2533 1732 2720 1784 suam?
2767 1723 2844 1786 Ad
2890 1733 3026 1790 hanc
3067 1731 3471 1794 similitudinem

1897 1833 1993 1872 nos
2025 1817 2277 1872 Dominus
2303 1828 2486 1874 noster
2509 1819 2665 1874 Jesus
2690 1821 2936 1877 Christus
2959 1825 3216 1891 invitans,
3247 1827 3476 1899 imperat

1897 1908 2047 1962 nubis
2095 1919 2150 1962 ιη
2197 1917 2408 1964 nostros
2451 1911 2612 1964 etiam
2661 1913 2907 1968 inimicos
2947 1915 3260 1985 diligamus;
3294 1919 3348 1974 et
3387 1919 3477 1975 dat

1895 2001 2194 2082 exemplum
2225 2003 2292 2057 dc
2321 2003 2438 2072 ipso
2469 2005 2580 2059 Deo
2605 2023 2618 2058 :
2651 2005 2798 2060 Sicut
2827 2005 2982 2062 Pater
3000 2019 3176 2075 vester,
3205 2011 3296 2076 ait,
3319 2015 3404 2084 qui
3423 2015 3476 2068 iit

1894 2094 2032 2146 cadis
2059 2103 2149 2158 est,
2179 2097 2264 2164 qui
2288 2096 2442 2150 solem
2471 2113 2618 2150 suum
2647 2099 2773 2152 oriri
2795 2101 2917 2168 facit
2939 2117 3092 2171 super
3115 2102 3268 2157 bonos
3289 2115 3336 2158 et
3363 2123 3476 2159 ma-

1895 2185 1990 2250 los,
2023 2195 2070 2240 et
2101 2187 2232 2255 pluit
2261 2204 2412 2254 super
2439 2189 2612 2258 justas
2640 2199 2685 2241 et
2715 2189 2948 2259 injuslbs.
2988 2191 3170 2249 .Estote
3195 2211 3312 2264 ergo
3346 2197 3477 2250 sicut

1897 2278 2054 2332 Pater
2078 2290 2236 2332 vester
2263 2281 2471 2358 perfecti
2498 2280 2606 2350 (Id.
2631 2297 2682 2347 ν,
2708 2281 2797 2346 45,
2824 2281 2939 2350 48).
2966 2279 3098 2338 Cum
3129 2285 3274 2350 dieit,
3303 2285 3477 2342 Estote

1896 2369 2024 2422 sicut
2051 2370 2138 2424 ille
2183 2370 2518 2448 perfecti,ad
2566 2372 2969 2428 similitudinem
3017 2389 3116 2429 nos
3160 2373 3369 2432 invitat.
3417 2373 3475 2436 Si

1896 2477 2023 2534 ergo
2049 2462 2114 2516 ad
2145 2463 2546 2518 similitudinem
2580 2479 2676 2518 nos
2707 2465 2911 2531 invitat,
2935 2470 3282 2538 constatquia
3312 2469 3480 2526 dissi-~

1895 2554 2051 2608 miles
2079 2537 2356 2608 cxisteudo
2383 2569 2780 2610 recesseramus
2809 2572 2833 2607 a
2871 2541 2998 2622 Deo,
3023 2566 3078 2612 et
3107 2537 3228 2612 facti
3259 2575 3474 2615 eramus

1895 2646 2054 2716 longe
2096 2662 2194 2716 per
2233 2646 2738 2712 dissimilitudinem,
2769 2657 2822 2704 ct
2863 2647 3130 2704 efficimur
3174 2667 3337 2720 prope
3383 2668 3477 2722 per

1895 2736 2316 2800 similitudinem,
2337 2745 2397 2792 ut
2417 2737 2528 2808 jam
2557 2739 2646 2792 fiat
2674 2739 2724 2791 in
2751 2739 2905 2794 nobis
2927 2741 3066 2809 quod
3093 2742 3346 2812 scriptum
3369 2752 3469 2810 est,

1896 2827 2130 2882 Accedite
2151 2829 2217 2882 ad
2245 2827 2440 2893 Deum,
2475 2837 2522 2882 et
2564 2829 2925 2884 illuminamini
2955 2829 3128 2901 (Paul.
3165 2847 3328 2888 χχχιιι
3350 2875 3364 2900 ,
3393 2833 3472 2904 5).

1897 2922 2034 2990 Ergo
2055 2919 2366 2990 quihusdam
2397 2921 2552 2990 longe
2581 2923 2764 2990 positis
2785 2931 2838 2977 et
2861 2913 3000 2977 male
3023 2924 3321 2980 viventibus
3345 2929 3478 2995 psal-

1894 3029 2012 3068 mus
2041 3015 2141 3068 iste
2170 3012 2332 3078 dicit,
2366 3013 2572 3079 Venite,
2603 3015 2908 3086 exsultantis
2935 3014 3175 3069 Domino.
3205 3017 3320 3086 Quo
3352 3020 3476 3074 itis?

1895 3119 2000 3176 quo
2031 3105 2434 3174 receditis?quo
2464 3103 2774 3158 disceditis?
2799 3120 2904 3174 quo
2933 3103 3136 3176 fugitis,
3159 3109 3477 3164 exsultando

1897 3195 2128 3250 mutulo?
2153 3194 2346 3258 Vertite,
2363 3193 2664 3250 exsultemus
2689 3195 2924 3250 Domino.
2940 3181 3055 3263 Quo
3083 3198 3167 3252 itis
3187 3201 3474 3269 exsultare,

1895 3291 1982 3345 ubi
2025 3289 2284 3345 deficitis?
2317 3289 2538 3355 Venite,
2567 3289 2894 3342 exsultemus
2935 3289 2985 3344 in
3028 3290 3118 3344 illo
3161 3307 3188 3344 a
3219 3301 3324 3361 quo
3353 3282 3474 3349 facti

1896 3401 2100 3441 sumus.
2140 3383 2330 3450 Venite,
2360 3383 2666 3438 exsultemus
2689 3383 2928 3438 Domino.

1967 3476 2021 3545 ὅ,
2046 3473 2332 3552 Jubilemus
2355 3473 2481 3540 Deo,
2507 3475 2719 3528 salutari
2749 3484 2938 3550 nostra.
2959 3475 3094 3542 Quid
3118 3486 3198 3532 est
3215 3477 3478 3546 jubilare?

1898 3566 2156 3622 Gaudium
2189 3565 2364 3620 verbis
2393 3581 2498 3620 non
2531 3579 2686 3634 posse
2717 3565 2988 3634 explicare
3009 3607 3023 3630 ,
3057 3574 3112 3622 et
3139 3575 3316 3622 tamen
3347 3582 3480 3622 voce

1900 3657 2080 3712 testari
2110 3656 2250 3726 quod
2280 3657 2424 3710 intus
2446 3668 2760 3726 conceptum
2791 3666 2872 3711 est
2915 3667 2970 3712 et
3009 3657 3189 3712 verbis
3217 3659 3479 3727 expiicari

1899 3763 2004 3802 non
2035 3755 2210 3818 potest
2236 3765 2248 3800 :
2282 3747 2382 3800 hoc
2412 3757 2493 3800 est
2514 3747 2761 3814 jubilare.
2795 3747 2927 3802 Nam
2955 3743 3259 3804 consideret
3287 3750 3478 3806 Chari-

1901 3848 1982 3892 tas
2013 3837 2200 3892 Vestra
2243 3837 2330 3906 qui
2374 3837 2602 3904 jnhilant
2647 3838 2699 3890 in
2746 3838 3023 3892 cantilenis
3053 3839 3385 3908 quibusque,
3418 3848 3475 3894 ct

1898 3929 2048 4002 quasi
2081 3929 2131 3982 in
2162 3928 2455 3983 certamine
2479 3927 2708 3996 quodam
2742 3927 2940 3982 Lctitize
2969 3917 3272 3994 saecularis;
3316 3940 3370 3985 et
3395 3931 3480 3984 vi-

1899 4003 2036 4074 detis
2069 4019 2217 4089 quasi
2263 4019 2399 4071 inter
2427 4019 2630 4071 cantica
2660 4017 2837 4072 verbis
2868 4033 3124 4086 expressa
3146 4020 3480 4078 exundantes

1899 4112 2076 4165 lmtitia
2099 4152 2112 4174 ,
2142 4110 2226 4166 cui
2259 4110 2434 4179 lingua
2463 4109 2691 4163 dicendo
2721 4125 2828 4163 non
2863 4110 3058 4164 sufficit
3081 4151 3094 4176 ,
3127 4112 3478 4180 quemadmo-

1900 4187 2026 4258 dum
2051 4203 2298 4274 juhilent,
2329 4211 2386 4256 ut
2413 4217 2510 4271 per
2531 4202 2672 4256 illam
2701 4217 2886 4257 vocem
2919 4203 3184 4258 indicetur
3207 4206 3372 4260 animi
3399 4207 3480 4261 af-

1901 4295 2088 4362 fectus,
2121 4294 2300 4348 verbis
2327 4294 2596 4362 explicare
2625 4309 2728 4347 non
2753 4293 2976 4348 valentis
3003 4293 3142 4362 quod
3165 4295 3328 4349 corde
3350 4312 3482 4350 cou-

1900 4389 2110 4458 cipitur.
2135 4384 2189 4442 Si
2211 4400 2338 4456 ergo
2365 4386 2438 4440 illi
2467 4385 2534 4438 de
2553 4385 2746 4455 gaudio
2769 4393 2986 4440 terreno
3009 4385 3266 4454 jnbilant;
3291 4403 3388 4442 nos
3413 4390 3482 4445 de

1907 4479 2100 4550 gaudio
2129 4478 2336 4534 caelesti
2360 4477 2587 4547 jubilare
2609 4491 2713 4530 non
2735 4475 3014 4544 debemus,
3043 4475 3184 4546 quod
3213 4493 3340 4534 vere
3361 4494 3480 4534 ver—

1901 4573 1984 4628 bis
2011 4574 2277 4643 explicare
2305 4587 2410 4626 non
2443 4569 2762 4640 possumus?

1972 4666 2024 4720 4.
2050 4664 2204 4735 [vers.
2231 4662 2312 4736 2.]
2347 4661 2764 4730 Prceoccupemus
2791 4659 2970 4730 faciem
2995 4660 3106 4730 ejus
3133 4660 3185 4714 in
3210 4662 3484 4732 confessio-

1904 4774 1984 4810 ne.
2012 4755 2292 4810 Confessio
2322 4753 2535 4824 quidem
2563 4753 2770 4806 duobus
2793 4751 2966 4806 modis
2985 4752 3245 4820 accipitur
3265 4753 3315 4806 in
3340 4752 3484 4807 Scri-

1906 4849 2093 4920 pturis.
2124 4848 2221 4902 Est
2248 4845 2513 4902 confessio
2541 4845 2826 4910 laudantis,
2857 4853 2941 4900 est
2965 4843 3234 4900 confessio
3262 4861 3482 4914 gemens

1905 4941 1990 4996 tis.
2038 4937 2314 4992 Confessio
2343 4936 2641 5002 laudantis,
2673 4935 2742 4990 ad
2789 4934 3048 4992 honorem
3098 4938 3326 5006 pertinet
3369 4936 3484 5004 ejus

1904 5031 1993 5101 qui
2035 5029 2280 5084 laudatur
2311 5045 2324 5081 :
2354 5025 2621 5082 confessio
2655 5013 2953 5097 gementis,
2997 5028 3064 5082 ad
3117 5027 3482 5098 paenitentiam

1906 5122 2134 5192 pertinet
2161 5120 2276 5188 ejus
2307 5119 2392 5188 qui
2420 5121 2723 5173 confitetur.
2768 5119 3102 5173 Confitentur
3129 5119 3272 5174 enin-
3303 5118 3482 5171 homi-

1906 5229 2020 5280 nes,
2051 5227 2170 5268 cum
2201 5210 2419 5265 laudant
2447 5211 2613 5264 Deum
2653 5227 2666 5264 :
2709 5209 3049 5274 confitentur,
3081 5223 3200 5262 cum
3231 5209 3482 5272 accusant

1905 5321 1995 5372 se;
2027 5314 2081 5360 et
2111 5303 2240 5357 nihil
2271 5303 2482 5373 dignius
2511 5301 2636 5356 facit
2665 5301 2860 5370 lingua.
2887 5299 3024 5354 Vere
3054 5309 3180 5367 puto
3205 5296 3346 5366 quod
3371 5297 3484 5364 ipsa

1905 5399 2009 5454 sint
2041 5407 2184 5462 vota,
2213 5395 2280 5452 de
2307 5395 2498 5466 quibus
2518 5394 2646 5452 dicit
2675 5394 2728 5448 in
2755 5393 2860 5447 alio
2887 5393 3110 5462 psalmo.
3135 5389 3366 5444 Reddam
3391 5380 3482 5443 tibi

1903 5503 2017 5546 vola
2052 5507 2161 5544 mea
2180 5531 2195 5556 ,
2222 5503 2334 5560 qua:
2353 5488 2688 5542 distinxerunt
2713 5485 2855 5539 labia
2880 5499 2990 5537 mea
3023 5469 3190 5554 (Psal.
3219 5499 3286 5538 1.x
3298 5497 3350 5550 v,
3382 5481 3450 5538 l3

1905 5583 2014 5655 M).
2043 5581 2182 5636 Nihil
2203 5581 2300 5635 ista
2323 5579 2668 5634 distinctione
2693 5575 2992 5638 sublimius,
3012 5563 3140 5628 nihil
3165 5581 3272 5629 tam
3297 5589 3466 5630 neces

1903 5675 2101 5729 Sarium
2144 5681 2199 5726 et
2239 5670 2304 5724 ad
2351 5665 2750 5738 intelligendum
2781 5675 2834 5721 et
2869 5665 2932 5718 ad
2969 5665 3265 5721 faciendum
3333 5665 3480 5732 Quo-

1907 5768 2062 5824 modo
2089 5779 2215 5837 ergo
2243 5763 2522 5833 distinguis
2553 5767 2676 5815 vota
2702 5775 2821 5831 qua:
2855 5759 3032 5816 reddis
3065 5759 3210 5816 Deo?
3235 5758 3303 5815 Ut
3333 5759 3476 5813 illum
