4056 6482
556 388 690 445 1219

552 503 754 565 laudes,
788 509 840 555 te
866 509 1117 561 accuses;
1146 492 1267 564 quia
1310 489 1452 544 illius
1496 495 1577 543 est
1617 481 2019 546 misericordia,
2068 489 2128 533 ut

553 600 766 662 peccata
807 597 987 643 nostra
1015 584 1263 639 dimittat.
1308 578 1441 633 Nam
1488 576 1531 630 si
1580 575 1742 628 vellet
1791 588 1886 643 pro
1924 569 2129 625 meritis

553 698 731 754 agere,
764 696 867 735 non
896 676 1158 732 inveniret
1185 672 1285 727 nisi
1317 684 1452 740 quos
1477 668 1776 722 damnaret.
1813 662 1985 716 Venite
2004 672 2129 730 ergo

554 773 751 836 dixit‘,
784 779 841 825 ιιι
879 766 1188 823 recedamus
1214 761 1326 832 jam
1357 775 1387 814 a
1416 757 1647 830 peccatis
1679 754 1877 810 nostris
1898 794 1912 819 ,
1945 761 1999 806 et
2024 764 2127 805 non

556 865 830 921 nobiscum
857 859 1085 915 deducat
1118 854 1378 910 rationem
1420 850 1488 905 de
1531 848 1849 920 prmtcritis;
1878 844 1970 899 sed
2011 854 2129 898 tan-

557 973 713 1026 quam
747 952 938 1007 tabulae
968 963 1119 1005 nova:
1149 948 1297 1011 fiant,
1326 942 1557 998 incensis
1586 941 1835 995 omnibus
1863 936 2133 1005 chirogra-

559 1048 677 1118 phis
703 1044 1003 1099 debitorum
1036 1047 1359 1095 nostrorum.
1408 1032 1613 1100 Quanta
1644 1045 1770 1100 ergo
1803 1028 1951 1118 illius
1979 1027 2129 1090 laus,

557 1116 750 1206 quanta
781 1128 1144 1187 misericordia
1164 1169 1179 1193 ,
1209 1123 1560 1181 confiteamur
1579 1162 1593 1184 ,
1625 1120 1806 1189 utique
1836 1116 2130 1171 laudantes.

558 1227 691 1282 Nam
719 1225 762 1280 si
792 1236 1003 1291 semper
1033 1216 1297 1275 confessio
1327 1213 1631 1285 paenitentis
1659 1218 1820 1275 esset,
1849 1223 1953 1262 non
1985 1207 2132 1261 dice—

558 1325 704 1372 retur
732 1314 784 1368 in
815 1310 1101 1380 Evangelio
1127 1307 1194 1362 de
1222 1307 1338 1376 ipso
1365 1304 1587 1359 Domino
1608 1300 1698 1355 ειη
1715 1300 1807 1353 illa
1824 1301 1950 1352 hora
1964 1296 2135 1351 exsul--

557 1407 678 1460 tavit
704 1403 857 1458 Jesus
884 1404 936 1455 in
963 1398 1162 1469 Spiritu
1186 1405 1378 1459 sancto,
1410 1402 1456 1448 et
1480 1394 1571 1455 ait,
1600 1391 1854 1459 Conﬁteor
1880 1388 1988 1451 tibi,
2026 1386 2133 1439 Pa-

559 1508 653 1562 ter,
672 1496 885 1549 Domine
905 1492 1017 1546 caeli
1041 1500 1087 1544 et
1116 1499 1280 1554 terraz,
1300 1487 1417 1557 quia
1438 1483 1739 1538 abscondisti
1760 1484 1867 1535 lucc
1892 1497 1923 1532 a
1943 1481 2138 1549 sapien~

560 1591 689 1644 tibus
720 1599 763 1643 et
796 1584 1153 1657 prudentibus,
1182 1591 1228 1637 et
1256 1580 1486 1635 revelasti
1526 1594 1586 1631 ea
1630 1575 1851 1645 parvulis
1888 1571 2037 1643 (Luc.
2070 1587 2133 1636 x,

558 1682 673 1751 2f).
706 1677 967 1748 Numquid
1009 1676 1131 1746 quia
1173 1672 1417 1729 Christus
1458 1667 1827 1727 confitebatur,
1874 1663 2137 1732 pmniteus

561 1771 709 1827 erat?
737 1770 886 1824 illum
920 1764 1048 1820 nihil
1078 1763 1337 1835 pmnitere
1364 1766 1604 1829 poterat,
1639 1756 1758 1824 quia
1790 1752 1923 1807 nihil
1952 1751 2136 1820 culpa-

561 1863 738 1917 biliter
769 1860 993 1923 fecerat;
1017 1856 1110 1911 sed
1138 1853 1489 1910 confitebatur
1513 1850 1566 1903 in
1598 1847 1752 1902 laude
1781 1846 1973 1900 Patris.
1999 1844 2138 1913 Ergo

561 1954 682 2025 quia
710 1962 764 2006 et
793 1951 876 2004 hic
903 1945 1273 2003 exsultationis
1301 1944 1450 1997 locus
1479 1948 1562 1996 est
1581 1982 1596 2006 ,
1632 1938 1770 1992 forte
1797 1936 1942 1991 illam
1969 1933 2136 1989 debe-

561 2024 679 2099 mus
708 2041 1001 2111 iutelligere
1030 2034 1420 2092 confessionem
1450 2047 1568 2102 qua:
1607 2038 1691 2084 est
1731 2028 1784 2082 in
1815 2024 1970 2081 laude
2003 2025 2095 2079 Dei
2123 2042 2135 2077 :

561 2134 701 2191 unde
728 2144 779 2187 et
807 2131 947 2184 Laus
975 2127 1177 2194 cantici,
1209 2135 1269 2181 ut
1297 2140 1402 2179 non
1430 2122 1515 2177 hic
1542 2120 1899 2190 intelligamus
1926 2116 2134 2172 confes-

562 2227 767 2282 sionem
814 2220 1214 2291 pmuitentium,
1254 2214 1349 2270 sed
1384 2212 1732 2267 laudantium.
1780 2209 1850 2263 Et
1889 2208 2014 2278 quid
2060 2216 2141 2263 est

561 2313 701 2386 quod
744 2311 996 2367 continuo
1032 2321 1130 2362 nos
1169 2305 1419 2360 admonet
1445 2303 1511 2357 de
1537 2302 1765 2373 quadam
1806 2298 2142 2354 confessione

560 2421 682 2462 cum
729 2406 847 2457 ait:
891 2400 1267 2457 Prwveniamus
1315 2397 1495 2467 facient
1539 2394 1647 2464 ejus
1691 2393 1744 2445 in
1784 2390 2143 2461 confessione?

559 2498 697 2567 Quid
744 2507 859 2562 est,
902 2492 1278 2548 Prwveniamus
1320 2487 1501 2561 facient
1540 2486 1651 2556 ejus
1694 2484 1747 2536 in
1792 2480 2143 2553 confessione?

564 2590 832 2645 Venturus
851 2595 960 2653 est;
988 2584 1366 2639 Prteveniamus
1387 2578 1567 2650 faciem
1593 2577 1703 2647 ejus
1726 2576 1778 2629 in
1799 2574 2140 2646 confessione,

564 2681 747 2751 prius:
777 2686 1062 2749 antequam
1102 2673 1313 2737 veniat,
1342 2685 1440 2725 nos
1482 2666 1787 2724 confitendo
1829 2665 2144 2720 damnemus

563 2772 705 2842 quod
726 2772 963 2833 fecimus,
984 2776 1042 2822 ut
1064 2766 1152 2821 ille
1178 2762 1320 2842 quod
1346 2768 1587 2823 coronet,
1614 2774 1718 2813 non
1739 2756 1878 2828 quod
1905 2756 2141 2823 damnet,

567 2862 821 2917 inveniat.
845 2856 1109 2928 Numquid
1139 2864 1316 2909 autem
1343 2861 1397 2908 et
1424 2852 1527 2905 hoc
1552 2866 1655 2905 non
1683 2849 1913 2919 pertinet
1935 2847 2002 2901 ad
2032 2847 2147 2901 lau-

564 2952 688 3009 dem
733 2951 859 3018 Dei,
888 2948 1099 3020 quando
1140 2943 1415 3001 confiteris
1458 2948 1674 3011 peccata
1707 2940 1832 2993 tua?
1862 2938 1973 2991 lmo
2014 2952 2144 2991 vero

567 3043 800 3099 maxime
827 3041 1057 3113 pertinet
1080 3036 1144 3092 ad
1173 3034 1382 3089 laudem
1414 3032 1528 3087 Dei.
1556 3030 1732 3096 Quare
1758 3027 1994 3083 maxime
2017 3042 2144 3098 per-

567 3134 702 3188 tinet
720 3132 786 3186 ad
814 3130 1021 3185 laudem
1043 3128 1171 3183 Dei?
1198 3126 1326 3193 Quia
1352 3130 1499 3177 tanto
1520 3121 1746 3189 amplius
1770 3118 2016 3172 laudatur
2036 3131 2148 3171 me-

567 3226 752 3294 dicus,
782 3233 978 3295 quanto
1023 3220 1139 3292 plus
1178 3215 1561 3287 desperabatur
1595 3222 1846 3283 tegrotus.
1878 3208 2147 3265 Confitere

569 3319 744 3388 itaque
770 3321 985 3386 peccata
1017 3321 1104 3368 tua
1124 3353 1138 3377 ,
1170 3325 1275 3381 quo
1302 3309 1471 3379 magis
1496 3303 1820 3375 desperabas
1845 3302 1914 3358 de
1939 3310 1993 3356 te
2020 3315 2145 3371 pro-

569 3418 686 3479 pter
708 3406 1008 3477 iniquitates
1033 3413 1168 3457 tuas.
1191 3401 1362 3455 Tanto
1386 3397 1528 3454 enim
1558 3394 1728 3464 major
1757 3394 1869 3448 laus
1894 3402 1976 3447 est
2000 3392 2149 3462 igneo

568 3497 791 3561 scentis,
820 3503 1019 3565 quanto
1050 3491 1219 3561 major
1248 3486 1584 3558 exaggeratio
1613 3494 1695 3540 est
1728 3489 1947 3553 peccata
1975 3480 2147 3535 confi-

570 3589 748 3645 tentis.
797 3586 911 3642 Non
959 3599 1086 3655 ergo
1129 3594 1373 3653 putemus
1419 3577 1711 3635 recessisse
1760 3590 1857 3630 nos
1902 3590 1933 3628 a
1986 3573 2147 3629 laude

514 3728 517 3731 .
567 3678 798 3745 cantici,
826 3678 869 3732 si
902 3676 1037 3730 hanc
1063 3672 1455 3729 confessionem
1496 3668 1584 3723 hic
1623 3665 2000 3735 intelligimus,
2043 3678 2146 3733 qua

569 3771 883 3827 confitemur
910 3776 1127 3838 peccata
1154 3772 1335 3819 nostra
1360 3779 1374 3814 ε
1404 3768 1459 3817 et
1485 3760 1586 3814 hoc
1610 3758 1676 3813 ad
1713 3757 1926 3812 laudem
1954 3755 2147 3810 cantici

568 3863 831 3934 pertinet;
865 3862 983 3931 quia
1013 3874 1132 3913 cum
1172 3864 1382 3926 peccata
1412 3861 1593 3908 nostra
1622 3850 2017 3922 cognoscimus,
2052 3849 2147 3904 Dei

567 3954 787 4025 gloriam
833 3950 1290 4007 commendamus.
1341 3946 1721 4001 Prteveniamus
1752 3944 1931 4016 faciem
1959 3945 2068 4014 ejus
2095 3944 2150 3998 in

565 4045 898 4118 confessione.

640 4138 693 4194 5.
737 4135 803 4190 Et
833 4136 883 4189 in
914 4132 1118 4205 psalmis
1139 4129 1412 4201 jubilemus
1436 4127 1535 4181 illi.
1579 4125 1697 4181 Iam
1744 4124 1976 4179 diximus
2018 4124 2146 4193 quid

568 4229 638 4283 sit
654 4228 909 4297 jubilarc;
933 4224 1218 4294 repetitum
1240 4230 1342 4286 est,
1361 4228 1418 4273 ut
1432 4216 1777 4273 confirmetur
1797 4216 1849 4269 in
1878 4214 2146 4271 faciendo:

571 4322 685 4392 ipsa
710 4318 959 4391 repetitio
985 4315 1287 4371 exhortatio
1306 4318 1408 4367 est.
1437 4309 1552 4371 Non
1578 4308 1718 4365 enim
1741 4307 1852 4376 jam
1879 4306 2027 4361 obliti
2055 4320 2147 4360 su-

570 4428 721 4479 mus,
752 4419 810 4466 ut
831 4411 941 4480 jam
969 4406 1171 4462 moneri
1199 4419 1295 4457 nos
1320 4402 1546 4457 velimus
1567 4442 1581 4466 ,
1614 4415 1731 4469 quae
1758 4398 1899 4453 dicta
1926 4398 2033 4452 sint
2057 4412 2150 4451 su-

573 4503 770 4574 peritis,
802 4510 857 4555 ut
881 4499 1165 4570 jubilemus
1191 4514 1202 4550 :
1228 4492 1321 4549 sed
1350 4493 1660 4563 plerumque
1686 4491 1739 4544 in
1765 4489 1961 4544 affectu
1986 4489 2149 4543 animi

572 4594 831 4664 repetitur
849 4591 1064 4645 verbum
1085 4587 1223 4658 quod
1253 4598 1432 4641 notum
1454 4594 1591 4649 erat,
1611 4599 1716 4637 non
1746 4590 1803 4637 ut
1829 4582 2147 4648 innotescat,

571 4686 665 4741 sed
698 4694 753 4739 ut
784 4684 892 4753 ipsa
918 4680 1162 4750 repetitio
1185 4677 1341 4731 faciat
1363 4674 1858 4738 confirmationem;
1888 4672 2151 4741 repetitur

571 4776 713 4831 enim
756 4773 821 4827 ad
868 4769 1261 4841 intelligendum
1306 4766 1553 4821 affectum
1603 4764 1846 4819 dicentis.
1893 4762 2017 4815 Inde
2070 4769 2151 4814 est

570 4866 711 4938 quod
742 4865 868 4919 dicit
901 4862 1174 4926 Dominus,
1204 4860 1383 4921 Amen,
1414 4874 1557 4909 amen
1586 4855 1699 4908 dico
1723 4854 1857 4907 vobis
1883 4852 2062 4922 (Joan.
2096 4867 2145 4917 l,

570 4959 659 5029 5f)
692 4975 705 5024 ;
738 4955 1033 5011 sufficiebat
1072 4952 1229 5005 Amen
1273 4964 1468 5011 unum;
1509 4961 1710 5016 quare,
1740 4943 1897 4997 Amen
1920 4985 1934 5009 ,
1968 4959 2110 4995 amen
2131 4982 2147 5006 ,

569 5050 670 5106 nisi
718 5049 840 5119 quia
890 5045 1003 5116 ipsa
1051 5042 1297 5113 repetitio
1329 5037 1661 5092 confirmatio
1691 5036 1807 5089 est?
1835 5034 1899 5087 In
1942 5034 2150 5106 psalmis

567 5154 714 5210 ergo,
744 5139 945 5208 inquit,
966 5134 1243 5208 jubilemus
1272 5131 1369 5184 illi.
1403 5130 1469 5183 Et
1495 5143 1613 5198 qum
1655 5126 1893 5181 dicemus
1922 5126 1973 5178 in
2005 5123 2149 5193 psal-

567 5234 702 5288 mis?
729 5248 845 5303 quae
889 5230 1161 5292 dicemus,
1200 5224 1285 5279 vel
1330 5223 1504 5293 potius
1533 5220 1828 5275 sentiemus
1855 5219 1909 5272 in
1948 5217 2148 5286 jubila-

566 5326 745 5381 tione?
776 5338 891 5392 qua:
915 5328 1038 5375 sunt
1058 5334 1176 5389 qua:
1207 5316 1471 5385 pertinent
1499 5312 1565 5368 ad
1596 5310 1805 5366 laudem
1830 5310 2020 5364 cantici
2049 5308 2149 5361 hu-

562 5416 683 5487 jus?
712 5414 827 5469 Jam
853 5412 1031 5467 audite
1055 5427 1067 5463 :
1094 5406 1344 5475 Quoniam
1380 5404 1512 5459 Deus
1544 5419 1755 5473 magnus
1780 5410 1850 5455 est
1876 5399 2143 5464 Dominus,

566 5519 613 5564 et
639 5524 731 5563 res:
755 5521 965 5577 magnus
992 5518 1144 5573 super
1168 5514 1338 5553 omnes
1367 5496 1485 5550 deos
1507 5511 1524 5549 :
1548 5504 1830 5564 propterea
1860 5506 1987 5561 ergo
2007 5490 2149 5559 jubi-

567 5602 739 5655 femus
761 5599 855 5653 illi.
876 5596 1126 5665 Quoniant
1146 5609 1245 5646 non
1267 5587 1473 5660 repellet
1492 5586 1737 5653 Dominus
1759 5584 1948 5656 plebem
1966 5596 2147 5636 suam:

565 5816 597 5865 ά
630 5756 643 5785 ι
672 5752 893 5816 Plerique
912 5757 1036 5799 Mss:
1065 5746 1198 5798 Venit
1214 5756 1329 5809 ergo
1349 5741 1531 5794 dicens.
1560 5748 1655 5789 Am.
1682 5746 1734 5790 et
1757 5746 1849 5789 En:
1876 5735 2009 5789 Venit
2032 5748 2146 5801 ergo

600 5830 754 5865 δριίιδ.

600 5830 754 5865 δριίιδ.

1772 372 1828 426 S.
1869 366 2230 427 AUGUSTINI
2271 368 2567 424 EPISCOPI

3674 376 3812 431 19.20

2233 480 2521 549 jubilemus
2552 481 2649 535 illi.
2687 480 2937 548 Quoniam
2966 482 3015 535 in
3048 499 3198 536 ntanu
3230 485 3336 556 ejus
3361 484 3377 519 ί
3402 488 3530 557 ﬁnes
3556 496 3731 554 term,
3767 503 3815 545 ει

2233 572 2523 626 altitudines
2549 572 2793 626 montium
2829 573 2987 641 ipsius
3013 584 3129 627 sunt
3152 590 3171 627 :
3199 575 3249 628 in
3280 574 3361 631 his
3389 577 3637 634 omnibus
3661 579 3814 649 juhi-

2238 660 2408 716 lemtts
2438 662 2529 717 illi.
2563 663 2815 729 Quoniam
2838 663 2997 733 ipsius
3022 673 3093 717 est
3118 681 3273 731 mare,
3307 676 3353 719 et
3377 666 3484 738 ipse
3513 670 3628 740 fecit
3656 670 3812 735 illud,

2233 762 2283 806 et
2307 754 2503 807 aridam
2530 764 2716 809 terram
2742 772 2921 809 manus
2946 755 3054 825 ejus
3081 756 3371 827 ﬁnxerunt:
3393 758 3681 828 jubilemus
3712 761 3813 815 illi.

2236 844 2341 899 Sed
2368 845 2482 901 haec
2502 847 2679 901 omnia
2702 846 2828 917 quid
2855 846 2954 903 sibi
2976 847 3160 913 velint,
3189 848 3234 903 si
3263 858 3618 919 congruenter
3636 851 3821 907 discu-

2237 939 2455 1004 tiantur,
2484 947 2693 1008 tempus
2717 939 2855 995 forte
2884 954 2989 995 non
3020 939 3250 996 sufficit:
3275 941 3368 996 sed
3390 959 3572 999 rursus
3592 945 3638 1000 si
3660 945 3819 1015 peni-

2239 1039 2321 1084 tus
2371 1030 2742 1101 negligantur,
2787 1031 3055 1087 debitores
3102 1035 3522 1091 remanebimus.
3573 1037 3819 1094 Breviter

2239 1120 2415 1191 itaque
2459 1136 2555 1191 pro
2600 1130 2872 1191 tempore,
2905 1132 3158 1193 quantum
3191 1126 3547 1197 perstringere
3575 1131 3819 1198 potueri-

2240 1229 2381 1282 mus,
2407 1214 2662 1284 accipite;
2690 1215 2811 1286 quia
2839 1224 2892 1271 et
2920 1231 3082 1286 pauca
3105 1218 3306 1272 semina
3330 1218 3651 1276 uberrimam
3674 1237 3823 1277 mes-—

2239 1322 2351 1360 sem
2378 1305 2635 1372 referunt,
2668 1307 2711 1360 si
2735 1307 2804 1361 sit
2830 1317 2969 1362 terra
2997 1307 3292 1363 fructifera.

2311 1398 2363 1452 6.
2393 1397 2542 1470 [vers.
2570 1397 2648 1469 5.]
2689 1398 2925 1453 Primum
2956 1414 3121 1469 quare
3146 1399 3438 1469 jubilcmus
3461 1441 3476 1465 ,
3506 1416 3669 1472 quare
3699 1402 3820 1456 lau-

2240 1489 2446 1555 demus,
2476 1488 2576 1543 hoc
2606 1489 2818 1559 posuit:
2851 1490 3102 1557 Quoniam
3128 1489 3269 1544 Deus
3292 1507 3503 1562 magnus
3531 1503 3604 1547 est
3634 1492 3821 1547 Domi—

2242 1596 2354 1644 nus,
2379 1588 2424 1634 et
2450 1595 2541 1633 rex
2565 1596 2773 1651 magnus
2797 1596 2947 1649 super
2968 1596 3138 1634 omnes
3161 1581 3299 1634 deos.
3318 1580 3453 1636 Sunt
3478 1597 3606 1653 ergo
3632 1583 3703 1639 dii
3729 1598 3824 1638 su-

2245 1687 2337 1739 per
2360 1686 2494 1741 quos
2519 1672 2589 1725 sit
2612 1685 2834 1741 magnus
2864 1670 3003 1725 Deus
3030 1680 3233 1735 noster,
3267 1672 3349 1725 cui
3385 1671 3701 1743 jubilamus,
3732 1673 3823 1729 cui

2242 1762 2709 1830 exsultamus,cui
2753 1762 2936 1817 laudes
2981 1762 3173 1817 cantici
3218 1762 3481 1828 dicimus;
3529 1774 3681 1830 sunt,
3723 1765 3824 1821 sed

2244 1871 2349 1910 non
2393 1855 2566 1915 nobis.
2610 1855 2896 1925 Apostolus
2939 1854 3079 1909 enim
3131 1854 3206 1909 ait
3248 1872 3260 1909 :
3304 1872 3323 1905 ι
3372 1854 3504 1909 Nam
3547 1856 3647 1912 etsi
3696 1865 3829 1911 sunt

2243 1948 2333 2018 qui
2371 1946 2619 2001 dicuntur
2645 1946 2739 2012 dii,
2764 1945 2876 2000 sive
2917 1946 2969 2000 in
3005 1944 3163 2011 ctelo,
3200 1946 3312 2000 sive
3352 1945 3405 2000 in
3447 1954 3608 2013 terra,
3635 1961 3828 2017 quem-

2244 2038 2530 2093 admodum
2564 2047 2688 2092 sunt
2712 2037 2786 2092 dii
2826 2036 2977 2092 multi
3007 2046 3059 2091 et
3088 2035 3291 2091 domini
3323 2036 3477 2091 multi
3506 2055 3519 2089 :
3555 2036 3708 2092 nobis
3738 2047 3827 2091 ta-

2246 2144 2367 2184 men
2410 2143 2548 2183 unus
2597 2129 2738 2183 Deus
2756 2168 2772 2194 ,
2804 2143 2869 2183 ex
2897 2142 3004 2198 quo
3029 2126 3203 2181 omnia
3224 2168 3239 2192 ,
3270 2137 3323 2181 et
3352 2141 3450 2181 nos
3492 2142 3587 2197 per
3616 2128 3786 2198 ipsum
3808 2169 3824 2193 ,

2246 2230 2301 2275 ct
2336 2236 2470 2275 unus
2512 2219 2769 2275 Dominus
2807 2228 2990 2274 noster
3023 2217 3179 2273 Jesus
3221 2216 3499 2282 Christus,
3541 2233 3637 2288 per
3664 2234 3829 2289 quem

2246 2311 2445 2373 omnia,
2476 2319 2530 2364 et
2556 2324 2655 2365 nos
2683 2305 2734 2363 in
2762 2308 2879 2379 ipso
2912 2328 2930 2362 ι
2968 2307 3022 2379 (1
3050 2307 3169 2362 Cor.
3196 2324 3319 2372 vin,
3351 2307 3447 2363 5et
3470 2306 3502 2363 6
3527 2310 3565 2378 ).
3593 2308 3648 2365 Si
3695 2324 3831 2380 ergo

2250 2415 2351 2454 non
2406 2400 2593 2467 nobis,
2626 2399 2863 2470 quibus?
2911 2398 3048 2453 Audi
3101 2413 3167 2453 ex
3221 2399 3324 2452 alio
3371 2399 3577 2468 psalmo
3618 2416 3632 2453 :
3678 2399 3829 2468 Quo-

2248 2491 2384 2543 niam
2409 2490 2481 2543 dii
2508 2489 2743 2544 Gentium
2769 2488 3051 2555 dmonia;
3090 2487 3335 2542 Dominus
3366 2498 3535 2542 autem
3565 2490 3719 2544 caelos
3754 2493 3833 2561 fe-

2249 2586 2314 2639 cit
2342 2583 2513 2659 (Psal.
2536 2600 2660 2650 xcv,
2684 2584 2761 2655 5).
2790 2581 3209 2654 Magnificentius
3238 2592 3291 2638 et
3316 2582 3529 2638 brevius
3559 2583 3651 2638 tibi
3681 2598 3834 2639 com-

2251 2677 2502 2732 mendare
2528 2692 2635 2731 non
2675 2676 2843 2747 potuit
2877 2675 3106 2746 Spiritus
3126 2685 3341 2730 sanctus
3371 2690 3466 2745 per
3496 2675 3831 2746 Prophetam

2252 2769 2414 2823 Deum
2438 2778 2492 2824 et
2519 2768 2798 2823 Dominum
2821 2776 2988 2822 tuum.
3020 2768 3211 2822 Parum
3243 2768 3385 2823 enim
3410 2777 3525 2824 erat
3560 2770 3682 2840 quia
3716 2778 3834 2825 ter-
3882 2836 3887 2839 δ

2250 2858 2417 2915 ribilis
2461 2874 2620 2928 super
2646 2858 2826 2912 omnia
2857 2857 3117 2912 dmmonia
3149 2858 3294 2913 Deus
3325 2876 3337 2912 :
3369 2859 3493 2929 quid
3539 2876 3789 2931 magnum
3814 2902 3836 2925 ,

2250 2965 2370 3006 esse
2394 2965 2553 3019 super
2575 2949 2752 3004 omnia
2781 2949 3077 3004 daemonia?
3105 2949 3237 3014 Quia
3266 2950 3336 3003 dii
3367 2949 3598 3005 Gentium
3628 2953 3831 3008 dwmo-

2250 3045 2354 3097 nia.
2384 3043 2482 3099 Ubi
2513 3052 2686 3097 autem
2720 3043 2859 3097 Deus
2890 3042 3047 3097 tuus?
3078 3042 3324 3108 Dominus
3363 3052 3529 3097 autent
3563 3044 3714 3099 calas
3751 3049 3835 3117 fe-

2249 3137 2334 3189 cit.
2359 3134 2491 3190 Illud
2518 3134 2638 3190 fecit
2660 3134 2912 3189 Dominus
2940 3141 3080 3199 tuus,
3111 3133 3196 3188 ubi
3222 3148 3326 3188 non
3348 3142 3569 3204 possunt
3589 3134 3837 3193 habitare

2249 3226 2508 3281 dmmonia
2540 3244 2557 3282 :
2588 3225 2653 3279 de
2679 3225 2827 3280 cmlis
2855 3226 2995 3280 enim
3023 3225 3225 3295 dejecta
3250 3226 3675 3282 suntdtemouia.
3695 3229 3835 3285 Coali

2252 3326 2629 3389 praeponuntur
2655 3317 2952 3381 daemoniis,
2985 3318 3242 3372 Dominus
3266 3326 3385 3373 tuus
3412 3325 3466 3373 et
3494 3320 3677 3385 canis;
3706 3321 3838 3391 quia

2251 3411 2506 3465 Dominus
2536 3420 2653 3464 tuus
2678 3421 2732 3464 ct
2774 3411 2939 3465 caelos
2964 3408 3107 3465 fecit.
3136 3410 3343 3477 Quanto
3371 3427 3499 3481 ergo
3533 3412 3690 3467 altior
3717 3413 3837 3468 dae-

2251 3503 2446 3556 moniis
2469 3502 2569 3556 diis
2594 3501 2861 3565 Gentium,
2895 3502 2983 3571 qui
3012 3501 3170 3556 altior
3196 3509 3279 3556 est
3297 3502 3445 3558 ccelis
3470 3542 3485 3567 ,
3514 3502 3657 3559 unde
3685 3504 3836 3567 ceci—

2251 3593 2445 3649 derunt
2468 3594 2640 3663 angeli
2665 3635 2681 3660 ,
2711 3602 2767 3648 ut
2790 3594 2981 3648 fierent
3009 3592 3315 3648 daemonia?
3345 3594 3409 3649 Et
3440 3604 3614 3649 tamen
3645 3606 3838 3666 gentes

2252 3701 2439 3741 omnes
2460 3685 2559 3740 sub
2580 3683 2911 3740 daemonibus
2948 3693 3101 3739 erant
3130 3703 3143 3737 :
3176 3685 3505 3740 dmmonibus
3528 3688 3725 3756 templa
3754 3685 3838 3741 fa-

2252 3776 2455 3832 bricata
2482 3786 2623 3843 sunt,
2647 3774 2976 3832 daemonibus
3004 3793 3111 3832 arae
3131 3786 3473 3844 constructtc,
3500 3777 3839 3833 dmmonibus

2253 3869 2559 3925 sacerdotes
2585 3869 2830 3934 instituti,
2859 3868 3187 3923 dmmonibus
3213 3868 3388 3923 oblata
3409 3869 3692 3937 sacrificia,
3725 3869 3839 3924 da:-

2254 3961 2499 4016 monibus
2525 3960 2790 4031 arreptitii
2820 3969 3067 4031 tanquam
3087 3970 3234 4017 vates
3254 3961 3474 4016 inducti.
3502 3962 3624 4017 [hec
3650 3963 3833 4020 omnia

2253 4051 2589 4107 dmmonibus
2626 4060 2812 4121 gentes
2860 4052 3259 4119 cxhibuerunt;
3311 4052 3427 4109 haec
3473 4055 3651 4109 omnia
3706 4070 3839 4112 vera

2254 4146 2466 4201 nonnisi
2497 4145 2585 4199 uni
2617 4158 2808 4214 magno
2835 4145 2944 4199 Deo
2970 4144 3229 4200 debentur
3259 4160 3273 4199 :
3307 4144 3561 4216 templum
3594 4144 3839 4202 fecerunt

2255 4248 2441 4307 gentes
2480 4237 2812 4291 dtemonibus
2838 4254 2851 4302 ;
2886 4236 3047 4291 habet
3092 4238 3232 4293 Deus
3257 4238 3509 4307 templum
3540 4254 3553 4291 :
3583 4237 3840 4293 sacerdo-

2257 4337 2336 4382 tes
2366 4328 2604 4382 fcccrunt
2629 4335 2814 4397 gentes
2842 4327 3209 4394 daemonibus;
3238 4328 3398 4383 habet
3422 4329 3558 4382 Deus
3579 4328 3839 4384 sacerdo-

2256 4429 2362 4473 tem
2391 4422 2411 4451 ²
2438 4438 2451 4474 :
2480 4420 2799 4475 sacrificium
2844 4420 3198 4475 exhibuerunt
3239 4431 3423 4490 gentes
3465 4420 3838 4486 daemonibus;

2257 4510 2414 4564 habet
2437 4510 2575 4565 Deus
2603 4510 2943 4566 sacrificium.
2971 4512 3178 4566 Etenim
3202 4511 3274 4565 illi
3297 4511 3566 4567 dmmones
3597 4511 3839 4566 volentes

2260 4602 2424 4656 videri
2447 4602 2517 4655 dii
2544 4644 2558 4667 ,
2582 4617 2687 4656 non
2719 4602 2816 4657 sibi
2866 4605 2965 4656 ista
3001 4604 3275 4673 exigerent
3321 4612 3377 4658 ut
3423 4603 3705 4670 fallerent,
3734 4603 3839 4658 nisi

2256 4693 2376 4763 quia
2398 4693 2571 4747 sciunt
2590 4708 2652 4747 ea
2680 4693 2864 4748 deberi
2893 4709 3021 4747 vero
3043 4694 3169 4747 Deo.
3196 4694 3307 4749 lloc
3332 4695 3472 4749 enim
3499 4710 3614 4748 mos
3640 4706 3721 4749 est
3744 4694 3843 4749 de-

2257 4783 2370 4839 beri
2400 4800 2528 4839 vero
2561 4784 2687 4849 Deo,
2712 4783 2851 4853 quod
2890 4784 2987 4838 sibi
3011 4785 3172 4854 exigit
3203 4785 3363 4840 falsus
3400 4785 3550 4839 deus.
3579 4785 3719 4855 Ergo
3746 4802 3840 4838 vc—

2256 4892 2374 4931 rum
2417 4876 2669 4946 templum
2708 4876 2800 4930 Dei
2839 4878 3195 4946 agnoscimus.
3246 4876 3506 4946 Templum
3550 4878 3684 4930 enim
3745 4876 3840 4931 Dei

2256 4979 2486 5025 sanctum
2530 4978 2603 5024 est
2624 5010 2639 5033 ,
2674 4969 2869 5039 inquit,
2896 4969 3033 5039 quod
3066 4970 3183 5023 estis
3213 4986 3295 5022 vos
3324 4968 3365 5039 (l
3396 4969 3512 5023 Cor.
3536 4986 3611 5035 Ill,
3643 4967 3753 5040 l7).
3783 4969 3839 5024 Si

2257 5074 2384 5130 ergo
2425 5075 2524 5115 nos
2554 5074 2736 5114 sumus
2763 5060 3014 5129 templum
3050 5059 3140 5113 Dei
3167 5078 3179 5123 ;
3213 5075 3303 5114 ara
3334 5060 3423 5114 Dei
3449 5061 3623 5114 anima
3654 5073 3841 5115 n0stra

2256 5159 2357 5205 est.
2408 5150 2736 5205 Sacrificium
2793 5149 2882 5203 Dei
2926 5149 3051 5219 quid
3105 5149 3229 5204 est?
3261 5150 3419 5205 Forte
3468 5150 3569 5205 hoc
3614 5149 3843 5205 facimus

2259 5240 2419 5296 modo
2444 5282 2458 5305 ,
2486 5240 2813 5311 imponimus
2845 5240 2894 5293 in
2925 5256 3015 5294 ara
3041 5241 3358 5295 sacrificium
3385 5284 3401 5308 ,
3425 5241 3636 5310 quando
3669 5241 3841 5295 Deum

2257 5332 2566 5395 laudamus;
2596 5332 2751 5386 docet
2781 5332 2921 5385 enim
2969 5347 3064 5386 nos
3096 5332 3329 5402 psalmus
3350 5376 3364 5398 ,
3391 5334 3573 5389 dicens
3605 5353 3617 5387 :
3651 5333 3841 5388 Sacri-

2256 5425 2424 5493 ﬁcium
2447 5423 2612 5477 laudis
2626 5424 2924 5492 glori/icabit
2950 5440 3047 5489 me,
3076 5434 3118 5478 et
3143 5426 3211 5478 ibi
3236 5426 3313 5478 via
3338 5435 3430 5489 est,
3462 5425 3547 5478 ubi
3576 5425 3840 5478 ostendant

2254 5514 2330 5567 illi
2358 5512 2580 5567 salutare
2610 5512 2707 5566 Dei
2732 5512 2901 5585 (Psal.
2933 5531 3075 5578 thx,
3104 5514 3216 5585 9.5).
3252 5517 3318 5569 At
3344 5530 3474 5569 vero
3503 5514 3839 5568 sacerdotem

2252 5739 2290 5782 Μ
2318 5672 2335 5703 ι
2357 5669 2630 5781 Αξὲιὲεῐιον.
2652 5669 2866 5720 additum
2890 5678 2983 5730 est,
3034 5683 3226 5731 omnes;
3246 5671 3373 5733 quod
3395 5671 3458 5721 ab
3478 5669 3585 5720 aliis
3600 5670 3712 5720 Edd.
3740 5677 3793 5719 et
3809 5681 3839 5720 a

2294 5746 2358 5780 ss.
2525 5769 2536 5781 .

2321 5796 2339 5823 ¹
2366 5797 2435 5844 sic
2460 5800 2563 5842 Mss.
2589 5800 2641 5842 At
2665 5794 2796 5854 Edd.,
2823 5794 3109 5843 sacerdotes.
