4056 6500
204 349 340 407 ςῆι

201 467 246 520 si
274 461 520 533 requiris
545 499 561 525 ,
583 471 744 527 super
787 453 951 510 caelos
979 460 1094 517 est;
1125 449 1424 519 interpellat
1452 461 1548 517 pro
1578 453 1628 500 te
1651 444 1783 514 ,tqui

204 558 257 611 in
310 564 458 609 terra
507 559 752 605 mortuus
795 557 878 602 est
927 559 1023 615 pro
1046 553 1095 598 te
1143 542 1319 612 (Rom.
1347 555 1477 606 vm,
1505 538 1619 609 3t).
1649 537 1788 608 Ergo

208 644 348 699 Deus
378 657 593 713 magnus
623 649 695 694 est
725 636 994 698 Dominus,
1026 643 1072 688 et
1095 649 1184 687 rex
1209 647 1425 702 magnus
1449 645 1600 699 super
1615 643 1788 682 omnes

209 743 356 789 deos.
391 733 491 788 Hic
519 731 701 799 accipe
726 728 971 783 homines
996 725 1114 780 deos
1141 739 1159 778 :
1188 738 1294 778 non
1321 723 1460 778 enim
1491 736 1586 776 rex
1608 718 1790 774 Domi-

207 841 308 880 nus
336 838 501 893 super
525 819 806 876 dmmonia.
841 818 908 873 Et
938 815 1061 871 hinc
1107 815 1365 870 habemus
1390 811 1682 882 Scriptura;
1708 818 1792 864 te-

207 917 521 972 stimonium
557 932 568 967 :
603 912 741 967 Deus
765 910 899 966 stetit
923 909 974 963 in
1000 923 1258 978 synagoga
1282 905 1488 959 deorum
1513 920 1528 968 ;
1555 903 1607 956 in
1630 901 1794 956 medio

208 1019 380 1063 mrtem
409 1007 530 1061 deos
564 1005 844 1060 discernere
875 1003 892 1034 ί
919 997 1094 1074 (Psal.
1144 1012 1324 1065 unt,
1362 993 1437 1066 l).
1483 993 1618 1048 Deos
1661 991 1796 1047 dixit

133 1156 136 1157 ν
203 1099 642 1171 participatione,
669 1109 779 1150 non
821 1101 1038 1156 natura;
1064 1088 1228 1160 gratia
1251 1129 1266 1154 ,
1290 1100 1394 1157 qua
1431 1083 1596 1139 voluit
1619 1082 1798 1138 facere

210 1192 362 1246 deos.
391 1189 634 1256 Quantus
659 1186 798 1240 Deus
823 1191 905 1239 est
924 1181 1012 1252 qui
1040 1180 1165 1235 facit
1189 1178 1351 1235 deos?
1378 1178 1484 1232 Aut
1511 1175 1696 1246 quales
1717 1174 1793 1229 dii

210 1291 338 1338 sunt
380 1295 517 1352 quos
557 1279 680 1334 facit
711 1274 909 1330 homo?
947 1273 1113 1339 Quam
1154 1271 1246 1326 ille
1284 1284 1507 1339 magnus
1548 1267 1677 1322 deos
1716 1265 1796 1319 fa-

211 1373 406 1429 ciendo
425 1414 440 1439 ,
475 1380 581 1426 tam
609 1369 693 1424 isti
724 1366 855 1422 nihil
885 1365 974 1434 qui
997 1363 1065 1418 ab
1093 1362 1303 1416 homine
1336 1359 1460 1415 facti
1485 1365 1626 1413 sunt.
1657 1357 1798 1412 Deus

213 1479 374 1519 verus
423 1461 551 1516 facit
582 1459 712 1514 deos
747 1456 1026 1512 credentes
1052 1453 1103 1507 in
1136 1467 1195 1508 se
1214 1493 1228 1518 ,
1258 1451 1449 1521 quibus
1477 1448 1622 1504 dedit
1649 1454 1798 1517 pote-

213 1564 406 1609 statem
429 1552 568 1607 ﬁlios
595 1551 685 1606 Dei
717 1549 828 1605 fieri
875 1547 1053 1618 (Joan.
1084 1563 1122 1612 ι,
1153 1545 1266 1613 12).
1310 1544 1378 1598 Et
1410 1541 1530 1597 ideo
1559 1541 1672 1610 ipse
1697 1553 1791 1594 ve-

214 1662 308 1702 rus
331 1645 496 1710 Deus,
520 1643 644 1714 quia
673 1642 810 1695 Deus
835 1654 942 1695 non
975 1639 1144 1693 factus
1170 1645 1253 1692 est
1277 1655 1290 1691 :
1319 1650 1417 1690 nos
1441 1641 1618 1688 autem
1650 1631 1792 1697 laeti,

215 1751 324 1791 non
369 1735 481 1790 veri
518 1733 626 1798 dii,
652 1731 905 1787 meliores
947 1737 1121 1784 tamen
1164 1727 1268 1782 illis
1302 1741 1435 1797 quos
1463 1724 1624 1779 homo
1653 1722 1795 1778 facit.

215 1824 482 1893 Quoniam
527 1821 809 1877 simula-cra
861 1818 1114 1875 Gentium
1162 1826 1440 1887 argentum
1484 1823 1539 1869 et
1588 1828 1796 1879 aurum,

215 1931 355 1987 Opus
383 1931 641 1971 manuum
682 1912 951 1968 hominum
979 1929 993 1966 :
1021 1925 1082 1966 os
1109 1910 1304 1964 habent
1325 1951 1338 1973 ,
1371 1917 1424 1964 et
1448 1923 1553 1962 non
1580 1907 1800 1979 loquen-

217 2018 305 2063 tur
331 2009 553 2074 ;ocnlos
578 2007 772 2060 habent
792 2014 846 2060 et
874 2019 978 2060 non
1003 2003 1257 2059 videbunt
1279 2001 1447 2074 (Psal.
1472 2016 1616 2065 cxm,
1636 2001 1688 2062 4,
1720 1999 1796 2069 5).

216 2098 391 2154 Nobis
417 2109 588 2153 autem
613 2098 754 2151 Deus
778 2104 960 2151 uoster
977 2095 1158 2150 oculos
1180 2093 1420 2148 videntes
1442 2091 1584 2147 fecit.
1617 2091 1725 2146 Nec
1749 2091 1798 2144 in

217 2206 290 2247 eo
318 2201 500 2246 tamen
529 2205 620 2245 nos
653 2189 780 2244 deos
808 2187 968 2254 fecit,
1002 2187 1121 2258 quia
1154 2185 1392 2240 videntes
1420 2184 1603 2241 oculos
1644 2182 1800 2237 nobis

217 2281 387 2348 fecit;
422 2298 543 2336 nam
573 2281 692 2336 fecit
721 2279 825 2335 hoc
849 2289 904 2334 et
928 2278 1211 2349 pecoribus
1244 2295 1257 2329 :
1290 2275 1385 2332 sed
1411 2274 1530 2330 ideo
1553 2288 1650 2329 nos
1671 2272 1801 2328 deos

219 2371 386 2436 fecit,
446 2373 567 2442 quia
622 2370 904 2425 interiores
963 2367 1146 2422 oculos
1199 2375 1410 2421 nostros
1465 2363 1799 2419 illuminavit.

221 2463 361 2534 Ergo
411 2463 483 2518 sit
532 2462 649 2517 laus
675 2462 770 2527 illi,
824 2459 1090 2516 confessio
1133 2459 1232 2525 illi,
1279 2458 1347 2512 sit
1394 2456 1640 2527 jubilatio
1676 2453 1795 2510 illi:

221 2551 356 2619 Quia
385 2568 601 2623 magnus
625 2560 699 2606 est
728 2550 994 2614 Dominus,
1025 2558 1071 2604 et
1097 2564 1187 2603 rex
1211 2563 1420 2619 magnus
1444 2563 1595 2618 super
1632 2561 1802 2600 omnes

217 2643 358 2697 deos.

288 2734 342 2788 7.
371 2732 508 2802 Quia
533 2749 634 2788 non
653 2731 859 2803 repellet
879 2730 1128 2786 Dominus
1156 2729 1344 2801 plebem
1364 2745 1508 2783 suam
1529 2743 1548 2781 :
1567 2727 1682 2782 laus
1703 2725 1800 2792 illi,

216 2824 460 2896 iubilatio
486 2823 560 2878 illi
589 2867 601 2888 ,
627 2823 793 2891 Quam
837 2822 1041 2892 plebem
1083 2837 1188 2876 non
1235 2820 1500 2890 repellet?
1529 2820 1626 2875 Hic
1651 2819 1804 2875 nobis

220 2915 560 2985 interpretari
588 2913 785 2983 aliquid
811 2927 914 2967 non
942 2913 1063 2966 licet
1087 2929 1098 2966 :
1133 2911 1498 2982 pnescriptum
1537 2909 1802 2964 habemus

219 3007 286 3062 ab
311 3007 594 3076 Apostolo,
619 3004 865 3074 exposuit
887 3003 988 3059 hoc
1017 3002 1300 3072 ApoStolus
1344 3000 1484 3055 unde
1513 3000 1579 3054 sit
1605 2999 1804 3054 dictum

222 3099 400 3172 (Rom.
436 3115 517 3165 Il,
551 3098 626 3170 l).
658 3097 786 3152 Erat
806 3097 946 3151 enim
975 3095 1126 3165 plebs
1156 3094 1361 3159 Iudaea,
1393 3093 1543 3162 plebs
1573 3091 1664 3146 ubi
1690 3091 1807 3146 fue—

223 3202 346 3247 runt
383 3189 689 3261 Prophetat,
723 3189 873 3260 plebs
901 3187 990 3243 ubi
1020 3188 1231 3243 fuerunt
1261 3185 1584 3240 Patriarcha'.
1608 3225 1621 3248 ,
1653 3183 1805 3253 plebs

223 3285 382 3337 etiam
411 3281 706 3337 secundum
749 3295 962 3335 carnem
989 3285 1277 3350 prepagata
1303 3277 1370 3332 de
1406 3277 1609 3331 semine
1639 3275 1806 3330 Abra-

227 3377 342 3441 hze;
375 3375 529 3446 plebs
569 3373 619 3427 in
665 3387 768 3442 qua
813 3379 1199 3442 przecesserunt
1243 3369 1420 3423 omnia
1472 3374 1806 3422 sacramenta

227 3468 563 3521 Salvatorem
605 3473 846 3518 nostrum
873 3461 1274 3534 prominentia;
1307 3460 1454 3529 plebs
1481 3459 1567 3513 ubi
1593 3458 1806 3512 institu-

233 3571 339 3612 tum
366 3566 454 3611 est
480 3554 734 3623 templum
753 3596 765 3618 ,
804 3553 1005 3615 unctio,
1039 3550 1286 3606 sacerdos
1307 3551 1327 3581 ⁸
1355 3549 1421 3604 ad
1458 3549 1678 3618 ﬁguram
1702 3589 1717 3612 ,
1751 3554 1811 3601 ut

231 3663 350 3702 eum
380 3661 573 3702 omnes
600 3647 728 3716 ipsa:
766 3645 966 3699 umbra:
995 3642 1357 3712 prwterirent,
1389 3640 1500 3710 ipsa
1528 3641 1615 3693 lux
1642 3638 1809 3693 adve-

235 3737 414 3792 niret:
465 3744 747 3804 erat'ergo
791 3734 888 3787 ista
934 3733 1083 3802 plebs
1123 3732 1247 3796 Dei;
1273 3730 1339 3785 ad
1379 3745 1496 3785 eam
1529 3728 1811 3799 Propheta:

236 3826 382 3881 missi
409 3826 463 3880 in
494 3824 582 3881 illa
611 3825 717 3878 nati
741 3823 828 3893 qui
870 3823 1015 3877 missi
1042 3839 1055 3888 ;
1081 3822 1128 3877 ei
1170 3821 1362 3875 tradita
1389 3831 1444 3876 et
1471 3820 1670 3875 credita
1701 3820 1816 3874 elo-

230 3915 357 3985 qui
407 3915 524 3969 Del.
579 3914 714 3982 Quid
741 3914 903 3984 ergo?
949 3921 1113 3966 totum
1162 3911 1290 3967 illud
1333 3896 1640 3966 dam'natum
1691 3910 1814 3965 est?

243 4006 408 4063 Absit.
458 4006 633 4061 Arbor
673 4007 827 4062 oliva:
870 4005 983 4075 ipsa
1020 4005 1158 4059 dicta
1202 4012 1285 4059 est
1321 4003 1579 4072 Apostolo
1603 4043 1617 4068 ,
1654 4002 1816 4071 coepit

237 4101 376 4155 enim
424 4099 526 4153 ista
557 4097 716 4151 arbor
740 4112 767 4148 a
813 4094 1168 4152 Patriarehis:
1201 4093 1296 4150 sed
1327 4093 1542 4148 fuerunt
1579 4091 1649 4146 ibi
1680 4091 1815 4146 rami

239 4187 402 4252 aridi,
436 4187 562 4257 quia
597 4187 756 4241 nimis
783 4186 875 4241 alti
918 4201 1012 4254 per
1039 4184 1378 4255 superbiam;
1429 4183 1635 4254 prtecisi
1689 4196 1818 4251 ergo

242 4288 458 4350 propter
485 4278 821 4332 sterilitatem
846 4318 861 4344 ,
890 4276 1120 4331 insertus
1147 4275 1376 4330 oleaster
1400 4283 1616 4350 propter
1641 4272 1817 4326 Immi-

243 4371 468 4424 litatcm.
497 4367 898 4434 Verumtamen,
925 4365 1244 4430 cltarissimi,
1271 4380 1339 4420 ne
1361 4364 1660 4434 superhiret
1684 4365 1816 4418 olea-

241 4469 349 4517 ster
378 4461 636 4524 insertus,
664 4458 789 4529 quid
819 4461 894 4512 ait
937 4456 1263 4528 Apostolus?
1294 4474 1313 4508 ‹
1339 4455 1394 4510 Si
1422 4464 1477 4510 tu
1499 4471 1566 4510 ex
1588 4453 1818 4510 naturali

243 4554 444 4609 incisus
491 4553 757 4617 oleastro,
787 4557 842 4605 et
889 4558 1075 4604 contra
1126 4558 1368 4601 naturam
1407 4547 1639 4601 insertus
1682 4561 1741 4601 es
1769 4546 1819 4600 in

243 4647 436 4703 bonam
468 4647 696 4710 olivam;
727 4651 924 4714 quanto
956 4641 1121 4712 magis
1146 4641 1233 4710 qui
1260 4637 1550 4695 secundum
1580 4646 1820 4692 naturam

243 4746 384 4803 sunt,
411 4737 716 4791 inserentur
737 4748 848 4788 sua:
875 4733 1029 4786 olivae
1061 4749 1080 4783 ι
1113 4730 1301 4801 (Ibid,
1329 4729 1560 4798 16-94)?
1585 4728 1656 4783 Ut
1683 4744 1820 4798 quo-

245 4828 401 4881 modo
427 4836 485 4880 tu
513 4818 622 4880 non
662 4837 979 4896 permanens
1015 4823 1066 4876 in
1107 4819 1412 4876 infidelitate
1433 4862 1448 4887 ,
1480 4819 1716 4874 meruisti
1746 4819 1827 4872 in-

245 4919 342 4971 seri
373 4919 427 4971 in
471 4915 665 4971 olivam
686 4955 702 4981 ,
733 4929 852 4968 cum
898 4927 1048 4967 esses
1082 4912 1340 4974 oleaster;
1370 4911 1449 4966 sic
1476 4910 1561 4964 isti
1602 4909 1825 4964 correcti

248 5006 454 5062 facilius
483 5022 597 5061 sum
622 5006 773 5060 oliva:
798 5004 1107 5058 naturaliter
1128 5003 1427 5058 inserantur
1455 5019 1469 5054 :
1503 5003 1606 5057 hoc
1629 5001 1696 5056 de
1721 5001 1827 5056 illis

249 5101 559 5172 Apostolus.
593 5099 731 5168 Ergo
762 5099 872 5167 ipsa
904 5107 986 5151 est
1029 5097 1188 5152 arbor
1215 5112 1230 5161 ;
1260 5097 1360 5151 etsi
1388 5096 1549 5166 aliqui
1575 5111 1638 5150 ex
1666 5096 1829 5150 ramis

251 5187 400 5247 fracti
432 5200 578 5251 sunt.
607 5207 713 5245 non
742 5205 949 5245 omnes.
979 5188 1108 5243 Nam
1148 5189 1191 5243 si
1223 5203 1411 5242 omnes
1459 5187 1591 5242 rami
1619 5186 1830 5258 frange-

251 5296 456 5351 rentur,
485 5283 628 5338 unde
658 5283 884 5339 Petrus?
913 5282 1054 5338 unde
1083 5281 1359 5338 Joannes?
1382 5281 1524 5336 unde
1561 5280 1830 5337 Thomas?

254 5376 386 5430 unde
416 5374 734 5430 Alatthazus?
755 5373 894 5428 unde
917 5373 1210 5429 Andraeas?
1233 5373 1368 5428 unde
1391 5373 1466 5428 illi
1487 5387 1672 5429 omnes
1690 5373 1835 5443 Apo-

255 5467 372 5521 stoli
393 5466 423 5520 ?
448 5465 592 5521 unde
617 5464 732 5536 ipse
755 5465 954 5520 Paulus
982 5465 1254 5535 apostolus
1283 5464 1373 5534 qui
1399 5464 1714 5535 loquebatur
1736 5504 1751 5529 ,
1779 5471 1834 5520 et

263 5637 764 5750 uigpg‘discernit.
787 5644 843 5688 At
864 5645 992 5696 Mss,
1033 5636 1307 5690 discernere
1333 5651 1351 5690 :
1379 5645 1431 5690 et
1453 5641 1522 5690 sic
1543 5639 1835 5702 Augustinus

321 5763 342 5792 ⁸
367 5761 557 5826 Aliquot
576 5768 703 5823 Mss,
725 5760 885 5811 unctio
907 5760 1184 5810 sacerdotis.

1272 329 1666 390 ENARRATIO
1706 327 1768 384 1N
1807 327 2122 384 PSAIMUM
2158 301 2334 383 xeiv.

3333 334 3354 389 l
3368 334 3470 391 22?.

1899 457 1998 497 suo
2040 443 2214 498 fructu
2273 443 2868 500 olivam'testabatur?
2909 445 3097 503 Nonne
3143 447 3229 502 isti
3283 462 3470 503 omnes

1899 535 2063 590 inde?
2093 535 2244 591 Unde
2269 536 2426 591 etiam
2453 537 2722 608 quingenti
2747 538 2820 592 illi
2849 537 3037 594 fratres
3062 541 3255 609 quibus
3283 540 3466 594 Domi-

1899 642 1997 681 nus
2042 635 2160 696 post
2209 629 2657 684 resurrectionem
2705 631 2949 701 apparuit
2997 630 3041 704 (ῐ
3061 631 3178 687 Cor.
3235 649 3324 700 xv,
3378 633 3464 704 6)?

1898 720 2039 776 unde
2067 729 2144 775 tot
2169 721 2330 776 millia
2363 723 2429 777 ad
2454 738 2641 779 vocem
2671 723 2852 792 Petri,
2883 725 3095 796 quando
3122 725 3321 795 Spiritu
3347 743 3473 781 san-

1899 821 1986 867 cto
2011 813 2197 883 repleti
2235 813 2472 882 Apostoli
2515 815 2751 870 omnium
2793 817 3031 886 gentium
3081 817 3275 888 linguis
3315 819 3476 874 locuti

1900 903 2024 957 su'nt
2050 944 2064 968 ,
2096 911 2239 957 tanta
2267 904 2518 958 aviditate
2560 905 2655 960 Dei
2680 906 2852 961 laudis
2882 916 2937 962 et
2973 923 3085 964 suae
3123 910 3478 964 accusationis

1900 994 2144 1051 conversi
2167 1003 2312 1063 sunt,
2344 996 2517 1066 utqui
2549 997 2720 1066 primo
2744 999 3057 1070 sanguinem
3087 1001 3296 1056 Domini
3329 1001 3478 1056 fude-

1901 1094 2026 1140 runt
2054 1084 2336 1141 saevientes
2360 1127 2374 1152 ,
2402 1085 2587 1142 bibere
2616 1087 2885 1144 discerent
2907 1089 3018 1159 jam
3046 1090 3367 1148 credentes?
3393 1092 3483 1148 Sic

1902 1183 2080 1231 autem
2113 1177 2289 1231 omnia
2313 1177 2400 1232 illa
2427 1192 2682 1234 conversa
2719 1189 2841 1235 sunt
2874 1181 3040 1236 millia
3079 1182 3351 1238 hominum
3377 1225 3392 1252 ,
3424 1195 3480 1240 ut

1903 1283 1990 1323 res
2015 1283 2138 1324 snas
2163 1269 2474 1339 venderent,
2505 1278 2559 1326 et
2583 1271 2752 1341 pretia
2787 1288 2963 1328 rerum
2995 1288 3209 1330 suarum
3231 1286 3352 1330 ante
3381 1291 3473 1345 pc-

1907 1357 2003 1413 dcs
2035 1359 2414 1429 Apostolorum
2456 1371 2716 1431 ponerent
2757 1361 2894 1432 (Act.
2936 1380 2994 1431 ιι,
3023 1363 3118 1436 ιν).
3157 1365 3307 1434 Quod
3333 1365 3482 1422 dives

1904 1465 2040 1505 unus
2067 1465 2170 1505 non
2191 1449 2335 1518 fecit,
2365 1453 2578 1522 quando
2603 1469 2698 1508 ore
2729 1453 2937 1509 Domini
2971 1457 3209 1523 audivit,
3238 1465 3292 1511 et
3316 1473 3344 1510 a
3375 1457 3480 1511 Do-

1904 1540 2048 1597 mino
2079 1540 2242 1596 tristis
2270 1542 2529 1598 abscessit
2553 1542 2763 1616 (Matth.
2794 1561 2906 1610 xix,
2932 1547 3022 1612 2t,
3048 1544 3139 1620 22)
3163 1589 3177 1612 ,
3211 1545 3312 1602 hoc
3340 1547 3484 1602 fece-

1904 1639 2029 1684 runt
2057 1631 2230 1686 subito
2260 1639 2337 1685 tot
2361 1633 2523 1686 millia
2551 1633 3050 1689 eorum-hominum
3071 1678 3084 1701 ,
3115 1653 3340 1707 quorum
3371 1653 3486 1693 ma—
3565 1693 3569 1702 ,

1907 1720 2062 1776 nibus
2081 1721 2325 1776 Christus
2348 1721 2522 1778 fuerat
2539 1725 2844 1781 crucifixus.
2869 1725 3077 1793 Quanto
3104 1727 3276 1797 majus
3295 1728 3490 1786 vulnus

1905 1823 2023 1866 erat
2049 1813 2099 1866 in
2130 1814 2291 1869 corde
2318 1815 2552 1884 ipsorum
2579 1843 2594 1881 ,
2629 1825 2775 1872 tanto
2805 1818 3013 1875 avidius
3041 1821 3305 1876 medicum
3336 1836 3484 1891 qum-

1906 1902 2128 1958 sierunt.
2155 1905 2286 1959 Cum
2333 1921 2461 1976 ergo
2501 1907 2624 1962 inde
2660 1909 2735 1962 illi
2766 1924 2954 1965 omnes
2991 1909 3239 1979 fuerunt,
3267 1912 3333 1968 de
3361 1913 3489 1983 ipsis

1907 1992 2032 2048 dicit
2066 1995 2225 2050 modo
2249 1985 2492 2055 Psalmus
2522 2016 2534 2053 :
2573 1998 2828 2066 Quoniam
2863 2017 2964 2055 non
2990 2003 3198 2072 repellet
3239 2003 3489 2058 Dominus

1907 2086 2098 2155 plebem
2124 2104 2287 2142 suam.
2334 2089 2464 2144 Nam
2494 2089 2596 2145 hoc
2628 2092 2934 2148 testimonio
2964 2092 3180 2160 Psalmi,
3213 2109 3334 2150 cum
3365 2095 3489 2151 hinc

1907 2177 2228 2246 loqueretur,
2253 2195 2378 2234 usus
2407 2190 2489 2237 est
2518 2183 2824 2252 Apostolus,
2852 2193 2906 2239 et
2927 2185 3060 2239 dixit
3085 2205 3098 2240 :
3141 2205 3159 2238 ι
3193 2187 3330 2256 Quid
3360 2204 3488 2260 ergo

1905 2264 2164 2333 dicemus,
2190 2267 2409 2324 fratres?
2428 2269 2693 2342 Numquid
2717 2273 2855 2328 Deus
2873 2275 3064 2344 repulit
3087 2277 3292 2344 plebem
3315 2292 3488 2344 suam;

1903 2371 2062 2427 quam
2090 2360 2395 2427 praescivit?
2419 2361 2573 2416 Absit
2603 2380 2616 2415 :
2646 2379 2768 2418 nam
2793 2378 2847 2419 et
2873 2380 2970 2435 ego
2993 2366 3227 2422 Israelita
3255 2384 3395 2434 sum,
3424 2386 3490 2426 ex

1907 2450 2111 2503 semine
2139 2449 2386 2516 Abrahae,
2412 2451 2478 2508 de
2510 2454 2648 2509 tribu
2676 2455 2971 2526 Benjamin.
2993 2457 3108 2514 Non
3133 2461 3327 2531 repulit
3349 2462 3492 2519 Deus

1906 2539 2119 2610 plebem
2145 2555 2315 2610 suam,
2346 2558 2504 2613 quam
2532 2547 2833 2614 praesciviti
2867 2547 3038 2615 (Rom.
3071 2565 3144 2616 xi,
3166 2551 3191 2605 1
3213 2560 3259 2605 et
3279 2551 3494 2623 2).Uti-

1907 2646 2012 2702 que
2041 2633 2085 2687 si
2114 2634 2402 2713 repelleret
2444 2637 2702 2692 Dominus
2745 2639 2956 2708 plebem
2991 2654 3140 2696 suam
3167 2683 3181 2707 ,
3211 2658 3314 2698 non
3345 2654 3493 2700 esset

1908 2723 2050 2778 unde
2079 2733 2222 2780 esset
2251 2725 2362 2796 ipse
2402 2727 2692 2798 Apostolus
2722 2747 2734 2784 :
2765 2730 2905 2785 unde
2925 2740 3102 2787 autem
3133 2732 3267 2803 ipse,
3292 2733 3414 2801 inde
3439 2744 3494 2791 ct

1908 2816 2017 2871 alii.
2046 2816 2101 2872 In
2123 2817 2205 2873 his
2225 2819 2373 2889 plebs
2401 2821 2630 2890 Domini,
2656 2839 2760 2878 non
2784 2824 2840 2878 in
2863 2826 3141 2893 omnibus;
3167 2827 3285 2896 sed,
3313 2845 3495 2900 quem-

1909 2909 2192 2964 admodum
2215 2913 2470 2982 scriptum
2497 2923 2597 2980 est,
2633 2915 2879 2986 Reliquia:
2899 2918 3054 2974 saltue
3077 2930 3222 2975 erunt
3251 2920 3386 2995 (Isai
3413 2941 3444 2977 χ
3473 2965 3490 2991 ,

1909 2999 2012 3066 22;
2039 3011 2082 3056 et
2108 3004 2262 3058 Rom.
2291 3021 2364 3070 ιχ,
2394 3006 2509 3075 27).
2538 3007 2657 3063 Non
2696 3009 2749 3064 in
2776 3011 3062 3078 omnibus;
3084 3013 3177 3069 sed
3203 3030 3328 3070 area
3359 3031 3491 3072 ven-

1910 3091 2076 3158 tilata,
2104 3109 2276 3148 massa
2318 3097 2458 3150 intro
2479 3099 2639 3153 missa
2671 3109 2773 3165 est,
2803 3103 2955 3170 palea
2995 3103 3139 3174 jacet
3176 3105 3386 3175 (Matth.
3413 3125 3492 3173 nl,

1913 3181 2022 3252 12).
2055 3183 2244 3237 Totum
2274 3186 2531 3256 quidquid
2569 3188 2718 3244 vides
2745 3189 3050 3246 Judreorum
3095 3196 3444 3266 reproborum
3466 3240 3482 3264 ,

1911 3272 2118 3340 paleam
2163 3273 2330 3329 vides.
2379 3275 2535 3332 Unde
2565 3277 2711 3333 vides
2753 3279 2908 3334 istam
2949 3283 3189 3352 paleam,
3217 3286 3324 3354 jam
3369 3288 3495 3344 inde

1912 3362 2041 3415 exiit
2066 3377 2237 3417 massa
2261 3405 2276 3430 ,
2301 3365 2410 3435 jam
2438 3367 2488 3420 in
2527 3367 2722 3423 horreo
2749 3370 3022 3427 recondita
3047 3383 3144 3428 est.
3170 3375 3369 3432 Ambas
3409 3393 3498 3434 res

1918 3452 2216 3517 videamus,
2246 3455 2430 3509 ambas
2459 3457 2844 3516 diseernamus.

1984 3543 2037 3598 8.
2080 3542 2239 3616 [vers
2283 3544 2372 3618 4.]
2402 3546 2538 3614 Quid
2574 3547 2816 3603 Psalmus
2859 3549 3136 3622 adjungit?
3168 3553 3418 3622 Quoniam
3446 3558 3500 3612 in

1914 3649 2069 3688 munu
2109 3636 2217 3708 ejus
2241 3636 2369 3704 ﬁnes
2411 3646 2574 3692 teme.
2615 3639 2965 3710 Agnoscimus
3012 3642 3240 3714 lapidem
3278 3648 3500 3717 angula-

1915 3743 2057 3794 rem;
2093 3730 2228 3800 lapis
2277 3731 2546 3800 angularis
2569 3773 2584 3799 ,
2609 3731 2870 3788 Christus.
2903 3733 3017 3790 Non
3044 3746 3220 3805 potest
3248 3753 3366 3797 esse
3407 3757 3504 3794 an-

1917 3819 2088 3888 gulus,
2120 3820 2219 3874 nisi
2247 3819 2382 3876 duos
2414 3821 2463 3876 in
2492 3838 2551 3876 se
2579 3824 2911 3894 copulaverit
2934 3826 3166 3896 parietes
3195 3845 3207 3881 :
3239 3829 3304 3883 ad
3331 3845 3500 3901 anguo

1917 3910 2026 3964 lum
2080 3909 2148 3964 de
2198 3910 2410 3966 diverso
2453 3913 2707 3982 veniunt,
2759 3914 2853 3969 sed
2904 3916 2958 3969 in
3003 3917 3198 3987 angulo
3237 3919 3337 3973 sibi
3395 3938 3500 3976 non

1919 3999 2284 4055 adversantur.
2312 4001 2471 4057 Venit
2494 4019 2561 4059 ex
2586 4018 2688 4058 una
2712 4014 2860 4073 parte
2884 4007 3241 4077 circumcisio,
3269 4012 3414 4066 venit
3435 4033 3444 4060 ε
3469 4029 3502 4067 x

1921 4092 2022 4146 alia
2051 4103 2200 4162 parte
2243 4094 2601 4163 praeputium:
2630 4096 2680 4149 in
2719 4094 2931 4152 Christo
2972 4099 3130 4155 ambo
3163 4102 3344 4174 populi
3370 4118 3503 4159 con-

1922 4181 2316 4248 cordavcrunt;
2341 4184 2463 4253 quia
2495 4184 2586 4239 ille
2617 4184 2787 4240 factus
2827 4196 2909 4242 est
2939 4189 3074 4259 lapis
3098 4231 3113 4256 ,
3141 4191 3207 4245 de
3236 4207 3344 4261 quo
3369 4194 3506 4248 scri-

1923 4283 2070 4346 ptum
2092 4285 2190 4342 est,
2223 4275 2466 4348 Lapidem
2494 4295 2639 4350 quem
2658 4279 3047 4350 reprobaverunt
3077 4283 3404 4352 aediﬁcantes,
3427 4288 3507 4340 hic

1925 4370 2087 4436 factus
2110 4374 2181 4420 est
2221 4365 2274 4418 in
2314 4376 2466 4436 caput
2504 4369 2682 4438 anguli
2723 4367 2893 4441 (l’sal.
2937 4385 3098 4438 cxvu,
3131 4371 3247 4444 22).
3296 4372 3352 4429 Si
3380 4391 3508 4444 ergo

1925 4455 2169 4512 Christus
2198 4456 2250 4511 in
2282 4468 2440 4528 caput
2471 4459 2648 4529 anguli
2673 4500 2687 4524 ,
2717 4475 2825 4515 non
2854 4462 3196 4518 attendamus
3230 4465 3511 4522 diversita.

1929 4556 2034 4604 tem
2047 4548 2113 4603 de
2135 4549 2288 4619 longe
2309 4549 2655 4617 venientium,
2683 4554 2776 4607 sed
2799 4553 3244 4625 propinquitatem
3269 4557 3323 4612 in
3345 4557 3505 4614 Chri-

1929 4647 2012 4694 sto
2041 4640 2442 4696 cohaerentium.
2497 4641 2569 4696 lbi
2595 4643 2789 4713 agitur,
2818 4644 2892 4698 ibi
2930 4645 3226 4714 videamus,
3262 4648 3512 4715 Quoniam

1931 4746 2030 4783 non
2055 4728 2260 4801 repellet
2296 4729 2539 4786 Dominus
2560 4733 2752 4803 plebem
2773 4751 2939 4788 suam.
2971 4737 3109 4809 Ecce
3148 4755 3282 4793 unus
3311 4743 3510 4811 paries,

1933 4819 1984 4875 in
2012 4837 2118 4892 quo
2139 4821 2281 4892 jam,
2312 4832 2369 4877 ut
2405 4823 2637 4879 diximus
2658 4867 2673 4892 ,
2703 4843 2804 4881 non
2824 4827 3011 4898 repulit
3035 4829 3286 4888 Dominus
3321 4836 3513 4904 plebem

1931 4929 2095 4966 suam.
2126 4912 2250 4968 Inde
2280 4914 2550 4984 Apostoli,
2579 4915 2701 4972 inde
2725 4917 2980 4974 Israelita:
3005 4937 3192 4978 omnes
3217 4924 3303 4994 qui
3335 4926 3515 4979 credi-

1933 5005 2144 5070 derunt,
2175 5020 2238 5059 ac
2265 5006 2602 5062 venditarum
2630 5024 2808 5063 rerum
2835 5025 3050 5066 suarum
3083 5013 3248 5083 pretia
3275 5023 3398 5070 ante
3425 5031 3517 5086 pe-

1936 5095 2030 5150 des
2056 5097 2430 5166 Apostolornm
2475 5110 2800 5168 posuerunt;
2828 5102 3102 5160 voluntate
3143 5119 3422 5175 pauperes,
3452 5108 3519 5163 de

1940 5189 2048 5244 Deo
2083 5187 2294 5245 divites.
2341 5190 2666 5261 Agnovimus
2705 5208 2868 5248 unum
2919 5193 3212 5264 parietem;
3242 5197 3515 5266 impletum

1938 5294 2058 5335 esse
2086 5278 2158 5334 ibi
2183 5279 2324 5350 quod
2349 5279 2598 5345 diximus,
2633 5281 2766 5348 Quia
2791 5300 2892 5338 non
2917 5284 3122 5355 repellet
3146 5283 3395 5342 Dominus
3417 5291 3516 5358 ple-

1938 5367 2045 5423 bem
2071 5381 2218 5423 suam
2240 5386 2258 5424 :
2283 5369 2556 5426 videamus
2585 5381 2640 5427 et
2677 5373 2838 5428 alium
2879 5375 3156 5443 parietem.
3189 5375 3444 5442 Quoniam
3472 5383 3522 5435 in

1941 5479 2095 5515 manu
2120 5463 2227 5533 ejus
2258 5463 2385 5531 ﬁnes
2414 5473 2579 5518 terrae.
2623 5463 2762 5520 Ecce
2801 5466 2938 5520 alius
2969 5469 3142 5536 paries
3184 5469 3234 5522 in
3277 5473 3523 5528 erunibus

1939 5555 2222 5625 gentibus:
2255 5553 2320 5609 In
2350 5573 2503 5610 manu
2542 5557 2650 5627 ejus
2673 5556 2798 5625 ﬁnes
2836 5566 3002 5614 terra).
3047 5559 3321 5617 Venerunt
3364 5566 3523 5620 οῑὶιιιιι

1941 5662 2126 5702 omnes
2162 5657 2349 5718 gentes
2380 5649 2446 5702 ad
2487 5647 2718 5718 lapidem
2763 5649 3069 5717 angularem
3095 5691 3110 5718 ,
3156 5653 3244 5709 ubi
3288 5657 3525 5712 osculum

2014 5763 2029 5792 ¹
2057 5762 2129 5810 sic
2146 5767 2253 5811 Mss.
2282 5769 2334 5811 At
2358 5761 2488 5821 nid.,
2512 5759 2666 5810 olivae.
