4056 6482
556 369 693 426 12ὶὸ
1776 363 1830 418 S.

549 482 697 554 pacis
723 473 1081 552 agn0verunt;
1109 477 1162 534 in
1191 463 1336 532 illum
1378 471 1540 530 unum
1569 474 1658 546 qni
1683 473 1751 530 de
1775 474 1981 530 duobus
2002 473 2129 528 fecit

547 591 714 631 unum
748 591 761 628 :
791 589 896 627 non
932 569 1374 642 quemadmodum
1416 567 1684 631 haeretici,
1714 567 1801 638 qui
1828 563 1894 622 de
1916 581 2021 621 uno
2050 564 2130 619 fe-

549 677 738 725 cerunt
759 667 884 720 duo.
918 663 1030 720 Hoc
1057 664 1196 719 enim
1227 662 1366 717 idem
1405 662 1479 716 ait
1506 657 1779 731 apostolus
1813 659 1879 714 de
1909 660 2132 714 Domino

550 759 766 816 Christo
799 755 952 826 :Ipse
989 765 1058 809 est
1098 754 1250 818 enim,
1297 747 1496 823 inquit,
1539 763 1642 822 pax
1678 758 1881 817 nostra,
1911 751 1996 815 qui
2017 748 2133 820 fecit

550 860 761 919 utraque
812 863 964 900 unum
1008 839 1220 914 (Epltes.
1265 859 1323 908 ll,
1371 841 1483 913 Ut).
1526 837 1665 912 Ergo
1699 840 1986 910 jubilemus
2032 836 2129 892 illi.

553 940 772 1009 Quare?
802 939 934 1006 Quia
972 954 1068 990 non
1096 935 1304 1006 repellet
1346 933 1594 990 Dominus
1618 934 1806 1003 plebem
1831 949 1996 986 suam.
2023 930 2130 985 lte-

552 1049 668 1088 rum
698 1028 898 1101 quare?
927 1028 1176 1096 Quoniam
1197 1028 1249 1080 in
1266 1043 1418 1079 manu
1446 1025 1553 1095 ejus
1591 1025 1718 1092 ﬁnes
1744 1032 1910 1089 terrte,
1940 1031 1984 1076 et
2013 1022 2133 1076 alti-

552 1124 750 1177 tudines
795 1121 1038 1176 montium
1079 1120 1236 1190 ipsius
1285 1126 1420 1172 sunt.
1474 1116 1794 1171 Altitudi-nes
1849 1115 2128 1176 montium,

553 1214 905 1269 sublimitates
933 1222 1214 1266 terrarum.
1259 1209 1557 1278 Aliquando
1587 1208 1702 1261 istze
1732 1206 2087 1260 sublimitates
2111 1243 2128 1270 ,

552 1305 602 1360 id
633 1314 735 1370 est,
761 1305 889 1374 ipsae
912 1312 1136 1357 terrenae
1161 1309 1467 1370 potestates,
1487 1298 1778 1353 adversata:
1800 1304 1925 1352 sunt
1949 1295 2134 1350 Eccle—

553 1399 685 1463 siae;
730 1397 874 1466 leges
913 1403 1096 1450 contra
1134 1392 1427 1447 Ecclesium
1473 1389 1905 1460 promulgarunt,
1935 1383 2133 1442 nomen

552 1489 902 1544 christianum
933 1486 999 1541 de
1027 1494 1166 1539 terra
1198 1484 1376 1540 delere
1405 1481 1580 1538 conati
1609 1489 1730 1535 sunt
1760 1499 1771 1534 :
1797 1479 1888 1534 Sed
1918 1487 2132 1549 po-tea-

553 1595 710 1652 quam
741 1580 1012 1650 impletum
1043 1583 1124 1633 est
1149 1576 1288 1647 quod
1322 1573 1689 1646 pr0phetalum
1714 1572 1814 1637 est,
1839 1561 2133 1626 Adorabunt

550 1683 662 1727 eum
708 1690 876 1727 omnes
917 1689 1053 1743 reges
1089 1680 1234 1725 terra:
1268 1654 1438 1739 (Psal.
1486 1684 1606 1724 uxr
1632 1709 1647 1734 ,
1681 1665 1802 1739 il);
1832 1657 2024 1721 factum
2052 1675 2134 1720 est

559 1765 700 1835 quod
729 1765 814 1819 hic
843 1764 1040 1819 dictum
1067 1775 1168 1827 est,
1193 1761 1495 1816 Altitudines
1515 1760 1756 1815 montium
1781 1761 1938 1830 ipsius
1959 1767 2093 1813 sunt.

625 1857 678 1912 9.
721 1854 882 1928 [vers.
1043 1853 1147 1908 Sed
1170 1851 1305 1908 forte
1338 1861 1392 1907 lu
1422 1851 1489 1907 de
1520 1850 1894 1906 lentationibus
1915 1848 2130 1919 satagis,

553 1957 612 2003 ut
637 1945 956 2002 censtitutus
984 1944 1034 1998 in
1069 1952 1211 1997 tanta
1241 1944 1408 2013 gratia
1435 1942 1845 2011 promissionum
1875 1934 1988 2004 Dei,
2018 1954 2133 2008 pro-

555 2049 672 2109 pter
702 2036 946 2092 seandala
976 2035 1158 2090 nmndi
1192 2026 1458 2088 turberis?
1481 2033 1589 2088 Nec
1617 2031 1730 2102 ipsa
1761 2030 2007 2086 scandala
2031 2031 2130 2084 ali-

555 2129 681 2200 quid
716 2129 807 2182 tibi
857 2124 1092 2191 faciunt;
1125 2124 1373 2196 quoniam
1404 2140 1706 2196 mensuram
1734 2139 1762 2176 a
1791 2122 2017 2176 Domino
2046 2111 2133 2174 ae-

553 2217 849 2290 ceperunt;
886 2203 1136 2286 Quoniam
1174 2217 1331 2287 ipsius
1367 2224 1438 2270 est
1482 2231 1635 2269 mare.
1670 2214 1765 2269 Est
1800 2214 1941 2269 enim
1984 2228 2132 2268 mare

550 2310 778 2365 mundus
817 2310 946 2375 iste,
979 2307 1071 2362 sed
1109 2317 1162 2362 et
1209 2321 1354 2362 mare
1400 2306 1538 2360 Deus
1589 2303 1755 2360 fecit:
1801 2319 1902 2358 nec
1942 2304 2132 2359 saevire

549 2401 741 2456 fluctus
765 2409 984 2471 possunt
1009 2441 1023 2464 ,
1055 2398 1153 2453 nisi
1184 2414 1349 2469 usque
1377 2398 1442 2452 ad
1475 2399 1654 2462 littus,
1681 2397 1769 2452 ubi
1797 2397 1910 2468 ipse
1942 2397 2128 2451 termi-

553 2509 681 2549 num
715 2493 906 2564 posuit.
931 2491 1080 2546 Nulla
1113 2508 1239 2562 ergo
1268 2493 1489 2546 tentatio
1515 2532 1530 2556 ,
1559 2490 1658 2543 nisi
1687 2491 1950 2558 acceperit
1977 2505 2130 2542 men-

554 2601 733 2641 suram
763 2601 792 2639 a
817 2585 1062 2640 Domino.
1091 2583 1207 2638 Sint
1237 2598 1366 2654 ergo
1395 2582 1714 2637 tcntationes
1733 2623 1747 2648 ,
1776 2574 1884 2636 sint
1913 2579 2134 2634 tribula-

555 2679 752 2741 tiones;
822 2675 1208 2730 consummaris
1271 2673 1382 2739 eis,
1441 2688 1544 2727 non
1594 2665 1943 2728 consumeris.
1998 2666 2132 2726 Vide

556 2767 733 2823 titruin
777 2764 906 2838 ipsae
948 2759 1267 2820 tentationes
1304 2780 1410 2818 non
1457 2764 1680 2834 prosint.
1728 2762 1957 2817 Attende
1983 2763 2130 2832 Apo-

553 2859 746 2914 stolum
779 2875 794 2914 ;
821 2843 1016 2911 Fidelis
1043 2846 1178 2910 Deus
1199 2899 1212 2922 ,
1243 2857 1328 2926 qui
1361 2871 1460 2910 non
1490 2846 1574 2908 nos
1610 2855 1736 2908 siuet
1770 2853 1950 2906 tentari
1974 2870 2132 2923 supra

551 2965 703 3022 quam
754 2950 956 3018 potestis
999 2949 1280 3020 [erre;sed
1327 2948 1476 3019 faciet
1515 2964 1627 3000 cum
1673 2945 1945 3002 tentatione
1981 2946 2132 3001 etiam

555 3045 766 3110 exitum,
807 3052 861 3095 ut
901 3041 1101 3112 possitis
1129 3041 1372 3094 sustinere
1412 3038 1454 3110 (1
1484 3037 1602 3092 Cor.
1634 3055 1701 3103 x,
1727 3039 1837 3107 15).
1880 3035 1995 3092 Non
2035 3038 2127 3104 ait,

554 3133 668 3188 Non
699 3147 791 3186 vos
822 3132 960 3187 sinet
983 3130 1174 3185 tentari
1200 3130 1436 3184 omnino.
1467 3127 1523 3183 Si
1549 3129 1688 3183 enim
1712 3143 1988 3183 recusares
2012 3135 2132 3183 ten-

557 3227 812 3282 tationem
833 3265 846 3288 ,
874 3223 1152 3279 recusares
1196 3220 1563 3276 refectionem.
1599 3221 1736 3290 Ergo
1782 3218 2050 3283 reficeris;
2079 3224 2131 3273 et

556 3316 604 3371 si
634 3313 893 3379 reficeris,
926 3313 976 3366 in
1000 3311 1243 3365 manibus
1265 3308 1482 3364 artiﬁcis
1510 3323 1588 3364 es.
1618 3303 1831 3379 Aliquid
1859 3308 1949 3363 tibi
1972 3308 2126 3374 tollit,

555 3402 751 3477 aliquid
783 3404 1019 3476 corrigit,
1048 3399 1244 3474 aliquid
1279 3404 1600 3473 complanat,
1630 3399 1831 3472 aliquid
1867 3402 2086 3456 mundat
2115 3420 2128 3457 :

554 3498 661 3568 agit
685 3496 1001 3568 quibusdam
1035 3495 1372 3550 ferramentis
1400 3488 1544 3558 suis;
1582 3493 1692 3563 ipsa
1729 3500 1854 3547 sunt
1883 3491 2132 3547 scandala

558 3587 716 3658 hujus
755 3587 973 3643 saaculi:
1011 3595 1066 3640 tu
1112 3595 1313 3639 tantum
1347 3583 1415 3639 de
1460 3599 1622 3638 manu
1658 3583 1879 3637 artificis
1905 3581 2013 3636 noli
2039 3597 2132 3636 ca-

557 3678 874 3739 dere.l\‘ihil
917 3677 1222 3733 tentationis
1261 3675 1482 3734 accedet
1509 3671 1645 3730 ultra
1674 3674 1815 3730 vires
1861 3684 1994 3730 tuas.
2023 3674 2134 3730 Hoc

556 3764 811 3841 permittit
859 3768 998 3824 Deus
1041 3768 1106 3822 ad
1150 3768 1427 3823 utilitatem
1473 3776 1653 3832 tuam,
1687 3759 1826 3821 unde
1868 3774 1924 3820 tu
1962 3767 2134 3836 possis

561 3863 842 3934 proficere.
887 3861 1125 3928 Denique
1163 3853 1334 3929 ipsum
1383 3855 1694 3929 Apestolum
1725 3857 1845 3912 audi
1875 3856 1977 3912 hoc
2001 3871 2136 3911 con-

553 3953 862 4025 jungentem
893 3969 907 4006 :
943 3951 1050 4007 Sed
1070 3951 1218 4023 faciet
1253 3967 1366 4004 cum
1407 3947 1677 4003 tentatione
1698 3947 1845 4002 etiam
1874 3943 2060 4002 exitum
2081 3957 2135 4001 ut

560 4046 760 4117 possitis
803 4044 1065 4099 sustinere.
1109 4043 1248 4112 Ergo
1287 4057 1434 4096 mare
1473 4039 1612 4095 forte
1648 4037 1989 4094 metuendum
2037 4031 2134 4093 tibi

558 4141 714 4194 erat?
741 4137 856 4192 Noli
902 4135 1126 4190 timere:
1161 4134 1414 4202 Quoniam
1453 4133 1612 4203 ipsius
1653 4141 1722 4184 est
1747 4133 1886 4184 mare
1909 4172 1923 4198 ,
1955 4128 1999 4183 et
2030 4131 2136 4200 ipse

559 4231 675 4300 fecit
705 4227 852 4282 illud.
883 4227 925 4281 A
960 4226 1205 4297 gentibus
1231 4226 1386 4280 times
1413 4223 1708 4278 scandala?
1739 4222 1804 4277 Et
1833 4224 1974 4292 ipsas
2000 4239 2132 4293 gen-

559 4326 643 4374 tes
676 4318 790 4388 ipse
839 4317 997 4376 fecit;
1025 4331 1133 4370 non
1163 4316 1434 4386 permittet
1477 4314 1596 4369 illas
1638 4314 1773 4368 ultra
1804 4329 1921 4368 eam
1948 4315 2136 4369 srevire'

559 4412 716 4478 quam
747 4407 893 4462 novit
917 4407 1006 4460 ille
1045 4420 1379 4471 mensuram,
1411 4420 1476 4459 ex
1519 4419 1620 4475 qua
1653 4403 1920 4475 proficias.
1949 4403 2136 4460 Nonne

559 4499 689 4555 dicit
714 4495 849 4552 alius
874 4495 1106 4567 psalmus
1127 4537 1142 4562 ,
1179 4493 1362 4550 Omnes
1381 4505 1549 4566 gentes
1577 4503 1812 4565 quotquot
1832 4495 2022 4565 fecisti,
2055 4511 2138 4550 t'e-

559 4592 696 4645 nient
727 4599 773 4644 et
795 4588 1075 4642 adorabunt
1102 4601 1268 4641 coram
1298 4597 1363 4651 te,
1394 4583 1610 4641 Domine
1633 4583 1801 4657 (f’sal.
1828 4600 2017 4652 Lxxxv,
2040 4585 2136 4656 9)?

561 4682 617 4738 Si
669 4696 858 4735 omnes
896 4687 1081 4750 gentes
1114 4684 1373 4748 quotquot
1414 4677 1612 4738 fecisti,
1660 4675 2002 4730 manifestum
2056 4684 2138 4731 est

560 4775 682 4845 quia
711 4783 764 4826 et
792 4782 978 4841 gentes
1022 4769 1136 4840 ipse
1182 4768 1304 4824 fecit
1331 4785 1343 4821 :
1377 4766 1496 4822 ideo
1517 4809 1530 4834 ,
1561 4763 1731 4837 Ipsius
1774 4775 1845 4821 est
1889 4784 2060 4828 mare,
2092 4776 2138 4822 et

559 4868 668 4937 ipse
694 4865 808 4936 fecit
826 4861 975 4929 illud,
1008 4873 1050 4917 et
1077 4861 1273 4915 aridam
1306 4872 1492 4916 terram
1521 4877 1700 4914 manus
1726 4860 1836 4928 ejus
1860 4858 2135 4928 ﬁnxerunt.

563 4952 693 5014 ESto
725 4967 778 5011 tu
809 4955 954 5010 arida
983 4963 1145 5019 terra,
1170 4951 1254 5007 siti
1285 4953 1506 5023 gratiam
1541 4951 1653 5017 Dei,
1685 4960 1742 5007 ut
1770 4952 1950 5005 veniat
1979 4966 2140 5020 super

563 5063 614 5107 te
641 5049 813 5104 imber
832 5047 1024 5112 dulcis,
1050 5043 1282 5100 inveniat
1307 5045 1357 5097 in
1388 5053 1438 5098 te
1458 5039 1706 5096 fructum.
1728 5040 1842 5096 Non
1875 5041 2140 5110 permittit

564 5136 996 5210 ﬂuctus'operire
1039 5134 1178 5207 quod
1211 5135 1344 5190 sevit
1378 5136 1392 5165 ¹
1427 5152 1440 5188 :
1473 5131 1539 5186 Et
1568 5133 1766 5186 aridam
1807 5142 1990 5185 terram
2032 5147 2140 5184 ma-

560 5244 655 5288 nus
677 5225 780 5302 ejus
811 5228 1082 5302 ﬁnxerunt.
1115 5225 1254 5298 Ergo
1284 5235 1338 5282 ct
1366 5225 1488 5281 hinc
1512 5225 1799 5295 jubilemus
1821 5217 1915 5278 illi.

633 5325 719 5380 10.
754 5316 912 5397 [vers.
943 5311 1020 5396 6.]
1046 5321 1178 5376 Nam
1209 5319 1456 5390 quoniam
1483 5316 1599 5371 lucc
1624 5315 1693 5371 ita
1714 5325 1857 5381 sunt,
1887 5313 2138 5385 quoniam

564 5427 705 5476 tanta
737 5417 1120 5488 explicavimus
1149 5413 1215 5469 ad
1244 5407 1452 5468 laudem
1479 5407 1571 5466 Dei
1601 5406 1942 5481 pertinentia,
1972 5409 2142 5464 redite

563 5512 628 5567 ad
659 5509 785 5564 illud
817 5509 956 5563 unde
981 5515 1250 5576 coeperat:
1290 5502 1492 5569 Venite,
1515 5496 1802 5567 adoremus,
1835 5511 1878 5553 et
1905 5500 2142 5571 procida-

563 5619 670 5655 tuus
706 5600 770 5667 ei,
811 5609 853 5651 et
894 5598 1146 5668 pforcntus
1183 5606 1298 5650 ante
1327 5595 1597 5648 Dominum
1623 5594 1707 5661 qui
1732 5593 1847 5661 fecit
1878 5607 1987 5644 nos.
2021 5589 2143 5644 Ideo

629 5760 644 5791 ι
670 5759 741 5871 si‘c
763 5757 942 5822 aliquot
967 5763 1073 5808 uss.
1115 5762 1166 5805 At
1200 5761 1295 5804 sm.
1329 5758 1380 5804 et
1403 5757 1494 5813 an,
1521 5747 1648 5814 quod
1677 5747 1834 5800 servit.
1875 5753 2004 5807 Lov.,
2027 5757 2143 5810 quos

633 5835 704 5871 ‘l‘tt
728 5858 738 5870 .

562 5835 738 5872 servat.

1874 360 2236 418 AUGUSTINI
2280 361 2579 420 EPISCOI'I

3677 350 3823 424 mi

2235 476 2377 530 enim
2407 476 2760 543 exsultemus,
2787 471 2910 547 quia
2940 475 3062 532 fecit
3091 475 3219 533 illud
3245 487 3300 533 et
3322 476 3470 534 illud.
3496 476 3825 537 Etcomme-

2237 567 2462 620 moravit
2489 567 2652 622 multa
2672 609 2688 635 ,
2727 576 2780 623 et
2810 567 2950 623 nunc
2979 571 3169 638 repetit
3205 570 3634 628 exhortationem
3663 592 3677 628 :
3723 572 3825 630 Ve-

2237 655 2358 724 nite,
2385 657 2669 726 adoremus,
2701 663 2748 712 et
2775 659 3096 728 proeidamus
3122 661 3184 726 ei,
3215 671 3262 715 et
3289 663 3541 732 pforemus
3568 676 3683 719 ante
3709 665 3822 720 Do-

2236 747 2426 800 minum
2445 743 2531 816 qui
2554 742 2669 819 fecit
2695 748 2806 802 nos.
2823 747 2938 803 Jam
2960 752 3390 808 commemOratis
3411 769 3439 808 a
3462 770 3549 809 me
3573 754 3826 811 laudibus

2237 837 2350 903 Dei,
2385 838 2546 892 nolite
2577 833 2708 908 pigri
2737 854 2874 907 esse,
2905 849 2958 895 et
2986 839 3139 912 longe
3164 841 3269 896 vita
3299 852 3352 898 et
3381 844 3618 900 moribus
3639 855 3822 902 stare:

2247 927 2438 998 Venite,
2469 929 2754 996 adoremus,
2777 941 2823 986 et
2847 933 3169 1003 procidamus
3196 933 3260 988 ei.
3295 934 3400 990 Sed
3431 920 3567 992 forte
3594 935 3661 992 de
3688 953 3824 1006 pec-

2236 1022 2368 1075 catis
2398 1013 2589 1077 vestris
2608 1064 2623 1089 ,
2651 1038 2770 1092 qum
2797 1038 2891 1079 vos
2915 1023 3070 1092 longe
3099 1023 3334 1079 fecerant
3365 1039 3395 1079 a
3435 1025 3576 1090 Deo,
3605 1023 3827 1082 solliciti

2235 1112 2396 1178 estis;
2426 1112 2679 1169 faciamus
2702 1116 2976 1186 sequentia
3004 1133 3014 1168 :
3046 1115 3111 1169 Et
3141 1116 3399 1187 ploremus
3435 1134 3604 1172 coram
3632 1118 3826 1173 Denti-

2237 1224 2323 1274 no,
2351 1208 2435 1277 qui
2455 1208 2572 1278 fecit
2596 1225 2706 1262 nos.
2737 1208 2907 1263 Ardes
2951 1207 3087 1264 forte
3128 1210 3452 1266 conscientia
3497 1193 3714 1275 delicti;
3745 1212 3826 1266 la-

2235 1299 2433 1370 crymis
2461 1300 2738 1371 exstingue
2762 1299 3030 1358 ﬂammam
3056 1296 3274 1370 peccati,
3309 1303 3455 1372 plora
3483 1295 3607 1359 ante
3629 1305 3820 1360 Domi-

2236 1406 2399 1444 num:
2448 1407 2667 1446 securus
2710 1393 2859 1461 plora
2906 1403 3029 1448 ante
3063 1393 3262 1460 Deum,
3295 1394 3383 1464 qui
3427 1403 3479 1450 te
3521 1394 3676 1460 fecit;
3708 1412 3824 1450 non

2236 1482 2376 1535 enim
2408 1477 2540 1552 opus
2585 1498 2834 1537 manuum
2881 1499 3096 1539 suarum
3139 1481 3431 1540 contemnit
3477 1483 3530 1540 in
3581 1496 3651 1542 te.
3701 1487 3821 1542 Noli

2237 1583 2424 1641 putare
2449 1567 2568 1642 quia
2602 1582 2754 1643 potes
2777 1589 2807 1628 a
2834 1572 2886 1630 te
2912 1574 3081 1629 refici.
3111 1571 3155 1630 A
3193 1575 3243 1631 te
3282 1569 3512 1632 defitiere
3546 1587 3696 1646 putes
3715 1620 3729 1642 ,
3759 1588 3821 1632 tu

2238 1663 2461 1732 teipsum
2491 1658 2710 1719 reficere
2741 1679 2846 1718 non
2876 1665 3062 1734 potes:
3093 1662 3180 1720 ille
3223 1667 3392 1721 reficit
3439 1668 3528 1738 qui
3573 1676 3626 1724 te
3669 1669 3821 1724 fecit.

2237 1748 2505 1808 Ploremus
2533 1765 2647 1808 ante
2671 1741 2941 1810 Dominum
2968 1746 3054 1825 qui
3085 1774 3174 1810 nos
3204 1749 3320 1828 fecit
3341 1776 3357 1810 .·
3381 1757 3672 1829 lacrymare
3691 1770 3825 1816 ante

2237 1841 2406 1907 illum,
2435 1843 2687 1898 confitere
2714 1843 2808 1911 illi,
2841 1847 3068 1914 praeveni
3103 1845 3286 1901 faciem
3315 1847 3426 1917 ejus
3449 1848 3500 1902 in
3529 1849 3825 1904 confessio-

2237 1951 2324 1989 ne.
2349 1935 2477 2004 Quis
2507 1937 2652 1989 enim
2673 1951 2732 1991 es
2759 1919 2811 1991 ῑῖι
2843 1937 2934 2007 qui
2968 1927 3038 1991 illi
3072 1936 3270 2007 ploras,
3311 1948 3364 1994 et
3405 1939 3480 1993 illi
3520 1940 3819 2006 confiteris,

2238 2027 2341 2081 nisi
2367 2042 2525 2096 quem
2556 2026 2854 2083 fecit?Non
2888 2043 3063 2097 parra:
3094 2028 3300 2083 fiducia:
3337 2038 3419 2085 est
3460 2029 3526 2084 ad
3561 2029 3819 2086 t‘actnrcm

2237 2135 2324 2174 res
2353 2119 2512 2186 facta,
2542 2129 2596 2175 et
2621 2138 2724 2174 non
2754 2120 3252 2193 quomodocumque
3281 2122 3436 2193 facta,
3467 2124 3559 2180 sed
3588 2123 3654 2179 ad
3685 2125 3824 2179 ima-

2235 2212 2412 2280 ginem
2443 2198 2497 2265 ct
2524 2211 2920 2266 similitudinem
2949 2212 3112 2282 ipsius
3145 2231 3157 2266 :
3202 2211 3373 2267 Venite
3392 2255 3406 2280 ,
3433 2215 3702 2269 adoremus
3722 2255 3738 2283 ,
3769 2225 3823 2269 et

2236 2303 2558 2372 procidamus
2593 2303 2670 2370 ei,
2701 2313 2744 2358 et
2784 2305 3036 2375 plorentus
3073 2314 3190 2360 ante
3230 2304 3541 2376 Dominum,
3573 2309 3658 2378 qui
3696 2311 3824 2381 fecit

2236 2409 2348 2446 nos.

2309 2483 2394 2538 11.
2422 2482 2570 2558 [νοτ-«ς.
2598 2484 2675 2558 7.]
2702 2479 2951 2553 Quoniam
2978 2487 3083 2557 ipse
3107 2497 3178 2541 est
3199 2473 3446 2543 Dominus
3471 2471 3601 2544 Deus
3627 2485 3818 2548 noster.

2238 2564 2304 2628 Ut
2332 2584 2508 2628 autem
2539 2576 2711 2629 securi
2738 2585 2861 2630 ante
2890 2576 3040 2630 illum
3070 2575 3405 2647 probidamus
3431 2589 3484 2634 et
3515 2581 3814 2650 ploremus,

2236 2681 2334 2720 nos
2363 2667 2487 2737 quid
2518 2669 2734 2722 sumus?
2762 2667 2874 2723 Nos
2913 2679 3078 2723 autetn
3115 2671 3333 2742 papulas
3363 2688 3562 2740 pascuae
3599 2675 3740 2744 ejus,
3772 2685 3823 2730 et

2235 2773 2345 2811 oves
2367 2776 2606 2812 manuunt
2634 2763 2759 2830 ejus.
2795 2759 2921 2815 Vide
2951 2777 3109 2832 quam
3132 2761 3402 2832 eleganter
3423 2763 3704 2819 verborum
3731 2781 3823 2819 or-

2234 2847 2412 2902 dinem
2439 2851 2799 2917 commutavit,
2826 2853 2879 2906 et
2908 2849 3157 2923 tanquam
3185 2863 3288 2907 non
3317 2855 3528 2924 pro’pria
3555 2855 3821 2923 reddidit;

2235 2949 2292 2994 ut
2318 2940 2460 3011 ipsos
2489 2941 2845 3020 intelligamus
2875 2958 3032 3009 ores,
3079 2940 3169 3015 qui
3211 2953 3334 2998 sunt
3375 2953 3429 3000 et
3472 2947 3671 3016 populi.
3698 2947 3822 3004 Non

2235 3032 2400 3097 dixit,
2434 3029 2572 3088 Oves
2615 3049 2824 3104 pascuae
2853 3034 2968 3105 ejus
3013 3045 3067 3090 et
3113 3035 3342 3106 populus
3369 3053 3620 3092 manuum
3665 3040 3819 3109 ejus;

2235 3124 2376 3197 quod
2409 3128 2574 3198 magis
2602 3125 2883 3197 putabatur
2913 3143 3068 3198 posse
3094 3114 3410 3199 congruere,
3442 3131 3563 3201 quia
3589 3147 3718 3187 oves
3749 3134 3822 3187 ad

2237 3234 2428 3290 pascua
2457 3221 2722 3290 pertinent
2749 3238 2762 3274 :
2787 3214 2881 3275 sed
2910 3215 3020 3287 ait,
3057 3222 3274 3292 papulas
3305 3239 3523 3292 pascam.
3552 3224 3688 3296 Ergo
3719 3241 3823 3295 po-

2236 3304 2391 3382 pulus
2413 3327 2538 3366 oves
2566 3317 2707 3378 sunt,
2731 3311 2852 3381 quia
2880 3310 3028 3378 dicit,
3060 3311 3277 3382 papulas
3297 3330 3502 3381 pascua:
3529 3316 3674 3385 ejus;
3703 3315 3826 3386 ipse

2238 3401 2463 3472 p0pulus
2500 3417 2626 3456 oves
2669 3411 2810 3456 sunt.
2852 3399 2957 3457 Sed
2988 3418 3208 3468 rursus,
3254 3403 3377 3473 quia
3419 3420 3516 3457 nos
3559 3404 3824 3461 habemus

2237 3510 2363 3547 ores
2390 3507 2521 3563 quas
2546 3493 2808 3559 emimus,
2840 3509 2944 3548 non
2970 3509 3101 3564 quas
3127 3492 3382 3561 fecimus;
3408 3485 3611 3551 dixerat
3639 3507 3822 3552 autem

2236 3586 2514 3654 superius,
2565 3585 2896 3639 Procidamus
2934 3585 2978 3638 ei
3022 3585 3107 3655 qui
3143 3585 3258 3657 fecit
3296 3585 3386 3640 nas
3412 3603 3428 3640 :
3453 3596 3595 3643 recte
3617 3588 3823 3644 dictum

2237 3688 2337 3743 est,
2358 3692 2470 3730 oves
2491 3681 2726 3730 manuum
2743 3679 2872 3748 ejus.
2891 3676 3076 3732 Nulius
3099 3677 3368 3732 hominum
3391 3679 3491 3732 sibi
3510 3679 3631 3733 facit
3651 3695 3818 3736 oves:

2238 3786 2419 3825 emere
2444 3778 2636 3841 potest,
2667 3769 2851 3825 donari
2880 3781 3120 3839 possunt,
3145 3769 3387 3826 invenire
3413 3780 3606 3842 potest,
3630 3787 3823 3842 aggre-

2237 3875 2363 3930 gare
2393 3869 2588 3929 potest,
2617 3869 2887 3929 postremo
2918 3859 3080 3914 furari
3109 3869 3316 3930 potest;
3347 3859 3520 3916 facere
3552 3876 3681 3916 oves
3712 3879 3823 3918 non

2238 3960 2430 4019 potest.
2456 3952 2523 4004 At
2548 3967 2674 4004 vero
2707 3951 2960 4005 Dominus
2983 3961 3164 4005 noster
3190 3950 3315 4006 fecit
3339 3965 3468 4014 nos;
3501 3951 3621 4006 ideo
3651 3969 3813 4025 papu-

2239 4043 2316 4096 lus
2347 4059 2549 4114 pascua:
2588 4041 2696 4112 ejus
2735 4051 2779 4096 et
2813 4058 2926 4097 oves
2960 4059 3200 4096 manuum
3228 4043 3356 4113 ejus,
3386 4043 3512 4113 ipsa:
3539 4055 3664 4097 sunt
3688 4060 3815 4114 quas

2239 4134 2339 4188 sibi
2370 4135 2482 4204 ipse
2510 4134 2683 4190 facere
2705 4133 2949 4204 dignatus
2975 4143 3057 4190 est
3073 4135 3241 4204 gratia
3263 4148 3378 4188 sua.
3403 4135 3509 4190 ﬂas
3529 4136 3670 4190 enim
3691 4151 3824 4191 ores

2240 4226 2418 4282 laudat
2448 4237 2501 4282 et
2529 4228 2582 4282 in
2603 4227 2834 4283 Canticis
2855 4228 3201 4301 canticorum,
3228 4228 3490 4296 perfectos
3512 4227 3774 4298 quosdam
3803 4228 3819 4258 ¹

2239 4316 2422 4372 dicens
2449 4317 2695 4387 tanquam
2723 4316 2909 4373 dentes
2934 4316 3184 4371 Ecclesite
3209 4326 3405 4372 santh
3430 4331 3639 4386 sponsze
3668 4327 3820 4374 sum:

2240 4410 2426 4465 Dentes
2455 4412 2526 4464 tui
2546 4411 2674 4465 sicut
2695 4426 2818 4481 grex
2838 4410 3160 4464 detonsarum
3187 4411 3562 4464 ascendentium
3588 4409 3652 4462 de
3680 4410 3825 4463 ιαυω

2241 4520 2346 4570 cro,
2393 4519 2506 4569 qua:
2546 4503 2771 4574 geminos
2819 4503 3043 4572 pariunt,
3076 4512 3121 4556 et
3161 4501 3344 4555 sterilis
3374 4518 3474 4555 non
3513 4510 3585 4554 est
3621 4502 3674 4554 in
3718 4501 3825 4556 illis

2245 4593 2416 4664 (Cant.
2440 4609 2517 4658 ιγ,
2543 4593 2610 4656 2;
2644 4601 2689 4646 et
2716 4607 2786 4657 γι,
2810 4593 2886 4662 5).
2910 4591 3044 4658 Quid
3075 4600 3158 4646 est
3176 4633 3190 4656 ,
3223 4591 3409 4645 Dentes
3433 4591 3543 4646 tui?
3565 4591 3668 4645 Per
3687 4605 3824 4661 quos

2242 4685 2476 4755 loqueris
2505 4701 2518 4737 :
2545 4683 2733 4738 dentes
2771 4684 2913 4738 enim
2962 4683 3243 4748 Εεοιρείω,
3277 4697 3370 4752 per
3412 4696 3544 4752 quos
3585 4681 3825 4752 loquitur

2242 4774 2500 4830 Ecclesia.
2527 4774 2718 4840 Quales
2747 4771 2935 4826 dentes
2975 4771 3081 4826 tui?
3112 4755 3371 4842 Tanquam
3414 4787 3538 4842 grex
3584 4769 3824 4824 detonsa-

2242 4885 2373 4922 rum.
2401 4867 2576 4934 Quare
2604 4851 2969 4920 detonset-um?
2997 4865 3128 4931 Quia
3157 4864 3393 4918 sarcinas
3423 4852 3604 4917 surculi
3631 4876 3826 4931 posue-

2243 4967 2385 5012 runt.
2410 4956 2597 5012 Nonne
2616 4955 2854 5010 detousm
2881 4963 3033 5009 erant
3057 4970 3183 5010 oves
3209 4954 3334 5020 illa),
3358 4952 3424 5008 de
3445 4953 3638 5023 quibus
3667 4953 3826 5022 paulo

2244 5059 2368 5104 ante
2412 5046 2684 5114 dicebam,
2726 5061 2861 5116 quos
2901 5055 3222 5115 praeceptum
3253 5045 3343 5099 Dei
3377 5043 3710 5108 totondcrat,
3741 5043 3826 5097 di-

2244 5140 2415 5193 centis
2444 5156 2458 5192 :
2494 5137 2651 5201 Vade,
2675 5127 2830 5190 vende
2849 5137 3016 5190 omnia
3035 5145 3140 5202 tua,
3165 5136 3230 5188 da
3252 5134 3574 5205 pauperibus,
3607 5144 3652 5188 et
3675 5135 3830 5186 habe-

2179 5266 2190 5270 -
2244 5234 2318 5288 bis
2344 5235 2630 5312 thesaurum
2655 5233 2705 5286 in
2728 5232 2898 5296 caelis;
2926 5241 2972 5286 et
2997 5231 3125 5296 veni,
3147 5246 3350 5299 sequere
3372 5246 3450 5283 me
3477 5220 3686 5301 (Matth.
3714 5243 3826 5292 XIX,

2244 5325 2379 5396 ‘21)?
2408 5323 2672 5380 Fecerunt
2699 5324 2799 5377 hoc
2827 5332 3147 5392 prteceptum
3171 5337 3185 5386 ;
3214 5321 3423 5375 dctonsi
3453 5329 3733 5374 venerunt.
3767 5317 3835 5371 Et

2247 5417 2369 5487 quia
2397 5416 2648 5486 baptizati
2695 5424 2816 5470 sunt
2861 5413 3142 5469 credentes
3189 5413 3240 5466 in
3279 5412 3573 5477 Christum,
3605 5406 3730 5479 quid
3760 5408 3834 5462 ihi

2247 5509 2476 5564 dicitur?
2498 5507 2886 5561 Ascendent'ium
2928 5506 2989 5559 de
3031 5506 3266 5570 lauacro;
3311 5503 3362 5558 id
3391 5511 3472 5558 est
3495 5543 3508 5567 ,
3537 5499 3836 5555 ascenden-

2251 5601 2378 5654 tium
2407 5599 2475 5654 de
2505 5597 2868 5652 mundatione.
2903 5595 2971 5650 Et
3010 5613 3181 5652 omnes
3207 5594 3431 5667 geminos
3458 5602 3672 5648 creant:
3699 5603 3835 5660 quos

2250 5689 2522 5762 geminos?
2551 5690 2664 5743 Duo
2691 5689 2778 5742 illa
2809 5698 3069 5758 pramepta
3088 5727 3103 5754 ,
3131 5688 3184 5743 in
3211 5687 3400 5759 quibus
3429 5695 3536 5742 tota
3565 5684 3674 5741 Lex
3704 5697 3823 5754 pett-

2320 5806 2332 5834 ι
2362 5809 2461 5851 Duo
2477 5809 2603 5863 διεδ,
2630 5799 2864 5864 perfectus
2886 5798 3100 5864 quidam.
