4058 6484
293 312 430 370 Ιὲίὶὸ

291 427 381 483 det
399 435 454 482 et
474 423 783 498 Propheta.
809 423 919 482 Nos
938 439 1064 498 ergo
1087 426 1306 496 populus
1326 442 1528 496 pascuis
1545 427 1674 496 ejus,
1698 436 1743 480 et
1767 442 1879 480 om

293 536 533 574 manuum
556 520 692 590 ejus.

363 609 452 664 12.
481 609 648 684 [vers.
671 609 766 683 8.]
796 611 938 682 Ergo
957 654 971 677 ,
1009 610 1176 666 Hodie
1200 609 1245 665 si
1267 627 1435 666 vocem
1461 612 1570 683 ejus
1598 610 1880 666 audieritis.

294 703 340 760 0
369 694 526 774 plebs
553 719 672 759 mea
699 746 716 769 ,
761 703 911 774 plebs
955 702 1084 758 Dei!
1127 703 1430 772 Alloquitur
1472 701 1680 772 plebem
1728 715 1881 756 stram

289 793 455 862 Deus,
483 809 590 848 non
617 794 792 850 solum
817 794 959 850 illam
985 793 1188 864 plebem
1211 808 1360 848 suam
1386 809 1542 864 quam
1567 807 1672 848 non
1699 792 1880 862 repel-

287 885 384 952 let,
417 885 515 940 sed
545 885 710 940 etiam
740 901 952 950 omnem
983 881 1190 955 plebem
1220 899 1391 940 suam.
1431 883 1689 954 Loquitur
1735 883 1877 938 enim

287 977 342 1032 in
371 975 572 1047 angulo
599 977 810 1047 utrique
855 975 1041 1046 parieti
1071 975 1090 1048 (
1115 975 1306 1046 Ephes.
1331 990 1395 1042 n,
1429 975 1500 1032 20
1519 973 1578 1045 );
1608 973 1658 1028 id
1687 985 1791 1042 est,
1824 974 1877 1029 in

285 1067 507 1124 Christo
533 1067 810 1138 prophetia
839 1067 1098 1138 loquitur,
1139 1075 1195 1124 et
1227 1067 1420 1138 populo
1444 1065 1750 1123 Judazorum
1775 1109 1792 1134 ,
1822 1077 1878 1122 et

285 1161 488 1230 populo
513 1159 786 1216 Gentium.
811 1159 980 1215 Hodie
1005 1159 1050 1216 si
1073 1176 1240 1215 vocem
1268 1161 1381 1231 eius
1402 1159 1664 1216 audieritis
1683 1202 1698 1228 ,
1722 1161 1878 1216 nolite

282 1251 538 1307 obdurare
563 1253 718 1306 corda
743 1261 924 1308 vestra.
947 1251 1246 1322 Aliquando
1277 1251 1418 1308 enim
1439 1251 1664 1308 audistis
1689 1267 1872 1306 vocem

281 1343 424 1398 illius
470 1358 569 1414 per
596 1343 854 1414 Moysen,
900 1351 954 1398 et
996 1329 1302 1398 obdurastis
1338 1343 1500 1399 corda
1543 1351 1738 1398 vestra.
1771 1341 1874 1398 Per

279 1449 588 1506 praeconem
621 1435 829 1492 locutus
857 1443 960 1504 est,
987 1435 1200 1505 quando
1243 1433 1545 1490 obdurastis
1572 1434 1734 1490 corda
1775 1449 1870 1490 ve-

279 1534 418 1590 stra;
449 1540 550 1596 per
578 1541 637 1581 se
679 1540 820 1580 nunc
857 1525 1108 1596 loquitur,
1143 1525 1460 1581 mollescant
1483 1525 1644 1580 corda
1669 1533 1866 1580 vestra.

280 1613 378 1684 Qui
411 1631 694 1687 prtecones
729 1626 853 1672 ante
876 1631 937 1673 se
961 1615 1208 1672 mittebat
1232 1655 1248 1683 ,
1279 1616 1392 1687 ipse
1421 1617 1604 1672 venire
1624 1615 1868 1688 dignatus

279 1718 394 1775 est;
448 1712 547 1764 ore
595 1724 692 1764 suo
745 1709 832 1763 hic
875 1707 1134 1780 loquitur,
1167 1708 1256 1778 qui
1286 1707 1600 1778 loquebatur
1643 1723 1738 1778 per
1773 1723 1866 1764 ora

278 1800 690 1871 Prophetarum.
725 1799 894 1856 Hodie
917 1816 1044 1872 ergo
1071 1801 1117 1856 si
1141 1815 1306 1856 vocem
1332 1801 1440 1873 ejus
1464 1799 1742 1868 audieritis,
1776 1819 1868 1858 no-

277 1893 363 1948 lite
383 1893 641 1948 obdurare
662 1891 816 1946 corda
837 1903 1023 1948 uestra.
1655 1937 1660 1940 .

347 1987 437 2041 15.
463 1983 630 2058 [vers.
662 1985 758 2060 9.]
787 1985 962 2054 Quare
984 1986 1199 2052 dixisti,
1232 1985 1410 2042 Nolite
1438 1987 1686 2042 obdurare
1708 1989 1865 2042 corda

271 2078 474 2132 ucstra?
508 2079 645 2144 Quia
689 2077 1006 2134 meministis
1045 2076 1174 2150 quid
1216 2078 1424 2134 soleant
1475 2078 1649 2133 facere
1687 2088 1864 2149 patres

274 2168 454 2222 vestri.
502 2165 686 2222 Nolite
726 2167 976 2222 obdurare
1014 2167 1171 2222 corda
1209 2177 1373 2222 vestra
1396 2183 1414 2222 :
1441 2167 1862 2240 quemadmodum

269 2260 322 2313 in
352 2259 444 2314 illa
473 2259 874 2324 amaricatione,
903 2259 1178 2314 secundum
1213 2259 1346 2314 diem
1386 2259 1671 2315 tentationis
1698 2261 1749 2312 in
1775 2259 1862 2314 de-

269 2361 418 2406 serto.
443 2349 704 2408 Recolitis
732 2362 898 2419 certe,
927 2349 1140 2418 fratres,
1166 2351 1305 2423 quod
1333 2351 1422 2407 ille
1443 2353 1668 2424 populus
1693 2362 1864 2408 tenta-

269 2444 338 2498 rit
369 2444 542 2500 Deum
583 2443 795 2519 (Exod.
834 2459 925 2500 xrt
946 2486 960 2510 ,
985 2443 1022 2499 2
1041 2487 1056 2512 ,
1084 2437 1220 2510 5;'et
1248 2461 1352 2502 xru
1371 2487 1386 2509 ,
1408 2443 1508 2500 2-7
1533 2445 1574 2518 ),
1597 2445 1862 2516 acceperit

267 2531 612 2610 disciplinam
633 2577 650 2602 ,
678 2547 732 2592 et
761 2546 939 2596 rectus
966 2539 1034 2593 sit
1057 2536 1110 2592 in
1131 2536 1348 2594 deserto
1371 2547 1616 2610 tanquam
1638 2539 1706 2594 ab
1726 2540 1862 2610 opti-

268 2645 354 2684 mo
385 2644 608 2685 sessore
627 2672 641 2694 ,
671 2628 837 2685 {renis
865 2630 1038 2701 legum
1058 2672 1073 2694 ,
1105 2629 1274 2684 frenis
1313 2640 1733 2702 praeceptorum;
1761 2647 1862 2688 nec

267 2721 333 2777 sit
360 2721 610 2778 desertus
639 2731 813 2778 tamen
842 2738 872 2778 a
899 2721 1010 2780 Deo
1033 2723 1192 2778 etiam
1219 2711 1530 2792 indomitus,
1557 2739 1660 2778 non
1685 2726 1857 2780 solum

265 2811 546 2870 beneﬁciis
571 2813 926 2884 praesentibus
945 2855 960 2878 ,
989 2813 1082 2868 sed
1111 2813 1272 2870 etiam
1296 2815 1438 2885 virga
1469 2813 1858 2871 emendationis

265 2920 368 2962 non
394 2905 711 2962 desistente.
740 2904 911 2960 Nolite
940 2922 1068 2976 ergo
1092 2905 1340 2964 obdurare
1363 2906 1516 2962 corda
1538 2917 1698 2960 uestra
1721 2922 1741 2961 :
1767 2908 1861 2960 sic-

263 3006 318 3052 ut
337 2996 390 3051 in
409 2998 798 3062 amaricatione,
824 2997 1100 3057 secundum
1120 2998 1252 3052 diem
1269 2999 1556 3053 tentationis
1573 3000 1623 3052 in
1639 2999 1854 3067 deserto,

265 3090 350 3144 ubi
378 3101 700 3146 tentaoerunt
741 3109 821 3146 me
861 3103 1030 3162 patres
1069 3092 1235 3149 vestri.
1265 3091 1379 3149 iam
1428 3091 1558 3148 tales
1600 3108 1706 3154 non
1753 3093 1860 3149 sint

263 3191 444 3252 patres
465 3183 667 3248 vestri;
695 3183 860 3238 nolite
885 3198 978 3238 eos
1008 3183 1225 3238 imitari.
1255 3183 1440 3242 Patres
1469 3185 1630 3238 vestri
1663 3193 1854 3250 erant;

263 3277 354 3332 sed
387 3279 433 3332 si
466 3292 574 3332 non
619 3277 807 3334 imitati
834 3277 1043 3336 fueritis
1063 3319 1078 3344 ,
1125 3285 1301 3348 patres
1335 3277 1497 3332 vestri
1527 3291 1631 3332 non
1661 3288 1854 3334 erunt:

263 3377 440 3424 tamen
471 3369 598 3439 quia
629 3368 696 3426 de
721 3367 806 3426 his
833 3367 941 3423 nati
968 3367 1118 3434 estis,
1145 3377 1323 3438 patres
1345 3367 1506 3422 vestri
1531 3375 1701 3422 erant.
1729 3367 1794 3422 Et
1812 3367 1856 3422 si

263 3459 464 3516 Gentes
511 3461 787 3516 venientes
827 3461 893 3515 ab
921 3470 1162 3515 extremo
1189 3469 1365 3525 terrae,
1397 3459 1533 3516 sicut
1554 3459 1682 3514 dicit
1710 3457 1858 3514 Jere-

263 3553 418 3620 mins,
445 3553 530 3606 Ad
555 3561 603 3606 te
631 3551 813 3607 Gentes
834 3553 1030 3606 venient
1059 3549 1121 3605 ab
1145 3560 1370 3608 extremo
1395 3560 1562 3618 terror,
1595 3561 1640 3608 et
1667 3551 1852 3618 dicent,

271 3643 417 3701 Vera:
443 3646 714 3700 naendacia
757 3643 1020 3698 coluerunt
1057 3653 1226 3714 patres
1264 3644 1456 3710 nostri,
1496 3644 1766 3698 simulacra
1802 3643 1856 3696 in

259 3737 439 3806 quibus
470 3753 572 3790 non
602 3746 674 3790 est
705 3736 896 3790 utilitas
923 3733 1152 3808 (Jerem.
1177 3751 1286 3800 xvr,
1315 3733 1410 3806 19)
1437 3753 1450 3788 :
1479 3733 1522 3788 si
1550 3733 1746 3790 Gentes
1770 3735 1855 3789 di-

261 3829 527 3884 miserunt
554 3827 840 3882 simulacra
870 3841 986 3894 sua,
1020 3835 1075 3880 ut
1103 3826 1348 3884 venirent
1374 3825 1438 3880 ad
1467 3825 1628 3880 Deum
1652 3824 1852 3891 Israel;

235 3935 396 3992 quos
431 3920 550 3990 ipse
581 3918 724 3973 Deus
763 3917 922 3976 lsrael
965 3917 1031 3972 de
1067 3915 1299 3988 Egypto
1337 3923 1431 3986 per
1461 3930 1607 3970 mare
1636 3915 1854 3972 rubrum

241 4009 448 4078 duxit,
482 4011 537 4064 in
584 4024 689 4080 quo
721 4009 964 4064 inimicos
1000 4025 1186 4062 eorum
1230 4016 1618 4078 consequentes
1647 4007 1858 4079 operuit

263 4101 456 4172 (Exod.
491 4117 602 4168 xlv,
623 4101 688 4156 2i
729 4101 852 4170 5i);
885 4116 1018 4172 quos
1041 4101 1091 4160 in
1117 4098 1385 4155 desertum
1416 4099 1629 4162 eduxit,
1664 4113 1855 4154 manna

261 4197 404 4268 pavit
438 4194 550 4266 (Id.
575 4211 683 4260 xw,
719 4195 784 4250 13
813 4195 927 4263 55),
957 4209 1225 4264 utinquam
1254 4192 1456 4262 virgam
1484 4207 1633 4250 suam
1669 4194 1735 4248 ab
1766 4208 1856 4248 ro-

263 4305 380 4344 rum
411 4271 694 4358 disciplina
726 4286 864 4354 tulit,
895 4303 1162 4358 nunquam
1197 4283 1453 4342 beneﬁcia
1478 4285 1856 4341 misericordia:

263 4379 566 4448 subtraxit;
609 4379 708 4450 ipsi
748 4378 951 4434 debent
990 4378 1240 4435 deserere
1289 4379 1449 4432 Demn
1498 4393 1651 4432 suum
1677 4420 1691 4442 ,
1734 4395 1855 4434 eum

263 4469 465 4527 Gentes
512 4471 763 4525 venerint
803 4469 871 4524 ad
917 4470 1080 4530 Deum
1113 4469 1385 4540 ipsorum?
1427 4468 1522 4524 Ubi
1549 4478 1858 4524 tentaverunt

263 4579 344 4618 me
373 4573 547 4632 patres
575 4563 726 4618 uestri
741 4578 760 4626 ,'
785 4563 1123 4636 probaverunt
1146 4561 1186 4627 ί,
1213 4573 1261 4618 et
1287 4562 1515 4636 viderunt
1545 4557 1695 4634 Opera
1724 4579 1856 4616 mea.

265 4655 628 4726 Quadraginta
659 4655 816 4710 antiis
852 4653 1096 4708 viderunt
1140 4670 1301 4722 opera
1331 4669 1446 4710 mea
1469 4695 1482 4718 ,
1510 4652 1860 4726 quadraginta

261 4748 422 4804 anuis
439 4745 1034 4804 exacerbaverantme:
1063 4756 1185 4800 ante
1205 4746 1322 4800 illos
1349 4743 1598 4802 miracula
1627 4745 1676 4799 in
1701 4760 1860 4800 manu

263 4836 436 4910 Moysi
467 4835 726 4892 faciebam
747 4876 764 4903 ,
803 4844 856 4891 et
885 4835 983 4906 ipsi
1011 4835 1177 4907 magis
1204 4835 1476 4908 magisque
1504 4827 1661 4890 corda
1688 4825 1859 4892 obdu-

263 4930 482 4986 tabam.

338 5022 427 5078 1b.
458 5018 614 5094 [vers.
640 5016 752 5094 10.]
783 5018 1137 5090 Quadraginta
1161 5019 1312 5074 anuis
1335 5020 1598 5090 proximus
1620 5019 1696 5090 fui
1713 5035 1860 5090 genec

261 5115 454 5168 rationi
478 5113 618 5168 huic.
642 5111 778 5180 Quid
805 5121 908 5177 est,
945 5111 1206 5182 proximus
1249 5111 1368 5184 fui?
1407 5111 1728 5168 Prmsentavi
1773 5125 1862 5166 me

263 5204 322 5258 in
350 5203 520 5275 signis
552 5211 606 5260 et
630 5202 914 5258 virtutibus
941 5201 1077 5258 meis
1104 5217 1118 5256 :
1150 5217 1255 5256 non
1287 5215 1393 5260 uno
1431 5201 1552 5274 die,
1589 5215 1693 5254 non
1724 5199 1860 5254 duo-

261 5294 400 5361 bus;
435 5294 569 5362 sed,
598 5293 952 5366 Quadraginta
989 5292 1138 5346 annis
1163 5292 1426 5364 proximus
1443 5291 1523 5363 [ui
1547 5291 1862 5363 generationi
1911 5301 1916 5306 '

261 5387 410 5451 huic;
431 5397 476 5442 et
497 5386 632 5453 dixi,
653 5384 866 5455 Semper
892 5384 976 5439 isti
1001 5392 1171 5438 errant
1185 5381 1358 5440 corde.
1391 5377 1504 5439 Hoc
1530 5382 1864 5454 signiticave-
1907 5399 1912 5404 ·

333 5583 354 5614 ί
379 5579 512 5640 rdd.,
537 5579 975 5644 probaveruntme.
1003 5580 1170 5638 Abest,
1193 5592 1294 5638 me,
1320 5593 1346 5630 a
1371 5585 1494 5644 Mss,
1511 5581 1607 5644 qui
1635 5578 1862 5644 plerique

262 5639 746 5755 ﬂagro-sequuntur,
765 5647 810 5690 et
833 5639 1053 5690 viderunt
1075 5653 1223 5703 opera
1244 5655 1348 5690 mea
1366 5639 1687 5704 quadrimum
1703 5639 1860 5692 cuiuis.

267 5703 338 5749 γ’
399 5712 508 5755 runt
529 5717 684 5755 onera
705 5715 812 5752 mea
837 5703 1162 5755 armdruainta
1197 5703 1355 5755 auris.
1393 5711 1440 5754 et
1453 5702 1860 5755 exacerbm'eruru

267 5702 508 5756 Viderunt
529 5702 684 5768 bpera
705 5715 812 5752 mea
837 5702 1162 5766 quadraginta
1197 5703 1355 5763 annis,
1381 5702 1440 5754 et
1453 5702 1864 5762 exacerbat'eruru

259 5777 348 5824 W

635 5853 867 5918 Saxc'r.
919 5855 1198 5913 Auensr.
1246 5851 1351 5914 ιγ.

1422 310 1815 370 ENARRATIO
1853 309 1918 366 1N
1957 311 2276 370 PSALMUM
2319 313 2495 374 XCIV.

3441 323 3464 378 1
3475 324 3576 379 9.26

1995 434 2120 481 runt
2147 427 2493 500 quadraginta
2521 430 2644 485 anni
2673 473 2685 498 ,
2719 431 2860 502 quod
2886 441 2941 490 et
2964 449 3178 508 semper.
3200 435 3572 514 Quadragena-

1991 517 2103 574 rius
2137 521 2278 576 enim
2321 521 2714 579 istenumerus
2741 525 2938 580 indicat
2967 527 3320 598 integritatem
3347 533 3572 588 saeculo-

1989 623 2128 676 rum,
2152 619 2397 682 tanquam
2423 615 2765 684 perﬁciantur
2779 615 2972 674 sarcula
2989 633 3086 690 per
3105 619 3247 676 hunc
3267 637 3568 680 numermn.

1989 699 2114 756 Ideo
2137 701 2392 759 Dominus
2415 707 2760 778 quadraginta
2788 708 2978 766 diebus
3000 709 3261 782 jejunavit
3281 755 3296 780 ,
3337 717 3570 785 quadra-

1985 793 2130 860 ginta
2149 791 2340 849 diebus
2368 803 2598 854 tentatus
2623 807 2708 855 est
2732 801 2784 858 in
2814 817 2996 862 eremo
3021 804 3249 876 (Manli.
3273 822 3352 876 tv,
3379 811 3567 883 1-11),

1989 891 2042 938 et
2067 885 2414 956 quadraginta
2437 886 2626 944 diebus
2654 890 2752 946 fuit
2779 907 2902 948 cum
2930 894 3206 966 discipulis
3233 907 3354 968 post
3381 916 3566 957 resur-

1983 976 2274 1034 rectionem
2315 977 2470 1050 (Act.
2521 997 2574 1046 I,
2623 983 2716 1054 5).
2757 985 2949 1042 Primis
2987 973 3336 1062 quadraginta
3377 993 3566 1052 diebus

1983 1068 2350 1134 tentationem,
2373 1073 2757 1140 posterioribus
2780 1077 3127 1150 quadraginta
3151 1080 3340 1140 diebus
3363 1099 3563 1142 conso-

1981 1157 2230 1214 lationem
2278 1163 2540 1229 ostendit;
2590 1167 2710 1236 quia
2757 1182 2878 1224 cum
2925 1179 3207 1240 tentamur,
3240 1176 3358 1236 sine
3399 1177 3563 1234 dubio

1978 1249 2338 1305 consolamur.
2365 1251 2572 1322 Corpus
2600 1257 2740 1310 enim
2763 1257 2904 1328 ejus,
2944 1259 2996 1316 id
3034 1270 3119 1318 est
3159 1263 3394 1322 Ecclesia
3419 1309 3434 1334 ,
3464 1283 3534 1326 ne

1977 1353 2130 1396 cosse
2157 1350 2238 1396 est
2265 1343 2583 1400 tentationes
2611 1347 2843 1417 patiatur
2867 1349 2920 1406 in
2941 1349 3044 1407 hoc
3069 1356 3304 1422 saeculo;
3331 1358 3424 1414 sed
3447 1375 3554 1414 non

1977 1431 2126 1486 deest
2149 1431 2238 1488 ille
2265 1435 2570 1490 consolator
2592 1439 2679 1507 qui
2707 1438 2841 1493 dixit
2863 1457 2876 1494 :
2903 1441 3034 1498 Ecce
3055 1459 3146 1514 ego
3172 1441 3424 1502 vobiscum
3444 1465 3556 1506 sum

1979 1538 2134 1590 usque
2157 1523 2210 1578 in
2236 1529 2712 1582 consummationem
2734 1532 2908 1588 cmpuli
2931 1530 2954 1605 (
2975 1532 3163 1592 Matth.
3191 1552 3260 1598 xx
3269 1553 3360 1593 vnt
3379 1581 3395 1604 ,
3420 1539 3490 1595 20
3508 1541 3550 1612 ).

1975 1613 2044 1669 Et
2069 1617 2198 1684 dixi,
2224 1617 2436 1691 Semper
2459 1623 2544 1676 isti
2563 1633 2730 1678 errant
2753 1625 2926 1686 corde.
2951 1627 3031 1684 Ad
3071 1629 3174 1685 hoc
3197 1646 3320 1698 cum
3353 1633 3456 1690 illis
3480 1635 3554 1691 l'ui

1972 1710 2318 1782 quadraginta
2345 1715 2518 1782 annis,
2553 1725 2610 1770 ut
2631 1718 2970 1776 ostenderem
3013 1736 3186 1792 genus
3228 1724 3334 1782 tale
3380 1726 3556 1784 homi-

1972 1813 2138 1868 num,
2181 1803 2320 1872 quod
2363 1821 2450 1862 me
2489 1823 2703 1878 semper
2748 1812 3034 1868 exacerbat
3077 1829 3242 1886 usque
3291 1817 3342 1874 in
3389 1817 3554 1874 linem

1969 1895 2152 1948 saeculi
2177 1912 2192 1946 :
2221 1897 2344 1966 quia
2375 1913 2474 1967 per
2499 1899 2620 1956 illos
2647 1901 2995 1978 quadraginta
3023 1921 3226 1976 annos,
3255 1919 3420 1966 totum
3447 1916 3552 1968 Sie-

1969 1982 2144 2038 culum
2169 1985 2469 2056 signiﬁcare
2495 1990 2680 2046 voluit.

2043 2075 2130 2132 15.
2161 2075 2322 2150 [vers
2350 2079 2480 2154 11.]
2505 2081 2646 2151 Quid
2673 2086 2843 2156 ergo?
2879 2103 2974 2158 pro
3001 2089 3104 2148 illis
3130 2107 3234 2150 non
3275 2101 3434 2149 erunt
3459 2094 3550 2152 alii

1967 2167 2054 2236 qui
2079 2169 2272 2224 intrent
2299 2171 2348 2224 in
2379 2174 2615 2243 requiem
2641 2177 2734 2232 Dei
2755 2179 2778 2232 i
2799 2178 3086 2248 Improbati
3115 2194 3236 2238 sunt
3259 2184 3332 2240 illi
3359 2185 3551 2256 quibus

1967 2257 2236 2327 displicuit
2263 2263 2624 2320 misericordia
2651 2267 2776 2334 Dei,
2806 2271 2896 2340 qui
2917 2271 3227 2328 restiterunt
3247 2273 3364 2332 Deo
3383 2277 3548 2333 corde

1965 2349 2244 2418 indurato;
2297 2354 2400 2409 illis
2442 2355 2793 2426 improbatis,
2835 2364 3092 2434 numquid
3139 2366 3371 2434 perdidit
3409 2369 3549 2424 Deus

1967 2441 2218 2509 populum
2247 2445 2444 2500 suum?
2466 2445 2582 2502 Nan
2604 2450 2706 2504 erit
2733 2465 2938 2518 verum,
2979 2451 3168 2512 Potens
3211 2464 3281 2512 est
3315 2456 3453 2516 Deus
3485 2459 3548 2513 de

1964 2532 2220 2603 lapidibus
2243 2537 2354 2591 istis
2375 2540 2622 2595 suscitare
2648 2543 2782 2610 ﬁlios
2807 2543 3024 2598 Abraha:
3043 2544 3154 2618 (Id.
3179 2562 3255 2616 III,
3278 2547 3362 2620 9)?
3382 2549 3544 2620 Ergo,

1964 2623 2092 2689 dixi,
2127 2623 2341 2694 Semper
2363 2628 2446 2683 isti
2474 2641 2642 2685 errant
2671 2633 2839 2688 corde.
2867 2633 2936 2688 Et
2973 2636 3057 2690 isti
3084 2653 3182 2692 non
3207 2649 3546 2710 cognoverunt

1965 2715 2068 2769 uias
2097 2731 2250 2782 meas,
2283 2717 2464 2790 quibus
2481 2721 2660 2792 juraui
2693 2725 2747 2778 in
2781 2727 2862 2779 ira
2891 2743 2998 2782 mea
3017 2767 3035 2795 ,
3076 2727 3136 2784 Si
3177 2729 3454 2786 introibant
3491 2734 3544 2789 in

1961 2807 2183 2876 requiem
2205 2825 2388 2864 meam.
2423 2811 2616 2880 Quibus
2640 2814 2817 2886 juraui
2841 2818 2894 2872 in
2921 2819 3000 2874 ira
3031 2837 3142 2876 mea
3161 2862 3176 2886 ,
3203 2823 3248 2878 si
3271 2823 3546 2880 introibant

1961 2896 2016 2949 in
2041 2900 2260 2968 requiem
2287 2917 2487 2958 meam:
2507 2919 2728 2975 magnus
2749 2916 2940 2964 terror.
2965 2909 3048 2965 Ab
3065 2914 3416 2970 exsultatione
3434 2931 3546 2972 cm-

1963 2988 2157 3058 pimus,
2188 2992 2282 3047 sed
2311 2993 2380 3048 ad
2427 3011 2674 3066 magnum
2717 2998 2959 3056 timorem
3005 3005 3266 3064 conclusit
3311 3007 3545 3078 psalmus

1963 3080 2063 3134 iste
2090 3099 2104 3134 :
2135 3080 2328 3146 Quibus
2342 3084 2520 3156 juran
2537 3089 2590 3142 in
2617 3089 2696 3143 ira
2719 3106 2852 3157 mea,
2873 3091 2938 3148 Si
2957 3093 3232 3150 introibant
3251 3099 3304 3151 in
3323 3099 3546 3170 requiem

1963 3189 2148 3230 meam.
2171 3173 2342 3246 Loqui
2382 3177 2664 3234 Dominum
2701 3197 2952 3253 magnum
2984 3197 3096 3252 est;
3140 3197 3342 3257 quanto
3379 3191 3544 3262 magis

1961 3264 2144 3332 iurare
2173 3267 2380 3322 Deum?
2404 3269 2682 3327 iurantem
2723 3272 2994 3332 hominem
3021 3277 3187 3334 debes
3219 3280 3409 3337 timere
3429 3322 3444 3348 ,
3475 3299 3546 3338 ne

1961 3365 2179 3440 propter
2217 3357 2542 3426 iurationem
2585 3362 2746 3418 iaciat
2787 3364 2930 3434 quod
2973 3378 3156 3426 contra
3207 3371 3540 3430 voluntatem

1960 3448 2076 3517 ejuis
2104 3459 2217 3516 est;
2239 3457 2442 3522 quanto
2469 3455 2637 3524 magis
2653 3457 2843 3522 Deum,
2865 3458 2956 3529 qui
2979 3461 3110 3518 nihil
3136 3471 3336 3522 temere
3355 3465 3540 3536 jurare

1961 3541 2176 3612 potest?
2217 3541 2548 3602 iurationem
2591 3548 2658 3602 ad
2701 3551 3162 3611 conﬁrmationem
3186 3557 3353 3614 voluit
3395 3575 3538 3618 esse.

1961 3631 2028 3688 Et
2053 3649 2150 3704 per
2171 3651 2328 3707 quem
2353 3638 2500 3708 jurat
2525 3639 2700 3697 Deus?
2723 3643 2828 3699 Per
2845 3647 3192 3720 semetipsum
3219 3668 3233 3706 :
3264 3667 3370 3706 non
3395 3653 3542 3708 enim

1962 3723 2124 3782 habet
2150 3727 2406 3800 majorem
2433 3745 2528 3801 per
2551 3747 2709 3802 quem
2732 3733 2880 3804 iuret
2915 3735 3116 3810 (Hebr.
3156 3755 3232 3808 vt,
3277 3741 3398 3815 13).
3441 3743 3544 3798 Per

1960 3819 2306 3889 semetipsum
2337 3823 2618 3880 conﬁrmat
2645 3827 2903 3895 promissa
2925 3845 3040 3897 sua,
3067 3847 3162 3901 per
3187 3835 3540 3906 semetipsum

1959 3911 2242 3966 conﬁrmat
2264 3915 2436 3968 minas
2463 3929 2606 3970 suas.
2633 3915 2800 3972 Nemo
2821 3919 2966 3974 dicat
2997 3921 3052 3976 in
3082 3923 3244 3978 corde
3265 3939 3362 3979 suo
3388 3943 3400 3978 :
3431 3925 3540 3981 Ve-

1961 4017 2079 4056 rum
2117 4013 2201 4058 est
2227 4005 2367 4074 quod
2395 4007 2686 4077 promittit;
2736 4007 2930 4065 falsum
2973 4021 3057 4068 est
3099 4013 3240 4084 quod
3289 4017 3537 4072 minatur.

1959 4098 2107 4156 Sicut
2127 4116 2310 4157 verum
2339 4112 2421 4157 est
2449 4103 2592 4174 quod
2617 4107 2905 4175 promittit,
2947 4108 3028 4164 sic
3064 4117 3268 4164 certum
3295 4119 3379 4166 est
3401 4111 3544 4179 quod

1963 4191 2214 4248 minatur.
2241 4193 2370 4248 Tam
2399 4205 2580 4252 certus
2607 4211 2724 4252 esse
2751 4198 2918 4254 debes
2945 4199 3014 4256 de
3043 4201 3248 4273 requie,
3279 4202 3348 4259 de
3377 4201 3545 4260 felici-

1963 4291 2091 4350 tate,
2121 4281 2190 4339 de
2214 4287 2532 4354 aeternitate,
2560 4288 2626 4342 de
2658 4289 3078 4356 immortalitate,
3107 4293 3152 4347 si
3182 4294 3373 4349 feceris
3400 4310 3540 4364 pran-

1963 4385 2115 4446 cepta
2145 4377 2329 4448 ipsius,
2363 4395 2520 4450 quam
2543 4390 2720 4435 certus
2747 4396 2870 4436 esse
2893 4382 3056 4460 debes
3097 4382 3164 4440 tle
3197 4385 3450 4454 interitu,
3477 4387 3546 4442 de

1961 4467 2154 4524 ardore
2180 4469 2314 4540 ignis
2339 4470 2558 4536 aeterm,
2585 4469 2654 4527 de
2681 4469 3024 4530 damnatione
3056 4489 3178 4530 cum
3215 4474 3431 4532 diabolo
3453 4518 3468 4543 ,
3499 4478 3547 4534 si

1965 4559 2355 4630 oontwtpseris
2381 4569 2644 4632 praecepta
2685 4561 2823 4632 ejus.
2849 4561 3058 4618 iuravit
3081 4579 3210 4636 ergo
3249 4565 3352 4622 illis
3383 4567 3436 4620 in
3465 4567 3548 4623 ira

1962 4665 2078 4718 sua,
2123 4667 2191 4706 ne
2231 4651 2432 4706 intrent
2457 4652 2510 4707 in
2539 4652 2782 4722 requiem
2810 4653 2978 4724 ipsius
3003 4672 3016 4708 :
3045 4665 3102 4710 et
3125 4665 3304 4711 tamen
3332 4665 3548 4725 Oportet

1963 4743 2168 4815 aliquos
2193 4743 2395 4800 intrare
2419 4745 2473 4801 in
2499 4747 2739 4817 requiem
2761 4747 2960 4818 ipsius;
2990 4763 3096 4802 non
3124 4749 3266 4804 enim
3293 4749 3426 4804 nulli
3449 4749 3550 4804 da-

1964 4835 2106 4892 bitur
2143 4838 2354 4908 requies
2385 4837 2573 4907 ipsius.
2601 4837 2712 4894 lllis
2739 4855 2868 4910 ergo
2895 4841 3223 4910 reprobatis,
3252 4857 3352 4896 nos
3380 4843 3548 4896 intra-

1965 4930 2140 4986 bitnus
2167 4949 2180 4986 :
2209 4932 2328 5002 quia
2359 4932 2460 4987 etsi
2489 4932 2656 5004 aliqui
2681 4948 2748 4990 ex
2785 4935 2948 4990 ramis
2987 4934 3140 4990 fracti
3180 4943 3304 4990 sunt
3333 4943 3548 5004 propter

1965 5023 2452 5080 dissimilitudinem
2479 5033 2534 5080 et
2562 5025 2962 5094 inﬁdelitatem,
3004 5041 3104 5082 nos
3141 5007 3356 5096 propter
3383 5025 3545 5080 tidem

1966 5123 2021 5168 et
2047 5111 2392 5169 humilitatem
2412 5115 2894 5190 inscremnr(Rom.
2925 5133 2998 5176 xl.
3025 5115 3092 5172 19
3103 5127 3150 5170 et
3165 5115 3274 5185 20).
3297 5113 3406 5169 Nos
3419 5129 3548 5185 ergo

1969 5209 2232 5267 intremus
2258 5207 2310 5263 in
2325 5201 2576 5279 requiem
2603 5211 2742 5280 ejus.
2771 5209 2924 5267 Unde
2964 5219 3141 5264 autem
3177 5211 3446 5280 intrarunt
3473 5209 3548 5266 illi

1968 5304 2056 5374 qui
2081 5299 2363 5367 intrarunt,
2397 5301 2474 5356 illi
2501 5304 2588 5372 qui
2616 5303 2771 5358 electi
2801 5311 2925 5359 sunt
2945 5343 2959 5364 ,
2996 5302 3088 5372 qui
3128 5315 3232 5354 non
3263 5300 3430 5356 corde
3449 5302 3546 5353 oh-

1967 5395 2159 5452 durato
2189 5395 2534 5452 restiterunt?
2557 5395 2689 5464 Quia
2717 5411 2902 5451 verum
2933 5403 3016 5450 est
3041 5393 3181 5465 quod
3208 5411 3309 5449 non
3345 5395 3548 5466 repulus

1969 5490 2222 5548 Dominus
2243 5493 2433 5564 plebem
2459 5509 2626 5552 suam.

2877 5851 3066 5928 (Tren
3079 5851 3378 5929 τινα-πηῷ)
