4058 6492
531 350 553 404 ι
568 348 666 401 9.9.7

965 510 1043 569 ΙΝ
1090 505 1459 568 PSALMUM
1511 503 1669 562 XCV

1093 603 1515 662 ENARRATIO.

1194 711 1365 753 sentio
1394 693 1488 767 (a).

583 798 633 852 l.
657 796 807 871 [vers
829 792 1164 865 i.]Dnuiintts
1179 798 1233 844 et
1248 789 1409 843 frater
1430 800 1579 840 meus
1595 781 1899 853 Severus(b)
1934 782 2108 837 adhuc

532 892 707 948 differt
720 888 949 944 Ιίυιίιὶιιιιι
971 894 1204 939 nostram
1223 882 1289 936 de
1305 894 1552 935 sermone
1569 891 1725 946 quem
1741 875 1892 930 nobis
1906 874 2062 930 debet
2088 890 2103 929 :

533 1002 655 1040 nam
703 981 839 1054 quod
884 978 1092 1034 debitor
1131 984 1392 1039 teneatur,
1438 972 1695 1041 agnoscit.
1736 967 1935 1023 Omnes
1965 966 2105 1021 enim

532 1076 795 1133 Ecclesias
837 1084 1166 1141 quacumque
1194 1065 1471 1120 transitum
1498 1062 1641 1124 fecit,
1692 1057 1979 1114 ltetilieavit
2004 1058 2109 1111 Do-

534 1171 705 1224 minus
750 1180 847 1236 per
887 1179 947 1217 os
983 1161 1152 1231 ipsius
1180 1174 1195 1211 ι
1225 1157 1389 1209 multo
1427 1153 1591 1223 magis
1635 1166 1763 1220 ergo
1797 1151 1895 1203 ista
1935 1147 2104 1201 lectili-

531 1259 696 1314 rauda
715 1266 816 1322 est,
849 1253 917 1309 de
949 1267 1049 1321 qua
1094 1247 1301 1303 caeteris
1331 1259 1451 1298 eum
1483 1240 1735 1296 Dominus
1774 1241 2104 1308 propagavit.

531 1349 636 1405 Sed
660 1346 781 1417 quid
808 1343 993 1399 facturi
1015 1353 1219 1403 sumus,
1235 1335 1337 1391 nisi
1359 1342 1416 1389 ut
1437 1331 1731 1387 serviamus
1752 1328 2008 1417 voluntati
2030 1327 2101 1395 ip-

529 1416 916 1495 siusiDilTerre
949 1432 1096 1485 illum
1124 1439 1298 1483 tamen
1327 1423 1456 1491 dixi,
1480 1422 1690 1483 fratres,
1707 1433 1814 1473 non
1837 1416 2104 1472 fraudare.

1020 474 1325 486 ’,θ-ρ..

533 1533 712 1600 Itaque
758 1533 934 1580 tenete
972 1520 1297 1581 debitorem,
1343 1528 1442 1569 nec
1490 1510 1797 1575 dimittatis,
1842 1508 1942 1562 nisi
1985 1521 2106 1561 eum
2186 1548 2189 1553 ν

502 1608 505 1611 ’
530 1619 770 1677 solverit.
823 1616 1085 1671 Advertat
1116 1611 1295 1679 itaque
1319 1605 1562 1661 Charitas
1604 1609 1779 1658 vestra
1810 1618 1824 1654 :
1853 1606 2107 1669 quantum

530 1715 691 1767 donat
716 1704 1079 1772 Dominus,de
1103 1702 1205 1756 isto
1241 1699 1444 1769 psalmo
1481 1696 1717 1749 dicamus
1754 1688 1949 1761 aliquid
1969 1690 2107 1759 quod

530 1805 743 1876 quidem
762 1801 870 1870 jam
891 1796 1087 1860 nostis;
1110 1793 1202 1848 sed
1221 1790 1390 1846 dulcis
1407 1798 1489 1844 est
1514 1782 1950 1841 commemoratio
1969 1781 2108 1835 veri-

531 1900 675 1953 tatis.
705 1896 867 1952 Forte
907 1905 1027 1948 cum
1069 1886 1505 1960 pronuntiaretur
1556 1879 1739 1935 titulus
1791 1876 1936 1947 ejus,
1987 1889 2107 1929 cum

434 2020 457 2027 κ
531 1987 881 2044 admiratione
937 1980 1096 2049 aliqui
1141 1977 1440 2032 audierunt.
1483 1969 1791 2026 Inscr-ibitur
1836 1966 1977 2022 enim
2039 1962 2107 2018 ti-

504 2068 672 2135 tulus
721 2075 915 2132 Psalmi
945 2091 959 2128 :
991 2070 1205 2139 Quando
1257 2068 1436 2120 domus
1474 2059 1817 2128 aedificabatur
1861 2065 1971 2127 post
2019 2070 2108 2107 ca-

500 2171 824 2240 ‘ptivilatem.
878 2165 990 2221 Hoc
1035 2162 1184 2216 titulo
1225 2156 1507 2228 prmdicto,
1540 2152 1650 2221 jam
1712 2150 1764 2204 in
1802 2148 2108 2240 ipsotextu

500 2268 507 2277 ‘
533 2237 726 2317 l’salmi
749 2252 1138 2327 exspectabatis
1168 2248 1395 2304 fortasse
1427 2243 1515 2314 qui
1536 2240 1736 2311 lapides
1759 2237 2114 2309 praecideren-

532 2367 615 2408 tur
633 2355 698 2407 de
716 2349 1005 2409 montibus.
1026 2358 1145 2416 qua:
1165 2344 1335 2397 moles
1353 2337 1766 2397 attraherentur,
1787 2345 1904 2400 qnte
1925 2327 2112 2383 funda-
2188 2364 2195 2365 κ

498 2456 501 2457 ⁷
531 2453 705 2499 nicuta
738 2441 1060 2510 jacereutnr,
1080 2448 1197 2503 qum
1235 2430 1414 2484 trabes
1435 2427 1993 2495 iiupone_rentur,qu:e
2018 2432 2109 2472 co-

534 2508 1115 2600 lniumuverigereutur.
1159 2522 1297 2578 Nihil
1325 2520 1517 2574 horum
1551 2521 1765 2569 cantat:
1789 2521 1844 2566 et
1880 2510 1927 2565 si
1963 2508 2107 2563 aliud
2188 2552 2197 2555 Α

530 2623 745 2695 aliquid,
770 2638 873 2675 non
896 2634 1023 2689 ergo
1047 2621 1304 2671 consonat
1329 2608 1567 2663 Psalmus
1589 2605 1739 2659 titulo
1758 2618 1875 2668 suo,
1897 2610 1951 2656 et
1968 2600 2113 2695 aliud

506 2726 507 2729 ‘
534 2690 772 2785 portatiu
794 2713 987 2775 fronte,
1010 2704 1151 2760 aliud
1171 2704 1219 2757 in
1245 2700 1412 2755 voce?
1436 2698 1545 2751 lmo
1572 2690 1996 2785 nihilialiud,sed
2025 2690 2107 2744 in-

536 2782 836 2862 tellectores
866 2798 1074 2872 quaerit.
1105 2793 1361 2864 Loquitur
1387 2788 1531 2844 enim
1553 2786 1619 2843 de
1648 2784 1998 2840 indilicatione
2021 2782 2115 2835 do-

534 2913 671 2953 mus.
686 2895 883 2951 Omnes
896 2888 1097 2960 lapides
1114 2885 1280 2956 ipsius
1296 2882 1485 2937 domus
1501 2877 1823 2947 intelligant‘
1840 2874 1980 2944 quod
1989 2889 2116 2927 can-
2184 2920 2191 2923 .

533 2997 729 3044 tarunt.
751 2983 1069 3042 [Edilicatur
1098 2978 1238 3031 enim
1267 2974 1458 3029 domus
1484 2970 1614 3032 Deo,
1635 2979 1738 3022 non
1764 2967 1853 3021 illo
1881 2967 1998 3020 loco
2028 2963 2114 3018 tibi

502 3110 507 3115 ’
535 3080 816 3139 :editicavit
834 3077 1106 3133 Salomon.
1122 3066 1424 3128 [Edilimvit
1440 3063 1582 3119 enim
1605 3060 1856 3130 templum
1879 3057 1964 3132 (Ill
1987 3057 2110 3127 Reg.

500 3200 503 3203 ι
535 3188 611 3240 vt,
642 3171 696 3244 l)
718 3189 731 3224 :
757 3180 810 3224 et
834 3168 901 3223 de
931 3167 1047 3233 ipso
1095 3158 1292 3229 templo
1321 3154 1545 3211 audistis
1583 3150 1743 3207 modo
1772 3166 1890 3219 qua:
1925 3146 2116 3244 dixerit

534 3238 807 3320 Dominus.
824 3259 957 3314 Cum
981 3268 1111 3309 saxa
1135 3248 1321 3320 templi
1345 3256 1400 3303 et
1428 3246 1596 3301 moles
1618 3244 1863 3313 ingentes
1887 3238 2118 3295 admira-

533 3364 719 3412 rentur
747 3348 1013 3419 discipuli,
1047 3344 1421 3399 iudicaverunt
1444 3336 1671 3392 Domino
1713 3331 2115 3387 admirationem

541 3457 591 3499 rt
617 3455 893 3512 stuporem
921 3452 1111 3500 suum;
1135 3443 1188 3490 et
1206 3430 1461 3487 Dominus
1482 3428 1585 3482 illis
1607 3442 1622 3480 :
1645 3426 1799 3479 Amen
1816 3423 1927 3475 dico
1958 3422 2114 3485 vobis,

537 3553 635 3591 non
670 3533 983 3601 relinquetur
1030 3527 1111 3579 hic
1153 3523 1284 3592 lapis
1322 3536 1473 3591 super
1492 3517 1728 3587 lapidem,
1752 3515 1837 3581 qui
1885 3530 1983 3566 non
2026 3512 2116 3564 de-
2190 3574 2195 3579 _

535 3634 754 3679 struatur
781 3618 988 3695 (Matth.
1014 3631 1160 3680 niv,
1192 3615 1242 3677 l,
1265 3612 1345 3681 2).
1373 3610 1486 3665 Non
1519 3608 1639 3662 talis
1683 3604 1987 3695 aediﬁcatur
2016 3602 2114 3657 do-

504 3752 508 3757 η
538 3735 674 3771 mus.
693 3692 823 3770 Nam
853 3709 1028 3765 videte
1062 3706 1151 3761 ubi
1192 3703 1502 3764 rediticatur,
1529 3697 1653 3769 quia
1684 3712 1789 3750 non
1844 3707 1948 3749 uno
1976 3692 2112 3758 loco,

534 3811 710 3880 aliqua
741 3802 794 3861 in
824 3811 996 3875 parte.
1024 3799 1115 3856 Sic
1142 3797 1284 3854 enim
1312 3794 1492 3863 incipit
1526 3809 1539 3845 :

602 3875 659 3955 2—.
687 3898 900 3955 Cantate
923 3892 1137 3947 Domino
1155 3888 1405 3943 canticum
1444 3898 1647 3947 novum,
1670 3887 1868 3934 cantate
1898 3875 2120 3931 Domino

529 3993 698 4048 onmis
720 3992 876 4043 terra.
907 3984 963 4041 Si
989 3983 1253 4039 canticum
1306 3991 1499 4033 novum
1529 3981 1714 4029 cantat
1741 3970 1918 4026 omnis
1944 3976 2116 4031 terra;

535 4089 612 4142 sic
643 4082 959 4145 auliticatur,
988 4087 1109 4132 cum
1135 4079 1310 4128 cantat
1342 4087 1355 4124 :
1388 4069 1560 4139 ipsum
1588 4072 1828 4129 cantare,
1856 4060 2120 4116 aedificare

494 4207 499 4211 -
536 4188 648 4244 est;
673 4174 768 4231 sed
796 4172 841 4228 si
881 4184 987 4225 non
1013 4175 1168 4223 vetus
1212 4171 1408 4218 cantet.
1432 4158 1599 4214 Vetus
1644 4164 1823 4210 cantat
1860 4152 2120 4244 cupiditas

500 4298 507 4303 -
532 4242 712 4323 carnis
743 4282 756 4318 :
787 4274 983 4318 novum
1007 4263 1186 4313 cantat
1225 4252 1459 4307 Charitas
1490 4248 1598 4302 Dei.
1624 4242 1888 4315 Quidquid
1932 4252 2116 4296 canta-

498 4404 499 4407 η
536 4358 677 4413 veris
706 4355 773 4409 de
798 4350 1108 4421 cupiditate,
1153 4355 1302 4398 vetus
1330 4349 1543 4402 cantas;
1574 4339 1706 4393 etsi’
1733 4341 1924 4390 sonant
1948 4333 1999 4386 in
2026 4346 2120 4385 ore

494 4494 497 4497 ν
538 4447 700 4502 verba
744 4442 935 4499 cantici
964 4438 1108 4502 novi,
1143 4449 1247 4489 non
1275 4442 1358 4488 est
1379 4431 1618 4500 speciosa
1650 4428 1763 4480 laus
1793 4426 1843 4478 in
1869 4438 1963 4477 ore
1993 4430 2119 4492 pec;
2180 4468 2185 4473 .

536 4539 735 4595 saturis
761 4533 945 4603 (Ereti.
961 4546 1050 4597 xv,
1070 4528 1150 4599 9).
1169 4528 1355 4582 Melius
1384 4533 1463 4581 est
1483 4530 1717 4575 utnovus
1743 4527 1940 4580 taceas,
1962 4530 2118 4587 quam

538 4648 597 4684 ι..
642 4636 797 4683 vetus
840 4631 1054 4686 cantes;
1094 4618 1217 4689 quia
1264 4616 1307 4671 si
1348 4611 1516 4669 fueris
1560 4624 1748 4674 novus,
1778 4618 1829 4662 et
1871 4606 2117 4668 tacueris,

538 4721 756 4777 auribus
801 4716 1081 4772 hominum
1138 4725 1244 4766 non
1293 4714 1446 4762 sonat
1475 4722 1496 4768 :~
1524 4717 1643 4770 nam
1681 4716 1776 4756 cor
1820 4708 1966 4754 tuum
2016 4714 2118 4752 non

489 4842 493 4846 »
542 4819 681 4866 tacet
721 4806 989 4864 canticum
1028 4816 1256 4864 novum;
1283 4809 1338 4854 et
1364 4794 1604 4865 pervenit
1625 4792 1691 4847 ad
1716 4807 1871 4846 aures
1895 4789 2120 4862 Dei,qui
2178 4848 2185 4853 ,

539 4914 591 4959 te
618 4902 741 4957 fecit
785 4896 1051 4953 hominem
1100 4905 1322 4946 novum.
1358 4886 1561 4957 Diligis,
1594 4892 1648 4939 et
1690 4892 1834 4937 taces
1867 4880 2121 4937 :dilectio

540 4997 652 5065 ipsa
676 4976 773 5046 vei
800 4996 884 5046 est
925 4985 990 5041 ad
1019 4985 1207 5046 Deum,
1237 4990 1292 5036 et
1318 4980 1429 5049 ipsa
1466 4976 1679 5049 dileetio
1703 4966 1968 5029 canticum
2022 4988 2119 5027 no-
2176 5032 2177 5035 η

540 5064 663 5143 vum
690 5093 793 5140 est.
824 5077 961 5136 Audi
998 5075 1119 5146 quia
1164 5071 1425 5127 canticum
1467 5082 1664 5123 novum
1711 5073 1834 5121 est:
1868 5064 2122 5118 Dominus

540 5178 687 5241 dicit,
720 5169 1025 5228 Mandatum
1058 5180 1238 5219 novum
1268 5161 1331 5215 do
1351 5159 1510 5223 vobis,
1544 5165 1596 5211 ut
1640 5172 1727 5211 vos
1756 5156 1963 5208 invicem
2002 5154 2120 5205 dili-
2178 5212 2183 5215 μ

542 5269 669 5340 gatis
698 5265 877 5340 (Joan.
916 5277 1035 5327 xui,
1068 5257 1181 5329 54).
1228 5255 1413 5311 Omnis
1461 5266 1588 5321 ergo
1616 5258 1755 5305 terra
1786 5256 1966 5303 cantat
1999 5262 2126 5301 eau-

545 5360 704 5415 ticum
748 5371 986 5413 novum:
1017 5352 1089 5409 ibi
1138 5347 1429 5405 aediﬁcatur
1468 5341 1718 5398 domus”.
1764 5340 1950 5396 Omnis
1997 5353 2125 5410 ergo

609 5474 625 5503 ι
652 5468 875 5532 ριβςὶφιθ
887 5473 1016 5532 Ἀβδη
1035 5458 1320 5532 intelligunt;

607 5534 629 5564 ι
653 5522 855 5585 Edd.,'et
880 5526 921 5579 si
950 5522 1041 5589 non
1064 5522 1246 5589 sonant.
1266 5522 1437 5589 abest,
1463 5529 1573 5589 non,
1598 5526 1626 5564 a
1650 5522 1754 5589 uss.

610 5594 633 5624 ³
654 5573 852 5639 ξῆξῖίεὲί
878 5573 932 5638 λι,
947 5573 1080 5645 ἤιά,
1096 5573 1174 5635 ubi
1197 5573 1468 5645 mdiﬁrntur
1494 5578 1660 5645 domus
1683 5573 1706 5625 ?
1823 5636 1833 5645 .
1922 5635 1959 5645 Α.

608 5638 903 5715 (altialiitus
924 5648 1048 5715 forte
1069 5638 1189 5696 ante
1212 5638 1424 5715 anfm,
1466 5638 1656 5715 quand?
1679 5649 1766 5699 per
1790 5638 1887 5685 vim
1915 5638 2123 5682 Circum-

546 5701 805 5774 Oen‘u'mum
828 5710 1099 5774 regnabant
1120 5708 1389 5774 Donatista}.
1414 5701 1495 5751 CXV
1515 5716 1561 5749 ιι·
1591 5701 1714 5774 _”
1743 5772 1766 5774 Α
1792 5760 1802 5774 ,
1825 5772 1832 5774 _
1853 5755 2015 5774 “hu,

615 5755 1217 5835 (Elﬁs—tiiliceljlililcvitanus
1233 5755 1502 5835 episcopus,
1521 5765 1601 5824 qui
1629 5761 1773 5835 etiam
1791 5760 1838 5835 in

552 5815 1122 5897 proximo
1138 5815 1249 5879 ante
1269 5815 1696 5876 'huuc'scrtnonem
1720 5822 1800 5870 die
1822 5820 1999 5880 habita,
2026 5815 2125 5865 lau-

1793 329 1847 386 S.
1893 329 2253 386 AUGUSTINI
2296 335 2592 393 EPISCOPI

3651 340 3785 396 {228

2219 462 2355 506 terra
2383 466 2463 507 eSt
2490 453 2677 507 domus
2709 452 2820 507 Dei.
2856 452 2911 506 Si
2948 453 3120 508 omnis
3158 462 3298 508 terra
3326 452 3512 508 domus
3550 452 3665 519 Dei,
3698 455 3784 524 qui

2215 557 2317 596 nou
2350 543 2518 597 lueret
2545 542 2688 597 omni
2730 552 2905 610 terrai,
2936 543 3087 597 ruina
3117 551 3218 609 est,
3250 559 3356 597 non
3380 543 3602 608 domus;
3636 547 3786 600 ruina

2180 632 2183 637 ’
2214 633 2297 686 illa
2327 642 2499 701 vetus,
2530 635 2682 703 cujus
2709 634 2947 689 umbram
2987 635 3212 690 habebat
3238 636 3490 705 templum
3523 635 3650 689 illud
3699 652 3791 692 ve-

2215 733 2319 779 tus.
2348 725 2420 780 lbi
2450 726 2592 781 enim
2618 726 2925 781 diruebatur
2948 734 3205 790 vetustas,
3234 735 3293 781 ut
3318 727 3526 781 novitas
3549 727 3789 783 :cdilica-

2214 826 2376 868 retur.
2394 814 2463 870 Et
2484 816 2749 885 quomodo
2769 816 2994 870 dit'uitur
3021 816 3291 871 vetustas?
3311 816 3470 871 Amen
3499 816 3614 870 dico
3631 817 3785 881 vobis,

2213 905 2400 977 inquit,
2440 924 2538 961 non
2578 908 2884 976 relinquetur
2926 907 3056 979 lapis
3093 925 3246 979 super
3290 908 3529 980 lapidem,
3567 911 3651 976 qui
3690 927 3792 964 non

2212 998 2512 1052 destruetur.
2559 998 2716 1069 Lapis
2749 997 2993 1055 Christus
3018 1014 3141 1056 eSt:
3174 1000 3302 1056 dicit
3329 1010 3505 1056 autem
3554 1003 3789 1072 Aposto-

2212 1091 2314 1158 lus,
2341 1091 2593 1162 Quotquot
2613 1092 2665 1145 in
2686 1088 2882 1145 Christo
2907 1093 3144 1163 baptizati
3172 1093 3309 1159 estis,
3346 1092 3599 1147 Christum
3622 1094 3791 1147 indui-

2211 1182 2299 1235 stis
2313 1180 2509 1253 (Galat.
2537 1199 2613 1249 ιιι,
2630 1182 2747 1253 27).
2764 1182 3097 1257 SiChristum
3124 1183 3537 1254 induitquisquis
3554 1185 3791 1254 baptiza-

2213 1282 2297 1330 tur
2315 1274 2364 1327 in
2383 1271 2595 1330 Christo
2615 1291 2628 1339 ;
2648 1275 2764 1344 quis
2787 1275 2931 1345 ponit
2954 1274 3180 1344 lapidem
3210 1289 3369 1345 super
3395 1273 3645 1342 lapidem,
3688 1275 3792 1331 nisi

2210 1364 2299 1434 qui
2327 1364 2648 1435 Baptisnuun
2672 1382 2829 1433 super
2852 1365 3174 1436 Baptisinum
3193 1366 3416 1435 imponit
3441 1365 3587 1421 iSed
3621 1367 3792 1422 nolite

2212 1459 2431 1523 terreri;
2466 1477 2563 1511 non
2594 1458 2898 1528 relinquetur
2944 1459 3030 1527 qui
3076 1476 3175 1512 non
3219 1458 3519 1514 destruetur.
3559 1458 3792 1528 Lapides

2211 1551 2351 1605 enim
2382 1551 2447 1605 ad
2492 1552 2741 1606 fabricam
2787 1567 3001 1616 novam,
3052 1568 3167 1621 quae
3212 1551 3504 1606 asdilicatur
3548 1562 3667 1622 post
3705 1567 3799 1605 ca-

2212 1643 2504 1712 ptivitatem
2529 1685 2542 1708 ,
2580 1643 2657 1697 sic
2689 1642 3025 1713 colliguntur,
3076 1650 3131 1697 et
3174 1643 3251 1696 sic
3296 1642 3416 1697 illos
3456 1641 3691 1697 charitas
3738 1642 3794 1696 in

2213 1733 2412 1789 unitate
2436 1734 2763 1804 constringit,
2786 1744 2841 1786 ut
2866 1750 2971 1787 non
3004 1734 3072 1786 sit
3093 1733 3225 1802 lapis
3242 1749 3400 1803 super
3428 1731 3676 1801 lapidem,
3695 1733 3792 1786 sed

2212 1841 2345 1878 tinus
2374 1825 2503 1893 lapis
2526 1824 2628 1878 sint
2650 1840 2835 1879 omnes
2857 1824 3076 1895 lapides.
3098 1824 3176 1879 Ne
3198 1825 3460 1880 miremini
3495 1844 3507 1877 :
3537 1824 3641 1880 hoc
3670 1825 3798 1880 fecit

2212 1916 2474 1971 canticum
2497 1916 2774 1980 uovum,id
2793 1926 2894 1981 est,
2918 1916 3019 1970 hoc
3045 1904 3169 1971 fecit
3196 1916 3466 1971 innovatio
3494 1916 3791 1970 charitatis.

2212 2005 2293 2059 Ad
2344 2006 2511 2074 ipsam
2554 2014 2869 2061 structuram
2917 2023 3011 2060 nos
3055 2008 3344 2078 cotnpingit
3389 2007 3699 2076 Apostolus,
3732 2015 3791 2062 et

2229 2099 2278 2153 in
2313 2100 2397 2153 illa
2445 2100 2641 2154 unitate
2685 2116 2780 2154 nos
2816 2101 3132 2154 constrictos
3177 2100 3533 2169 cotupagiuat,
3563 2100 3745 2155 dicens
3781 2117 3795 2153 :

2216 2190 2523 2257 Sit/ferentes
2547 2192 2756 2246 invicem
2782 2192 2834 2245 in
2866 2191 3149 2255 dilectione,
3175 2193 3428 2245 studentes
3452 2209 3650 2246 servare
3680 2191 3800 2245 uni-

2215 2295 2362 2339 tatem
2400 2286 2630 2354 spiritus,
2659 2286 2712 2339 in
2740 2274 2941 2339 vinculo
2982 2286 3122 2356 pacis
3152 2283 3367 2357 (Ephes.
3401 2301 3472 2351 tv,
3504 2285 3559 2349 2,
3587 2283 3664 2357 3).
3696 2284 3800 2341 Ubi

2216 2376 2389 2431 unitas
2421 2376 2669 2445 Spiritus,
2703 2390 2838 2430 unus
2869 2376 3032 2445 lapis;
3060 2376 3153 2431 sed
3182 2393 3317 2431 unus
3345 2377 3478 2447 lapis
3508 2376 3572 2431 de
3613 2376 3799 2430 multis

2216 2466 2402 2522 lactus.
2434 2467 2713 2535 Quomodo
2751 2466 2818 2522 de
2847 2467 3026 2521 multis
3070 2483 3206 2522 unus
3252 2467 3458 2522 factus?
3484 2465 3805 2522 Sull'erendo

2216 2559 2441 2615 invicem
2471 2560 2524 2614 in
2550 2559 2853 2615 dilectione.
2882 2558 3195 2613 [Ediﬁcatur
3222 2544 3349 2629 ergo
3374 2558 3560 2613 domus
3589 2557 3803 2612 Domini

2217 2653 2309 2709 Dei
2342 2653 2528 2718 nostri,
2551 2653 2844 2708 aedilica'tur
2876 2670 2888 2706 :
2921 2652 3020 2707 hoc
3052 2651 3133 2719 lit,
3160 2651 3262 2707 hoc
3290 2652 3479 2722 agitur,
3500 2651 3600 2705 hoc
3626 2665 3792 2705 voces

2218 2744 2332 2798 ista:
2358 2752 2539 2815 agunt,
2568 2743 2670 2798 hoc
2718 2743 2994 2805 lectiones,
3023 2740 3126 2796 hoc
3170 2741 3475 2810 praedicatio
3525 2740 3805 2810 Evangelii

2218 2827 2327 2892 toto
2350 2837 2478 2891 orbe
2507 2844 2802 2895 terrarum;
2835 2834 3008 2889 adhuc
3036 2833 3542 2895 :cdilicatur.Crevit
3572 2835 3803 2889 multum

2216 2926 2406 2982 domus
2432 2926 2566 2990 lucc,
2597 2936 2650 2981 et
2681 2925 2875 2982 multas
2912 2934 3101 2997 gentes
3130 2925 3365 2996 implevit
3397 2943 3408 2978 :
3444 2925 3678 2980 nondum
3722 2934 3807 2978 ta.

2218 3038 2339 3076 men
2386 3034 2575 3076 omnes
2616 3027 2803 3089 gentes
2867 3017 3145 3088 occupavit
3191 3034 3204 3070 :
3250 3016 3540 3073 crescendo
3608 3017 3808 3072 multas

2219 3115 2404 3181 tenuit,
2440 3129 2626 3168 omnes
2655 3120 2975 3183 occupatura
3002 3121 3114 3178 est;
3147 3120 3201 3166 et
3219 3098 3598 3166 contradicitur
3627 3109 3695 3163 ab
3720 3110 3807 3164 eis

2217 3209 2303 3278 qui
2327 3206 2645 3262 domesticos
2663 3206 2780 3276 ejus
2806 3221 2862 3259 se
2883 3220 3000 3260 esse
3025 3204 3338 3274 gloriantur,
3363 3214 3417 3258 et
3440 3204 3649 3267 dicitur,
3673 3201 3802 3258 Jam

2188 3302 2191 3305 ’
2217 3296 2472 3353 decrevit.
2502 3296 2687 3351 Adhuc
2711 3297 2927 3361 crescit,
2955 3295 3128 3350 adhuc
3156 3294 3439 3350 crediturae
3463 3303 3584 3349 sunt
3614 3308 3811 3349 omnes

2217 3397 2404 3459 gentes
2446 3405 2563 3459 quae
2612 3387 2846 3443 nondum
2889 3386 3230 3443 crediderunt
3262 3405 3275 3442 :
3306 3402 3375 3442 ne
3402 3386 3519 3454 quis
3545 3385 3709 3451 dieal,
3738 3385 3812 3441 Et

2220 3483 2306 3537 illa
2350 3482 2525 3552 lingua
2576 3480 2843 3536 creditura
2890 3480 3003 3535 est?
3029 3490 3082 3535 et
3110 3480 3328 3534 Barbari
3362 3479 3611 3535 credituri
3638 3481 3812 3533 sunt?

2220 3577 2287 3631 Et
2312 3576 2437 3647 quid
2470 3576 2569 3631 sibi
2595 3575 2707 3630 vult
2735 3574 2876 3646 quod
2921 3573 3149 3645 Spiritus
3196 3584 3413 3628 sanctus
3457 3573 3706 3642 apparuit
3749 3572 3812 3627 in

2219 3668 2410 3739 linguis
2438 3668 2605 3738 igneis
2633 3666 2769 3739 (Act.
2798 3682 2855 3732 ιι,
2886 3665 2961 3737 5).
2990 3665 3089 3719 nisi
3114 3668 3236 3736 quia
3264 3665 3456 3719 nullius
3482 3665 3669 3734 linguae
3699 3663 3812 3718 du-

2221 3760 2337 3813 ritia
2364 3768 2443 3814 est
2464 3775 2580 3829 qum
2611 3774 2712 3811 non
2746 3759 2835 3811 lllO
2864 3758 2982 3827 igne
3009 3756 3283 3811 solvatur?
3305 3755 3484 3826 Neque
3524 3755 3665 3810 enim
3696 3768 3811 3809 non

2221 3849 2473 3905 habemus
2522 3850 2633 3919 jam
2690 3849 2883 3903 multas
2937 3856 3125 3918 gentes
3190 3845 3450 3901 Barbaras
3508 3845 3813 3901 credidisse

2220 3939 2429 3995 Christo
2459 3957 2472 3993 :
2502 3956 2606 4010 quo
2635 3938 2865 3993 nendum
2897 3946 3194 4008 porrectum
3233 3947 3314 3993 est
3358 3937 3655 3992 Romanum
3707 3938 3813 3992 im-

2223 4032 2446 4103 perium,
2474 4031 2581 4100 jam
2612 4031 2858 4085 Christus
2885 4029 3147 4100 possidet;
3179 4029 3318 4099 quod
3344 4027 3517 4082 adhuc
3556 4028 3802 4082 clausum

2221 4136 2303 4181 est
2319 4126 2395 4180 eis
2411 4125 2498 4196 qui
2528 4124 2667 4178 ferro
2695 4131 2949 4194 pugnant,
2968 4138 3073 4176 non
3096 4131 3178 4177 est
3198 4122 3431 4176 clausum
3462 4121 3532 4176 illi
3557 4121 3813 4191 quiligno

2224 4232 2435 4290 pugnat.
2470 4218 2720 4273 Dominus
2756 4215 2898 4271 enim
2940 4215 3179 4285 regnavit
3207 4229 3239 4269 a
3262 4214 3422 4283 ligno.
3451 4213 3579 4281 Quis
3602 4220 3685 4267 est
3713 4214 3810 4283 qui

2224 4314 2366 4383 ligno
2392 4310 2625 4382 pugnat?
2652 4309 2916 4364 Christus.
2946 4308 3021 4362 De
3049 4323 3209 4362 cruce
3248 4322 3340 4360 sua
3371 4305 3497 4359 vicit
3545 4320 3721 4374 reges,
3752 4314 3816 4358 ct.

2223 4402 2519 4473 subjugatis
2548 4402 2714 4470 ipsam
2742 4414 2953 4454 crucem
2982 4399 3034 4453 in
3064 4398 3233 4452 fronte
3258 4395 3402 4461 ﬁxit;
3437 4404 3491 4450 et
3509 4396 3816 4465 gloriantur

2223 4493 2288 4549 de
2310 4493 2417 4559 illa,
2444 4493 2563 4563 quia
2595 4492 2666 4545 ibi
2707 4500 2788 4545 est
2808 4491 2952 4544 salus
2977 4504 3182 4543 eorum.
3214 4488 3327 4542 lloe
3360 4487 3552 4558 agitur,
3582 4487 3659 4541 sic
3684 4502 3817 4542 ere-

2225 4587 2325 4641 scit
2353 4585 2563 4647 domus,
2591 4584 2668 4639 sic
2691 4582 2982 4638 mdilicatur
3015 4598 3026 4634 :
3059 4591 3111 4635 et
3138 4591 3194 4634 ut
3236 4580 3510 4643 noveritis,
3530 4578 3812 4648 sequentia

2223 4674 2419 4731 Psalmi
2465 4674 2675 4738 audite;
2723 4672 2895 4728 videte
2936 4683 3217 4742 operantes
3244 4679 3298 4724 et
3346 4668 3668 4724 fabricantes
3710 4668 3820 4723 do-

2226 4783 2390 4821 mum.
2424 4765 2633 4819 Cantate
2670 4764 2889 4817 Domino
2929 4765 3180 4817 canticum
3220 4777 3421 4827 novum,
3452 4770 3651 4815 cantate
3694 4760 3815 4815 Da-

2225 4859 2359 4914 mino
2388 4856 2549 4912 omnis
2581 4864 2733 4909 terra.

2294 4950 2347 5004 ὅ.
2394 4948 2541 5021 [vers.
2572 4947 2627 5013 9.,
2657 4944 2733 5020 3].
2759 4943 2972 4999 Cantate
2996 4942 3209 4997 Domino
3232 4944 3282 5021 ηί,
3316 4942 3586 5013 benedirite
3627 4958 3817 4995 nontcn

2226 5040 2355 5110 ejus,
2378 5040 2497 5092 bene
2517 5038 2745 5089 nuntiate
2766 5036 2828 5088 de
2850 5036 2931 5087 die
2956 5034 3005 5086 in
3036 5034 3164 5085 diem
3189 5033 3410 5085 salutare
3434 5029 3561 5105 ejus.
3584 5032 3757 5098 Quom
3774 5053 3827 5082 n-

2226 5133 2295 5185 do
2322 5131 2513 5185 crescit
2547 5126 2863 5183 aditicium?
2887 5125 3042 5190 Bene,
3073 5124 3264 5194 inquit,
3302 5127 3526 5179 mmtiale
3547 5125 3607 5178 de
3636 5126 3721 5177 die
3768 5127 3829 5177 iu

2228 5222 2357 5275 diem
2403 5220 2625 5275 salutare
2662 5218 2791 5289 ejus.
2835 5216 2911 5270 De
2939 5213 3026 5270 die
3067 5216 3117 5269 in
3164 5215 3305 5270 diem
3352 5216 3702 5285 praedicetur;
3756 5219 3829 5269 tlt'

2227 5314 2313 5370 die
2367 5313 2419 5367 in
2474 5311 2639 5375 diem,
2708 5307 2897 5379 inquit,
2960 5305 3288 5374 mditleetur;
3339 5317 3579 5371 crescat,
3636 5306 3824 5375 inquit

2293 5464 2307 5495 ί
2334 5461 2467 5521 Edd.,
2490 5466 2535 5513 et
2551 5456 3106 5521 benedicite._Particula,
3128 5464 3191 5519 et,
3218 5459 3359 5521 abest
3380 5466 3533 5521 aMSS.
3559 5458 3641 5520 qui
3670 5458 3826 5519 paulo

2227 5518 2556 5588 posthabent,
2581 5520 2696 5572 bene
2716 5518 2929 5571 nuntiate
2949 5520 3077 5571 diem
3098 5532 3161 5570 ex
3184 5518 3265 5570 die
3293 5533 3310 5569 :
3332 5520 3423 5570 sed
3457 5518 3728 5577 aliis—locis,
3760 5524 3826 5571 de

2230 5584 2309 5636 die
2328 5585 2378 5637 in
2401 5584 2547 5636 diem.

2227 5690 2369 5739 datur
2406 5688 2542 5736 hisce
2579 5686 2781 5736 verbis:
2810 5703 2831 5732 ι
2851 5692 3035 5735 Justum

2238 5770 2259 5796 ι
2283 5751 2477 5799 fratrem
2512 5750 2671 5811 potius
2707 5749 2984 5797 audiremus
3018 5747 3255 5807 collcgzm
3297 5760 3487 5811 meum,
3517 5756 3819 5811 prgrscntcw

2238 5833 2259 5858 ι
2284 5805 2697 5863 υιιιιιὶιιιιδίιοιιὶεε
2727 5818 2776 5858 et
2799 5811 2937 5860 modo
2972 5823 3065 5857 non
3092 5805 3310 5878 negavit;
3336 5808 3421 5858 sed
3444 5805 3649 5867 distulit,
3668 5824 3688 5847 ιι
3715 5816 3815 5859 etc.

3093 5684 3254 5734 uidem
3279 5689 3403 5738 erat.
3435 5684 3725 5735 cbarissimi.
3766 5693 3820 5736 ut
