4058 6482
268 375 409 432 ηιξ)

238 510 245 525 ν
269 494 435 559 Deus,
496 489 690 546 domus
737 504 871 546 mea.
920 490 987 545 Et
1040 474 1193 560 quasi
1236 489 1502 544 diceretur
1555 488 1622 542 ab
1663 500 1852 558 opera-

240 584 394 648 riis,
452 582 556 639 Ubi
603 584 762 652 jubes
820 580 1119 636 aediﬁcari?
1171 579 1257 635 ubi
1322 580 1403 634 vis
1460 592 1703 634 crescere
1750 576 1851 632 do-

236 689 415 729 .mum
466 673 651 729 tuam?
695 672 844 742 Elige
895 672 1046 727 nobis
1072 670 1300 742 aliquem
1350 670 1522 724 locum
1567 669 1848 739 aequalem,

232 800 235 807 ι
264 769 496 838 aliquem
525 768 702 822 locum
733 766 1046 836 spatiosum,
1072 765 1121 819 si
1149 764 1241 819 tibi
1271 762 1503 832 amplam
1529 760 1741 816 domum
1770 760 1852 815 vis

261 860 539 914 :rdilicari.
578 859 680 916 Ubi
720 858 876 929 jubes
918 865 976 912 ut
1022 857 1159 913 bene
1202 859 1509 915 nuntiemus
1551 858 1619 913 de
1660 856 1748 911 die
1796 854 1849 909 in

261 951 403 1005 diem
423 951 449 1003 ?
476 949 725 1004 Ostendit
742 950 917 1003 locum
953 965 967 1003 :
1001 947 1369 1003 Annuntiatein
1391 950 1618 1021 gentibus
1637 947 1851 1019 gloriam

259 1043 391 1111 ejus.
452 1040 701 1105 Gloriam,
754 1040 942 1112 inquit,
998 1042 1107 1112 ejus
1146 1043 1443 1095 annuntiate
1484 1042 1536 1096 in
1574 1041 1805 1112 gentibus
1831 1054 1851 1093 :

258 1134 483 1204 gloriam
511 1134 649 1203 ejus,
684 1148 787 1187 non
817 1132 1035 1203 gloriam
1065 1143 1315 1188 vestram.
1334 1132 1380 1189 Ο
1408 1141 1717 1198 structores,
1746 1130 1853 1201 glo-

262 1227 395 1277 riam
448 1224 569 1292 ejus
614 1224 767 1279 bene.
802 1224 1038 1279 nuntiate
1082 1224 1133 1277 in
1180 1224 1444 1295 gentibus.
1515 1224 1569 1277 Si
1630 1224 1848 1293 gloriam

260 1326 496 1371 vestram
541 1318 861 1371 annuntiare
904 1317 1201 1380 volueritis,
1233 1317 1469 1381 cadetis;
1501 1317 1543 1369 si
1574 1317 1688 1385 ejus
1717 1315 1851 1370 tedi-

230 1409 576 1473 ﬁcabimini,
605 1425 725 1463 cum
775 1408 1071 1464 aediﬁcantis.
1118 1407 1243 1463 Ideo
1297 1409 1387 1479 qui
1434 1409 1654 1478 gloriam
1699 1422 1848 1463 suam

257 1500 582 1555 annuntiare
623 1500 922 1562 voluerunt,
969 1499 1251 1554 noluerunt
1295 1514 1419 1555 esse
1447 1500 1497 1553 in
1527 1500 1625 1553 ista
1653 1498 1845 1564 domo;

257 1599 310 1645 ct
336 1600 625 1660 propterea
658 1606 761 1643 non
791 1600 1007 1644 cantant
1029 1594 1290 1645 canticum
1318 1603 1511 1645 novum
1557 1604 1679 1645 cum
1702 1590 1848 1645 omni

258 1693 420 1737 terra.
457 1682 589 1737 Non
626 1684 767 1738 enim
810 1683 1206 1737 communicant
1242 1683 1488 1737 universo
1530 1682 1647 1738 orbi
1678 1690 1848 1737 terra-

258 1790 371 1827 rnm
407 1792 422 1827 :
459 1783 511 1828 et
545 1774 663 1828 ideo
705 1789 809 1828 non
849 1784 971 1829 sunt
995 1773 1320 1829 :cdiﬁcantes
1350 1774 1401 1829 in
1428 1773 1608 1839 domo,
1635 1774 1728 1829 sed
1756 1788 1849 1844 pa-

258 1868 447 1921 rietem
474 1866 779 1921 dealbatam
821 1875 1125 1923 erexerunt.
1176 1867 1383 1932 Quanta
1429 1865 1663 1921 minatur
1706 1866 1845 1921 Deus

261 1960 448 2027 parieti
501 1959 789 2014 deallmto?
818 1962 953 2015 Sunt
1001 1960 1301 2015 testimonia
1346 1959 1732 2029 PrOphetarum
1764 1959 1844 2013 in-

261 2064 508 2111 numera,
544 2050 685 2104 unde
733 2050 999 2106 maledicit
1046 2050 1234 2121 parieti
1262 2049 1580 2106 dealbato'?
1605 2049 1738 2116 Quid
1766 2056 1849 2104 est

230 2140 436 2206 :paries
493 2140 793 2206 dealbatus,
828 2141 927 2195 nisi
965 2141 1284 2213 hypocrisis,
1314 2141 1365 2196 id
1414 2150 1498 2196 est
1543 2138 1848 2195 simulatio?

260 2231 415 2285 Foris
438 2231 619 2294 lucet,
654 2232 795 2286 intus
844 2232 1013 2287 lutum
1065 2241 1165 2287 est.
1195 2232 1347 2301 Quod
1398 2232 1639 2287 dicturus
1685 2245 1802 2286 sum
1828 2273 1844 2298 ,

258 2324 363 2392 jam
418 2323 627 2378 dictum
666 2333 749 2378 est
774 2365 790 2391 ,
821 2324 916 2380 sed
959 2325 1081 2392 quia
1124 2339 1191 2379 eo
1232 2323 1423 2394 spiritu
1467 2323 1666 2378 dictum
1724 2331 1846 2388 est,

258 2429 415 2483 quem
486 2414 642 2470 nobis
702 2429 914 2485 quoque
962 2415 1217 2470 Dominus
1275 2415 1547 2486 impertire
1602 2412 1849 2483 dignatus

259 2516 373 2569 est,
405 2519 513 2561 nos
558 2506 683 2560 illud
737 2506 996 2572 diximus;
1042 2515 1097 2561 et
1147 2506 1398 2577 quidquid
1449 2504 1608 2561 modo
1658 2505 1847 2561 eodem

258 2598 463 2669 Spiritu
516 2599 783 2665 dicimus,
842 2598 916 2653 illi
963 2598 1219 2654 dixerunt
1270 2600 1359 2669 qui
1431 2597 1665 2655 {uerumt
1726 2603 1850 2653 ante

258 2707 378 2746 nos.
432 2691 552 2745 Non
608 2701 691 2745 est
740 2706 868 2761 ergo
924 2690 1477 2761 praetermittendum,
1520 2691 1613 2747 sed
1661 2691 1849 2747 dicen-

259 2782 385 2837 dum
432 2792 540 2843 est.
589 2784 713 2852 quia
746 2781 887 2837 dono
912 2782 1003 2837 Dei
1031 2782 1229 2837 dictum
1259 2792 1361 2837 est.
1390 2781 1619 2850 Quidam
1651 2780 1718 2838 de
1747 2782 1849 2837 isto

259 2874 485 2944 pariete.
511 2873 756 2927 dealbalo
788 2887 922 2928 cum
967 2872 1190 2939 diceret,
1218 2872 1319 2927 hoc
1366 2873 1439 2927 ait
1470 2890 1483 2927 :
1522 2889 1541 2923 ι
1572 2871 1851 2941 Quomodo

258 2964 311 3018 in
342 2965 552 3034 pariete
602 2979 705 3017 non
747 2964 1032 3033 conjuneto
1058 2964 1177 3017 aliis
1208 2964 1512 3034 parietibus,
1542 2963 1634 3018 sed
1665 2963 1850 3033 singu-

260 3055 445 3110 lariter
499 3064 700 3120 erecto,
750 3055 796 3109 si
843 3055 1041 3110 ostium
1083 3054 1262 3119 facias,
1297 3056 1536 3126 quisquis
1574 3054 1851 3110 intraverit

261 3150 388 3205 loris
418 3160 539 3215 est;
574 3148 733 3204 sicin
766 3149 851 3204 illa
879 3158 1029 3219 parte
1073 3164 1193 3219 quae
1242 3150 1412 3204 noluit
1460 3158 1676 3204 cantare
1726 3163 1849 3203 cum

258 3242 423 3295 dumo
442 3242 465 3273 ⁸
487 3241 757 3295 canticum
788 3256 1004 3307 novum,
1032 3241 1126 3296 sed
1155 3242 1409 3311 parietem
1430 3240 1599 3296 voluit
1618 3251 1846 3307 struere,

258 3342 312 3387 et
343 3333 493 3387 hunc
547 3332 871 3399 dealbatam,
905 3347 1010 3387 non
1038 3332 1361 3388 solidatum'
1386 3333 1511 3403 quid
1542 3334 1683 3389 valet
1708 3335 1849 3404 quod

261 3424 443 3482 habet»
473 3423 736 3494 januam?
765 3423 821 3480 Si
860 3425 1160 3491 intraveris,
1194 3423 1322 3480 foris
1363 3425 1635 3481 inveniris.
1670 3444 1689 3479 ι
1718 3426 1851 3494 Quia

258 3520 402 3575 enim
430 3520 535 3589 ipsi
565 3534 671 3573 non
719 3533 816 3589 per
840 3518 1053 3588 januam
1085 3519 1419 3585 introierunt,
1449 3528 1502 3573 et
1521 3518 1681 3589 janua
1710 3520 1853 3589 ipso-

260 3628 377 3667 rum
406 3627 517 3667 non
562 3612 884 3666 intromittit.
915 3612 1170 3667 Dominus
1196 3611 1335 3667 enim
1382 3612 1513 3668 dicit
1542 3628 1556 3667 :
1589 3612 1701 3685 Ego
1740 3629 1851 3668 sum

258 3704 423 3775 fausta
440 3720 461 3768 ;
491 3719 585 3772 per
613 3718 693 3757 me
716 3703 955 3757 intratur.
993 3702 1093 3771 Qui
1123 3711 1248 3758 sunt
1269 3702 1357 3774 qui
1388 3702 1588 3758 intrant
1631 3719 1727 3774 per
1764 3704 1848 3775 ja-

262 3793 462 3849 nuam?
515 3794 618 3860 Qui
672 3794 895 3864 gloriam
939 3794 1148 3849 Domini
1188 3801 1453 3864 quierunt,
1508 3810 1613 3850 non
1671 3810 1844 3851 suam.

259 3884 360 3951 Qui
384 3885 599 3939 intrant
626 3899 723 3953 per
746 3884 958 3953 januam
972 3883 998 3935 7
1020 3883 1121 3953 Qui
1151 3882 1348 3939 faciunt
1366 3884 1507 3954 quod
1527 3884 1726 3939 dictum
1745 3894 1847 3950 est,

226 3994 231 3999 '
260 3974 399 4029 Bene
422 3975 657 4029 nuntiate
686 3974 740 4029 in
779 3975 1005 4044 gentibus
1039 3974 1256 4045 gloriam
1284 3976 1411 4046 ejus.
1439 3975 1539 4040 ραι
1571 3976 1725 4029 intrat
1764 3993 1854 4046 per

261 4067 497 4140 imam,
553 4074 725 4135 pastor
760 4065 926 4118 ovium
966 4073 1059 4131 est,
1102 4064 1177 4119 ait
1219 4064 1507 4131 Dominus;
1552 4065 1641 4134 qui
1684 4078 1850 4120 autem

263 4174 352 4227 per
370 4157 534 4211 aliam
556 4167 747 4227 partem
783 4157 1025 4221 ascendit,
1049 4156 1138 4210 ille
1162 4155 1247 4225 fur
1264 4165 1337 4210 est
1364 4165 1412 4210 et
1434 4157 1566 4211 latro
1589 4156 1769 4227 (Joan.
1793 4173 1847 4223 ι,

265 4249 317 4314 7,
348 4264 405 4319 9.
442 4249 497 4314 1,
529 4247 611 4319 2).
638 4247 736 4314 Qui
768 4263 863 4317 per
898 4248 1112 4318 januam
1145 4248 1322 4315 intrat,
1356 4247 1571 4305 humilis
1599 4260 1713 4316 est;
1763 4253 1851 4322 qui

264 4355 363 4408 per
389 4339 555 4393 aliam
584 4350 787 4408 partem
817 4339 1075 4404 ascendit,
1103 4339 1365 4409 superbus
1392 4349 1477 4395 est
1510 4359 1523 4395 :
1553 4340 1675 4396 ideo
1704 4342 1852 4398 illum

261 4430 401 4483 dixit
431 4429 658 4495 intrare,
683 4428 829 4483 illum
858 4429 1169 4485 ascendere.
1200 4429 1305 4485 Sed
1344 4430 1433 4486 ille
1476 4431 1722 4488 intrando
1767 4448 1855 4489 re-

262 4521 499 4591 cipitur;
536 4520 627 4574 ille
651 4519 989 4576 ascendendo
1029 4520 1415 4591 praecipitatur.
1446 4522 1753 4578 Aanuntiate
1801 4525 1855 4579 in

262 4611 498 4682 gentibus
518 4610 733 4680 gloriam
745 4611 873 4680 ejus.
886 4609 1023 4679 Quid
1034 4619 1135 4676 est,
1148 4612 1202 4665 in
1221 4613 1482 4682 gentibus?
1502 4612 1660 4670 Forte
1670 4626 1857 4686 gentes

263 4703 619 4756 imminantur
663 4713 718 4755 et
772 4717 980 4771 paucae;
1008 4710 1063 4758 et
1101 4702 1279 4757 adhuc
1330 4702 1491 4759 habet
1530 4706 1671 4775 quod
1719 4707 1859 4761 dicat

228 4818 233 4819 ί
263 4793 357 4847 illa
384 4808 514 4864 pars
536 4807 659 4863 qua:
688 4793 859 4848 erexit
883 4794 1141 4863 parietem
1169 4794 1472 4851 dealbatam
1509 4814 1522 4851 :
1550 4798 1725 4865 Quare
1751 4813 1857 4855 non

259 4898 463 4958 gentes
480 4899 609 4945 sunt
639 4889 867 4958 Getulia,
901 4891 1163 4958 Numidia,
1188 4893 1515 4957 Mauritania,
1545 4893 1859 4965 Byzacium?

263 4981 572 5036 Provineize
615 4990 807 5049 gentes
849 4980 1024 5037 sunt‘.
1073 4983 1297 5040 Auferat
1336 4999 1640 5041 sermonem
1687 4986 1857 5058 hypo-

261 5072 397 5126 crisi
416 5072 439 5103 '
472 5072 661 5141 parieti
691 5072 958 5135 dealbato.
981 5089 1161 5129 sermo
1190 5076 1302 5139 Dei,
1336 5075 1604 5130 aadilicans
1641 5075 1859 5130 domum

263 5175 387 5219 toto
416 5164 549 5220 orbe
575 5174 860 5220 terrarum.
891 5164 1084 5220 Parnm
1109 5175 1192 5221 est
1218 5166 1360 5237 quod
1388 5166 1539 5234 dixit,
1558 5166 1865 5222 Aununtiate

334 5341 361 5412 ξ
384 5340 614 5412 Plerique
636 5347 766 5412 ωε*
1061 5354 1113 5412 ξε
1151 5339 1285 5412 dies.
1306 5342 1481 5412 parte"
1500 5342 1738 5394 ἀθαιθαιο·

328 5404 359 5434 ⁸
384 5403 540 5463 l.ov.,'
569 5416 680 5452 cunt
720 5403 938 5454 Domino.
979 5404 1150 5453 Verius
1194 5403 1315 5453 £de
1343 5403 1423 5455 alii
1470 5412 1522 5455 et.
1568 5412 1710 5465 Mss,
1752 5418 1866 5457 cum

481 5532 588 5575 κει
605 5531 670 5600 ,ᾼε
686 5524 820 5600 edd»
850 5524 1433 5600 Mnesitheum",
1448 5534 1504 5599 .e‘
1524 5526 1649 5578 ’πίε
1668 5528 1865 5600 “9‘.”

543 5584 803 5637 solidatam
828 5584 927 5638 {ac
948 5585 1091 5650 paulo
1115 5594 1238 5650 post,
1260 5584 1427 5650 Ῑαηιιιι
1440 5590 1564 5653 ipsos
1585 5603 1681 5641 non
1714 5591 1865 5642 intro-

335 5717 363 5740 δ
389 5709 522 5769 Fdd.,
543 5717 644 5775 Non
662 5715 825 5775 gentes
1100 5709 1366 5761 L'iaantium
1387 5712 1675 5775 precium?
1701 5720 1867 5765 centes

267 5777 404 5818 smn.
436 5770 804 5819 Emendavimus
825 5770 883 5820 ad
912 5780 1013 5819 Mss.

336 5834 365 5865 ⁸
384 5836 452 5884 δὸς
472 5833 658 5897 aliqua
813 5842 865 5881 Λι
889 5834 1023 5891 εδει,
1049 5832 1334 5897 hypocrisis.

1401 373 1793 431 ENARRATIO
1822 365 1887 430 ΙΝ
1926 372 2246 430 PSALMUM
2280 373 2443 429 XCV.

3408 392 3429 451 ‘l
3442 392 3545 450 250

1962 501 2015 539 ιη
2044 487 2270 555 gentibus
2310 487 2522 557 glorimn
2569 489 2710 559 ejus;
2738 504 2803 547 ne
2855 492 3059 573 aliquas
3084 508 3268 575 gentes
3297 515 3547 574 exceptas

1960 586 2195 645 putares,
2227 580 2465 647 sequitur
2484 590 2537 633 et
2564 579 2711 662 dicit,
2740 579 2807 636 In
2846 585 3073 641 omnibus
3115 590 3315 659 populis
3343 586 3545 651 mimbi-

1932 674 1935 675 ⁷
1959 666 2033 722 lia
2053 668 2179 738 ejus.

2028 758 2084 812 Δ.
2116 756 2263 831 [vers.
2293 756 2371 831 4.]
2405 759 2653 827 Quoniam
2681 780 2891 835 magnus
2917 764 3167 825 Dominus
3195 780 3245 825 et
3270 772 3545 828 laudabilis

1958 851 2125 905 nimis.
2167 851 2295 920 Quis
2321 851 2571 908 Dominus
2590 896 2603 920 ,
2636 856 2735 911 nisi
2761 857 2916 914 Jesus
2945 859 3187 918 Christus
3207 882 3468 937 ,zmagnus
3496 878 3543 922 et

1958 939 2231 996 laudabilis
2257 943 2450 997 nimis?
2491 942 2668 1001 Nostis
2708 958 2851 1003 certe
2890 952 3011 1020 quia
3055 951 3214 1009 homo
3254 959 3537 1031 apparuit;

1958 1035 2129 1090 nostis
2155 1044 2299 1090 certe
2327 1037 2448 1105 quia
2480 1037 2531 1091 in
2560 1048 2712 1094 utero
2743 1040 2951 1107 l'eminm
2980 1057 3265 1117 conceptus
3295 1058 3407 1116 est,
3439 1068 3539 1107 no-

1934 1123 2055 1177 ‘stis
2084 1125 2204 1193 quia
2235 1142 2298 1180 ex
2327 1136 2478 1183 utero
2509 1137 2662 1184 natus
2688 1140 2767 1184 est
2790 1174 2804 1197 ,
2839 1134 3005 1188 nostis
3033 1136 3150 1205 quia
3181 1126 3404 1196 laetatus
3434 1150 3538 1207 est,

1957 1216 2079 1284 quia
2121 1219 2366 1272 manibus
2408 1228 2640 1288 portatus
2682 1231 2781 1287 est,
2831 1224 2951 1294 quia
2995 1227 3371 1296 circumcisus,
3415 1232 3541 1303 quia

1958 1305 2128 1362 hostia
2157 1324 2253 1380 pro
2290 1310 2382 1364 illo
2411 1311 2585 1366 oblata
2616 1321 2717 1379 est,
2748 1314 2868 1385 quia
2898 1317 3102 1383 crevit;
3136 1328 3407 1388 postremo
3439 1338 3536 1376 no-

1955 1400 2054 1456 stis
2076 1403 2196 1471 quia
2223 1404 2554 1472 eXpalmatus
2584 1416 2685 1471 est,
2711 1416 3016 1477 consputus,
3044 1410 3209 1479 spinis
3230 1425 3537 1482 coronatus,

1956 1493 2242 1549 cruciﬁxus
2279 1506 2394 1561 est,
2436 1506 2676 1551 mortuus
2717 1497 3045 1565 est,glancea
3094 1516 3376 1572 percussus
3418 1516 3535 1571 est;

1957 1587 2126 1643 nostis
2169 1588 2290 1657 quia
2339 1589 2452 1643 haec
2495 1591 2672 1645 omnia
2724 1606 2910 1660 pasms
2954 1603 3038 1648 Cal
3074 1612 3088 1649 :
3132 1593 3352 1668 Magnus
3381 1609 3463 1652 est
3492 1610 3541 1653 et

1956 1677 2227 1733 laudabilis
2254 1680 2421 1734 nimis.
2462 1680 2635 1737 Nolite
2670 1691 3012 1739 Contemnere
3050 1702 3266 1755 parvum
3288 1729 3300 1748 .
3340 1686 3539 1745 intelli-

1955 1768 2063 1837 gite
2090 1783 2358 1839 magnum.
2404 1770 2607 1826 Parvus
2653 1772 2820 1826 lactus
2849 1782 2931 1829 est
2950 1816 2963 1837 ,
2992 1775 3111 1843 quia
3155 1777 3299 1846 parvi
3329 1780 3491 1835 eratis
3517 1795 3535 1844 ;

1954 1859 2277 1932 intelligatur
2314 1878 2565 1934 magnus,
2599 1874 2652 1919 et
2680 1867 2731 1919 in
2762 1866 2848 1919 illo
2879 1867 3051 1937 magni
3078 1868 3244 1923 eritis.
3277 1869 3365 1926 Sic
3393 1873 3536 1928 enim

1956 1951 2248 2006 aediﬁcatur
2273 1952 2481 2019 domus,
2515 1955 2592 2009 sic
2623 1956 2897 2025 eriguntur
2926 1958 3093 2013 moles
3122 1961 3172 2025 in
3203 1960 3310 2030 ipsa
3341 1960 3534 2017 domo:

1954 2055 2204 2099 crescunt
2245 2046 2445 2114 lapides
2474 2048 2560 2117 qui
2588 2047 2855 2103 ducuntur
2878 2049 2945 2104 ad
2971 2050 3275 2107 ardiﬁcium.
3303 2051 3540 2110 Crescite

1954 2149 2119 2204 ergo,
2162 2137 2436 2209 intelligite
2475 2138 2742 2194 Christum
2783 2156 3029 2217 magnum
3069 2152 3168 2200 :et
3197 2159 3389 2213 parvus
3426 2160 3540 2200 ma-

1952 2241 2089 2296 gnus
2118 2235 2232 2291 est,
2264 2242 2487 2299 magnus
2525 2230 2705 2285 nimis.
2750 2230 2947 2285 Finivit
2986 2233 3143 2287 verba
3174 2250 3188 2286 :
3218 2234 3431 2289 volebat
3456 2235 3540 2290 di~

1953 2335 2077 2377 cere
2104 2330 2357 2393 quantum
2386 2337 2639 2393 magnus;
2670 2326 2769 2378 etsi
2802 2332 2907 2377 tota
2934 2324 3020 2379 die
3049 2324 3266 2390 diceret,
3294 2325 3536 2397 Magnus,

1956 2428 2198 2484 magnus,
2231 2414 2357 2485 quid
2386 2413 2630 2469 diceret?
2658 2415 2789 2469 Tuta
2817 2415 2903 2471 die
2934 2416 3138 2485 dicens,
3168 2416 3387 2487 Magnus
3415 2417 3538 2473 lini-

1953 2515 2040 2562 ret
2081 2506 2405 2578 aliquando;
2458 2507 2576 2578 quia
2623 2507 2800 2563 linitur
2841 2508 2955 2563 dies
2998 2527 3011 2561 :
3056 2509 3359 2580 magnitudo
3398 2510 3540 2567 illius

1954 2607 2081 2655 ante
2109 2597 2259 2667 dies,
2303 2599 2437 2653 ultra
2469 2600 2618 2666 dies,
2649 2600 2765 2655 sine
2801 2599 2907 2654 die.
2954 2599 3095 2670 Ergo
3123 2600 3249 2671 quid
3293 2601 3541 2656 diceret?

1958 2689 2210 2755 Quoniam
2255 2706 2466 2761 magnus
2503 2688 2750 2746 Dominus
2791 2700 2836 2744 et
2878 2689 3151 2745 laudabilis
3192 2692 3359 2747 nimis.
3403 2692 3542 2761 Quid

1954 2783 2095 2837 enim
2142 2781 2346 2837 dictura
2393 2790 2474 2837 est
2520 2782 2696 2853 lingua
2746 2797 2904 2852 parva
2948 2782 3016 2838 ad
3064 2782 3381 2838 laudandum
3422 2800 3541 2839 ma-

1955 2872 2156 2942 guum?
2186 2872 2418 2928 Diceudo
2436 2914 2451 2939 ,
2477 2874 2625 2928 nimis
2644 2914 2657 2937 ,
2690 2872 2867 2928 emisit
2896 2887 3077 2929 vocem
3095 2915 3110 2941 ,
3142 2880 3197 2929 et
3224 2872 3369 2928 dedit
3398 2873 3543 2943 cogi-

1958 2962 2141 3018 tationi
2173 2962 2313 3033 quod
2351 2963 2570 3032 sapiat:
2606 2973 2852 3034 tanquam
2893 2962 3111 3029 dicens,
3155 2962 3307 3031 Quod
3351 2977 3544 3019 sonare

1954 3069 2061 3108 non
2093 3068 2346 3123 possum,
2396 3061 2449 3107 tu
2479 3051 2691 3125 cogita;
2737 3062 2935 3109 etcum
2972 3052 3322 3125 cogitaveris,
3355 3069 3543 3124 parum

1955 3147 2074 3202 erit.
2118 3144 2269 3214 Quod
2310 3144 2560 3216 cogitatio
2591 3145 2787 3199 nullius
2809 3145 3071 3215 explicat,
3104 3144 3279 3216 lingua
3320 3145 3544 3216 alicujus

1956 3235 2226 3306 explicat?
2266 3234 2486 3307 Magnus
2523 3234 2773 3290 Dominus
2810 3245 2854 3289 et
2896 3235 3165 3290 laudabilis
3204 3237 3373 3290 nimis.
3429 3233 3545 3307 Ipse

1956 3326 2231 3393 laudetur,
2263 3326 2376 3396 ipso
2418 3325 2770 3397 prmdicetur,
2798 3325 2915 3399 ejus
2949 3326 3117 3397 gloria
3151 3327 3454 3398 nuntietur,
3490 3338 3547 3385 et

1956 3416 2251 3472 aediﬁcatur
2287 3416 2477 3471 domus
2498 3416 2539 3469 ⁸.

2026 3508 2077 3562 5.
2112 3506 2372 3562 Terribilis
2410 3517 2481 3562 est
2524 3522 2675 3578 super
2713 3523 2884 3561 omnes
2923 3506 3061 3561 deos.
3109 3504 3246 3562 Sunt
3286 3506 3427 3562 enim
3469 3506 3544 3563 dii

1955 3611 2117 3668 super
2144 3611 2279 3667 quos
2316 3597 2385 3652 sit
2415 3597 2666 3653 terribilis
2694 3596 2827 3652 ille?
2862 3596 3146 3653 Videamus
3167 3599 3189 3630 ⁸
3216 3613 3351 3667 quos
3379 3597 3541 3659 dicat.

1956 3698 2010 3743 ct
2036 3687 2332 3745 videbimus
2363 3702 2529 3759 quare
2574 3688 2736 3743 dicat.
2788 3688 3005 3743 Interim
3050 3699 3333 3759 antequam
3380 3690 3543 3757 dicat,

1958 3777 2256 3851 charissimi
2277 3819 2291 3843 ,
2324 3778 2603 3834 advertite.
2624 3800 2629 3805 ι
2651 3778 2745 3834 llle
2785 3778 2873 3850 qui
2916 3780 3065 3848 quasi
3097 3780 3311 3835 territus
3338 3779 3547 3836 videtur

1960 3871 2100 3926 inter
2125 3868 2371 3925 homines
2390 3908 2406 3934 ,
2435 3870 2671 3925 terribilis
2708 3879 2783 3924 est
2809 3886 2961 3937 super
2988 3886 3158 3923 omnes
3193 3873 3332 3924 deos.
3376 3869 3545 3925 Num-

1958 3961 2083 4030 quid
2146 3975 2254 4016 non
2318 3961 2648 4017 fremuerunt
2687 3961 2915 4030 gentes?
2964 3962 3216 4031 numquid
3279 3976 3385 4016 non
3445 3977 3545 4032 po—

1955 4054 2065 4123 puli
2118 4053 2367 4109 meditati
2422 4062 2548 4110 sunt
2613 4054 2786 4108 inania
2844 4052 3101 4126 adversus
3156 4053 3436 4109 Dominum
3491 4064 3546 4110 et

1957 4143 2212 4199 adversus
2236 4143 2509 4199 Christum
2552 4144 2667 4213 ejus
2700 4142 2885 4215 (Psal.
2910 4158 2978 4209 ιι,
3010 4142 3121 4215 l)?
3166 4142 3429 4214 Numquid
3470 4144 3544 4199 illi

1960 4235 2095 4289 tauri
2140 4235 2365 4306 pingues
2416 4250 2522 4291 non
2568 4234 3032 4289 circumdederunt
3078 4234 3245 4289 eum?
3292 4234 3546 4304 numquid

1961 4344 2064 4383 non
2107 4328 2194 4383 leo
2222 4328 2309 4383 ille
2337 4328 2554 4398 rugiens
2598 4326 2812 4382 fremuit
2850 4341 3009 4396 super
3046 4326 3191 4380 illum
3222 4325 3404 4400 (Psal.
3435 4343 3545 4393 χχι,

1961 4420 2048 4480 15.
2079 4418 2182 4491 14)
2206 4460 2221 4484 ,
2250 4427 2307 4474 et
2335 4419 2539 4474 intrans
2570 4419 2620 4473 in
2652 4417 2812 4474 corda
2843 4419 3177 4473 smvientium
3209 4419 3546 4485 exclamavit,

1960 4510 2241 4582 Cruci/iga,
2269 4512 2507 4583 cruciﬁge
2537 4509 2749 4583 (Matth.
2780 4526 2917 4565 xxvlt
2939 4553 2953 4576 ,
2977 4510 3069 4583 23)
3098 4527 3112 4576 ;
3144 4511 3292 4581 quasi
3323 4510 3411 4567 ille
3449 4513 3551 4569 isto

1964 4603 2178 4658 fremitu
2212 4612 2501 4659 terreretur
2530 4602 2619 4673 qui
2645 4603 2877 4657 terribilis
2907 4615 3011 4668 est,
3043 4619 3145 4657 non
3178 4617 3338 4672 super
3361 4619 3550 4659 omnes

1964 4695 2226 4762 homines,
2257 4693 2350 4749 sed
2380 4710 2532 4765 super
2560 4710 2735 4748 omnes
2763 4694 2924 4747 deos?
2952 4692 3049 4749 Ubi
3080 4694 3221 4748 enim
3251 4694 3365 4749 vult
3386 4693 3551 4749 aedili-

1962 4803 2085 4843 care
2129 4787 2369 4853 domum,
2417 4788 2564 4842 locus
2608 4786 2720 4856 ipse
2764 4786 2994 4841 silvosus
3031 4795 3142 4849 est,
3174 4787 3317 4843 unde
3351 4787 3550 4841 dictum

1964 4889 2041 4934 est
2087 4878 2339 4934 hesterno
2365 4878 2451 4934 die
2470 4919 2485 4944 ,
2514 4877 2809 4932 Invenimus
2839 4894 2950 4931 eam
2985 4877 3040 4931 in
3068 4878 3261 4948 campis
3285 4876 3426 4931 silva:
3451 4877 3548 4947 (tt).

1967 4968 2190 5024 Domum
2219 4970 2359 5024 enim
2400 4970 2567 5039 ipsam
2598 4969 2892 5040 qua-rebat,
2923 4984 3043 5025 cum
3072 4970 3292 5032 diceret,
3322 4966 3388 5021 In
3410 4984 3550 5022 cam-

1967 5062 2046 5131 pis
2074 5062 2233 5114 silete.
2266 5061 2331 5115 Et
2361 5060 2502 5115 unde
2537 5062 2764 5116 silvnsus
2792 5070 2872 5116 cst
2902 5061 3051 5116 locus
3083 5061 3215 5117 ille?
3258 5060 3551 5118 Simulacra

1967 5150 2217 5204 colcbanl
2259 5150 2544 5205 homines:
2579 5168 2685 5205 non
2732 5152 2923 5206 mirum
2969 5152 3092 5221 quia
3135 5164 3327 5221 porcos
3365 5165 3551 5220 ρεπε-

1970 5242 2118 5296 bant.
2164 5240 2333 5295 Filius
2375 5241 2517 5296 enim
2564 5242 2651 5296 ille
2700 5253 2816 5298 erat
2857 5242 2946 5312 qui
2992 5241 3191 5296 dimisit
3230 5250 3469 5310 patrem,
3503 5252 3549 5297 et

1968 5334 2144 5389 omnia
2177 5347 2270 5387 sua
2312 5334 2641 5402 consumpsit
2684 5334 2736 5388 in
2779 5331 3180 5393 meretricibus,
3216 5332 3404 5385 vivens
3433 5347 3545 5400 pro-

1970 5425 2127 5494 dige;
2173 5425 2421 5495 pascebat
2452 5441 2640 5495 parens
2668 5424 2815 5498 (Luc.
2840 5440 2927 5487 xv,
2958 5425 3172 5494 42-15),
3204 5424 3255 5479 id
3284 5433 3385 5491 est,
3412 5425 3555 5479 cole-

1969 5516 2061 5572 bat
2089 5517 2349 5572 dmmonia
2383 5535 2396 5571 :
2426 5526 2480 5573 et
2524 5518 2635 5589 ipsa
2665 5517 3042 5588 superstitione
3065 5516 3352 5574 Gentilium
3375 5561 3390 5585 ,
3420 5518 3554 5574 silva

2036 5654 2054 5718 ξ
2079 5653 2153 5702 sic
2175 5651 2358 5718 aliquot
2381 5659 2486 5718 Mss.
2512 5660 2567 5703 Αι
2598 5651 2732 5710 ειιιι..
2755 5656 2801 5718 et
2822 5650 3102 5718 ludiﬁcetur
3117 5653 3305 5718 (toruus.

2034 5716 2055 5745 ²
2080 5721 2184 5762 MSS.
2211 5712 2403 5783 quidam
2430 5713 2518 5761 boc
2541 5714 2851 5783 tit-proximo
2878 5712 2999 5783 loco,
3020 5714 3305 5769 tidebunus.
3332 5712 3549 5765 Nonnulli

1972 5784 2137 5825 autem
2161 5774 2365 5835 utroque
2391 5774 2512 5827 loco,
2540 5774 2779 5823 rideamus
2805 5789 2816 5823 :
2843 5774 3101 5830 etsieAm.

2038 5840 2109 5898 (α)
2148 5836 2243 5884 \id.
2269 5842 2425 5882 t'narr.
2456 5837 2638 5882 misul.
2667 5851 2827 5891 anxi
2871 5854 2915 5886 ιι.
2952 5842 3019 5886 ll.
