4058 6480
574 339 694 397 ιιδι

569 455 703 510 tacta
731 458 847 509 erat
871 451 1045 508 omnis
1072 457 1233 507 terra.
1265 448 1371 507 Sed
1407 450 1665 520 exsrirpat
1690 448 1874 503 silvam
1907 448 1995 520 qui
2022 448 2149 503 mdi-

567 546 690 601 licat
727 543 984 609 domum;
1034 549 1090 599 et
1117 548 1397 614 propterea
1437 538 1635 595 dictum
1662 549 1775 606 est,
1804 537 1930 595 Cum
1968 541 2149 594 domus

568 635 905 705 ludiﬁcaretur
928 641 1039 705 post
1062 629 1420 702 captivitatem.
1448 629 1789 685 Tenebantur
1809 629 1950 684 enim
1980 628 2151 684 homi—

569 740 666 780 nes
693 721 889 795 captivi
931 722 1033 778 sub
1060 720 1271 777 diabolo
1289 760 1307 789 ,
1337 729 1390 775 et
1432 718 1763 775 daemonibus
1805 719 2104 775 serviebant
2134 737 2149 787 ;

570 817 662 874 sed
693 815 955 886 redempti
992 822 1116 869 sunt
1148 827 1180 867 a
1224 812 1549 885 captivitate.
1578 811 1821 868 Vendere
1861 827 1920 867 se
1969 822 2155 883 potue-

570 917 713 976 runt,
754 907 850 964 sed
875 906 1141 963 redimere
1166 920 1271 961 non
1297 912 1598 975 potuerunt.
1630 904 1785 959 Venit
1804 903 2151 975 Redemptor,

573 1011 622 1057 et
651 998 798 1056 dedit
824 998 1091 1070 pretium;
1123 997 1250 1052 fudit
1272 997 1583 1067 sanguinem
1605 1010 1780 1061 suum,
1807 996 1938 1052 emit
1964 997 2150 1052 orbem

572 1101 851 1146 terrarum.
898 1087 1151 1157 Quaeritis
1186 1085 1313 1158 quid
1342 1085 1577 1141 emerit?
1605 1085 1792 1141 Videte
1829 1086 1955 1157 quid
1988 1086 2155 1143 dede-

571 1183 659 1251 rit,
687 1190 743 1238 et
767 1180 1002 1236 invenite
1025 1178 1155 1251 quid
1183 1179 1394 1234 emerit.
1423 1177 1649 1248 Sanguis
1677 1176 1893 1246 Christi,
1926 1178 2154 1249 pretium

570 1286 669 1333 est.
706 1275 862 1331 Tanti
902 1273 1029 1345 quid
1058 1272 1238 1328 valet?
1275 1271 1444 1340 Quid,
1474 1271 1574 1327 nisi
1616 1280 1760 1328 totus
1784 1272 1977 1328 orbis?
2006 1273 2154 1343 quid,

571 1367 673 1424 nisi
718 1380 908 1422 omnes
949 1362 1180 1436 gentes?
1225 1362 1388 1419 Valde
1432 1362 1622 1434 ingrati
1663 1370 1785 1419 sunt
1826 1362 2001 1434 pretio
2038 1377 2154 1428 suo,

570 1468 662 1512 aut
698 1457 923 1511 multum
952 1454 1165 1525 superbi
1196 1461 1355 1519 sunt,
1382 1453 1472 1524 qui
1501 1451 1717 1520 dicunt,
1765 1462 1857 1507 aut
1894 1452 2022 1507 illud
2053 1462 2158 1508 tam

574 1565 791 1621 parvum
823 1562 973 1615 esse,
1006 1558 1059 1603 ut
1090 1547 1237 1603 solos
1263 1545 1420 1601 Afros
1447 1547 1673 1613 emerit;
1705 1554 1798 1601 aut
1822 1561 1880 1602 se
1906 1556 2013 1601 tam
2042 1561 2165 1601 ma-

572 1658 705 1714 gnos
730 1656 849 1698 esse
869 1681 885 1708 ,
917 1655 1014 1712 pro
1039 1640 1230 1712 quibus
1256 1638 1385 1695 solis
1424 1638 1553 1694 illud
1596 1638 1667 1694 sit
1704 1638 1885 1694 datum
1913 1638 2013 1710 (a).
2046 1639 2159 1694 Non

572 1748 700 1803 ergo
742 1731 1081 1797 exsultent‘,
1130 1743 1239 1785 non
1279 1728 1590 1801 superbiant
1636 1745 1649 1783 :
1695 1744 1792 1799 pro
1836 1737 1945 1784 toto
1991 1729 2157 1797 dedit,

574 1835 827 1897 quantum
860 1825 1025 1881 dedit.
1066 1823 1221 1879 Novit
1248 1822 1372 1894 quid
1398 1822 1621 1890 emerit,
1652 1822 1775 1893 quia
1802 1822 1951 1877 novit
1978 1822 2160 1893 quanti

576 1917 785 1973 emerit.
820 1916 947 1973 Inde
981 1916 1103 1987 quia
1134 1915 1391 1986 redempti
1431 1929 1615 1970 sumus
1653 1922 1773 1985 post
1800 1915 2160 1985 captivitatem

574 2008 869 2063 :edilicatur
897 2007 1107 2063 domus.
1157 2007 1227 2062 Et
1253 2006 1344 2078 qui
1388 2016 1512 2061 sunt
1557 2006 1645 2077 qui
1676 2021 1775 2062 nos
1821 2006 2069 2062 tenebant
2110 2007 2162 2061 in

574 2098 920 2170 captivitate?
960 2098 1090 2165 Quia
1122 2097 1194 2151 illi
1226 2097 1417 2168 quibus
1443 2096 1670 2164 dicitur,
1698 2096 2035 2164 Annuntiate,
2066 2113 2160 2153 ex-

575 2188 891 2258 stirpatores
919 2186 1066 2243 silva:
1093 2196 1217 2242 sunt
1246 2203 1259 2241 :
1293 2196 1351 2242 ut
1375 2188 1671 2258 exstirpent
1697 2188 1909 2257 silvam,
1937 2189 2164 2255 liberem

572 2280 641 2337 de
671 2280 977 2351 captivitate
1025 2289 1220 2335 terram
1241 2322 1255 2347 ,
1290 2287 1345 2336 et
1368 2289 1600 2347 struant,
1629 2278 1928 2347 aedificent,
1957 2294 2163 2335 aminn-

569 2371 756 2426 tiando
785 2371 1200 2442 magnitudinem
1228 2370 1422 2427 domus
1448 2372 1677 2426 Domini.
1713 2371 1865 2428 Unde
1894 2372 2027 2427 silva
2056 2372 2162 2426 da:-

576 2477 791 2517 mouum
831 2462 1176 2532 exstirpatur,
1225 2462 1326 2518 nisi
1372 2462 1691 2534 prmdicctur
1742 2462 1830 2517 ille
1870 2463 1960 2533 qui
2002 2479 2164 2532 super

571 2569 760 2611 onmcs
797 2554 922 2611 est?
964 2555 1104 2625 Ergo
1144 2569 1330 2610 omnes
1358 2562 1541 2626 gentes
1585 2553 1849 2608 daemonia
1898 2553 2166 2610 habebant

554 2645 704 2701 deos
732 2664 745 2700 :
776 2660 910 2715 quos
935 2644 1183 2700 dicebant
1210 2645 1340 2700 deos
1359 2685 1375 2712 ,
1403 2644 1664 2699 daemonia
1691 2655 1845 2702 erant
1865 2686 1879 2708 ,
1908 2645 2165 2716 Apostolo

574 2737 784 2791 dicente
806 2735 1066 2806 apertius,
1102 2734 1355 2802 Quoniam
1383 2750 1496 2806 qua:
1523 2734 1785 2788 immolant
1818 2745 1988 2806 gentes
2008 2776 2023 2801 ,
2055 2737 2164 2790 dw-

570 2827 757 2881 snoniis
783 2826 1068 2893 immolant,
1095 2836 1140 2879 et
1169 2843 1272 2880 non
1296 2825 1401 2880 Deo
1427 2824 1477 2896 (Ι
1504 2826 1620 2880 Cor.
1652 2842 1705 2891 ι,
1731 2825 1845 2896 90).
1878 2824 2011 2891 Quia
2038 2841 2165 2896 ergo

577 2920 697 2976 ideo
726 2927 878 2975 erant
904 2920 955 2974 in
982 2918 1308 2989 captivitate,
1342 2918 1462 2988 quia
1493 2918 1772 2973 dannoniis
1799 2918 2161 2984 immolabant,

575 3022 630 3068 ct
654 3020 949 3084 propterea
981 3020 1090 3066 tota
1135 3019 1271 3066 terra
1304 3011 1503 3066 silvosa
1547 3019 1913 3076 remanserat;
1957 3025 2165 3066 annun-

576 3108 735 3163 tiatur
762 3108 864 3162 iste
890 3122 1103 3176 magnus
1129 3114 1176 3160 et
1203 3104 1475 3159 laudabilis
1502 3104 1671 3158 nimis.

645 3198 699 3254 ϐ.
742 3196 906 3272 [vers.
948 3195 1027 3271 5.]
1072 3197 1141 3252 Et
1186 3195 1455 3266 quomodo
1506 3194 1805 3251 ostenditur
1856 3194 2165 3265 magnitudo

566 3291 729 3363 ejus,
782 3300 839 3345 ut
886 3291 1120 3346 eradicet
1166 3289 1282 3344 illas
1335 3286 1779 3358 superstitiones,
1828 3286 1928 3342 sub
1973 3285 2164 3355 quibus

574 3382 817 3451 captivus
844 3380 1070 3452 populus
1120 3379 1396 3433 tenebatur
1418 3420 1430 3442 ,
1462 3393 1620 3448 quem
1660 3376 1928 3432 redimere
1953 3376 2166 3430 advenit

576 3473 812 3530 terribilis
840 3490 989 3543 super
1027 3488 1199 3527 omnes
1239 3469 1406 3525 deos?
1453 3470 1522 3525 Et
1561 3470 1709 3540 quasi
1755 3469 2024 3525 diceretur
2064 3469 2159 3535 illi,

575 3566 752 3635 Quare
796 3565 1015 3628 dixisti,
1066 3580 1216 3635 super
1262 3580 1433 3618 omnes
1479 3561 1647 3617 deos?
1692 3571 1817 3616 sunt
1860 3562 2002 3616 enim
2051 3560 2165 3616 dii?

575 3658 817 3729 sequitur
842 3666 896 3713 et
932 3656 1082 3723 dicit,
1116 3654 1369 3722 Quoniam
1408 3669 1578 3709 omnes
1608 3652 1679 3706 dii
1710 3651 1944 3707 Gentium
1970 3651 2163 3706 dwmo-

562 3749 682 3803 uia.
717 3747 961 3803 lntendat
988 3746 1232 3803 Charitas
1272 3753 1470 3801 vestra.
1512 3743 1757 3815 Magnum
1792 3742 1990 3814 aliquid
2016 3742 2164 3800 dice.

574 3846 665 3897 bat
705 3841 862 3912 paulo
890 3850 1045 3908 ante,
1088 3840 1308 3912 Magnus
1334 3838 1624 3903 Dominus;
1655 3845 1708 3892 et
1738 3846 1986 3907 tanquam
2028 3835 2163 3893 defi-

577 3935 726 3988 ciens
756 3934 807 3988 in
841 3933 981 3988 laudi
1011 3932 1200 4002 ipsius,
1236 3940 1283 3985 et
1321 3928 1593 3985 laudabilis
1638 3929 1805 3983 nimis.
1848 3927 2038 3983 Nonne
2066 3928 2167 3983 hoc

577 4026 817 4081 dixeram
840 4067 854 4093 ,
887 4026 1009 4096 quia
1038 4023 1243 4079 dimisit
1273 4023 1362 4077 tibi
1391 4022 1627 4093 c0gitare
1654 4020 1795 4091 quod
1823 4035 1929 4075 non
1960 4030 2169 4089 poterat

550 4146 553 4147 ν
578 4121 689 4188 ipse
719 4118 896 4173 verbis
924 4115 1235 4188 explicare?
1275 4116 1353 4171 Ex
1365 4115 1568 4185 plicans
1604 4124 1781 4169 autem
1822 4114 1938 4183 ipse
1969 4113 2163 4177 verbis,

578 4209 703 4277 quid
750 4223 995 4280 magnum
1044 4206 1173 4262 mihi
1210 4206 1344 4262 dixit
1369 4206 1436 4261 de
1467 4206 1691 4260 Domino
1738 4203 1865 4259 Jesu
1909 4201 2167 4259 Christo?

579 4304 656 4356 An
687 4299 806 4369 quia
834 4314 993 4367 super
1018 4299 1195 4353 omnia
1222 4296 1484 4351 daunonia
1511 4294 1632 4350 est?
1672 4293 1805 4349 Cum
1835 4293 1976 4348 enim
2004 4294 2170 4348 dixis-

583 4397 683 4455 set,
712 4388 973 4444 Terribilis
1012 4403 1163 4457 super
1191 4402 1361 4441 omnes
1390 4386 1546 4450 deos;
1576 4384 1851 4455 Subjuuxit
1870 4425 1885 4451 ,
1917 4384 2167 4449 Quoniam

580 4495 750 4534 omnes
781 4479 852 4532 dii
892 4476 1126 4533 Gentium
1160 4477 1432 4533 dwmonia.
1465 4475 1579 4530 Non
1609 4483 1693 4529 est
1734 4489 1981 4544 magnum
2003 4516 2017 4539 ,
2045 4490 2169 4531 esse

580 4587 741 4641 super
778 4570 1042 4626 daemonia
1072 4587 1085 4623 :
1116 4580 1170 4626 et
1209 4579 1301 4635 tu;
1338 4569 1383 4623 si
1424 4567 1691 4633 volueris,
1723 4567 1870 4631 eris;
1915 4566 2007 4621 sed
2037 4567 2080 4621 si
2114 4568 2165 4622 in

581 4666 730 4720 illum
752 4664 1064 4722 credideris.
1097 4664 1243 4719 Itane
1269 4662 1380 4732 ipsa
1408 4670 1490 4718 est
1518 4661 1606 4717 illa
1635 4658 1946 4729 magnitttdo
1974 4658 2163 4726 laudis,

583 4756 807 4829 Magnus
840 4755 1090 4811 Dominus
1130 4765 1179 4810 et
1228 4754 1498 4809 laudabilis
1541 4753 1736 4808 nimis?
1786 4750 1982 4806 Volcns
2024 4751 2165 4806 enim

576 4849 880 4919 explicare,
931 4856 988 4901 ut
1040 4853 1246 4917 poterat
1292 4845 1520 4900 humana
1568 4843 1780 4914 lingua,
1828 4851 1883 4897 et
1925 4842 2167 4913 quamvis

581 4959 807 5015 magnus
834 4942 907 4999 sit
936 4951 1106 4997 tactor
1133 4941 1318 5012 organi
1345 4938 1576 5010 Spiritus
1600 4945 1839 5002 sanctus,
1869 4945 2043 4990 tamen
2072 4950 2169 5005 per

577 5034 851 5106 angustias
873 5034 895 5066 ³
924 5032 1141 5104 Spiritus
1168 5030 1383 5085 humani
1421 5028 1655 5100 syllabas
1684 5034 1867 5094 sonat,
1896 5025 1989 5082 sed
2019 5026 2165 5095 cOgi-

580 5129 809 5184 tationes
854 5134 1118 5198 generat:
1151 5123 1415 5193 explicare
1462 5134 1589 5191 ergo
1634 5135 1728 5190 per
1768 5118 1911 5174 hanc
1937 5118 2165 5189 linguam

577 5221 786 5287 volens,
812 5214 940 5290 quid
968 5217 1083 5273 ait?
1112 5214 1335 5287 Magnus
1357 5213 1603 5268 Dominus
1628 5220 1675 5267 et
1700 5210 1969 5265 laudabilis
1995 5210 2163 5263 nimis.

578 5310 691 5377 Dic,
722 5310 845 5377 dic,
872 5318 1130 5381 quantum
1161 5305 1479 5371 laudabilis;
1508 5304 1613 5358 dic.
1648 5301 1906 5356 Terribilis
1944 5310 2048 5367 est,
2081 5301 2165 5355 in-

576 5404 723 5474 quit,
754 5419 907 5471 super
934 5418 1104 5456 omnes
1146 5400 1285 5454 deos.
1334 5397 1509 5465 Quare
1550 5394 1763 5456 dixisti.
1798 5410 1953 5463 super
1996 5408 2166 5446 omnes

577 5511 698 5551 Mos
719 5495 746 5549 ἒ
776 5494 1029 5561 Quoniam
1064 5511 1233 5550 omnes
1258 5492 1332 5547 dii
1362 5490 1599 5547 Gentium
1636 5486 1909 5542 dwmonia.
1957 5486 2019 5540 Et
2051 5485 2161 5556 ipsa

643 5676 657 5706 ¹
685 5681 805 5723 'l‘res
826 5678 956 5731 Mss,
980 5670 1217 5723 insultent.
1976 5726 1979 5727 ν

636 5736 756 5855 ἔξω
779 5743 877 5783 Αιιι.
902 5740 977 5802 ttr.
1006 5743 1056 5784 et
1082 5738 1230 5784 lustri
1255 5742 1363 5784 uss.
1378 5741 1429 5783 Al.
1447 5739 1577 5791 Ima,
1600 5743 1683 5795 per
1699 5736 1939 5793 mtgustas.

662 5814 688 5844 ιι
746 5804 1017 5846 υοιωιιδιςιξ.

1785 336 1843 389 8.
1886 336 1924 387 Α
1937 331 2250 388 ιὶΟιΣΞΉΝΙ
2281 333 2581 390 LPISCUl‘l

3682 355 3805 412 ιξδι

2260 460 2342 505 est
2389 460 2498 505 tota
2544 451 2658 539 laus
2706 449 2847 506 illius
2893 451 2979 521 qui
3025 451 3305 512 laudabilis
3350 467 3431 514 est
3476 462 3652 530 nimis,
3697 473 3806 537 quia

2254 549 2471 611 superat
2510 556 2699 597 omnes
2744 542 2876 598 deos
2916 542 3188 612 Gentium,
3231 549 3320 618 qui
3364 562 3487 606 sunt
3525 556 3808 618 dmmoniai

2256 631 2553 702 Exspecta,
2600 641 2655 688 et
2695 633 2819 688 audi
2866 634 3006 704 quod
3048 637 3290 706 sequitur
3329 656 3344 693 :
3382 639 3619 699 Dominus
3660 660 3809 706 autem

2255 724 2407 779 ctelos
2434 724 2572 794 fecit.
2598 725 2717 780 .Iam
2747 740 2876 796 ergo
2907 740 3012 781 non
3044 741 3207 796 super
3233 728 3490 787 daemonia
3515 736 3699 807 solum,
3728 744 3809 799 sed

2257 829 2418 884 super
2446 830 2633 872 omnes
2662 818 2827 872 caelos
2854 833 2988 887 quos
3018 817 3163 875 fecit.
3198 818 3254 876 Si
3280 821 3509 892 diceret,
3538 827 3697 899 Super
3715 850 3812 887 om-

2258 921 2346 960 nes
2374 906 2524 975 deos,
2551 909 2788 977 quoniam
2819 927 2989 965 omnes
3017 910 3090 965 dii
3119 910 3353 968 Gentium
3378 916 3618 973 dmonia
3636 961 3650 985 ,
3676 934 3724 977 et
3750 926 3812 981 ibi

2261 1001 2628 1056 tantummodo
2653 1012 2953 1057 remaneret
2976 1003 3213 1061 laudatio
3236 1008 3464 1077 Domini,
3492 1012 3659 1069 minus
3682 1016 3813 1073 dixe-

2260 1101 2343 1147 rat
2371 1108 2530 1163 quam
2569 1109 2667 1149 nos
2700 1095 2936 1150 solemus
2961 1096 3027 1163 de
3052 1097 3264 1155 Christo
3289 1103 3521 1172 cogitare
3551 1123 3564 1159 :
3592 1122 3705 1162 cum
3727 1125 3807 1163 au-

2262 1192 2368 1265 tem
2407 1184 2558 1248 dixit,
2609 1185 2852 1241 Dominus
2899 1198 3065 1242 autem
3110 1190 3259 1247 calas
3306 1192 3425 1264 fecit
3446 1209 3465 1259 ,'
3505 1195 3671 1253 videte
3704 1200 3813 1269 quid

2262 1275 2471 1331 intersit
2494 1278 2633 1332 inter
2652 1279 2819 1333 caelos
2845 1288 2901 1334 et
2926 1280 3222 1348 dmmonia;
3249 1294 3303 1339 et
3327 1285 3501 1342 videte
3523 1288 3646 1358 quid
3670 1290 3816 1346 inter-

2261 1369 2332 1424 sit
2360 1368 2498 1425 inter
2537 1370 2681 1441 ipsos
2705 1372 2872 1428 caelos
2911 1384 2965 1429 et
3008 1374 3157 1430 illum
3199 1376 3290 1448 qui
3333 1378 3455 1434 fecit
3480 1381 3671 1449 caelos;
3707 1399 3818 1441 ecce

2262 1469 2514 1529 quantum
2546 1462 2788 1518 excelsus
2818 1472 2899 1519 est
2927 1465 3204 1523 Dominus.
3248 1467 3365 1523 Non
3397 1470 3561 1539 dixit,
3590 1474 3818 1531 Dominus

2262 1560 2439 1606 autem
2467 1566 2629 1623 super
2670 1554 2835 1612 castos
2872 1555 3060 1622 sedet;
3111 1556 3339 1615 fortasse
3380 1563 3519 1617 enim
3562 1564 3689 1626 alius
3717 1566 3819 1621 illos

2266 1641 2456 1700 fecisse
2501 1653 2795 1715 putaretur,
2848 1663 3009 1718 super
3049 1665 3183 1720 quos
3227 1652 3441 1708 sederet
3488 1672 3501 1708 :
3548 1656 3637 1710 sed
3686 1657 3817 1723 dixit,

2264 1735 2516 1791 Dominus
2544 1748 2712 1792 autem
2738 1738 2889 1794 caelos
2915 1740 3050 1810 fecit.
3084 1741 3137 1797 Si
3167 1743 3337 1799 caelos
3366 1743 3523 1813 fecit,
3552 1748 3701 1802 etiam
3724 1751 3821 1803 An-

2262 1827 2411 1897 gelos
2453 1826 2580 1884 fecit
2609 1848 2622 1882 :
2656 1828 2771 1899 ipse
2800 1829 2923 1886 fecit
2950 1832 3204 1903 Angelos,
3236 1835 3355 1905 ipse
3393 1835 3518 1892 fecit
3545 1838 3819 1909 Apostolos.

2264 1920 2536 1988 Apostolis
2564 1920 2825 1977 cedebant
2864 1921 3123 1978 dazmonia
3158 1944 3172 1980 :
3204 1926 3299 1981 sed
3331 1925 3432 1996 ipsi
3465 1930 3694 2000 Apostoli
3720 1932 3825 1988 caeli

2265 2022 2453 2081 erant,
2495 2012 2585 2084 qui
2616 2015 2901 2070 Dominum
2932 2018 3231 2087 portabant.
3283 2020 3353 2076 Et
3387 2038 3544 2092 quem
3572 2023 3824 2080 Dominum

2268 2104 2595 2173 portabant?
2639 2108 2683 2160 A
2710 2121 2817 2179 quo
2855 2106 2977 2162 facti
3016 2119 3190 2167 erant.
3223 2111 3369 2168 Audi
3392 2115 3515 2184 quia
3539 2116 3655 2171 cmli
3680 2125 3824 2173 sunt:

2266 2193 2388 2250 Coeli
2416 2206 2655 2251 enarrant
2681 2196 2900 2269 gloriam
2925 2199 3023 2255 Dei
3054 2201 3221 2272 (Psal.
3248 2219 3409 2271 xvnt,
3436 2205 3516 2278 2).
3545 2204 3671 2277 Ipsis
3696 2208 3828 2264 caelis

2266 2285 2461 2342 dicitur
2480 2327 2496 2355 ,
2526 2288 2833 2343 Annuntiate
2869 2291 2923 2345 in
2947 2292 3175 2363 gentibus
3200 2294 3424 2365 gloriam
3451 2299 3576 2368 ejus,
3607 2298 3656 2353 in
3683 2300 3827 2353 omni-

2266 2376 2357 2431 bus
2385 2377 2587 2449 populis
2617 2380 2868 2435 mirabilia
2898 2383 3027 2453 ejus.
3072 2382 3333 2449 Quoniam
3369 2403 3581 2459 magnus
3608 2388 3828 2444 Dominus

2267 2481 2312 2523 et
2354 2467 2628 2526 laudabilis
2674 2473 2855 2539 nimis,
2906 2475 3143 2530 terribilis
3183 2486 3257 2531 est
3301 2494 3459 2548 super
3500 2497 3665 2535 omnes
3706 2481 3825 2535 deos.

2267 2560 2414 2630 Quos
2455 2562 2628 2618 deos?
2679 2562 2932 2629 Quoniam
2971 2583 3142 2622 omnes
3183 2569 3256 2622 dii
3306 2569 3544 2626 Gentium
3585 2573 3827 2627 daemonia.

2269 2653 2335 2707 Et
2365 2653 2478 2723 ipse
2516 2663 2599 2708 est
2644 2655 2897 2711 terribilis
2926 2672 3101 2728 super,
3116 2675 3305 2715 omnes
3338 2661 3468 2717 istos
3497 2662 3642 2718 deos.
3675 2662 3829 2717 Domi-

2267 2761 2362 2799 nus
2383 2755 2549 2800 autem
2578 2746 2729 2802 caelos
2770 2749 2908 2819 fecit.
2940 2748 2986 2805 Ο
3009 2751 3161 2818 cmli,
3191 2767 3331 2822 quos
3364 2754 3520 2817 fecit,
3551 2757 3833 2811 annuntiate

2269 2836 2320 2891 in
2333 2837 2580 2907 gentibus
2594 2838 2816 2909 gloriam
2834 2840 2952 2910 ejus
2968 2843 2981 2897 l
2995 2840 3317 2899 Edilicetur
3340 2845 3528 2902 domus
3540 2862 3633 2917 per
3643 2861 3831 2903 omnem

2270 2936 2463 2982 terram
2481 2929 2705 2993 ,‘cautet
2732 2932 2907 2986 ornnis
2936 2940 3077 2988 terra
3105 2938 3377 2991 canticum
3406 2953 3621 2993 novum.

2340 3020 2390 3073 7.
2418 3017 2587 3092 [νει-δ.
2614 3019 2693 3093 6.]
2732 3022 2992 3093 Confessio
3034 3034 3083 3080 et
3126 3027 3458 3096 pulchritudo
3504 3030 3557 3083 in
3596 3037 3834 3098 conspectu

2268 3112 2396 3180 ejus.
2428 3111 2883 3169 Pulcbritudinem
2929 3118 3121 3174 amas?
3164 3119 3243 3174 vis
3277 3135 3406 3177 esse
3431 3122 3686 3193 pulcher?
3713 3122 3837 3176 Con-

2270 3203 2437 3258 fitere.
2467 3204 2581 3259 Non
2607 3205 2759 3273 dixit,
2788 3206 3135 3264 l’ulchritndo
3161 3220 3216 3266 et
3239 3213 3514 3270 confessio
3538 3231 3553 3279 ;
3590 3214 3700 3277 sed,
3723 3211 3837 3268 Con-

2268 3294 2420 3364 fessio
2456 3305 2501 3349 et
2546 3297 2893 3363 pulchritudo.
2940 3299 3139 3356 Fmdus
3182 3317 3302 3358 eras
3329 3345 3346 3369 ,
3386 3305 3643 3362 c0nfltere
3683 3315 3736 3360 ut
3776 3303 3841 3358 sis

2272 3387 2490 3456 pulcher
2520 3406 2533 3442 :
2564 3398 2812 3459 peccator
2840 3407 2989 3459 eras,
3019 3392 3279 3449 confitere
3310 3405 3375 3451 ut
3405 3397 3479 3451 sis
3503 3397 3693 3466 justus.
3733 3397 3839 3449 Fic-

2268 3478 2396 3532 dare
2446 3488 2494 3533 te
2542 3481 2807 3549 potuisti;
2858 3481 3150 3539 formosum
3204 3495 3255 3540 te
3305 3485 3491 3543 facere
3538 3504 3640 3543 non
3688 3496 3842 3556 potes.

2269 3570 2449 3638 Qualis
2478 3581 2654 3628 autem
2684 3583 2765 3629 est
2799 3589 3030 3645 sponsus
3049 3585 3257 3641 noster,
3289 3579 3385 3648 qui
3420 3579 3614 3636 faniam
3644 3576 3841 3642 amavit,

2271 3672 2327 3717 ut
2354 3664 2627 3732 pulchram
2660 3663 2905 3722 faceret?
2948 3667 3243 3736 Quomodo,
3291 3671 3372 3725 ait
3415 3672 3624 3741 aliquis,
3670 3669 3845 3728 faniam

2270 3756 2508 3810 amavit?
2549 3756 2669 3812 Non
2692 3760 2805 3814 veni
2824 3801 2837 3823 ,
2869 3760 3070 3831 inquit,
3098 3776 3276 3815 vocare
3290 3763 3491 3834 justas,
3518 3763 3608 3817 sed
3631 3768 3844 3833 peccato-

2272 3868 2351 3904 res
2396 3850 2606 3923 (Matth.
2635 3869 2707 3917 Ix,
2738 3854 2844 3922 l3).
2874 3854 3020 3919 Quos
3045 3870 3204 3910 voess
3233 3864 3580 3925 peceatores,
3605 3865 3661 3911 ut
3687 3867 3846 3909 rema-

2275 3952 2432 3997 neant
2475 3945 2872 4014 peccatorcs‘?
2916 3946 3069 4013 Non,
3112 3948 3301 4018 inquit.
3358 3950 3424 4005 Et
3463 3948 3727 4019 quomodo
3754 3960 3847 4000 non

2272 4046 2428 4092 erunt
2450 4039 2797 4107 peccatores?
2825 4037 3084 4110 Confessio
3108 4050 3154 4093 et
3176 4039 3510 4109 pulchritudo
3530 4042 3583 4095 in
3605 4045 3849 4111 conspectu

2271 4129 2399 4198 ejus.
2449 4129 2788 4184 Confitentur
2836 4132 2976 4184 enim
3029 4141 3241 4200 peccata
3287 4145 3413 4200 sua,
3462 4128 3849 4187 vomuntmala

2270 4237 2390 4292 qua:
2439 4222 2593 4277 avide
2652 4233 3005 4288 voraverant;
3057 4237 3161 4277 non
3216 4222 3451 4279 redeunt
3494 4224 3563 4279 ad
3611 4220 3851 4278 vomitum

2272 4330 2449 4382 suum,
2478 4317 2618 4369 sicut
2640 4315 2787 4370 canis
2814 4314 3121 4371 immundus
3154 4313 3227 4385 (ll
3261 4315 3405 4369 Petr.
3431 4332 3490 4380 ιι,
3517 4314 3614 4384 22)
3641 4333 3654 4368 :
3682 4322 3733 4367 et
3761 4310 3853 4365 erit

2271 4406 2539 4463 confessio
2565 4416 2619 4464 et
2655 4407 3011 4478 pulchritudo.
3065 4409 3323 4462 Amemus
3376 4407 3851 4479 pulchritudinem;

2272 4500 2419 4571 prius
2459 4500 2716 4570 eligamus
2756 4500 3170 4565 confessionem,
3220 4508 3275 4553 ut
3319 4512 3584 4570 sequatur
3632 4495 3852 4569 pulchri-

2274 4593 2421 4648 tudo.
2474 4593 2669 4649 lterum
2713 4593 2894 4648 existit
2935 4592 3023 4662 qui
3071 4603 3214 4646 amat
3259 4599 3582 4663 potentiam,
3628 4598 3766 4645 amat
3807 4594 3855 4641 et

2274 4686 2755 4756 magnificentiam;
2791 4684 2902 4739 vult
2946 4698 3065 4739 esse
3108 4699 3332 4754 magnus
3376 4684 3657 4754 qumodo
3682 4678 3857 4749 Angeli

2271 4787 2419 4832 sunt.
2447 4776 2836 4848 Magnificentia
2878 4774 3121 4847 quaedam
3148 4786 3229 4830 est
3258 4776 3310 4829 in
3338 4776 3565 4846 Angelis
3590 4790 3607 4840 ;
3648 4782 3700 4828 et
3727 4780 3857 4826 tanta

2274 4871 2532 4939 potentia,
2557 4879 2613 4924 ut
2638 4868 2684 4924 si
2714 4868 2909 4924 faciant
2934 4868 3122 4941 Angeli
3151 4868 3404 4939 quidquid
3437 4877 3685 4939 possunt,
3714 4865 3861 4921 susti-

2274 4962 2386 5017 neri
2417 4977 2521 5017 non
2551 4962 2739 5031 possit.
2780 4962 2846 5017 Et
2884 4962 3059 5015 omnis
3089 4961 3250 5015 homo
3277 4961 3550 5016 desiderat
3578 4958 3857 5031 potentiam

2273 5053 2617 5123 Angelorum,
2639 5052 2732 5108 sed
2754 5053 3012 5123 justitiam
3033 5052 3354 5123 Angelorum
3382 5067 3495 5107 non
3524 5060 3690 5106 amat.
3718 5048 3862 5104 Prius

2266 5143 2526 5214 justitiam
2571 5143 2751 5215 dilige,
2782 5154 2835 5199 et
2878 5152 3135 5214 sequetur
3168 5152 3219 5198 te
3260 5144 3528 5213 potentia.
3561 5141 3703 5209 Quid
3726 5138 3859 5194 enim

2272 5236 2510 5306 sequitur
2538 5243 2592 5289 et
2619 5235 2703 5290 hic
2724 5236 2749 5287 Ἰ
2789 5234 3047 5291 Sanctitas
3074 5245 3119 5289 et
3150 5235 3532 5307 magniﬁcentia
3556 5234 3609 5288 in
3644 5230 3866 5296 sancti/i-

2271 5330 2466 5382 catione
2493 5329 2618 5398 ejus.
2654 5328 2731 5381 Tu
2752 5328 2860 5396 jam
2887 5327 3165 5398 qua-rebas
3194 5326 3650 5397 magnificentiam
3683 5344 3697 5379 :
3727 5323 3865 5392 prius

2271 5418 2431 5489 dilige
2457 5421 2793 5475 sanctitatem
2820 5436 2834 5486 ;
2877 5435 2996 5474 eum
3043 5419 3400 5474 Sanctificatus
3448 5417 3649 5482 fueris,
3680 5416 3786 5472 eris
3816 5420 3866 5468 et

2270 5513 2602 5581 magnificus.
2650 5512 2781 5567 Nam
2828 5512 2870 5566 si
2918 5522 3244 5583 prarpostere
3290 5510 3438 5582 prius
3476 5523 3601 5565 esse
3632 5504 3863 5563 volucris

2334 5720 2349 5751 ι
2379 5726 2450 5768 Fr.
2487 5726 2607 5767 ven.
2629 5724 2762 5773 Lov.,
2788 5724 2909 5775 Quos
2933 5726 3013 5763 ror-
3024 5726 3069 5763 ss
3094 5706 3405 5775 pecca'ovrs?
3427 5720 3496 5758 ,tn
3521 5707 3637 5759 ideo
3656 5719 3795 5759 vocas
3812 5708 3860 5753 ut

2270 5788 2543 5832 remaneant
2571 5790 2857 5843 peccatores.
2919 5786 2971 5825 Μ.
