4056 6478
283 416 425 474 1Ξ53

282 527 621 610 magnificus,
651 538 773 584 ante
800 517 946 586 eadis
970 545 1129 600 quam
1160 543 1344 600 surgas
1377 548 1388 584 :
1418 545 1522 583 non
1560 528 1700 584 enim
1747 542 1868 582 sur—

280 625 389 694 gis,
417 623 510 693 sed
543 623 836 690 extolleris.
869 622 1057 678 Melius
1086 622 1256 692 Surgis
1276 663 1291 687 ,
1319 621 1362 675 si
1395 629 1447 676 te
1473 621 1560 675 ille
1586 621 1753 690 erigat
1779 617 1869 688 qui

282 733 391 770 non
418 715 581 770 cadit.
612 713 897 770 Descendit
923 714 1063 769 enim
1105 713 1171 778 ad
1214 723 1264 768 te
1302 713 1392 768 ille
1430 714 1514 782 qui
1540 726 1642 766 non
1684 710 1866 764 cadit:

284 816 340 861 tu
387 806 682 871 eecideras,
732 806 824 861 ille
853 805 1146 871 descendit,
1195 803 1432 877 porrexit
1481 804 1572 858 tibi
1613 816 1866 866 manum;

279 914 390 950 non
439 907 590 967 potes
619 896 820 952 viribus
861 897 966 951 tuis
1007 909 1246 965 surgere,
1293 893 1615 966 amplectere
1653 907 1866 948 manum

277 989 695 1056 descendentis,
728 999 786 1044 ut
811 988 1032 1059 erigaris
1061 1003 1092 1042 a
1123 987 1265 1043 forti.

350 1080 404 1135 8.
436 1078 589 1153 [vers.
618 1079 698 1152 7.]
725 1079 860 1147 Quid
891 1078 1065 1150 ergo?
1107 1077 1163 1135 Si
1203 1077 1449 1147 confessio
1475 1085 1518 1131 et
1545 1075 1867 1148 pulchritudo

276 1174 331 1226 in
361 1182 632 1242 conspectu
657 1174 784 1244 ejus,
811 1173 1054 1227 sanctitas
1083 1179 1128 1226 et
1159 1170 1534 1240 magniﬁcentia
1559 1170 1610 1223 in
1640 1169 1866 1237 sanctiﬁ-

276 1263 482 1317 catione
503 1263 617 1335 ejus
645 1263 784 1336 (hoc
825 1262 1236 1329 annuntiamus,
1266 1275 1387 1315 cum
1417 1259 1740 1315 aedificamus
1765 1259 1865 1313 do-

276 1370 466 1422 mum;
514 1369 641 1412 ecce
689 1356 798 1425 jam
844 1355 1213 1410 annuntiatum
1262 1362 1344 1408 est
1387 1352 1692 1423 gentibus);
1737 1351 1865 1422 quid

276 1445 483 1501 debent
507 1445 683 1502 facere
709 1453 918 1517 gentes,
951 1445 1142 1515 quibus
1165 1445 1612 1500 annuntiaveruut
1634 1443 1650 1476 ί
1677 1443 1746 1497 illi
1773 1442 1864 1512 qui

274 1537 467 1592 silvam
505 1538 978 1607 exstirpaverunt?
1021 1536 1139 1592 Jam
1182 1535 1248 1590 ad
1293 1536 1434 1604 ipsas
1477 1543 1664 1604 gentes
1701 1533 1853 1598 dicit,

274 1625 474 1694 Merte
497 1626 719 1682 Domino
739 1628 918 1699 patrita
938 1615 1180 1696 gentium,
1203 1624 1382 1693 (επεν-ιε
1406 1623 1624 1678 Domino
1649 1623 1862 1692 gloriam

276 1730 329 1774 et
357 1720 600 1774 honorem
624 1735 644 1774 :
676 1720 839 1775 nolite
867 1719 1058 1783 vobis;
1099 1718 1221 1789 quia
1258 1725 1311 1772 et
1349 1716 1422 1771 illi
1463 1716 1551 1786 qui
1591 1715 1739 1771 vobis
1763 1731 1860 1771 an-

273 1816 684 1882 nuntiaverunt,
713 1830 821 1869 non
846 1830 1019 1879 suam,
1051 1814 1143 1870 sed
1175 1813 1311 1868 illius
1337 1812 1558 1882 gloriam
1581 1810 1860 1866 annuntia-

272 1918 476 1965 verunt
509 1926 523 1962 :
555 1917 608 1965 et
632 1922 730 1964 vos
767 1907 947 1976 afferte
985 1906 1204 1961 Domino
1241 1905 1455 1977 gloriam
1492 1912 1538 1957 et
1581 1903 1860 1968 honorem;

268 2011 327 2054 et
351 2000 549 2067 dicite,
581 1996 701 2053 Non
741 1998 913 2065 nobis,
945 1997 1190 2063 Domine,
1221 2012 1324 2050 non
1354 1993 1524 2060 nobis,
1555 1995 1642 2048 sed
1670 1993 1861 2046 nomini

269 2102 366 2146 tuo
389 2091 457 2144 da
482 2092 687 2163 gloriam
714 2089 885 2162 (Psal.
909 2105 1061 2154 cxm,
1091 2089 1166 2158 1).
1193 2086 1366 2142 Nolite
1390 2100 1537 2157 spem
1563 2085 1615 2139 in
1642 2083 1858 2138 homine

272 2199 506 2253 ponere.
551 2184 603 2240 Si
649 2183 947 2254 baptizatur
976 2181 1338 2252 unusquisque
1368 2187 1600 2234 vestrum
1621 2220 1635 2244 ,
1669 2177 1810 2232 dicat
1841 2194 1855 2231 :

267 2274 368 2330 Ille
395 2291 482 2330 me
511 2274 769 2345 baptizat,
803 2275 870 2330 de
895 2289 1000 2344 quo
1025 2273 1228 2327 amicus
1252 2271 1434 2342 sponsi
1465 2269 1616 2333 dixit,
1658 2267 1757 2322 Hic
1786 2277 1858 2324 est

261 2367 351 2436 qui
374 2368 596 2439 baptisat
619 2367 798 2441 (Joan.
826 2384 863 2434 ι,
887 2366 1000 2436 33).
1027 2365 1081 2419 Si
1112 2364 1256 2420 enim
1281 2363 1394 2418 haec
1416 2361 1673 2427 dixeritis,
1701 2359 1855 2414 alier-

265 2456 334 2509 tis
361 2455 592 2511 Domino
620 2457 842 2528 gloriam
870 2464 925 2512 et
950 2457 1209 2511 honorem
1240 2471 1253 2507 :
1283 2451 1472 2519 A/ferte
1497 2449 1715 2505 Domino
1743 2448 1857 2522 glo-

261 2547 392 2598 riam
420 2559 468 2600 et
501 2561 760 2602 honorem.

330 2637 384 2692 9.
413 2635 567 2710 [vers.
591 2636 672 2714 8.]
722 2636 913 2707 Alferte
965 2635 1185 2693 Domino
1223 2636 1436 2708 gloriam
1481 2635 1673 2688 nomini
1717 2635 1849 2706 ejus.

258 2727 374 2782 Non
387 2730 602 2785 .nomini
620 2729 916 2797 hominum,
950 2746 1054 2786 non
1075 2730 1278 2786 nomini
1304 2737 1502 2792 vestro,
1535 2725 1628 2782 sed
1652 2725 1853 2781 nomini

258 2821 375 2889 ejus
400 2820 591 2877 afferte
621 2822 865 2892 gloriam.
893 2819 1078 2876 Tollite
1102 2820 1312 2887 hostias,
1337 2828 1382 2873 et
1409 2819 1613 2872 introite
1639 2819 1690 2870 in
1720 2816 1853 2870 atria

257 2913 384 2982 ejus.
417 2913 604 2969 Tollite
628 2914 820 2971 hostias
840 2931 861 2970 :
889 2915 1015 2986 quid
1039 2915 1248 2971 allaturi
1278 2914 1408 2969 estis
1428 2955 1444 2980 ,
1476 2921 1535 2967 ut
1577 2912 1851 2968 introeatis

257 3005 309 3058 in
337 3005 473 3060 atria
495 3006 651 3077 ejus?
673 3007 790 3064 Jam
826 3008 968 3064 enim
1004 3007 1171 3063 crevit
1197 3007 1406 3071 domus,
1453 3014 1506 3060 et
1549 3006 1682 3059 facta
1729 3011 1863 3059 sunt-

256 3098 428 3163 atria;
462 3100 554 3170 qui
575 3099 804 3156 afferunt
826 3099 1062 3167 hostias,
1091 3100 1336 3155 intrent’
1363 3099 1414 3152 in
1440 3098 1592 3152 atria.
1643 3095 1850 3151 Tauros

253 3189 468 3244 allaturi
495 3204 703 3256 sumus,
734 3190 914 3246 hircos
942 3191 1023 3246 vel
1069 3191 1241 3246 oves?
1283 3188 1455 3244 Absit.
1502 3187 1563 3242 Si
1609 3187 1850 3242 voluisses

251 3281 567 3348 sacriﬁcium
587 3323 603 3348 ,
629 3281 878 3338 dedissem
917 3284 1106 3354 utique.
1139 3281 1232 3336 Ille
1259 3279 1413 3335 nobis
1443 3278 1668 3334 hostiam
1699 3292 1849 3332 eom-

251 3373 565 3441 mendabat,
589 3390 749 3446 quam
776 3374 970 3432 offerre
994 3375 1270 3430 debemus.
1302 3371 1493 3427 Videte
1540 3388 1607 3427 ne
1647 3371 1736 3425 illa
1779 3371 1848 3424 sit

252 3466 456 3534 hostia,
488 3468 556 3523 de
581 3483 686 3539 quo
710 3468 1021 3541 jamdudum
1061 3467 1228 3535 dixit,
1257 3463 1520 3534 Confessio
1545 3475 1592 3519 et
1622 3465 1848 3535 pulchri-

213 3627 215 3630 ,
252 3557 374 3612 tudo
403 3559 460 3613 in
487 3570 757 3632 conspectu
783 3560 909 3634 ejus.
940 3556 1220 3614 Confessio
1267 3557 1438 3611 hostia
1491 3567 1573 3610 est
1621 3555 1751 3611 Deo.
1801 3555 1846 3610 Ο

249 3663 378 3719 ergo
402 3657 617 3720 gentes,
658 3651 702 3704 si
745 3649 906 3704 vultis
953 3649 1154 3703 intrare
1198 3647 1250 3701 in
1308 3646 1440 3701 atria
1497 3646 1634 3716 ejus,
1682 3645 1846 3700 nolite

249 3751 436 3794 vacuae
461 3739 682 3806 intrare,
715 3738 896 3794 Tollite
916 3739 1127 3794 hostias.
1155 3737 1300 3807 Quas
1338 3736 1541 3792 hostias
1567 3736 1841 3790 nobiscum

249 3832 517 3899 portaturi
536 3833 751 3888 sumus?
773 3831 1100 3901 Sacriﬁcium
1137 3829 1243 3884 Deo
1281 3830 1491 3899 spiritus
1530 3828 1844 3882 contribula-

252 3931 370 3990 tus;
413 3939 504 3978 cor
553 3925 819 3978 contritum
857 3932 904 3978 et
949 3923 1265 3977 humiliatum
1312 3919 1454 3974 Deus
1504 3936 1604 3972 non
1655 3918 1844 3988 spernit

254 4013 431 4080 (Psal.
464 4030 517 4082 ι,
552 4015 636 4080 18,
664 4013 772 4085 19).
804 4014 938 4071 Cum
965 4013 1150 4069 humili
1189 4011 1350 4068 corde
1375 4013 1512 4091 intra
1544 4010 1594 4063 in
1625 4009 1843 4068 domum

253 4105 370 4169 Dei,
396 4114 454 4161 et
479 4120 601 4161 cum
640 4105 813 4162 hostia
855 4105 1082 4161 intrasti.
1115 4103 1172 4160 Si
1217 4111 1398 4158 autem
1447 4100 1709 4170 superbus
1760 4115 1839 4167 es,

252 4197 432 4251 inanis
456 4197 644 4252 intras.
669 4196 806 4253 Nam
831 4197 970 4254 unde
997 4195 1324 4266 superbires,
1349 4193 1446 4247 nisi
1471 4191 1641 4246 inanis
1661 4191 1843 4246 esses?

251 4286 384 4342 Nam
413 4289 459 4342 si
484 4287 673 4358 plenus
702 4303 869 4356 esses,
898 4302 1004 4343 non
1035 4285 1317 4342 inﬂareris.
1349 4282 1627 4351 Quomodo
1656 4281 1846 4352 plenus

253 4379 448 4434 esses?
472 4377 530 4435 Si
562 4387 736 4436 tecum
769 4379 981 4436 tolleres
1009 4379 1259 4444 hostiam,
1301 4388 1458 4448 quam
1490 4383 1733 4446 portares
1773 4373 1841 4428 ad

251 4473 388 4528 atria
424 4472 656 4528 Domini.
682 4473 798 4529 Jam
829 4488 896 4529 ne
924 4472 1012 4528 diu
1049 4481 1346 4538 teneamus,
1377 4481 1655 4524 curramus
1678 4476 1840 4522 caete-

253 4580 330 4620 ra.
365 4564 561 4620 Videte
589 4575 918 4622 crescentem
954 4564 1170 4619 domum
1194 4605 1208 4629 ,
1237 4562 1412 4618 videte
1439 4558 1719 4614 aedilicium
1765 4560 1842 4614 ire

253 4671 346 4724 per
372 4664 544 4710 totum
573 4656 754 4712 orbem
794 4664 1078 4712 terrarum.
1130 4653 1389 4718 Gaudete,
1432 4651 1554 4721 quia
1601 4649 1841 4705 intrastis

253 4749 305 4802 in
331 4747 504 4813 atria;
531 4747 776 4818 gaudete,
803 4747 924 4817 quia
955 4743 1285 4801 ae'dillcamini
1334 4743 1385 4796 in
1432 4740 1685 4810 templum
1725 4740 1839 4794 Dei.

252 4837 349 4906 Qui
376 4838 524 4894 enim
556 4840 771 4903 intrant,
802 4838 901 4907 ipsi
937 4837 1290 4894 aediﬁcantur.
1335 4833 1432 4902 ipsi
1487 4841 1609 4885 sunt
1650 4830 1842 4884 domus

253 4932 344 4986 Dei
377 4949 390 4985 :
427 4931 520 4987 ille
554 4937 636 4988 est
677 4931 1019 4998 inhabitator,
1057 4927 1142 4984 cui
1193 4925 1485 4981 tedilicatur
1508 4923 1699 4976 domus
1732 4929 1842 4976 toto

251 5022 380 5076 orbe
410 5031 672 5076 terrarum
692 5063 708 5088 ,
740 5020 922 5077 ethoc
961 5027 1081 5090 post
1107 5017 1488 5090 captivitatem.
1524 5013 1707 5066 Tollite
1751 5013 1838 5066 Ιροο

253 5113 394 5178 uias,
425 5122 472 5166 et
492 5113 694 5167 introite
720 5113 772 5165 in
794 5115 925 5166 atria
948 5112 1075 5184 ejus.

322 5203 413 5258 10.
438 5200 590 5276 [rem
613 5200 667 5265 9,
697 5199 810 5275 10.]
848 5201 1070 5256 Adoratc
1096 5197 1372 5252 Dominum
1411 5195 1462 5248 in
1490 5194 1621 5248 atrio
1668 5202 1850 5248 sancto

253 5295 363 5362 ejus
389 5310 409 5348 :
435 5295 488 5348 in
510 5291 770 5348 catholica
798 5292 1069 5355 Ecclesia;
1109 5293 1211 5344 hoc
1252 5290 1553 5343 est-atrium
1597 5293 1839 5339 sanctum

253 5385 389 5454 ejus.
421 5383 592 5440 Nemo
625 5384 804 5448 dicat,
839 5381 970 5437 Ecce
1016 5382 1098 5434 hic
1141 5389 1214 5435 est
1255 5377 1506 5441 Christus,
1557 5391 1669 5430 ecce
1713 5374 1837 5428 illic.

260 5474 544 5545 Ezsurgent
563 5474 697 5529 enim
723 5472 1191 5545 pseutlopmphetw.
1219 5469 1314 5524 Dic
1357 5468 1436 5522 eis
1480 5465 1618 5521 istud
1639 5507 1654 5532 ,
1685 5463 1841 5535 Lapis

255 5583 404 5638 super
442 5565 664 5637 lapidem
713 5582 813 5631 non
865 5565 1168 5631 relinquetur
1197 5602 1213 5628 ,
1261 5560 1348 5628 qui
1400 5575 1500 5612 non
1551 5557 1841 5612 destruatur

318 5747 333 5778 ι
359 5745 436 5796 sic
458 5753 565 5795 Mss.
589 5751 645 5798 At
667 5745 800 5806 Edd.,
825 5744 944 5804 quid
958 5741 1162 5794 debeant
1183 5745 1364 5800 nentes.
1384 5739 1507 5802 Quid
1529 5737 1838 5790 enuntiare-

260 5815 365 5857 runt
389 5805 482 5866 illi,
509 5814 606 5857 etc.

322 5872 341 5902 ’
365 5871 438 5920 sic
461 5867 632 5933 plures
652 5876 753 5920 Mss.
785 5877 834 5919 At
859 5868 991 5930 ωδ..
1016 5869 1209 5922 intuma

1432 414 1825 473 ENARRATIO
1867 414 1930 468 ΙΝ
1974 414 2290 476 I‘SALMUM
2333 422 2486 480 XCV.

3423 415 3560 489 istst

1982 528 2190 597 (Matth.
2234 552 2380 603 xxiv,
2413 539 2503 606 25,
2544 540 2633 606 24,
2663 539 2717 612 2)
2771 557 2782 594 :
2839 539 2907 598 ad
2955 543 3207 612 parietem
3252 543 3553 606 dealbatam

1977 624 2207 687 vocatis;
2237 626 2288 680 in
2315 629 2448 682 atrio
2477 640 2660 685 sancto
2689 631 2854 688 adoro
2882 634 3049 691 Deum
3079 651 3277 692 meum.

2047 713 2134 769 11.
2175 715 2552 776 Commoveatur
2577 739 2609 776 a
2639 726 2768 796 facie
2801 727 2910 799 ejus
2939 728 3176 784 universa
3199 729 3333 786 terra
3361 747 3380 787 :
3407 731 3554 791 dicite

1972 805 2025 861 in
2046 808 2351 878 nationibus,
2377 809 2625 869 Dominus
2655 819 2878 888 regnavit
2905 835 2936 874 α
2965 820 3120 892 ligno.
3141 820 3344 896 Etenim
3372 840 3544 879 corre-

1970 897 2046 950 xit
2071 897 2237 954 orbem
2263 909 2426 966 terra,
2459 905 2546 974 qui
2577 922 2676 960 non
2718 912 3122 966 commovebitur.
3152 911 3284 982 Quae
3310 916 3549 972 testimo-

1971 988 2058 1044 nia
2085 989 2447 1048 acdilieatiouis
2472 995 2661 1075 domus
2687 997 2777 1053 Dei
2797 999 2810 1054 t
2831 999 3078 1058 lntonant
3097 1003 3267 1060 nubes
3285 1005 3544 1062 cmlurum

1972 1095 2068 1150 per
2093 1091 2258 1138 totum
2288 1085 2470 1141 orbem
2504 1097 2769 1146 terrarum
2795 1091 3046 1163 :edilicari
3083 1093 3300 1152 domum
3334 1097 3462 1165 Dei;
3495 1106 3550 1154 et

1968 1171 2199 1228 clamant
2220 1189 2363 1232 rana:
2390 1176 2457 1233 de
2479 1177 2691 1248 palude,
2721 1179 2826 1236 Nos
2870 1183 2969 1239 soli
3010 1199 3196 1242 sumus
3249 1187 3546 1245 christiani.

1967 1261 2096 1330 Quae
2144 1265 2441 1321 testimonia
2495 1267 2764 1338 profero?
2816 1269 3081 1352 Psalterii.
3133 1275 3354 1333 Profero
3399 1279 3544 1349 quod

1967 1354 2160 1412 surdus
2180 1365 2364 1414 cantas
2387 1377 2400 1414 :
2427 1363 2573 1430 aperi
2595 1376 2772 1431 aures,
2799 1372 2852 1418 tu
2873 1374 3056 1421 cantas
3077 1367 3203 1436 ista;
3226 1379 3408 1426 cantas
3432 1388 3547 1428 mc-

1966 1458 2190 1513 cum,et
2225 1466 2330 1506 non
2386 1452 2680 1510 concordas
2729 1469 2973 1522 mecum;
3021 1457 3198 1532 lingua
3255 1471 3339 1516 tua
3390 1474 3546 1520 sonat

1965 1542 2104 1610 quod
2137 1553 2291 1598 sonat
2317 1559 2454 1609 mea,
2494 1552 2548 1601 et
2575 1561 2669 1602 cor
2699 1556 2844 1603 tuum
2875 1548 3112 1606 dissonat
3138 1567 3166 1606 a
3193 1555 3353 1610 corde
3400 1573 3540 1614 meo.

1963 1630 2148 1688 Nonne
2171 1641 2223 1687 tu
2253 1644 2436 1690 cantas
2455 1635 2590 1692 ista?
2612 1636 2741 1694 Vide
2763 1640 3061 1696 testimonia
3083 1643 3227 1698 orbis
3242 1653 3499 1702 terrarum
3526 1665 3539 1702 :

1963 1720 2396 1781 Commoveatura
2421 1726 2551 1795 [acie
2597 1730 2705 1800 ejus
2748 1731 2978 1786 universa
3004 1741 3135 1786 terra
3170 1750 3190 1788 :
3224 1745 3277 1790 ct
3314 1745 3368 1791 tu
3409 1737 3543 1795 dicis

1962 1829 2066 1868 non
2096 1817 2456 1874 commoveri?
2476 1817 2643 1876 Dicite
2661 1821 2714 1876 in
2732 1823 3035 1893 nationibus,
3055 1823 3304 1882 Dominus
3320 1830 3544 1901 regnauit

1962 1922 1992 1958 a
2013 1905 2170 1976 ligno.
2200 1909 2280 1962 An
2311 1908 2445 1965 forte
2475 1909 2559 1966 hic
2589 1912 2920 1976 obtinebunt.
2954 1924 3005 1971 et
3027 1915 3206 1972 dicent
3236 1933 3293 1972 se
3320 1933 3542 1988 regnare

1960 2013 1988 2050 a
2019 1997 2183 2068 ligno,
2213 2000 2335 2070 quia
2366 2000 2592 2060 fustibus
2625 2001 3128 2062 Circumcellionum
3179 2010 3443 2080 regnant?
3467 2011 3540 2067 De

1959 2103 2118 2144 cruce
2146 2090 2342 2147 Christi
2366 2109 2546 2164 regna,
2577 2097 2620 2150 si
2667 2111 2698 2151 a
2750 2097 2892 2169 ligno
2945 2108 3260 2168 regnaturus
3299 2116 3377 2156 es.
3405 2101 3538 2156 Nam

1960 2179 2159 2248 lignum
2189 2181 2290 2238 hoc
2332 2193 2479 2239 tuum
2523 2185 2754 2256 ligneum
2797 2197 2848 2242 te
2895 2187 3015 2243 facit
3049 2207 3061 2242 :
3094 2190 3294 2260 lignum
3343 2191 3538 2248 Christi

1960 2287 2053 2341 per
2079 2287 2224 2327 mare
2258 2283 2308 2328 te
2339 2274 2553 2346 trajicit.
2593 2277 2757 2331 Audis
2785 2277 3053 2343 Psalmum
3079 2279 3342 2337 dicentem
3366 2324 3379 2349 ,
3413 2281 3540 2337 Cor-

1957 2366 2085 2418 rea'it
2107 2368 2274 2421 orbem
2300 2377 2463 2433 terrae,
2505 2371 2590 2441 qui
2617 2387 2716 2424 non
2741 2371 3164 2438 commovebitur;
3207 2382 3260 2429 et
3303 2383 3358 2428 tu
3403 2373 3536 2429 dicis

1958 2473 2063 2513 non
2091 2460 2258 2514 solum
2281 2470 2481 2515 rnotum
2510 2473 2630 2531 post
2666 2465 3078 2528 correctionem,
3123 2464 3218 2520 sed
3247 2466 3405 2519 etiam
3449 2466 3534 2519 di-

1956 2551 2237 2606 minutum.
2267 2551 2345 2606 Tu
2396 2539 2576 2608 verum
2607 2553 2777 2620 dicis;
2829 2554 2928 2609 iste
2976 2555 3272 2610 mentitur?
3299 2554 3536 2611 Pseudo-

1954 2643 2229 2713 prophetzn
2271 2644 2564 2700 clamantes
2583 2686 2597 2710 ,
2631 2644 2762 2698 Ecce
2787 2645 2868 2699 hic
2897 2656 2968 2700 est
2995 2644 3242 2712 Christus,
3266 2662 3380 2701 ecce
3405 2646 3533 2714 illic,

1958 2749 2142 2788 verum
2166 2733 2379 2799 dicunt;
2407 2744 2460 2790 et
2501 2735 2756 2805 propheta
2806 2737 2906 2792 iste
2956 2737 3252 2792 mentitur?
3300 2737 3533 2803 Fratres,

1952 2834 2136 2891 contra
2158 2825 2286 2881 istas
2307 2827 2667 2896 apertissimas
2695 2841 2855 2883 voces
2871 2828 3064 2884 auditis
3091 2827 3143 2883 in
3171 2829 3377 2898 angulis
3401 2838 3537 2884 stre-

1953 2917 2139 2987 pitum,
2173 2917 2265 2973 Ille
2287 2917 2518 2983 tradidit,-
2549 2927 2601 2974 et
2631 2917 2719 2974 ille
2742 2918 2976 2973 tradidit.
3005 2918 3140 2986 Quid
3170 2918 3539 2977 dicis?Voces

1956 3018 2058 3062 tum
2090 3008 2367 3064 audienda:
2413 3018 2556 3076 sunt,
2592 3025 2659 3064 an
2701 3025 2859 3066 voces
2912 3009 3273 3066 Dei?Etenim
3321 3012 3537 3066 correxit

1952 3102 2119 3161 orbem
2144 3111 2308 3170 terrm,
2342 3104 2426 3174 qui
2455 3119 2553 3158 non
2595 3103 3002 3158 commovebitur.
3054 3103 3166 3174 Ego
3211 3103 3302 3158 tibi
3347 3104 3533 3159 orbem

1953 3205 2210 3251 terrarum
2232 3195 2456 3250 ostendo
2481 3194 2798 3250 aediﬁcatum
2821 3213 2835 3261 ;
2862 3193 2985 3249 mlle
3017 3194 3240 3249 hostiam
3268 3236 3281 3258 ,
3308 3194 3444 3250 intra
3477 3196 3527 3248 in

1951 3287 2081 3341 atria
2115 3287 2343 3344 Domini.
2377 3286 2586 3342 Hostias
2622 3302 2726 3341 non
2775 3286 2958 3350 habes,
2991 3297 3270 3358 propterea
3299 3303 3404 3341 non
3451 3289 3532 3343 vis

1952 3379 2169 3434 intrare.
2194 3378 2334 3448 Quid
2363 3388 2444 3436 est
2469 3369 2604 3434 hec?
2627 3379 2683 3434 Si
2719 3378 2944 3434 hostiam
2974 3380 3063 3433 tibi
3103 3379 3359 3434 indiceret
3390 3378 3527 3433 Deus

1951 3482 2180 3536 taurum,
2241 3471 2464 3536 hircum,
2509 3470 2752 3538 arietem,
2803 3471 3071 3526 invenires
3097 3470 3234 3540 quod
3265 3470 3524 3525 :sll'crres:

1949 3563 2136 3618 indixit
2162 3563 2254 3620 tibi
2301 3561 2502 3617 humile
2529 3577 2643 3630 cor,
2673 3569 2727 3617 et
2757 3578 2860 3616 non
2892 3561 2972 3616 vis
3000 3563 3215 3615 intrare.
3249 3561 3358 3615 lloc
3384 3562 3527 3615 enim

1947 3654 1999 3709 in
2049 3663 2100 3710 te
2145 3670 2249 3710 non
2297 3653 2530 3723 invenis,
2589 3654 2711 3724 quia
2748 3653 2994 3724 superbia
3039 3653 3296 3707 tumuisti.
3332 3651 3528 3705 Etenim

1946 3749 2159 3804 correxit
2185 3749 2352 3804 orbem
2383 3757 2548 3816 terror,
2584 3748 2671 3815 qui
2702 3764 2802 3801 non
2826 3746 3230 3801 commovebitur.
3267 3742 3534 3797 ludicabit

1947 3844 2162 3914 populos
2181 3843 2233 3895 in
2259 3842 2512 3913 wquitate.
2544 3840 2693 3896 Tunc
2713 3856 2772 3896 se
2812 3839 2885 3893 illi
2922 3839 3192 3908 plangunt,
3220 3837 3308 3908 qui
3342 3837 3530 3891 nolunt

1947 3931 2104 3986 modo
2124 3931 2344 4001 diligere
2371 3931 2394 3963 ⁸
2421 3930 2746 4000 (equitatem.

2020 4024 2106 4080 12.
2137 4021 2286 4097 [vers.
2330 4021 2444 4095 11.]
2476 4021 2836 4077 Jucundentur
2872 4021 3004 4088 coeli,
3041 4029 3087 4073 et
3137 4021 3320 4074 exultet
3365 4027 3519 4074 terra.

1945 4116 2312 4173 Jucuudentur
2345 4115 2484 4181 C(Bli,
2513 4115 2600 4184 qui
2629 4121 2883 4168 enarrant
2908 4111 3130 4182 gloriam
3160 4111 3285 4172 Dei;
3327 4108 3516 4178 jucutv

1946 4212 2140 4266 dentur
2181 4208 2341 4276 edsli,
2388 4221 2523 4279 quos
2581 4206 2839 4260 Dominus
2882 4203 3009 4260 fecit
3039 4221 3052 4258 :
3081 4202 3310 4257 exsultet
3361 4209 3518 4267 terra,

1946 4317 2103 4372 quam
2133 4299 2444 4370 compluuut
2467 4297 2610 4354 caeli.
2633 4295 2766 4350 ϐωιί
2791 4296 2933 4351 enim
2961 4293 3359 4365 prmdicatores;
3386 4300 3519 4347 terra

1943 4392 2234 4448 auditores.
2267 4388 2651 4445 Commoveatur
2689 4404 2827 4440 mare
2850 4395 2896 4440 et
2923 4385 3181 4456 plenitudo
3213 4385 3343 4454 ejus.
3372 4383 3525 4450 Quod

1945 4484 2124 4539 mare?
2144 4483 2425 4540 Surculum.
2459 4480 2796 4538 Commetum
2831 4487 2913 4534 est
2939 4493 3116 4544 mare,
3158 4486 3211 4533 et
3251 4477 3525 4546 plenitudo

1945 4574 2108 4629 maris
2157 4591 2170 4626 :
2231 4586 2390 4628 omne
2449 4571 2703 4625 smculum
2763 4569 3086 4623 concitatum
3139 4577 3222 4623 est
3270 4567 3527 4622 adversus

1948 4663 2263 4725 Ecclesium,
2303 4679 2424 4719 cum
2466 4662 2778 4717 dilataretur
2804 4667 2858 4714 et
2885 4658 3235 4714 :rdilicaretur
3266 4667 3376 4712 toto
3399 4658 3527 4714 orbe

1947 4768 2230 4812 terrarum.
2263 4755 2334 4809 De
2361 4755 2474 4824 ipsa
2497 4749 2858 4808 commotione
2884 4748 3106 4804 audistis
3131 4748 3184 4802 in
3214 4748 3520 4818 Evangelio,

1947 4847 2168 4902 Tradent
2188 4861 2274 4901 vos
2293 4843 2361 4898 ad
2371 4837 2573 4922 judicia
2599 4840 2792 4914 (Marc.
2826 4855 2942 4907 xm,
2971 4839 3049 4908 9).
3079 4839 3413 4895 Commotum
3442 4846 3534 4893 est

1946 4955 2092 4996 mare
2126 4959 2139 4994 :
2169 4939 2262 4994 sed
2292 4937 2508 5009 quando
2559 4935 2800 4991 vinceret
2857 4948 3005 4989 mare
3047 4949 3168 4989 eum
3215 4932 3304 5003 qui
3358 4930 3525 4986 caelos

1945 5033 2108 5089 fecit?

2019 5124 2104 5180 13.
2137 5121 2287 5196 [vers.
2323 5120 2408 5188 12,
2441 5118 2552 5192 15.]
2581 5117 2878 5175 Gaudebant
2907 5117 3071 5185 campi
3095 5158 3109 5182 ,
3135 5125 3181 5168 et
3215 5113 3383 5168 omnia
3415 5126 3526 5182 qua!

1943 5218 1997 5272 in
2025 5217 2095 5272 eis
2115 5225 2253 5270 sunt.
2284 5213 2483 5268 Omnes
2509 5211 2678 5276 lenes,
2709 5225 2896 5264 omnes
2923 5209 3098 5272 mites,
3129 5218 3314 5258 onmes
3351 5202 3486 5271 inqui
3507 5243 3523 5269 ,

1944 5309 2117 5379 campi
2137 5315 2261 5362 sunt
2287 5304 2404 5361 Dei.
2431 5301 2572 5358 Tunc
2586 5301 2906 5357 exsultabunl
2921 5297 3087 5352 omnia
3111 5295 3248 5362 liqna
3264 5294 3523 5347 silvarum.

1948 5404 2110 5474 Ligna
2129 5401 2402 5460 silvarum.
2439 5394 2635 5468 Pagani
2689 5401 2831 5449 sunt.
2885 5391 3059 5459 Quare
3104 5388 3216 5458 jam
3260 5386 3528 5458 gaudent?

1946 5496 2078 5563 Quia
2108 5491 2315 5563 pmcisi
2342 5495 2467 5544 sunt
2494 5487 2561 5542 de
2599 5486 2830 5540 oleastro
2858 5483 2902 5541 ’.
2947 5488 3002 5534 et
3047 5478 3230 5534 inserti
3284 5479 3337 5533 in
3389 5476 3527 5532 oliva

1947 5585 2121 5653 (llam.
2151 5599 2228 5647 χι,
2261 5579 2372 5652 17).
2404 5577 2546 5632 Tunc
2562 5572 2881 5632 exsultabant
2905 5570 3074 5625 omnia
3094 5570 3233 5642 ligna
3247 5569 3528 5624 silvarum:

1946 5673 2329 5748 quia—praecisa:
2363 5679 2484 5726 sunt
2507 5671 2746 5738 ingentes
2769 5665 2992 5720 arbores
3028 5662 3260 5720 cedrina‘.
3283 5670 3338 5719 et
3362 5676 3526 5732 cypa-

2010 5782 2672 5850 Iprmcipuimss.,eligere._
2723 5840 2777 5850 Η
2875 5844 2899 5850 η
2952 5840 2964 5850 ,
3056 5848 3061 5850 Α
3102 5839 3112 5849 ο

2010 5856 2029 5884 ’
2053 5864 2150 5902 am.
2180 5840 2231 5901 e't
2253 5847 2402 5899 nostri
2419 5840 2554 5908 tussi,
2583 5840 2777 5910 pra'xisi
2793 5844 2901 5894 sunt
2917 5840 3126 5894 oleastri.
