4056 6474
514 389 652 445 19.35

514 501 741 564 rissinas,
771 506 825 554 et
854 492 1195 567 imputribilia
1224 491 1362 562 ligna
1392 487 1645 545 translata
1666 496 1791 541 sunt
1825 485 1889 541 ad
1923 484 2094 541 aedili-

512 595 777 648 cationem
803 588 1014 643 domus.
1040 585 1203 655 Ligna
1223 582 1474 637 silvarum
1498 587 1669 663 erant,
1691 579 1783 633 sed
1813 586 2097 648 antequam

514 686 656 740 irent
685 682 735 736 in
777 679 1093 740 aedilicium;
1135 677 1272 746 ligna
1306 674 1559 729 silvarum
1598 681 1769 738 erant,
1810 670 1905 727 sed
1940 678 2096 725 ante-

513 791 673 848 quam
700 775 891 829 olivam
920 779 1167 844 parerent
1194 771 1233 822 ί.

476 873 487 938 l
585 850 674 924 14.
714 864 858 921 Tunc
911 861 1231 919 exsultabant
1268 858 1437 914 omnia
1482 858 1623 927 ligna
1661 856 1899 912 silvarum
1922 898 1937 921 ,
1983 865 2099 910 ante

516 963 698 1036 [aciem
719 960 958 1026 Domini,
990 958 1232 1028 quoniam
1257 957 1408 1021 venit,
1441 954 1678 1025 quoniam
1700 953 1831 1007 venit
1860 951 2097 1022 judicare

516 1065 722 1108 terram.
752 1052 933 1106 Primo
962 1050 1126 1113 venit,
1169 1056 1224 1104 et
1272 1055 1452 1117 postea
1494 1055 1749 1100 venturus
1786 1052 1886 1097 est.
1921 1042 2097 1097 Primo

513 1144 660 1199 venit
680 1143 730 1198 in
763 1142 995 1197 Ecclesia
1020 1140 1182 1195 suain
1207 1138 1455 1194 nubibus.
1482 1136 1610 1205 Quae
1635 1143 1759 1191 sunt
1788 1135 1954 1189 nubes
1979 1150 2097 1204 qua:

513 1250 635 1291 eum
666 1232 1065 1305 portaverant?»
1098 1229 1338 1301 Apostoli
1382 1227 1753 1298 pnedicantes,
1797 1226 1864 1280 de
1905 1225 2098 1295 quibus

514 1324 759 1389 audistis,
790 1339 912 1379 cum
936 1323 1199 1392 legeretur
1219 1318 1502 1389 Apostolus
1532 1332 1545 1369 :
1584 1314 1874 1387 Legatione,
1907 1314 2091 1384 inquit,

516 1430 609 1486 pro
630 1413 832 1470 Christo
855 1412 1137 1483 fungimur,
1162 1410 1475 1464 obsecrantes
1516 1422 1608 1477 pro
1639 1406 1837 1460 Christo
1870 1403 2066 1459 reconci

515 1508 631 1563 liari
661 1506 770 1561 Deo
802 1505 867 1578 (Il
898 1505 1015 1560 Cor.
1048 1520 1101 1569 v,
1127 1500 1240 1574 20).
1270 1500 1402 1571 Ipsae
1427 1508 1550 1553 sunt
1602 1498 1768 1553 nubes
1810 1496 1861 1550 in
1908 1493 2096 1566 quibus

514 1600 691 1664 venit,
719 1582 942 1667 excep'to
969 1595 1199 1648 adventu
1222 1605 1321 1647 suo
1350 1589 1648 1661 posteriore
1667 1630 1681 1652 ,
1713 1602 1818 1657 quo
1843 1593 2097 1641 venturus

515 1702 599 1749 est
620 1690 859 1763 judicare
878 1690 1028 1744 vivos
1055 1696 1110 1742 et
1134 1693 1391 1742 mortuos.
1409 1680 1569 1738 Venit
1587 1680 1755 1751 primo
1772 1679 1823 1733 in
1848 1677 2093 1732 nubibus.

515 1782 645 1839 Haec
672 1782 843 1853 primo
882 1795 983 1836 vox
1028 1779 1191 1848 ipsius
1228 1775 1406 1831 sonuit
1440 1774 1492 1827 in
1542 1771 1828 1841 Evangelio
1857 1786 1873 1825 :
1903 1769 2097 1823 Amodo

516 1872 743 1929 videbitis
768 1871 814 1926 F
816 1872 959 1925 ilium
980 1868 1195 1924 hominis
1219 1867 1494 1921 venientem
1513 1864 1565 1917 in
1586 1862 1819 1916 nubibus.
1835 1858 1971 1928 Quid
1992 1868 2094 1924 εει,

516 1962 752 2020 Amodo?
780 1961 964 2016 Nonne
994 1958 1250 2014 Dominus
1273 1964 1451 2027 postea
1471 1961 1728 2009 venturus
1752 1959 1855 2018 est,
1885 1949 2097 2020 quando

516 2068 579 2111 se
604 2055 853 2127 plangent
880 2066 1067 2107 omnes
1100 2050 1267 2105 tribus
1302 2046 1673 2102 teme?Prius
1700 2043 1842 2100 venit
1878 2044 1931 2098 itt
1961 2058 2096 2113 pne-

515 2144 842 2201 dicatoribus
870 2142 1012 2207 suis,
1053 2150 1107 2196 et
1135 2138 1373 2209 implevit
1404 2147 1568 2193 totum
1596 2136 1779 2191 orbem
1812 2144 2095 2189 terrarum.

515 2236 633 2293 Non
655 2236 970 2292 resistamus
996 2232 1171 2304 primo
1197 2230 1465 2296 adventui,
1498 2236 1669 2282 utnon
1685 2224 2099 2296 expaveseamus

514 2327 830 2387 secundum.
862 2326 927 2382 Et
953 2342 1029 2381 vat
1056 2335 1173 2379 tunc
1202 2321 1578 2396 prtegnantibus
1606 2327 1653 2374 et
1688 2318 2093 2374 mammantibus.

514 2418 759 2477 Audistis
782 2406 943 2473 modo
969 2416 1022 2472 in
1053 2413 1343 2485 Evangelio
1371 2428 1385 2464 :
1416 2411 1617 2478 Cavete,
1637 2411 1757 2480 quia
1777 2410 1979 2464 nescitis
2000 2425 2100 2481 qua

514 2512 643 2565 Itora
661 2511 827 2566 veniat
862 2507 1050 2577 (Marc.
1076 2504 1309 2573 x1u,26,
1352 2504 1437 2569 i7,
1478 2499 1593 2570 53).
1639 2501 1697 2556 In
1743 2502 1908 2572 figura
1956 2501 2097 2556 dicta

513 2613 658 2658 sunt.
685 2602 815 2670 Quae
833 2609 956 2656 sunt
981 2607 1314 2669 pra‘gnantes
1338 2638 1352 2660 ,
1383 2604 1438 2651 et
1474 2610 1593 2665 qua:
1637 2605 1761 2649 sunt
1798 2594 2099 2649 laetantes?

513 2693 858 2764 Praegnantes
892 2692 1083 2747 animae
1117 2690 1386 2755 dicuntur,
1434 2702 1552 2758 quae
1597 2687 1793 2741 habent
1843 2701 1991 2755 spem
2046 2686 2097 2741 in

514 2784 735 2841 smenlo.
761 2782 891 2853 Quae
913 2790 1089 2837 autem
1114 2780 1320 2850 adeptae
1339 2787 1463 2834 sunt
1475 2778 1584 2847 jam
1604 2777 1745 2851 quod
1771 2776 2055 2846 sperabant
2079 2818 2096 2843 ,

514 2888 615 2945 pro
666 2871 987 2928 laetantibus
1042 2877 1169 2926 sunt
1213 2869 1421 2941 positae.
1474 2867 1637 2923 Verbi
1684 2868 1889 2937 gratia:
1920 2881 2100 2921 emere

514 2967 633 3023 vult
653 2966 870 3032 villam;
901 2977 1181 3035 praegnans
1210 2970 1313 3027 est,
1343 2960 1577 3016 nondum
1602 2958 1745 3014 enim
1775 2958 1969 3014 factum
1994 2967 2098 3026 est,

515 3064 686 3113 tumet
708 3054 960 3112 uterusin
985 3069 1080 3125 spe
1108 3071 1120 3105 :
1152 3052 1317 3117 emit;
1348 3049 1575 3122 peperit,
1607 3049 1740 3105 adeo
1769 3049 1928 3105 lactat
1959 3047 2097 3119 quod

515 3149 667 3205 emit.
706 3145 796 3203 Vae
816 3146 1191 3218 praegnantibus
1214 3153 1261 3198 et
1289 3141 1676 3204 mammantibus
1700 3157 1719 3196 :
1741 3156 1821 3196 vae
1862 3141 1954 3212 qui
1999 3140 2101 3195 ha-

515 3239 646 3296 bent
669 3253 818 3310 spem
857 3237 910 3292 in
938 3236 1134 3292 saeculo
1157 3277 1173 3302 ,
1202 3251 1284 3289 va:
1309 3234 1399 3305 qui
1427 3233 1631 3289 haerent
1664 3232 1745 3287 bis
1772 3233 1931 3288 rebus
1970 3247 2102 3301 quas

516 3330 585 3386 de
606 3330 790 3386 saeculi
820 3343 916 3400 spe
939 3327 1330 3398 pepererunt’.
1357 3324 1492 3393 Quid
1544 3318 1672 3395 ergo
1721 3322 1881 3379 debet
1924 3322 2102 3381 facere

517 3420 880 3478 christianos?
898 3419 984 3476 Uti
1013 3417 1230 3483 mundo,
1259 3431 1365 3472 non
1390 3414 1591 3471 servire
1616 3414 1836 3469 mundo.
1864 3413 1999 3482 Quid
2020 3422 2103 3469 est

518 3514 658 3591 hoc?
688 3512 953 3569 Habentes
980 3520 1228 3581 tanquam
1273 3524 1375 3565 non
1415 3507 1691 3563 habentes.
1723 3505 1812 3563 Sic
1844 3506 1990 3574 dicit,
2027 3507 2106 3563 sic

522 3607 768 3663 hortatur
796 3620 932 3676 quos
960 3617 1063 3658 non
1092 3602 1201 3657 vult
1237 3600 1461 3657 inveniri
1511 3615 1543 3654 a
1594 3599 1680 3655 die
1719 3599 1805 3653 illa
1853 3607 2103 3669 tanquam

520 3704 858 3768 pra'gnantes
900 3704 955 3750 et
999 3700 1369 3758 mammantes,
1413 3691 1491 3746 sic
1525 3704 1620 3746 eos
1672 3690 1948 3746 hortatur:
1986 3707 2004 3742 ς
2031 3690 2106 3745 De

524 3798 738 3853 cmtero,
766 3788 975 3852 fratres,
1007 3796 1215 3857 tempus
1263 3785 1427 3840 breve
1479 3792 1561 3840 est
1591 3784 1889 3853 :reliqnnm
1927 3790 2010 3839 est
2049 3792 2107 3838 ut

522 3888 579 3936 et
604 3880 655 3934 hi
678 3880 765 3950 qni
791 3878 987 3932 habent
1017 3878 1211 3931 uxores
1232 3917 1247 3942 ,
1277 3882 1527 3946 tanquam
1555 3889 1658 3928 non
1690 3873 1946 3929 habentes
1967 3874 2103 3939 sint;

523 3979 579 4025 et
603 3969 693 4041 qui
730 3968 877 4032 llent,
910 3976 1311 4038 tanquamrnon
1362 3964 1582 4030 flentes;
1620 3973 1672 4019 et
1724 3966 1812 4035 qui
1852 3964 2105 4036 gaudent,

524 4069 775 4131 tauquam
824 4076 927 4114 non
970 4057 1293 4130 gaudentes;
1328 4065 1381 4111 et
1430 4056 1516 4127 qni
1569 4066 1770 4122 emunt,
1799 4056 1950 4127 quasi
2000 4071 2107 4111 non

525 4162 773 4209 tenentes
801 4150 861 4217 ³;
895 4160 948 4206 et
970 4150 1062 4220 qui
1090 4156 1310 4203 utuntur
1338 4149 1437 4202 hoc
1465 4147 1661 4201 mundo
1686 4189 1699 4211 ,
1728 4157 1972 4217 tanquam
2004 4163 2110 4203 non

526 4254 736 4301 utentes
766 4243 1041 4312 :przeterit
1068 4242 1209 4296 enim
1240 4241 1407 4310 ﬁgura
1438 4239 1595 4309 hujus
1626 4238 1826 4293 mundi.
1858 4238 1990 4294 Volo
2015 4254 2111 4293 vos

469 4401 475 4411 κ
532 4337 650 4390 sine
686 4333 1042 4389 sollicitudine
1084 4346 1202 4387 esse
1231 4349 1250 4384 ι
1286 4330 1331 4399 (l
1359 4329 1475 4384 (ζον.
1502 4345 1594 4395 vn,
1620 4326 1837 4399 99-52).
1870 4328 1967 4397 Qui
1995 4329 2112 4383 sine

525 4424 882 4482 sollicitudine
926 4431 1046 4489 est,
1092 4435 1311 4478 securus
1352 4428 1624 4489 exspectat
1673 4418 1883 4489 quando
1936 4420 2113 4476 veniat

527 4518 786 4574 Dominus
814 4516 1001 4585 ipsius.
1034 4513 1165 4569 Nam
1192 4512 1361 4583 qualis
1391 4528 1541 4565 amor
1567 4522 1646 4566 est
1674 4510 1891 4576 Christi,
1925 4512 2111 4567 timere

527 4625 599 4666 ne
623 4608 832 4665 veniat?
871 4607 1102 4670 Fratres,
1138 4620 1243 4659 non
1282 4601 1680 4659 erubescimus?
1724 4604 2009 4669 Amamus,
2058 4612 2114 4658 et

528 4702 779 4756 timemus
806 4715 873 4753 ne
899 4698 1095 4753 veniat.
1128 4695 1285 4752 Certe
1309 4694 1664 4750 amamus?an
1692 4704 1902 4763 peccata
1930 4704 2111 4750 nostra

526 4793 645 4863 plus
674 4789 946 4845 amamus?
976 4789 1113 4857 Ergo
1154 4787 1264 4856 ipsa
1304 4780 1573 4840 adurimus
1604 4794 1817 4853 peccata
1841 4826 1854 4849 ,
1888 4794 1940 4838 ct
1969 4800 2114 4839 ame-

502 4899 647 4940 'mus
675 4898 796 4939 eum
822 4881 911 4952 qui
942 4890 1197 4933 venturus
1235 4886 1315 4933 est
1346 4876 1410 4931 ad
1447 4875 1710 4947 punienda
1745 4884 1977 4944 peccata.
2004 4874 2108 4929 Ve-

526 4978 660 5040 niet,
686 4975 946 5037 velimus,
980 4970 1209 5026 nolimus
1241 4986 1253 5022 :
1286 4984 1389 5022 non
1444 4967 1586 5023 enim
1635 4967 1755 5037 quia
1806 4967 1967 5021 modo
2008 4982 2110 5020 non

526 5068 693 5134 venit,
738 5065 859 5120 ideo
911 5072 1165 5117 venturus
1222 5076 1324 5114 non
1380 5068 1482 5113 est.
1542 5058 1747 5121 Veniet,
1794 5067 1848 5112 et
1903 5058 2113 5125 quando

527 5161 736 5224 neseis;
768 5166 822 5213 et
859 5157 901 5210 si
946 5164 1185 5224 paratum
1220 5162 1271 5207 te
1322 5150 1599 5213 invenerit,
1648 5150 1777 5204 nihil
1815 5150 1907 5204 tibi
1964 5150 2115 5205 oh‘est

528 5250 650 5322 quia
680 5249 873 5305 neSt-is.
916 5236 1063 5301 Tunc
1098 5244 1420 5299 exsultabant
1455 5240 1626 5294 omnia
1655 5240 1792 5311 ligna
1835 5240 2075 5293 silvarum
2097 5282 2111 5304 ,

530 5349 647 5394 ante
676 5339 861 5411 faciem
890 5336 1116 5397 Domini,
1157 5332 1396 5403 quoniam
1430 5330 1557 5384 venit
1590 5346 1608 5383 :
1640 5331 1802 5398 prius.
1836 5329 1901 5383 Et
1934 5336 2113 5396 postea

531 5429 698 5502 quid?
731 5428 983 5496 Quoniam
1026 5428 1159 5479 uenit
1198 5423 1427 5494 judicare
1458 5432 1662 5475 terram.
1694 5421 1757 5473 Et
1796 5419 2117 5473 exsultabant

534 5520 705 5576 omnia
726 5518 864 5590 ligna
885 5516 1144 5572 silvarum.
1172 5514 1326 5570 Venit
1363 5513 1534 5584 primo
1554 5553 1568 5575 ,
1597 5518 1651 5565 et
1680 5517 1855 5578 postea
1877 5507 2118 5577 judicare

644 5650 777 5712 t.or.,
800 5654 1046 5712 pararent.
1074 5654 1130 5712 at
1146 5644 1369 5712 plerique
1393 5650 1519 5702 Mss,
1542 5644 1781 5712 parerent.

601 5714 621 5744 ⁸
638 5711 713 5761 sic
733 5706 834 5759 Mss.
858 5716 912 5758 At
935 5709 1068 5768 Edd.,
1093 5706 1157 5757 de
1170 5706 1345 5757 stet-alo
1368 5708 1671 5767 pepererunt.

602 5776 621 5806 ³
644 5775 717 5823 sic
738 5770 969 5820 meliores
985 5776 1091 5820 Mss.
1133 5778 1185 5817 At
1211 5779 1326 5825 Αιη..
1348 5780 1443 5816 non
1464 5772 1661 5818 utentes.
1688 5769 1815 5824 Lov.,
1842 5773 1933 5811 non
1957 5773 2116 5812 emen-

540 5842 608 5887 tcs
645 5841 739 5895 ΕΓ..
759 5843 852 5885 non
887 5839 1091 5884 ementes
1114 5842 1199 5880 nec
1239 5836 1432 5880 tuentes.

1714 374 1771 432 S.
1812 371 2177 432 AUGUSTINI
2218 370 2512 432 EPISCOPI

3640 371 3779 432 ηπ

2204 496 2400 541 terram
2443 503 2459 541 :
2503 484 2835 543 exsultantes
2886 484 3117 540 inveniet
3166 498 3261 541 eos
3306 484 3394 556 qui
3445 485 3619 555 primo
3664 488 3779 557 ejus

2201 579 2447 635 adventui
2470 576 2830 643 crediderunt,
2852 579 3091 643 quoniam
3111 577 3263 632 venit.
3618 590 3627 595 ’

2272 672 2361 727 15.
2402 671 2535 726 Nam
2564 713 2579 736 ,
2625 670 2881 725 Judicabit
2928 671 3094 725 orbem
3138 680 3386 724 terrarum
3432 671 3485 724 in
3509 671 3780 742 equitate:

2203 782 2307 820 non
2337 774 2561 835 partem,
2593 765 2716 834 quia
2757 780 2861 817 non
2893 772 3094 832 partem
3138 764 3287 817 emit.
3326 762 3517 817 Totum
3545 762 3784 832 judicare

2203 855 2381 921 habet,
2404 855 2522 925 quia
2558 869 2654 925 pro
2689 862 2797 907 toto
2820 854 3045 923 pretium
3071 852 3236 907 dedit.
3265 853 3505 908 Audistis
3538 854 3781 925 Evange-

2202 946 2353 1011 lium,
2384 947 2505 1015 quia
2546 960 2665 1000 cum
2715 946 2940 1011 venerit,
2980 945 3189 1014 inquit,
3234 946 3555 1017 congregabit
3604 946 3788 1001 electos

2199 1054 2318 1093 suos
2365 1054 2399 1091 a
2444 1046 2661 1108 quatuor
2700 1037 2855 1091 ventis
2907 1036 3098 1109 (Marc.
3147 1053 3277 1103 xm,
3321 1037 3437 1107 27).
3485 1037 3787 1109 Congregat

2201 1130 2403 1184 electos
2426 1144 2614 1183 omnes
2642 1143 2671 1181 a
2691 1138 2917 1198 quatuor
2942 1129 3149 1183 ventis:
3173 1144 3300 1199 ergo
3318 1130 3383 1184 de
3406 1138 3515 1184 toto
3538 1130 3666 1185 orbe
3684 1138 3787 1184 ter-

2201 1238 2401 1279 rarum.
2423 1222 2557 1292 Quia
2574 1231 2630 1279 et
2653 1223 2766 1293 ipse
2781 1222 2947 1277 Adam
2961 1221 3265 1295 [aliquando
3288 1223 3389 1277 hoc
3407 1223 3648 1277 dixeram
3682 1221 3783 1294 (a)]

2201 1314 2386 1371 orbem
2443 1324 2704 1370 terrarum
2733 1312 2997 1383 significat
3048 1313 3341 1369 secundum
3391 1328 3621 1383 graecam
3676 1314 3784 1373 lin-

2201 1422 2380 1476 guam.
2421 1406 2659 1473 Quatuor
2698 1404 2842 1461 enim
2882 1405 3072 1461 litterze
3123 1416 3267 1471 sunt,
3321 1406 3386 1472 A,
3445 1406 3507 1472 ι),
3536 1407 3602 1472 A,
3625 1416 3679 1463 et
3709 1407 3784 1461 lli.

2202 1494 2352 1554 Sicut
2373 1508 2552 1552 autem
2592 1495 2764 1552 Graeci
2791 1497 3112 1567 loquuntur,
3142 1508 3373 1567 quatuor
3413 1497 3557 1553 orbis
3602 1509 3789 1569 partes

2204 1589 2299 1645 has
2328 1588 2384 1643 in
2409 1589 2580 1658 capite
2607 1588 2811 1644 litteras
2851 1588 3067 1656 habent,
3090 1595 3327 1648 Δνατολήν
3362 1589 3559 1644 dicunt
3588 1588 3787 1645 Orien-

2203 1692 2340 1749 tem;
2380 1687 2538 1747 Λύσιν,
2557 1679 2932 1747 Occidentem;
2958 1687 3152 1752 Αρκτον,
3190 1680 3541 1751 Aquilonem;
3573 1689 3785 1749 Mea-r5};-

2201 1786 2354 1847 δρίαν,
2381 1776 2657 1832 Meridiem
2687 1794 2700 1832 :
2728 1778 2894 1833 habes
2911 1820 2927 1843 ,
2957 1778 3147 1833 Adam.
3178 1776 3297 1846 Ipse
3324 1792 3449 1847 ergo
3476 1777 3644 1832 Adam
3670 1787 3789 1832 toto

2201 1868 2332 1924 orbe
2358 1878 2617 1924 terrarum
2639 1883 2855 1940 sparsus
2883 1877 2984 1924 est.
3016 1869 3072 1922 ln
3103 1883 3209 1923 uno
3235 1868 3354 1923 loco
3383 1866 3515 1932 fuit,
3547 1878 3603 1924 et
3640 1871 3790 1924 ceci-

2202 1960 2298 2027 dit,
2344 1968 2400 2016 et
2437 1959 2668 2031 quodam
2712 1959 2873 2016 modo
2910 1958 3268 2015 comminatus
3317 1959 3555 2028 implevit
3597 1960 3790 2014 orbem

2204 2054 2519 2108 terrarum:
2563 2051 2659 2106 sed
2710 2050 3068 2105 misericordia
3136 2049 3228 2103 Dei
3290 2048 3523 2119 undique
3573 2050 3793 2120 collegit

2205 2143 2487 2207 fracturae,
2530 2151 2586 2198 et
2624 2141 2875 2196 conﬂavit
2920 2141 3038 2210 igne
3063 2140 3359 2206 charitatis,
3389 2147 3445 2194 et
3472 2140 3593 2194 fecit
3622 2155 3793 2195 unum

2203 2236 2344 2308 quod
2370 2236 2593 2291 fraetum
2634 2243 2769 2289 erat.
2816 2234 2973 2289 Novit
3018 2232 3145 2288 illud
3195 2232 3372 2288 facere
3422 2233 3609 2289 artifex
3660 2234 3790 2299 ille;

2204 2341 2363 2382 nemo
2417 2325 2665 2395 desperet
2697 2339 2711 2375 :
2743 2324 2969 2378 multum
3016 2322 3230 2393 quidem
3276 2331 3377 2388 est,
3433 2322 3528 2378 sed
3577 2322 3669 2393 qui
3723 2325 3797 2378 sit

2204 2415 2398 2472 artifex
2418 2458 2435 2482 ,
2465 2416 2713 2487 cogitate.
2746 2414 2838 2469 Ille
2868 2413 3079 2478 refecit,
3112 2414 3203 2483 qui
3225 2412 3379 2480 fecit;
3410 2414 3499 2469 ille
3528 2413 3797 2470 reforma-

2205 2511 2299 2575 vit,
2317 2510 2405 2581 qui
2435 2509 2702 2564 formavit.
2721 2507 2980 2562 Judicabit
3002 2508 3171 2561 orbem
3192 2516 3439 2561 terrarum
3460 2507 3513 2561 in
3529 2508 3795 2575 a'quitate,

2203 2611 2251 2657 et
2276 2600 2491 2672 populos
2516 2601 2571 2656 in
2590 2601 2798 2655 veritate
2825 2616 2940 2654 sua.
2964 2599 3095 2666 Qua:
3120 2608 3203 2654 est
3227 2600 3450 2669 :equitas
3474 2608 3528 2653 et
3549 2599 3751 2653 veritas
3772 2600 3797 2652 τ

2205 2692 2561 2764 Congregabit
2585 2707 2767 2748 secum
2808 2690 3010 2747 electos
3034 2705 3159 2745 suos
3189 2690 3257 2745 ad
3279 2689 3622 2760 judieandum
3644 2704 3799 2764 ,ρω-

2208 2795 2354 2841 teros
2376 2791 2556 2839 autem
2575 2781 2843 2852 separabit
2866 2781 2933 2836 ab
2964 2781 3186 2835 invicem
3208 2799 3222 2834 :
3253 2756 3518 2851 positurus
3538 2789 3621 2837 est
3645 2756 3800 2836 enim

2205 2877 2342 2931 alios
2378 2874 2445 2930 ad
2473 2874 2767 2936 dexteram,
2799 2873 2933 2929 alios
2973 2873 3038 2927 ad
3083 2873 3375 2927 sinistram.
3424 2871 3560 2939 Quid
3612 2881 3801 2928 autem

2206 2967 2430 3037 aequius,
2458 2964 2585 3036 quid
2612 2964 2811 3031 verius,
2842 2979 3000 3033 quam
3046 2972 3103 3017 ut
3128 2979 3231 3018 non
3277 2972 3591 3034 exspectent
3630 2964 3803 3019 mise-

2207 3058 2490 3115 ricordiam
2522 3056 2589 3112 de
2609 3054 2810 3126 judice,
2841 3056 2930 3125 qui
2960 3055 3246 3110 noluerunt
3273 3052 3451 3111 facere
3488 3055 3803 3111 misericor-

2206 3151 2370 3217 diam,
2393 3157 2675 3218 antequam
2704 3145 2914 3202 veniret
2933 3144 3131 3211 judex?
3152 3132 3253 3213 Qui
3293 3153 3468 3200 autem
3511 3144 3803 3200 voluerunt

2209 3247 2384 3302 facere
2411 3238 2849 3305 misericordiam,
2873 3253 2993 3293 eum
3012 3236 3375 3293 misericordia
3388 3235 3801 3307 judicabuntur.

2209 3337 2423 3393 Dicetur
2452 3335 2593 3390 enim
2623 3332 2703 3388 eis
2728 3332 2797 3387 ad
2830 3331 3102 3387 dexteram
3133 3330 3319 3401 positis
3349 3342 3366 3386 :
3407 3327 3612 3395 Venite,
3642 3329 3803 3383 bene-

2209 3428 2333 3483 dicti
2352 3426 2527 3482 Ratris
2547 3426 2665 3492 mei,
2699 3423 2939 3495 percipite
2962 3438 3175 3493 regnum
3207 3421 3342 3493 quod
3379 3421 3515 3474 vobis
3559 3427 3803 3491 paratum

2210 3529 2280 3576 est
2299 3521 2359 3574 ab
2381 3518 2574 3590 origine
2592 3515 2791 3570 mundi.
2820 3502 2886 3569 Et
2914 3514 3135 3584 imputat
3161 3518 3323 3583 opera
3352 3509 3741 3567 misericordia:
3786 3527 3800 3562 :

2212 3612 2416 3667 Esurivi
2430 3611 2564 3664 enim
2583 3650 2598 3673 ,
2621 3617 2669 3662 et
2705 3606 2915 3661 dedistis
2935 3604 3060 3658 milii
3080 3603 3427 3667 manducare;
3447 3600 3602 3667 sitivi,
3626 3608 3677 3654 et
3697 3616 3804 3670 po-

2211 3705 2352 3759 lastis
2378 3718 2475 3766 me,
2499 3709 2554 3756 et
2581 3707 2793 3755 caetera.
2822 3697 3026 3752 Rursus
3063 3694 3130 3750 ad
3169 3694 3437 3750 sinistram
3459 3691 3647 3763 positis
3667 3691 3804 3761 quid

2212 3794 2549 3866 imputatur?
2600 3792 2733 3858 Quia
2791 3790 3079 3845 noluerunt
3132 3786 3305 3842 facere
3352 3782 3802 3840 misericordiam.

2216 3887 2285 3942 Et
2308 3900 2413 3956 quo
2438 3881 2625 3938 ibunt?
2652 3882 2733 3934 Ite
2750 3880 2803 3933 in
2824 3880 2994 3951 ignem
3017 3887 3279 3945 internum.
3307 3874 3408 3929 Iste
3445 3874 3659 3928 auditus
3681 3888 3805 3926 ma-

2215 3978 2299 4032 lus
2331 3990 2579 4047 magnum
2607 3971 2860 4044 gemitum
2909 3969 3067 4024 faciet
3097 3968 3136 4022 ί.
3170 3966 3276 4022 Sed
3316 3965 3444 4035 quid
3485 3964 3619 4019 dixit
3662 3964 3807 4018 alius

2218 4066 2495 4140 psalmus?
2524 4065 2591 4119 lu
2629 4064 2871 4119 memoria
2898 4064 3091 4116 aeterna
3129 4060 3222 4114 erit
3264 4060 3475 4131 justus;
3514 4055 3579 4110 ab
3617 4057 3807 4110 auditu

2216 4160 2351 4216 malo
2393 4175 2494 4213 non
2524 4156 2707 4212 timebit
2737 4153 2911 4223 (Psal.
2960 4168 3070 4218 ext,
3125 4150 3203 4222 7).
3257 4148 3396 4217 Quid
3437 4157 3539 4215 est,
3588 4146 3806 4202 auditus

2217 4250 2426 4307 malus?
2447 4248 2528 4303 Ite
2547 4248 2600 4302 in
2624 4247 2788 4318 ignem
2809 4254 3071 4307 internum,
3099 4242 3185 4312 qui
3210 4249 3418 4312 paratus
3437 4248 3505 4293 est
3535 4237 3737 4291 diabolo
3759 4247 3807 4291 et

2217 4342 2411 4413 angelis
2434 4342 2543 4412 ejus
2568 4338 2783 4410 (Matth.
2814 4351 2947 4399 xxv,
2972 4332 3181 4403 51-46).
3207 4332 3304 4399 Qui
3334 4329 3584 4402 gaudebit
3614 4327 3681 4383 ad
3707 4342 3809 4381 au-

2218 4435 2385 4488 ditum
2407 4432 2626 4493 bonum,
2654 4444 2760 4483 non
2794 4425 2997 4481 timebit
3021 4424 3089 4478 ab
3123 4423 3303 4477 auditu
3331 4420 3493 4475 malo.
3518 4419 3808 4486 Quomodo

2216 4523 2523 4596 gaudebunt
2549 4519 2617 4576 ad
2642 4518 2881 4573 auditum
2911 4514 3141 4571 bonum?
3174 4512 3347 4566 Venite
3366 4554 3379 4578 ,
3414 4510 3655 4565 benedicti
3696 4508 3808 4562 Pa-

2219 4620 2309 4675 tris
2330 4618 2445 4671 mei.
2479 4616 2543 4670 Et
2567 4630 2597 4668 a
2636 4627 2743 4684 quo
2771 4609 2950 4665 auditu
2984 4624 3091 4663 non
3122 4605 3420 4661 timebunt?
3449 4603 3529 4657 Ite
3556 4604 3608 4656 in
3634 4603 3808 4673 ignem

2219 4721 2463 4765 a'ternant
2483 4748 2498 4774 ,
2524 4706 2611 4776 qui
2641 4711 2850 4774 paratus
2884 4709 2960 4755 'est
2987 4697 3187 4752 diabolo
3214 4705 3259 4750 et
3289 4695 3480 4765 angelis
3518 4695 3648 4763 ejus.
3677 4692 3810 4747 HKJC

2218 4814 2301 4860 est
2327 4801 2569 4872 aequitas,
2597 4798 2710 4852 hinc
2746 4794 2965 4849 veritas.
3000 4789 3258 4844 Judicabit
3282 4787 3422 4841 enim
3450 4785 3618 4839 orbem
3646 4794 3811 4837 terra-

2221 4912 2335 4950 rum
2363 4894 2415 4947 in
2435 4890 2689 4961 azquitate,
2717 4894 2762 4941 et
2782 4884 2997 4957 papulas
3037 4883 3089 4934 in
3123 4881 3325 4934 veritate
3343 4894 3453 4932 sua.
3485 4878 3564 4929 An
3596 4876 3718 4946 quia
3750 4883 3809 4929 tu

2222 4988 2449 5056 injustas
2470 4997 2551 5047 es,
2573 4980 2748 5050 justus
2768 4992 2875 5031 non
2895 4976 2996 5030 erit
3012 4972 3207 5044 judex?
3233 4980 3325 5025 aut
3351 4970 3471 5040 quia
3504 4978 3558 5023 tu
3572 4966 3808 5022 mendax

2220 5095 2300 5143 cs,
2332 5090 2493 5131 verax
2514 5087 2623 5128 non
2651 5070 2754 5125 erit
2782 5066 3019 5122 veritas?
3055 5064 3161 5120 Sed
3186 5064 3229 5119 si
3254 5064 3335 5117 vis
3365 5061 3562 5116 habere
3589 5059 3810 5113 miseri-

2221 5168 2461 5231 cordem,
2488 5173 2606 5220 esto
2627 5161 2933 5217 misericors
2956 5165 3239 5226 antequam
3268 5154 3449 5209 veniat
3475 5170 3489 5208 :
3521 5152 3733 5207 dimitte
3764 5150 3809 5206 si

2221 5262 2347 5332 quid
2373 5261 2427 5314 in
2457 5269 2509 5313 te
2536 5256 2881 5311 commissum
2911 5258 3015 5315 est,
3053 5249 3120 5303 da
3144 5265 3208 5304 ex
3233 5263 3297 5304 co
3318 5262 3424 5318 quo
3454 5244 3716 5302 abundas.
3744 5245 3813 5300 Et

2222 5355 2288 5407 de
2318 5352 2470 5421 cujus
2486 5348 2607 5412 .das,
2641 5346 2743 5400 nisi
2769 5344 2838 5399 de
2864 5342 3120 5398 illiusi-Si
3153 5341 3221 5396 de
3248 5349 3338 5395 tu»
3377 5339 3557 5405 dares,
3589 5337 3807 5407 largitio

2227 5451 2371 5498 esset
2396 5456 2410 5493 :
2439 5428 2559 5494 cum
2588 5436 2658 5491 de
2684 5436 2826 5489 illius
2846 5433 2964 5500 das,
2987 5432 3213 5487 redditio
3246 5440 3346 5487 est.
3375 5429 3508 5497 Quid
3539 5427 3681 5483 enim
3713 5425 3811 5480 ha-

2227 5528 2498 5600 hes,quod
2520 5542 2624 5581 non
2648 5524 2898 5595 accepisti
2925 5522 2969 5597 (ι
2995 5522 3114 5577 Cor.
3142 5538 3214 5586 tv,
3235 5522 3326 5592 7)?
3355 5521 3446 5575 Hie
3473 5528 3597 5576 sunt
3620 5518 3813 5573 hostia:

2186 5686 2199 5697 ο
2230 5623 2338 5677 Deo
2361 5618 2710 5690 gratissimze,
2737 5613 3138 5677 misericordia,
3173 5612 3477 5678 humilitas,
3509 5608 3813 5674 confessio,

2292 5754 2304 5784 ¹
2335 5758 2432 5799 nuo
2453 5755 2580 5807 Mss,
2600 5745 2756 5797 habet.

2292 5816 2362 5875 (α)
2399 5813 2497 5860 vid.
2523 5799 2676 5860 'I‘ract.
2701 5810 2732 5859 9
2756 5810 2803 5859 in
2826 5816 2981 5869 Joau.,
3010 5822 3057 5855 n.
3088 5805 3171 5867 li;
3201 5814 3249 5855 ct
3270 5810 3421 5854 Traet.
3451 5801 3525 5863 l0,
3551 5814 3601 5850 ιι.
3632 5799 3704 5849 12.
