4056 6512
312 394 454 450 1237

307 503 710 577 [tenebar-itas.
739 504 849 562 llas
877 514 1248 578 apportemus,
1269 516 1327 564 et
1363 509 1534 567 securi
1565 510 1898 580 exspectabi-

306 612 432 652 mus
449 595 742 677 adventum
780 596 997 666 judicis,
1043 599 1134 669 qui
1177 599 1418 667 iudicabit
1456 601 1623 655 orbem
1651 609 1899 656 terrarum

304 689 360 743 in
389 689 648 760 αιιιὶιαιε,
665 696 712 743 et
742 689 962 760 populos
980 689 1035 743 in
1053 690 1258 744 veritate
1276 707 1394 746 sua.

706 893 788 956 IN
833 893 1217 957 PSALMUM
1251 881 1450 959 xcvi

902 1015 1036 1072 ENA
1047 1016 1321 1074 RRATIO.

743 1182 756 1192 ,
819 1143 992 1204 saeuo
1027 1145 1098 1185 ΔΙ)
1126 1146 1384 1206 Ρριηιιυιι.

370 1268 422 1322 l.
453 1264 644 1336 Magna
666 1264 968 1335 spectacula
998 1264 1140 1321 Deus
1168 1265 1368 1336 praebet
1396 1265 1542 1322 cordi
1571 1265 1882 1336 christiano,

290 1371 350 1418 et
374 1361 570 1432 quibus
600 1374 730 1416 vere
755 1357 889 1415 nihil
919 1359 1085 1429 possit
1110 1358 1394 1429 jucundius
1423 1360 1646 1414 inveniri
1670 1375 1685 1424 ;
1717 1360 1762 1414 si
1801 1368 1882 1414 ta-

295 1467 420 1507 men
449 1450 844 1521 adsitpalatum
869 1448 1014 1515 fidei,
1031 1448 1115 1503 cui
1144 1450 1317 1519 sapiat
1340 1449 1442 1504 mel
1472 1449 1583 1504 Dei.
1602 1449 1883 1505 Credimus

291 1544 546 1600 omnibus
572 1542 746 1609 vobis,
769 1541 858 1613 qui
885 1541 936 1596 in
962 1539 1290 1596 Salvatorem
1322 1550 1558 1596 nostrum
1586 1551 1697 1597 toto
1720 1542 1882 1597 corde

289 1635 627 1701 credidistis,
659 1635 836 1690 inesse
881 1632 1136 1704 Spiritum
1183 1632 1335 1703 ejus,
1380 1632 1470 1702 qui
1513 1647 1609 1687 vos
1647 1632 1880 1688 delectet

287 1745 411 1786 cum
465 1729 714 1799 leguntur
762 1725 1090 1796 prophetiae,
1161 1734 1286 1781 ante
1328 1735 1406 1780 tot
1443 1740 1613 1780 annos
1661 1727 1880 1795 prolatae

287 1839 356 1880 ex
403 1836 502 1878 ore
544 1826 891 1885 sanctorum,
947 1827 1002 1874 et
1029 1827 1147 1887 post
1197 1826 1275 1872 tot
1320 1831 1490 1872 annos
1542 1817 1772 1887 impleta:
1823 1819 1878 1873 in

283 1915 390 1972 ﬁde
415 1911 672 1986 gentium.
696 1910 938 1983 Magnam
960 1910 1103 1966 enim
1131 1909 1514 1980 iucunditatem
1543 1918 1666 1964 tunc
1691 1925 1879 1980 carpe-

284 2007 419 2062 bant
447 2005 549 2076 ipsi
575 2003 748 2060 sancti
777 1999 1060 2073 Pr0phetae
1078 2043 1092 2068 ,
1117 2016 1239 2056 cum
1267 2015 1331 2056 ea
1358 2000 1607 2057 vldcbant
1635 2002 1687 2056 in
1715 2002 1876 2072 spiri-

284 2110 346 2155 tu
372 2140 388 2166 ,
415 2113 523 2154 non
545 2097 648 2168 jam
675 2095 893 2166 impleta
913 2136 927 2160 ,
959 2093 1054 2150 sed
1081 2093 1258 2148 adhuc
1283 2091 1478 2148 futura.
1499 2092 1626 2148 Erat
1653 2093 1733 2148 eis
1756 2108 1873 2147 ma-

286 2204 396 2261 gna
423 2187 696 2244 delectatio
722 2204 736 2238 :
767 2185 862 2240 sed
906 2193 1085 2240 tamen
1115 2195 1168 2240 et
1199 2184 1298 2253 ipsi
1331 2198 1428 2254 pro
1465 2183 1725 2241 charitate
1768 2200 1872 2254 qua

281 2281 338 2336 in
367 2295 470 2335 nos
495 2277 698 2335 accensi
725 2283 912 2343 erant,
939 2289 1075 2346 quos
1104 2276 1336 2330 nondum
1369 2275 1656 2342 videbant,
1681 2277 1870 2345 ctspi-

279 2374 382 2429 ritu
410 2370 806 2443 parturiebant;
846 2369 1141 2435 volebant,
1177 2369 1223 2424 si
1266 2368 1380 2424 fieri
1423 2379 1637 2439 posset,
1670 2370 1723 2424 in
1767 2371 1870 2426 hoc

280 2474 524 2534 tempore
569 2462 844 2518 nobiscum
871 2460 1083 2527 vivere,
1123 2468 1178 2517 et
1211 2459 1395 2516 videre
1423 2460 1638 2532 impleta
1667 2477 1785 2532 qua:
1813 2463 1866 2517 iu

277 2555 465 2626 Spiritu
497 2553 906 2624 prapbetabant.
935 2551 1064 2608 Inde
1093 2551 1348 2608 Dominus
1391 2551 1666 2622 discipulis
1713 2554 1826 2608 suis
1846 2595 1862 2618 ,

271 2645 380 2716 jam
413 2645 515 2699 ista
541 2642 727 2698 videre
752 2641 1156 2713 incipientibus,
1185 2642 1260 2697 ait
1291 2660 1305 2698 :
1339 2640 1494 2698 Multi
1515 2643 1647 2714 justi
1671 2653 1717 2698 et
1747 2661 1867 2714 pro-

276 2740 442 2809 phetia
469 2736 736 2792 voluerunt
761 2736 929 2791 videre
951 2751 1066 2807 quae
1091 2736 1299 2805 ridetis,
1331 2745 1378 2790 et
1403 2751 1506 2791 non
1534 2737 1795 2803 viderunt,-
1820 2748 1865 2792 ει

271 2832 454 2885 audire
473 2845 586 2900 quae
617 2829 834 2896 auditis,
869 2836 916 2882 et
941 2843 1043 2883 non
1071 2829 1340 2884 audierunt
1364 2826 1587 2900 (Matth.
1608 2843 1720 2894 xm,
1747 2830 1872 2900 17)..

270 2922 532 2992 Quamvis
555 2921 696 2975 enim
726 2919 969 2976 viderent
995 2921 1095 2975 ista
1137 2920 1190 2974 in
1221 2919 1445 2990 spiritu,
1473 2929 1646 2977 tamen
1678 2920 1855 2977 futura

272 3013 378 3068 illis
419 3011 654 3084 quodam
696 3011 858 3066 modo
903 3009 1316 3067 formabuntur:
1367 3012 1636 3081 Apostolis
1681 3024 1861 3069 autem

266 3105 375 3174 jam
410 3103 691 3174 prazsentia
718 3102 1098 3158 reddebantur.
1129 3101 1277 3158 Unde
1301 3102 1392 3158 ille
1414 3101 1629 3159 Simeon
1647 3144 1662 3170 ,
1685 3103 1863 3173 justus

267 3181 488 3267 quidam
517 3209 686 3250 senex
711 3235 726 3259 ,
777 3195 1002 3249 multum
1043 3193 1330 3249 exsultavit
1366 3194 1557 3249 videns
1602 3194 1860 3252 infantem

267 3289 476 3356 .lesum,
509 3297 564 3344 et
591 3301 885 3360 agnoscens
915 3285 967 3341 in
998 3300 1166 3358 parvo
1193 3299 1442 3357 magnum
1463 3327 1477 3352 ,
1505 3295 1560 3342 et
1584 3287 1634 3341 in
1666 3288 1858 3359 exigua

267 3397 432 3438 carne
461 3394 792 3452 cognoscens
831 3379 952 3436 cteli
982 3388 1037 3434 et
1075 3386 1234 3434 terra:
1262 3378 1592 3434 Creatorem.
1637 3379 1856 3436 Multum

264 3488 395 3545 ergo
444 3471 761 3536 exsultavit,
804 3470 924 3540 quia
969 3483 1288 3540 responsum
1335 3480 1616 3542 acceperat
1663 3485 1768 3526 non
1799 3486 1859 3527 se

265 3568 538 3621 exiturum
567 3579 686 3621 esse
713 3564 780 3620 de
811 3565 909 3618 hac
935 3564 1045 3619 vita
1065 3602 1080 3629 ,
1125 3562 1433 3634 priusquam
1474 3562 1679 3620 videret
1716 3563 1858 3618 salu-

267 3669 381 3712 tare
413 3658 530 3712 Dei.
560 3656 790 3726 Agnovit
818 3669 944 3725 ergo
974 3652 1120 3708 illum
1141 3693 1156 3718 ,
1181 3652 1505 3724 jucundatus
1528 3661 1644 3722 est,
1676 3654 1854 3710 exsul-

266 3751 396 3804 tavit
425 3748 658 3820 gaudio;
688 3756 742 3803 et
768 3747 870 3802 hoc
907 3747 1019 3802 ait:
1048 3745 1293 3813 Domine,
1321 3763 1455 3801 nunc
1499 3747 1710 3802 dimittis
1744 3764 1854 3804 ser-

263 3857 381 3894 rum
411 3849 553 3893 tuum
581 3839 635 3892 in
655 3852 812 3908 pace;
837 3837 1074 3907 quoniam
1095 3836 1327 3891 viderunt
1352 3837 1487 3892 oculi
1511 3837 1610 3891 mei
1636 3838 1870 3900 salutare.

263 3945 410 3986 tuum
439 3929 590 4000 (Luc.
610 3945 665 3995 ιι,
691 3926 909 4000 2550).
929 3926 1115 3996 Magna
1140 3935 1223 3982 εει
1240 3942 1370 3997 ergo
1394 3926 1492 3982 ista
1519 3925 1852 3997 iucunditas;

262 4033 315 4076 et
344 4023 488 4076 hanc
517 4019 643 4075 facit
670 4018 921 4076 charitas.
947 4017 1202 4072 Delectati
1225 4031 1439 4085 sumus,
1470 4033 1590 4072 cum
1615 4018 1854 4088 psalmus

262 4117 364 4171 iste
391 4120 698 4169 cantarctur
720 4129 734 4165 :
759 4118 815 4166 et
838 4109 1079 4181 quaedam
1107 4109 1177 4165 ibi
1201 4109 1270 4163 ab
1299 4108 1546 4164 omnibus
1580 4108 1852 4165 intellecta

260 4217 386 4262 sunt
409 4224 426 4274 ;
448 4205 691 4278 quaedam
719 4218 846 4260 vero
861 4246 875 4271 ,
898 4212 1154 4273 quantum
1179 4201 1522 4266 arbitramur,
1552 4207 1646 4256 aut
1667 4215 1697 4254 a
1720 4215 1852 4270 pau-

259 4301 337 4353 eis
362 4341 377 4364 ,
432 4307 525 4353 aut
548 4305 695 4353 certe
723 4310 828 4350 non
860 4295 926 4350 ab
953 4293 1222 4349 omnibus.
1263 4290 1432 4346 Simul
1463 4305 1591 4361 ergo
1615 4291 1764 4346 illum
1793 4291 1849 4348 in

261 4393 365 4445 isto
392 4403 647 4444 sermone
665 4429 680 4454 ,
707 4387 758 4441 in
785 4401 892 4458 quo
916 4383 1068 4440 vobis
1095 4383 1376 4447 servimus,
1404 4381 1807 4439 consideremus
1831 4399 1847 4450 ;

259 4493 310 4536 et
347 4479 629 4535 videamus
673 4487 868 4548 quanta
917 4474 1223 4546 dignatione
1263 4489 1358 4529 nos
1393 4473 1534 4528 Deus
1576 4472 1850 4530 laetiﬁcare

262 4571 451 4633 voluit,
486 4566 860 4640 prmsentando
885 4579 1004 4637 quae
1025 4565 1302 4636 promisit,
1330 4573 1387 4620 et
1412 4563 1565 4621 nobis
1590 4563 1849 4621 exhibens

260 4663 541 4717 veritatem
572 4657 849 4730 promissis
875 4656 1009 4712 suis.

324 4752 382 4809 ἒ.
410 4749 577 4825 [ven
609 4749 696 4822 1.]
719 4747 1028 4803 Inscribitur
1063 4744 1339 4812 Psalmus,
1371 4743 1482 4817 Ipsi
1511 4743 1708 4812 David,
1731 4761 1848 4800 cum

259 4855 392 4899 terra
415 4845 529 4914 ejus
554 4839 780 4897 restituta
801 4849 892 4895 est.
908 4839 1099 4894 Totum
1126 4836 1193 4892 ad
1218 4836 1485 4892 Christum
1511 4851 1843 4905 revocemus,

259 4936 303 4990 si
329 4934 585 4988 volumus
610 4931 713 4986 iter
737 4937 896 4986 recta:
921 4927 1284 4997 intelligentia:
1311 4935 1492 4980 tenere
1517 4943 1529 4980 :
1561 4943 1665 4980 non
1693 4942 1844 4981 rece-

256 5024 450 5078 damus
492 5036 524 5076 a
560 5020 734 5091 lapide
763 5018 1002 5090 angulari
1049 5016 1280 5089 (Ep/tes.
1310 5031 1383 5083 ιι,
1408 5015 1515 5085 20)
1539 5056 1554 5081 ,
1585 5032 1652 5072 ne
1681 5017 1843 5072 intel-

254 5116 427 5170 lectus
454 5121 638 5168 noster
664 5111 870 5165 ruinam
902 5108 1058 5163 faciat
1093 5124 1110 5162 :
1164 5109 1214 5161 in
1242 5107 1334 5160 illo
1368 5104 1658 5170 solidetur,
1700 5105 1844 5176 quod

253 5204 499 5262 instabili
541 5210 688 5258 motu
736 5200 988 5264 nutabat;
1020 5200 1072 5252 in
1104 5197 1194 5252 illo
1225 5195 1530 5263 incumbat,
1561 5196 1703 5265 quod
1750 5211 1844 5265 per

251 5300 463 5354 incerta
509 5293 793 5367 pendebat.
823 5291 1089 5362 Quidquid
1117 5288 1464 5345 dubitationis
1487 5287 1646 5342 habet
1684 5287 1844 5343 homo

255 5392 308 5447 in
337 5391 527 5446 animo
560 5386 758 5442 auditis
784 5384 1073 5455 Scripturis
1099 5382 1226 5447 Dei,
1258 5396 1287 5434 a
1310 5380 1527 5436 Christo
1554 5393 1658 5434 non
1688 5394 1840 5434 rece—

253 5481 386 5546 dat;
416 5495 541 5537 cum
568 5479 616 5534 ei
648 5477 809 5533 fuerit
835 5477 888 5531 in
925 5477 1029 5530 illis
1069 5474 1249 5530 verbis
1273 5470 1516 5528 Christus
1544 5473 1842 5544 revelatus,

257 5575 524 5645 intelligat
549 5588 608 5628 se
635 5571 1005 5626 intellexisse:
1048 5580 1332 5639 antequam
1357 5577 1535 5624 autem
1567 5568 1844 5654 perveniat

253 5666 318 5720 ad
342 5665 544 5722 Christi
573 5661 930 5726 intellectum,
962 5675 1066 5716 non
1095 5675 1153 5715 se
1180 5667 1468 5730 prtesumat
1491 5658 1835 5713 intellexisse.

262 5756 406 5812 Finis
433 5756 568 5811 enim
601 5753 750 5824 Legis
779 5752 1012 5807 Christus.
1033 5761 1134 5816 est,
1171 5752 1238 5803 ad
1274 5750 1527 5821 justitiam
1565 5749 1704 5803 omni
1729 5763 1840 5801 cre-

260 5850 396 5906 denti
427 5849 446 5921 (
472 5847 620 5904 llam.
651 5863 712 5917 ι,
745 5846 779 5902 4
799 5844 837 5917 ).
860 5831 1098 5914 Quidest
1127 5860 1257 5915 ergo
1282 5886 1295 5910 ,
1323 5838 1385 5900 cl'
1401 5842 1668 5915 quomodo
1699 5841 1837 5898 acci-

1447 395 1841 454 ENARRATIO
1879 398 1945 454 IN
1983 399 2303 464 essenon
2342 408 2523 468 xcvr.
2575 373 2590 384 ’

3454 435 3586 492 1238

2007 515 2146 584 pitur
2191 520 2242 574 in
2287 521 2500 580 Christo
2523 568 2537 593 ,
2569 526 2697 584 Cum
2720 540 2855 586 terra
2893 535 3000 606 ejus
3041 540 3270 596 restituta
3307 547 3422 599 est?
3450 548 3582 606 Nam

2002 614 2269 712 quomodo
2292 616 2454 712 David
2479 621 2797 702 intelligatur
2817 624 3058 688 Christus
3076 676 3098 710 ρ
3126 633 3278 692 facile
3293 626 3388 696 est
3411 656 3582 712 agno-

2000 715 2171 785 scere.
2199 704 2441 766 Christus
2469 713 2612 768 enim
2638 730 2706 773 ex
2731 717 2889 774 Maria
2914 762 2931 788 ,
2971 732 3026 779 et
3053 704 3120 780 ex
3143 729 3348 786 semine
3371 704 3536 789 David
3562 751 3578 800 ;

2000 799 2054 847 et
2075 793 2196 864 quia
2222 811 2286 853 ex
2312 802 2516 860 semine
2540 808 2655 876 ejus
2681 807 2888 868 futurus
2912 823 3028 870 erat
3045 856 3060 882 ,
3090 828 3372 890 propterea
3397 799 3572 880 nomi-

2000 883 2207 982 ne-ejus
2231 887 2283 982 in
2314 891 2478 962 figura
2497 896 2926 966 prophetabatur.
2944 883 3275 976 Ergo-David
3297 900 3539 970 Christus
3557 934 3575 982 _:

1996 975 2117 1044 quia
2147 987 2202 1034 et
2229 977 2596 1053 interpretatio
2624 989 2788 1048 David
2818 993 2992 1072 Manu
3020 975 3172 1056 fortis
3221 1010 3304 1060 est
3328 1019 3344 1072 ;
3372 1014 3426 1060 et
3453 978 3575 1078 quis

1995 1075 2102 1158 tam
2132 1085 2292 1128 manu
2321 1074 2472 1134 fortis
2495 1120 2509 1144 ,
2538 1096 2696 1150 quam
2721 1085 2811 1154 qui
2838 1085 2904 1142 de
2931 1103 3090 1148 cruce
3119 1094 3375 1152 mundum
3404 1074 3577 1158 vicit?

1991 1157 2124 1214 Nam
2148 1173 2266 1231 post
2290 1171 2732 1229 resurrectionem
2758 1185 2809 1231 et
2833 1182 3200 1240 ascensionem
3243 1173 3382 1258 ejus,
3421 1204 3574 1246 acce-

1993 1260 2085 1320 pto
2114 1253 2313 1324 Spiritu
2339 1267 2558 1331 sancto,
2589 1262 2928 1333 loquentibus
2963 1272 3230 1343 Apostolis
3272 1253 3436 1338 variis
3463 1282 3570 1338 lin-

1988 1343 2136 1412 guis,
2182 1357 2445 1405 commota
2488 1353 2768 1412 multitudo
2812 1374 2996 1416 eorum
3038 1363 3272 1434 ipsorum
3314 1370 3404 1441 qui
3444 1387 3572 1429 eum

1988 1437 2393 1508 cruciﬁxerant,
2438 1447 2721 1504 consilium
2763 1454 3006 1522 quaesivit
3051 1457 3272 1528 salutis;
3321 1437 3567 1535 accepit,

1987 1529 2242 1599 credidit;
2273 1531 2510 1604 ignotum
2541 1549 2621 1596 est
2644 1583 2660 1610 ,
2691 1542 2918 1601 donatus
2957 1558 3038 1604 est
3080 1561 3259 1608 reatus
3299 1529 3569 1628 sanguinis

1984 1616 2215 1688 Christi,
2289 1625 2590 1697 iinpcrtitus
2641 1643 2724 1690 est
2776 1647 2933 1707 potus
2981 1635 3254 1714 sanguinis
3319 1616 3563 1717 Christi;

1983 1710 2107 1810 lacti
2151 1725 2278 1772 sunt
2325 1717 2512 1778 fideles
2561 1723 2676 1795 ejus
2703 1729 2856 1798 cujus
2901 1710 3110 1789 fuerant
3161 1710 3566 1810 persecutores;

1983 1802 2320 1863 crediderunt
2377 1809 2427 1865 in
2474 1828 2594 1870 eum
2643 1833 2802 1889 quem
2858 1802 3272 1895 crucifixerunt,
3335 1839 3391 1886 et
3442 1841 3569 1890 ante

1981 1909 2138 1964 quem
2168 1897 2482 1960 insultantes
2521 1917 2682 1978 caput
2704 1911 3086 1984 agitaveruut;
3114 1934 3235 1975 eum
3279 1915 3447 1992 ipsum
3477 1941 3567 1981 ca-

1981 1995 2075 2055 put
2101 1987 2295 2047 habere
2343 1993 2624 2052 voluerunt
2653 1997 2801 2070 (Act.
2835 2003 2930 2073 ιι).
2977 2005 3052 2061 lta
3083 2023 3211 2080 ergo
3237 1987 3462 2068 restituta
3490 2025 3565 2070 est

1979 2084 2112 2132 terra
2141 2081 2248 2150 ejus
2266 2123 2280 2147 ,
2310 2083 2457 2154 quod.
2478 2087 2638 2145 habet
2665 2091 2848 2149 titulus
2873 2095 3255 2156 Psalmi.Tcrra
3273 2104 3416 2159 enim
3446 2106 3561 2176 ejus

1977 2168 2188 2226 Judzea:
2213 2183 2267 2228 et
2286 2177 2516 2245 perierat
2535 2182 2708 2239 omnis
2727 2178 2927 2254 Iudaea,
2953 2191 3164 2260 quando
3184 2168 3563 2255 cruciiixerunt

1978 2261 2258 2322 Dominum
2288 2283 2439 2325 suum
2485 2272 2819 2344 ignorantes,
2856 2279 3150 2350 phrenetici
3195 2271 3476 2347 szcvientes
3505 2293 3557 2349 in

1975 2355 2272 2428 medicum,
2312 2370 2368 2417 et
2405 2365 2631 2422 salutem
2673 2365 2877 2428 insania
2908 2377 3246 2446 repellentes.
3283 2382 3560 2456 Tanquam

1974 2459 2102 2517 ergo
2147 2449 2386 2518 perierat
2407 2454 2588 2512 iudica
2636 2467 2782 2515 tota:
2824 2479 2983 2534 quam
3035 2477 3141 2523 tota
3176 2471 3236 2525 '?
3265 2471 3366 2546 Ipsi
3396 2449 3558 2532 etiam
3590 2465 3592 2468 ’

1971 2535 2213 2608 Apostoli
2246 2543 2659 2613 trepidaverunt.
2689 2551 2879 2608 Petrus
2907 2557 2996 2627 qui
3041 2559 3228 2615 audaci
3269 2535 3554 2624 dilectione

1971 2629 2327 2699 sequebatur,
2361 2635 2542 2693 timida
2589 2642 2942 2712 trepidatione
2981 2657 3062 2703 ter
3089 2653 3317 2722 negavit.
3345 2653 3552 2713 Resur-

1970 2734 2132 2790 gens,
2167 2721 2218 2778 in
2261 2726 2344 2782 via
2391 2729 2648 2798 quosdam
2676 2733 2955 2806 loquentes
2988 2721 3175 2796 secum
3207 2744 3274 2800 de
3298 2761 3392 2815 se,
3423 2749 3556 2806 tales

1969 2811 2172 2869 invenit
2201 2815 2314 2886 ipse
2337 2819 2590 2877 Dominus
2616 2823 2770 2880 Iesus
2808 2826 3071 2898 Christus,
3108 2844 3166 2887 ut
3209 2811 3450 2894 dicerent
3478 2841 3554 2896 illi

1969 2907 2224 2975 quzcrenti
2252 2909 2393 2967 unde
2413 2905 2848 2984 colloquerentur
2873 2938 2884 2974 :
2923 2938 2940 2972 ι
2972 2919 3051 2976 Tu
3075 2923 3223 2979 solus
3245 2929 3556 2999 peregrinus

1968 3009 2029 3051 es
2059 2997 2109 3051 in
2136 2997 2461 3070 JeruSaIem,
2488 3014 2542 3060 et
2571 3023 2675 3062 non
2705 3011 3000 3080 cognovisti
3030 3029 3150 3084 qua:
3176 3014 3314 3072 facta
3338 2997 3461 3074 sunt
3501 3022 3551 3076 in

1968 3086 2054 3141 illa
2084 3087 2166 3144 his
2193 3089 2420 3148 diebus?
2443 3094 2644 3161 Quibus
2671 3097 2760 3153 ille
2785 3100 2917 3156 dixit
2940 3120 2952 3155 :
2982 3101 3150 3169 Quae?
3172 3104 3240 3160 Et
3266 3107 3514 3164 dixerunt
3537 3129 3548 3162 :

1967 3177 2044 3233 lle
2068 3178 2195 3234 Jesu
2238 3180 2544 3253 Nazarene,
2594 3188 2682 3255 qui
2730 3189 2825 3244 fuit
2857 3192 2936 3246 vir
2964 3197 3225 3264 propheta
3258 3207 3452 3268 potens
3498 3202 3550 3256 in

1965 3284 2129 3341 opere
2176 3281 2231 3327 et
2267 3288 2550 3343 sermone,
2579 3292 2760 3334 coram
2790 3281 2900 3338 Deo
2943 3291 3000 3339 et
3045 3287 3191 3345 omni
3238 3291 3466 3359 populo;
3494 3305 3551 3349 et

1963 3360 2232 3430 quomodo
2252 3378 2373 3418 eum
2397 3365 2727 3424 tradiderunt
2748 3373 2940 3428 summi
2962 3376 3268 3435 sacerdotes
3288 3381 3309 3412 ²
3329 3390 3382 3436 et
3403 3383 3552 3452 prin~

1963 3453 2109 3524 cipcs
2140 3455 2304 3510 nostri
2332 3456 2384 3512 in
2418 3457 2814 3520 damnationem
2855 3468 3063 3538 mortis,
3095 3478 3149 3526 et
3171 3474 3550 3532 crucitixerunt

1963 3559 2110 3602 eum.
2142 3545 2250 3602 Nos
2277 3557 2456 3604 autem
2485 3553 2833 3632 sperabamus
2859 3557 2980 3626 quia
3028 3559 3141 3630 ipse
3169 3572 3312 3618 esset
3341 3565 3549 3623 redem-

1964 3647 2152 3720 pturus
2170 3636 2331 3694 lsrael
2358 3658 2377 3693 ι
2413 3639 2581 3713 (Luc.
2607 3659 2752 3712 xxrv,
2788 3646 2999 3719 18-21).
3030 3648 3146 3704 Jam
3183 3668 3331 3722 spem
3353 3653 3547 3712 Christi

1961 3718 2322 3806 perdiderant.
2344 3732 2460 3788 Non
2492 3735 2632 3791 enim
2661 3735 2943 3807 dixerunt,
2989 3740 3282 3812 Speramus
3310 3763 3432 3803 eum
3457 3765 3548 3805 rc-

1961 3820 2327 3892 dempturum;
2356 3825 2471 3892 sed,
2502 3825 2844 3898 Sperabamus
2870 3833 3006 3900 quod
3042 3845 3168 3888 esset
3196 3835 3547 3908 redempturus

1961 3910 2145 3968 Israel.
2179 3913 2297 3984 Ipse
2323 3932 2442 3971 cum
2473 3918 2553 3972 eis
2583 3928 2697 3973 erat
2719 3961 2734 3987 ,
2780 3917 2844 3976 et
2877 3936 2999 3990 spes
3039 3922 3180 3980 illius
3211 3925 3260 3980 in
3295 3928 3398 3982 illis
3437 3944 3546 3985 non

1959 4014 2093 4061 erat.
2125 4006 2372 4062 Ostendit
2399 4024 2456 4064 sc
2485 4009 2616 4077 illis,
2641 4009 3006 4069 manifestatus
3035 4024 3120 4070 est
3144 4017 3303 4072 etiam
3333 4021 3544 4077 caeteris

1958 4096 2232 4168 discipulis
2255 4140 2270 4164 ,
2298 4099 2446 4156 visus
2465 4142 2479 4166 ,
2509 4110 2904 4171 contrectatus,
2933 4113 2988 4160 et
3018 4106 3265 4164 inventus
3294 4109 3399 4166 illis
3419 4113 3542 4181 qui-

1958 4189 2058 4244 bus
2079 4189 2188 4259 jam
2217 4191 2419 4260 perisse
2447 4183 2760 4250 videbatur:
2810 4205 3056 4252 revocata
3083 4207 3167 4254 est
3189 4197 3319 4255 fides
3356 4216 3558 4274 eorum.

1957 4281 2046 4351 qui
2073 4281 2414 4348 ceciderant;
2455 4285 2687 4338 restituta
2716 4294 2788 4340 est
2816 4295 2948 4341 terra
2977 4289 3106 4360 ejus.
3142 4289 3345 4346 Deinde
3391 4292 3543 4349 factis

1956 4384 2076 4424 cum
2102 4371 2180 4425 eis
2204 4370 2554 4442 quadraginta
2575 4373 2788 4445 diebus,
2815 4378 3057 4434 ascendit
3085 4379 3135 4432 in
3167 4380 3360 4435 caelum
3392 4382 3410 4454 (
3426 4383 3555 4436 Act.‘

1957 4480 2008 4531 ι,
2039 4467 2072 4521 5
2092 4507 2106 4531 ,
2139 4462 2172 4520 9
2196 4465 2249 4536 );
2277 4472 2332 4520 et
2357 4507 2371 4529 ,
2403 4466 2541 4520 sicut
2572 4468 2730 4537 paulo
2754 4477 2880 4525 ante
2904 4473 3348 4540 commemoravi,
3377 4475 3542 4529 misso

1956 4555 2158 4626 Spiritu
2187 4566 2372 4610 sancto
2397 4555 2523 4611 fecit
2554 4555 2845 4627 discipulos
2875 4575 3033 4633 suqs,
3061 4562 3251 4617 idiotas
3271 4563 3537 4634 homines,

1955 4645 2099 4718 loqui
2125 4646 2363 4700 omnium
2395 4647 2632 4716 gentium
2663 4647 2878 4720 linguis.
2904 4650 3055 4706 Tune
3091 4652 3165 4708 illi
3209 4669 3304 4723 pro
3347 4655 3554 4726 quibus

1956 4752 2063 4792 non
2093 4735 2290 4792 frustra
2316 4736 2545 4804 dixerat,
2578 4737 2758 4808 Pater,
2785 4741 2990 4812 ignosce
3014 4741 3136 4811 iiiis,
3165 4745 3285 4816 quia
3312 4747 3540 4802 nesciunt

1953 4829 2075 4901 quid
2101 4829 2292 4899 faciunt
2320 4827 2478 4904 (Luc;
2502 4846 2631 4886 mu
2650 4873 2664 4898 ,
2693 4833 2761 4887 54
2782 4832 2800 4903 )
2824 4875 2839 4899 ,
2870 4837 3123 4890 commoti
3147 4878 3161 4902 ,
3191 4847 3248 4892 ut
3270 4837 3535 4905 diximus,

1952 4921 2278 4991 quzesierunt
2305 4921 2531 4976 salutem
2549 4964 2565 4988 ,
2593 4923 2874 4978 consilium
2897 4937 3221 4996 acceperunt
3246 4937 3306 4984 ut
3331 4929 3382 4984 in
3413 4944 3534 4986 eum

1951 5011 2271 5078 crederent;
2298 5011 2643 5069 crediderunt
2673 5029 2778 5070 uno
2799 5014 2885 5071 die
2913 5017 3013 5071 tria
3042 5018 3240 5086 millia,
3271 5027 3325 5074 et
3349 5034 3536 5076 rursus

1951 5101 2185 5172 quinque
2222 5101 2384 5156 millia
2417 5100 2564 5173 (Act.
2594 5119 2660 5170 ιι,
2693 5104 2753 5160 41
2783 5121 2798 5171 ;
2828 5115 2873 5160 et
2900 5122 2951 5160 Iv
2973 5148 2986 5172 ,
3015 5105 3110 5178 4);
3131 5109 3294 5178 C(Bpil.
3332 5106 3536 5166 fervere

1953 5207 2048 5262 per
2067 5189 2306 5246 Iudaeam
2333 5192 2572 5249 Ecclesia
2597 5193 2838 5264 Christi,
2885 5197 2976 5252 ubi
3023 5197 3293 5254 ferbuerat
3331 5214 3535 5270 oppro-

1951 5282 2124 5337 brium
2169 5281 2402 5353 Christi;
2433 5292 2487 5338 et
2529 5286 2758 5339 restituta
2804 5296 2877 5341 est
2924 5296 3058 5341 terra
3097 5289 3228 5359 ejus.
3261 5288 3364 5344 Sed
3407 5291 3538 5361 quia

1951 5375 2168 5431 dixerat
2197 5377 2312 5448 ipse
2336 5417 2352 5442 ,
2384 5374 2561 5432 Habeo
2591 5377 2723 5432 alias
2765 5395 2877 5433 oves
2913 5395 3026 5448 qua:
3065 5396 3164 5434 non
3203 5390 3320 5435 sunt
3347 5381 3412 5436 de
3439 5381 3537 5436 hoc

1951 5467 2069 5522 ovili
2086 5484 2104 5533 ;
2132 5477 2326 5537 oportet
2352 5474 2433 5522 "me
2457 5477 2503 5522 et
2543 5486 2628 5524 eas
2657 5470 2909 5524 adducere
2927 5511 2942 5535 ,
2972 5480 3028 5524 ut
3071 5471 3136 5525 sit
3176 5488 3308 5529 unus
3332 5476 3456 5546 grex
3487 5479 3535 5530 et

1954 5574 2086 5612 unus
2134 5566 2304 5627 pastor
2348 5557 2545 5631 (Joan.
2580 5577 2650 5626 x,
2691 5559 2827 5633 16);
2871 5560 3031 5616 etiam
3075 5563 3140 5617 ad
3189 5562 3420 5633 Gentes,
3466 5569 3534 5624 ad

1951 5666 2082 5721 quas
2103 5651 2381 5722 Propheta:
2408 5652 2558 5708 missi
2587 5669 2689 5707 non
2721 5660 2904 5722 erant,
2935 5645 3178 5726 Apostoli
3205 5658 3352 5714 missi
3383 5672 3544 5718 sunt..

2013 5789 2034 5855 ξ
2056 5789 2130 5838 sic
2152 5795 2256 5836 uss.
2285 5795 2337 5838 At
2365 5787 2498 5845 Fdd.,
2519 5800 2630 5855 cum
2647 5800 2743 5849 qua
2763 5796 2860 5840 tota
2889 5787 2984 5855 ipsi
2999 5791 3162 5854 etiam,
3185 5799 3279 5843 etc.

2017 5851 2037 5882 ²
2062 5859 2188 5910 5355.,
2214 5856 2388 5902 summi
2411 5851 2726 5901 MICL’I'dOL'mt.
