4058 6536
517 393 654 452 1259

513 513 735 581 Qtunsiti
777 521 901 572 sunt
947 515 1035 585 qui
1066 526 1171 571 non
1216 513 1576 586 qumsierant,
1618 514 1816 570 inventi
1848 516 2090 585 suntqui

511 605 645 661 nihil
672 602 1057 677 exspectabant
1085 624 1098 660 :
1129 618 1287 677 quem
1319 622 1423 663 non
1454 606 1707 662 tenebant
1739 601 1902 662 Deum
1934 608 2090 676 polli-

508 700 815 765 citatorem,
838 702 1153 755 invenerunt
1175 698 1586 769 redemptorem.
1611 695 1729 756 1am
1755 701 1896 756 enim
1920 698 2088 758 .ludwi

510 792 763 849 tenebant
810 793 974 847 Deum
1021 792 1425 861 pollicitatorem
1453 834 1467 850 .
1516 795 1640 864 quia
1696 793 1766 849 ibi
1807 795 2086 865 PrOphette

503 884 775 939 Christum
806 883 1248 954 prtedieaveraut,
1277 884 1346 939 ibi
1385 882 1656 940 Christum
1693 887 2082 954 promiserant;

503 976 597 1030 sed
626 990 782 1046 quem
812 976 1129 1045 promissum
1167 975 1477 1040 audierant,
1514 986 1829 1045 praesentem
1859 993 1962 1033 non
1988 994 2082 1033 eo-

501 1077 841 1138 gnoverant:
884 1068 991 1124 illis
1034 1077 1212 1124 autem
1255 1067 1573 1137 promissum
1618 1068 1745 1125 nihil
1790 1074 1941 1137 erat;
1988 1065 2082 1127 sed

504 1170 684 1215 tamen
727 1160 779 1215 in
824 1158 1110 1231 Prophetis
1150 1160 1309 1216 etiam
1337 1160 1403 1215 de
1449 1158 1553 1217 fide
1602 1161 1839 1232 ipsorum
1878 1163 2077 1218 dictum

497 1261 631 1305 erat.
656 1251 769 1306 Non
797 1250 995 1308 dictum
1028 1263 1145 1307 erat
1173 1253 1300 1322 ipsis
1325 1297 1338 1319 ,
1366 1253 1457 1309 sed
1480 1254 1676 1308 dietum
1697 1263 1814 1309 erat
1834 1254 1902 1311 de
1927 1255 2073 1325 ipsis.

495 1343 712 1399 Missum
738 1354 821 1400 est
850 1355 903 1400 et
922 1345 988 1401 ad
1019 1345 1137 1401 illos
1168 1364 1181 1401 :
1227 1357 1279 1401 et
1322 1346 1547 1403 audistis
1572 1363 1641 1404 ex
1678 1344 2077 1420 diSpensatione

495 1435 623 1498 Dei;
649 1435 759 1504 ipsa
787 1435 928 1491 enim
957 1436 1116 1492 lectio
1142 1436 1300 1493 modo
1322 1438 1472 1493 vobis
1502 1438 1639 1494 lecta
1666 1450 1749 1496 est
1781 1441 1830 1495 in
1856 1442 2076 1497 Actibus

457 1572 460 1577 .
489 1530 528 1579 Α
546 1527 871 1594 ρηδιοιοιύιη
892 1569 910 1594 ,
955 1527 1224 1598 quomodo
1252 1530 1495 1585 centurio
1515 1529 1794 1587 Cornelius
1820 1534 2068 1590 credidit.

488 1619 774 1674 Cornelius
793 1621 935 1676 enim
955 1622 1199 1678 centurio
1221 1637 1323 1677 non
1353 1634 1467 1678 erat
1483 1621 1548 1680 de
1569 1636 1726 1694 gente
1745 1625 2069 1682 Judmorum.

491 1710 720 1779 Orabat,
748 1712 1058 1782 jejunabat,
1089 1715 1458 1787 elcemosynas
1503 1716 1747 1774 faciebat.
1781 1719 1893 1775 Non
1925 1722 2070 1776 illum

490 1803 726 1857 dweruit
756 1804 893 1859 Deus
921 1805 1165 1875 quamvis
1205 1806 1257 1861 in
1303 1806 1561 1864 Gentibus
1591 1811 1972 1877 constitutum;
2018 1823 2074 1868 et

489 1897 684 1951 missus
711 1905 793 1951 est
821 1898 869 1952 ei
897 1898 1139 1969 angelus,
1162 1901 1251 1970 qui
1275 1901 1346 1956 illi
1376 1903 1643 1958 nuntiaret
1668 1903 1808 1974 quod
1840 1905 2072 1960 eleemo-

489 2002 638 2057 syna:
659 1996 711 2040 et
737 1987 1007 2045 orationes
1036 1990 1200 2060 ipsius
1221 2002 1454 2062 accepta:
1484 1991 1677 2048 fuerint
1699 1995 1838 2064 apud
1866 1997 2028 2051 Dettm
2054 2016 2066 2050 :

485 2077 731 2142 credidit,
766 2078 1023 2135 advocato
1050 2080 1115 2137 ad
1141 2098 1199 2136 se
1221 2080 1381 2138 Petro
1408 2082 1541 2153 (Act.
1568 2083 1643 2155 χ).
1672 2084 1938 2156 Numquid
1961 2103 2067 2143 non

484 2167 635 2223 illum
662 2177 869 2237 poterat
898 2170 1090 2227 docere
1115 2170 1374 2243 angelus?
1395 2173 1533 2228 Misit
1565 2174 1710 2230 illum
1737 2176 1801 2231 ad
1825 2174 2061 2247 Petrum,

484 2264 542 2313 ut
570 2263 734 2332 magis
760 2277 855 2331 per
882 2262 1149 2318 hominem
1176 2265 1249 2319 illi
1281 2264 1413 2320 fides
1451 2264 1630 2332 fieret;
1658 2269 1779 2339 quia
1822 2266 2067 2327 homines

481 2349 732 2420 dignatus
771 2360 885 2408 erat
914 2353 1173 2409 Dominus
1214 2355 1430 2411 visitare
1475 2375 1487 2409 :
1532 2368 1633 2413 nec
1679 2359 2065 2431 dedignabatur

481 2442 675 2498 ducere
704 2454 798 2514 per
825 2443 1133 2511 hominem,
1177 2447 1265 2517 qui
1314 2447 1560 2518 dignatus
1589 2456 1671 2504 est
1719 2467 1837 2505 esse
1880 2453 2060 2507 homo.

477 2534 569 2590 Sic
594 2550 720 2606 ergo
745 2536 974 2590 restituta
1002 2547 1074 2592 est
1101 2546 1234 2592 terra
1260 2540 1371 2609 ejus
1389 2580 1405 2605 ,
1438 2555 1543 2594 uno
1597 2541 1795 2610 pariete
1820 2544 2063 2599 veniente

477 2627 545 2682 dc
566 2626 795 2695 Judmis,
818 2630 992 2683 altero
1022 2630 1223 2699 pariete
1251 2631 1497 2687 venien'e
1522 2632 1588 2687 de
1609 2630 1869 2689 Gentibus
1895 2651 1909 2700 ;
1941 2637 2062 2706 qui-

476 2716 577 2770 bus
596 2717 803 2773 duobus
816 2717 1103 2788 parietibus
1118 2717 1187 2775 de
1203 2719 1417 2776 diverso
1439 2724 1772 2778 venientibus
1791 2736 1932 2781 esset
1947 2727 2061 2795 ipse

474 2806 610 2878 lapis
627 2811 916 2879 ungulatis,
938 2812 1024 2866 ubi
1048 2813 1205 2867 ambo
1230 2816 1613 2885 eopularentnr
1629 2812 1824 2889 (Epltes
1864 2837 1921 2883 ll,
1940 2818 2055 2892 20).

545 2904 599 2960 3.
630 2901 822 2959 lterum
850 2902 1120 2975 quomodo
1148 2906 1470 2978 accipimus,
1499 2908 1624 2965 Cum
1667 2922 1799 2966 terra
1834 2913 1941 2984 ejus
1970 2931 2057 2970 re-

473 2993 801 3051 stitueretur?
825 2995 956 3052 Cum
986 3013 1112 3052 caro
1143 2999 1256 3067 ejus
1287 2998 1713 3056 resuscitaretur.
1745 3005 1891 3057 Alius
1914 3008 2053 3060 enim

472 3087 775 3145 intellectus
795 3132 810 3157 ,
856 3100 1030 3146 tamen
1074 3108 1103 3146 tl
1142 3091 1354 3147 Christo
1381 3110 1485 3147 non
1516 3096 1803 3161 recedens,
1849 3099 1926 3152 sic
1956 3114 2055 3167 po-

474 3191 572 3235 test
609 3178 763 3237 nobis
794 3197 1077 3239 occurrere
1119 3202 1131 3237 :
1182 3196 1320 3240 terra
1354 3188 1596 3241 restituta
1618 3230 1633 3253 ,
1662 3203 1787 3243 caro
1818 3192 2052 3245 resusci—

472 3281 598 3326 tata.
632 3275 753 3328 Post
783 3277 1224 3331 resurrectionem
1254 3278 1393 3333 enim
1433 3278 1597 3349 ipsius
1638 3279 1771 3335 facta
1800 3292 1917 3335 sunt
1956 3283 2053 3337 ista

472 3367 650 3419 omnia
679 3382 797 3437 qum
822 3377 1105 3422 cantantur
1136 3368 1185 3422 in
1233 3368 1462 3422 Psalmo.
1506 3370 1798 3425 Audiamus
1835 3374 1942 3440 jam
1987 3374 2055 3428 de

474 3468 633 3512 terra:
671 3458 1009 3515 restitutione
1050 3459 1316 3515 Psahnum
1344 3462 1558 3533 plenum
1586 3463 1800 3533 gaudio.
1846 3465 2054 3521 Excitet

472 3551 630 3604 nobis
674 3551 787 3617 ipse
834 3548 1088 3607 Dominus
1121 3553 1258 3607 Deus
1288 3565 1473 3608 noster
1512 3553 1727 3625 dignam
1778 3567 1935 3611 tanta:
1975 3559 2053 3614 rei

471 3643 923 3712 exSpectationem
947 3651 1002 3698 et
1025 3638 1409 3712 jucunditatem
1439 3659 1454 3710 ;
1488 3644 1598 3715 ipse
1628 3660 1931 3702 sermonem
1960 3664 2056 3702 no-

471 3744 640 3788 strum
673 3728 980 3791 moderetur
1006 3744 1186 3805 aptum
1208 3734 1459 3792 cordibus
1496 3737 1688 3793 vestris
1709 3782 1722 3803 ,
1754 3750 1811 3793 ttt
1836 3741 2054 3811 quiquid

471 3826 560 3883 hic
588 3826 818 3880 exsultat
847 3841 940 3881 cor
965 3835 1206 3881 nostrum
1236 3828 1287 3882 in
1318 3828 1512 3883 talibus
1542 3830 1894 3898 spectaculis,
1931 3846 2053 3902 per-

469 3910 631 3974 ducat
658 3919 724 3974 ad
756 3919 988 3991 linguam
1016 3961 1030 3983 ,
1060 3927 1115 3975 et
1141 3919 1264 3976 inde
1307 3920 1359 3974 in
1390 3936 1548 3977 aures
1574 3932 1777 3979 vestras
1800 3964 1814 3989 ,
1857 3923 2052 3980 deinde

467 4010 527 4065 in
552 4025 645 4064 cor
668 4019 898 4065 vestrum
924 4050 942 4077 ,
985 4010 1110 4066 inde
1149 4012 1201 4066 in
1232 4010 1370 4067 facta
1399 4022 1595 4069 vestra.

537 4103 591 4158 4.
626 4101 873 4157 Dominus
916 4104 1161 4173 regnavit.
1198 4104 1292 4160 llle
1332 4105 1418 4175 qui
1463 4106 1611 4161 stetit
1636 4116 1756 4163 ante
1776 4106 2008 4178 judieem
2033 4149 2049 4176 ,

465 4192 558 4247 ille
595 4193 683 4260 qui
723 4193 903 4264 alapas
925 4194 1162 4263 accepit,
1202 4195 1292 4250 ille
1338 4196 1426 4264 qui
1474 4195 1768 4266 flagellatus
1816 4207 1899 4254 est
1925 4199 2051 4263 ,ille

464 4282 556 4354 qui
581 4292 867 4351 consputus
895 4292 977 4338 est
1000 4324 1014 4351 ,
1040 4285 1126 4340 ille
1162 4286 1250 4355 qui
1293 4282 1460 4353 Spinis
1503 4296 1787 4341 corOnatus
1813 4296 1893 4341 est
1918 4329 1931 4353 ,
1964 4288 2052 4345 ille

465 4374 555 4442 qui
584 4367 820 4443 colaphis
844 4389 1015 4429 ca-sus
1042 4383 1143 4440 est,
1168 4375 1255 4428 ille
1275 4374 1361 4444 qui
1386 4375 1437 4429 in
1469 4374 1612 4446 ligno
1638 4391 1927 4445 suspensus
1948 4387 2047 4443 est,

466 4466 556 4520 ille
593 4466 675 4520 cui
726 4462 975 4536 pendenti
1008 4468 1059 4522 in
1106 4468 1245 4538 ligno
1289 4468 1594 4522 insultatum
1622 4477 1731 4533 est,
1767 4467 1854 4523 ille
1878 4467 1965 4537 qui
1999 4470 2049 4523 in

464 4572 623 4612 cruce
660 4566 901 4613 mortuus
928 4567 1041 4624 est;
1085 4557 1175 4614 ille
1199 4559 1286 4628 qui
1317 4556 1495 4613 lancea
1524 4573 1808 4628 percussus
1828 4568 1929 4625 est,
1964 4560 2063 4616 ille

463 4649 553 4721 qui
597 4651 835 4720 sepultus
864 4659 981 4718 cst,
1010 4650 1124 4721 ipse
1162 4653 1477 4706 resurrexit.
1512 4651 1759 4706 Dominus
1804 4654 2052 4723 regnavit.

461 4742 698 4799 Sceviant
741 4754 994 4814 quantum
1042 4756 1262 4816 possunt
1303 4760 1498 4815 regna;
1530 4746 1655 4815 quid
1686 4754 1808 4800 sunt
1849 4742 2046 4800 factura

460 4834 591 4905 Regi
648 4850 929 4906 regnorum
955 4876 971 4902 ,
994 4882 997 4883 ν
1019 4836 1242 4892 Domino
1286 4837 1521 4891 omnium
1561 4851 1744 4906 regum
1770 4878 1786 4905 ,
1812 4836 2049 4892 Creatori

460 4926 699 4980 omnium
730 4926 1085 4982 seculorum?
1106 4928 1185 4981 An
1217 4927 1336 4983 ideo
1375 4926 1764 4994 contemnitur,
1789 4930 1910 4999 quia
1944 4939 2047 4983 tam

459 5018 782 5084 submissus,
812 5027 867 5073 et
897 5027 1000 5072 tam
1030 5019 1242 5074 humilis
1269 5020 1542 5088 apparuit?
1564 5018 1917 5076 Misericordia
1944 5028 2045 5087 e~t,

461 5125 569 5162 non
602 5110 910 5181 impotentia
943 5124 961 5164 :
992 5109 1081 5164 ille
1105 5109 1248 5165 enim
1276 5110 1488 5166 humilis
1526 5113 1798 5182 apparuit,
1829 5122 1886 5166 ut
1924 5127 2047 5168 eum

458 5216 795 5270 caperemus.
850 5200 956 5257 Sed
1002 5200 1111 5272 jam
1152 5201 1426 5257 videamus
1457 5221 1471 5257 :
1500 5198 1751 5258 Dominus
1799 5203 2047 5273 regnavit;

461 5293 674 5347 exsultet
701 5304 833 5347 terra
855 5334 871 5359 ,
886 5292 1235 5364 jucundentur
1259 5292 1443 5349 insulte
1466 5295 1655 5348 multae.
1688 5293 1782 5347 Est
1810 5292 2042 5361 quidem,

460 5382 582 5452 quia
610 5384 826 5440 verbum
859 5384 950 5439 Dei
991 5399 1096 5439 non
1143 5384 1194 5438 in
1225 5384 1336 5439 sola
1362 5384 1653 5440 continenti
1684 5392 1823 5438 terra
1852 5382 2046 5454 praedi-

461 5485 637 5531 catum
666 5486 745 5532 est
768 5513 784 5544 ,
816 5476 909 5532 sed
936 5476 1094 5533 etiam
1135 5478 1187 5532 in
1230 5476 1417 5532 insulis
1440 5493 1557 5549 qure
1598 5476 1897 5532 constitutae
1925 5483 2048 5532 sunt

465 5570 515 5620 in
545 5568 718 5622 medio
744 5568 874 5622 mari
904 5578 993 5623 :et
1026 5568 1154 5639 ipsae
1185 5566 1353 5639 plena:
1378 5566 1695 5631 cbristianis,
1730 5566 1898 5637 plenze
1925 5576 2048 5622 sunt

462 5658 632 5712 Servis
656 5655 773 5711 Dei.
798 5656 912 5711 Non
940 5659 1081 5713 enim
1111 5668 1320 5730 separat
1350 5674 1495 5713 mare
1523 5674 1643 5714 eum
1673 5657 1761 5728 qui
1790 5657 1913 5713 fecit
1936 5673 2047 5712 ma-

462 5765 537 5803 re.
572 5748 687 5817 Quo
715 5763 878 5803 naves
914 5761 1130 5818 possunt
1160 5750 1441 5816 accedere,
1466 5750 1627 5806 verba
1668 5750 1756 5805 Dei
1796 5765 1900 5804 non
1928 5764 2050 5819 pos~

464 5843 625 5895 sunt?
653 5839 885 5911 ltnpletze
922 5850 1043 5897 sunt
1075 5842 1278 5898 ἱηδιιιιυ.
1306 5837 1682 5899 Verumtamen
1734 5851 1954 5913 possunt
1993 5850 2048 5898 et

1756 396 1816 453 S.
1859 397 2222 455 AUGUSTINI
2264 397 2565 457 EPlSCOPl

3649 416 3787 472 lilio

2202 515 2253 569 in
2287 516 2451 586 figura
2474 526 2619 574 recte
2644 517 2811 589 accipi
2841 518 3027 574 insula:
3051 560 3065 585 ,
3095 535 3281 578 omnes
3310 522 3581 581 Ecclesite.
3609 527 3785 595 Quarc

2199 605 2430 660 insula»?
2451 606 2583 676 Quia
2606 610 3069 666 circumlatrantur
3089 612 3332 669 fluctibus
3352 616 3588 677 omnium
3614 628 3784 674 tenta‘

2198 698 2420 752 tiouum.
2448 699 2553 755 Sed
2581 702 2847 771 quomodo
2882 703 3047 758 insula
3078 706 3311 775 undique
3330 708 3781 780 circumstrepen‘

2197 790 2333 844 tibus
2356 790 2598 848 fluctibus
2620 795 2765 849 tundi
2793 804 2989 865 potest,
3020 795 3189 868 frangi
3218 813 3321 854 non
3354 810 3548 870 potest,
3577 804 3778 873 magis-

2192 897 2297 949 que
2337 884 2447 953 ipsa
2490 884 2682 956 frangit
2738 886 2925 943 fluctus
2963 889 3276 958 venientes,
3316 906 3473 961 quam
3520 892 3781 964 frangitur

2190 974 2259 1028 ab
2304 975 2384 1031 eis
2412 995 2425 1030 :
2453 978 2529 1033 sic
2565 987 2619 1035 et
2662 979 2915 1036 Ecclesiae
2962 981 3055 1036 Dei
3104 981 3420 1052 pullulantes
3466 999 3563 1053 per
3605 995 3796 1042 totum.

2190 1066 2373 1122 urbem
2430 1077 2923 1141 terrarum,passze
2974 1081 3097 1127 sunt
3164 1074 3557 1142 persecutiones
3610 1076 3773 1132 undi—

2188 1172 2289 1227 que
2336 1157 2673 1217 frementium
2721 1161 3010 1219 infidelium
3036 1206 3051 1231 ,
3098 1173 3154 1220 et
3198 1171 3325 1221 ecce
3352 1168 3726 1224 stantinsulze
3754 1212 3772 1238 ,

2186 1259 2239 1304 et
2260 1249 2369 1319 jam
2397 1251 2655 1321 placatum
2681 1262 2764 1309 est
2789 1270 2952 1319 mare.
2980 1255 3337 1311 Jucundentur
3370 1258 3551 1313 insula:
3575 1260 3770 1315 multa.

2254 1340 2306 1395 5.
2341 1339 2496 1414 [vers.
2523 1340 2603 1416 2.]
2638 1361 2657 1395 ι
2690 1343 2868 1401 Nubes
2894 1355 2947 1401 et
2971 1347 3140 1416 caligo
3167 1348 3223 1401 in
3246 1348 3469 1405 circuitu
3494 1350 3611 1419 ejus
3635 1368 3649 1415 ;
3677 1351 3771 1420 ju-

2182 1432 2323 1487 stitia
2362 1444 2417 1488 et
2441 1435 2696 1503 judicium
2737 1435 2962 1491 directio
2991 1438 3131 1493 sedis
3159 1438 3296 1508 ejus.-
3330 1458 3349 1492 ι
3381 1439 3583 1507 Quibus
3608 1459 3629 1493 ι
3665 1458 3771 1497 nu-

2181 1525 2276 1581 bes
2303 1534 2357 1581 et
2383 1527 2553 1597 caligo
2581 1528 2631 1581 in
2662 1529 2886 1585 circuitu
2910 1530 3058 1598 ejus?
3083 1549 3102 1581 ι
3122 1530 3325 1598 Quibus
3345 1532 3582 1600 «justitia
3609 1542 3665 1588 et
3683 1533 3772 1603 ju-

2179 1616 2372 1672 dicium
2402 1619 2626 1674 directio
2646 1621 2790 1675 sedis
2815 1622 2968 1691 ejus?
3006 1642 3025 1674 ι
3059 1622 3237 1679 Nubes
3264 1630 3319 1679 et
3351 1622 3524 1695 caligo
3549 1624 3765 1694 impiis,

2178 1710 2264 1778 qui
2291 1725 2410 1764 eum
2453 1725 2554 1766 non
2587 1712 3209 1785 intellexerunt;justitia
3231 1724 3285 1770 et
3304 1715 3562 1786 judicium
3596 1717 3769 1773 ﬁdeli-

2178 1802 2295 1863 bus,
2320 1805 2407 1872 qui
2442 1805 2493 1859 in
2519 1821 2640 1860 eum
2665 1806 3042 1862 crediderunt:
3068 1808 3143 1861 illi
3173 1808 3314 1862 enim
3345 1823 3438 1877 per
3457 1809 3764 1877 superbiam

2176 1910 2279 1947 non
2314 1895 2598 1962 viderunt,
2627 1896 2698 1952 illi
2722 1913 2818 1968 per
2841 1898 3190 1954 humilitatem
3231 1898 3387 1970 dirigi
3429 1909 3760 1956 meruerunt.

2174 1987 2310 2040 Audi
2337 1987 2508 2043 nubes
2530 1996 2583 2042 et
2611 1989 2879 2051 nebulam,
2901 1997 2958 2045 et
2983 1989 3105 2045 audi
3127 1990 3385 2059 justitiam
3404 1999 3458 2044 et
3475 1989 3759 2059 judicium.

2174 2078 2291 2148 lpse
2306 2080 2559 2135 Dominus
2574 2082 2649 2135 ait
2666 2099 2678 2135 :
2696 2080 2759 2135 In
2772 2082 3019 2149 iudicium
3034 2098 3124 2153 ego
3144 2083 3198 2136 in
3214 2083 3347 2135 hunc
3364 2082 3608 2135 mundum
3626 2085 3759 2148 veni,

2172 2179 2227 2223 ut
2264 2174 2347 2237 qui
2368 2186 2467 2225 non
2494 2172 2661 2226 uident
2680 2173 2898 2236 videant,
2919 2182 2966 2227 et
2984 2174 3070 2243 qui
3096 2173 3261 2227 uident
3282 2173 3399 2226 ι’ωεὶ
3416 2173 3541 2241 ﬁant
3562 2174 3580 2243 (
3598 2172 3757 2227 Joau.

2172 2277 2244 2327 Ix,
2266 2263 2375 2333 '59).
2399 2263 2667 2331 Quid.est,
2685 2264 2771 2334 qui
2801 2264 2970 2318 vident
2990 2263 3108 2319 circi
3136 2264 3262 2333 ﬁant
3283 2263 3309 2317 ?
3329 2262 3427 2329 Qui
3449 2264 3547 2318 sibi
3577 2263 3762 2319 videre

2170 2354 2434 2420 videntur,
2458 2356 2623 2425 quise
2638 2356 2904 2425 sapientes
2923 2363 3130 2426 putant,
3149 2355 3237 2426 qui
3256 2370 3360 2409 non
3374 2356 3472 2409 sibi
3486 2355 3757 2411 arbitran-

2168 2452 2254 2500 tur
2267 2448 2617 2503 necessariam
2633 2447 3071 2517 medieinam,ipsi
3083 2448 3209 2502 caeci
3226 2447 3391 2513 ﬁant,i
3401 2450 3478 2516 psi
3491 2462 3599 2502 non
3611 2448 3759 2502 intelo

2167 2537 2348 2606 ligant.
2364 2538 2462 2604 Qui
2480 2549 2653 2594 autem
2670 2555 2769 2593 non
2784 2538 3169 2603 vident,uideant
3183 2554 3201 2592 :
3217 2540 3304 2608 qui
3319 2539 3611 2594 carcitatem
3628 2553 3759 2594 con-

2166 2629 2403 2696 fitentur,
2426 2631 2707 2685 illuminari
2724 2640 3046 2686 mereantur.
3068 2632 3148 2687 Sit
3162 2632 3177 2662 ¹
3199 2646 3327 2701 ergo
3345 2632 3398 2685 in
3412 2632 3624 2685 circuitu
3639 2633 3754 2700 ejus

2164 2719 2317 2775 nubes
2341 2730 2388 2776 et
2409 2722 2572 2793 caligo
2593 2763 2609 2789 ,
2642 2722 2725 2777 his
2749 2722 2837 2793 qui
2868 2737 2990 2777 eum
3019 2737 3128 2777 non
3157 2731 3516 2793 cognoverunt
3541 2739 3556 2787 ;
3580 2723 3754 2777 confi-

2166 2813 2396 2867 tentibus
2417 2823 2591 2868 autem
2613 2825 2667 2869 et
2688 2813 3088 2870 humilianlibus
3102 2829 3183 2881 se,
3196 2814 3402 2883 justitia
3431 2824 3477 2868 et
3492 2814 3753 2884 judicium

2162 2904 2367 2958 directio
2388 2905 2519 2959 sedis
2544 2908 2670 2975 ejus.
2689 2906 2882 2961 Sedcm
2894 2906 3009 2976 ejus
3020 2906 3148 2961 dicit
3166 2920 3260 2961 eos
3282 2907 3425 2978 ipsos
3444 2906 3603 2976 quiin
3624 2922 3748 2962 eum
3786 2912 3789 2913 ⁷

2161 2996 2502 3052 crediderunt
2526 3015 2538 3050 :
2568 2998 2635 3053 de
2658 2998 2783 3067 ipsis
2796 2999 2937 3053 enim
2956 2999 3055 3054 sibi
3077 2998 3202 3054 fecit
3219 2997 3425 3064 sedem,
3447 3000 3565 3068 quia
3590 3000 3642 3053 in
3667 3000 3751 3054 eis

2160 3088 2311 3144 sedet
2324 3088 2784 3157 SapientiazFilius
2799 3092 2939 3146 enim
2960 3089 3346 3160 Dei,Sapientia
3366 3090 3457 3145 Dei
3480 3088 3611 3162 est(l
3627 3090 3753 3145 Car.

2161 3193 2200 3243 ι,
2227 3178 2342 3247 24).
2372 3179 2684 3236 Audivimus
2708 3183 2727 3213 ²
2754 3191 2929 3235 autem
2956 3195 3023 3236 ex
3060 3180 3162 3235 alia
3188 3180 3459 3249 Scriptura
3494 3194 3755 3251 magnum

2160 3270 2318 3340 hujus
2362 3272 2719 3343 intelligentia:
2762 3273 3157 3329 documentum.
3198 3273 3381 3326 Anima
3404 3274 3535 3344 justi
3558 3315 3573 3340 ,
3602 3274 3757 3328 sedes

2157 3363 2437 3434 sapientiat.
2470 3364 2606 3435 Ergo
2632 3365 2751 3435 quia
2797 3365 2880 3419 isti
2930 3364 3051 3419 facti
3077 3372 3200 3419 sunt
3228 3364 3387 3434 justi,
3414 3365 3502 3435 qui
3539 3366 3591 3419 in
3618 3380 3753 3420 eum

2158 3456 2544 3522 crediderunt;
2570 3456 2837 3526 iustificati
2881 3472 2943 3511 ex
2978 3457 3102 3524 fide,
3135 3456 3255 3513 facti
3293 3468 3417 3511 sunt
3462 3457 3620 3513 sedes
3666 3459 3757 3528 ip-

2157 3549 2269 3603 sius
2297 3567 2311 3603 :
2339 3549 2488 3603 sedet
2528 3548 2578 3602 in
2623 3548 2788 3618 ipsis,
2826 3548 3069 3618 judicans
3109 3562 3174 3603 ex
3218 3548 3346 3617 ipsis
3371 3589 3387 3613 ,
3411 3556 3465 3603 et
3508 3548 3754 3617 dirigens

2158 3657 2272 3697 eos.
2302 3642 2515 3711 Quare?
2542 3642 2675 3708 Quia
2705 3650 3013 3696 mansuetos
3056 3641 3294 3703 invenit,
3322 3640 3481 3694 veluti
3502 3639 3751 3709 jumenta

2157 3732 2302 3786 milia
2324 3774 2338 3799 ,
2366 3749 2469 3787 non
2501 3731 2916 3797 reealcitrantia,
2945 3746 3048 3785 non
3086 3730 3280 3784 collum
3321 3730 3608 3801 superbum
3643 3732 3753 3783 atl-

2156 3837 2343 3877 vcrsus
2383 3826 2566 3893 jugum
2615 3823 2729 3892 ejus
2772 3823 3088 3877 excutientia
3117 3862 3132 3886 ,
3177 3834 3282 3875 non
3310 3820 3575 3889 ﬂagellum
3624 3820 3754 3889 ejus

2156 3918 2452 3972 recusantia
2496 3934 2511 3971 :
2557 3918 2689 3971 facta
2743 3924 2867 3973 sunt
2903 3916 3141 3987 jumenta
3195 3916 3312 3985 ejus
3354 3915 3487 3969 bona
3514 3956 3527 3978 ,
3581 3931 3751 3969 man-

2156 4016 2345 4073 sueta;
2395 4017 2450 4064 et
2501 4018 2807 4064 mrrtterunt
2850 4007 2991 4078 quod
3031 4007 3230 4061 dictum
3253 4016 3334 4061 est
3381 4007 3433 4060 in
3458 4006 3562 4059 alio
3602 4008 3753 4074 psal—

2156 4117 2264 4167 mo,
2286 4100 2478 4172 Diriget
2506 4104 2647 4155 miles
2673 4102 2723 4154 in
2736 4099 3156 4172 judicio,docebit
3182 4109 3466 4154 mansuetos
3491 4099 3596 4152 vius
3622 4115 3753 4154 suas

2157 4192 2327 4267 (Psal.
2350 4209 2491 4259 xxxv,
2517 4194 2586 4263 9),
2623 4193 2908 4260 Pronterea
2948 4206 3075 4262 ergo
3112 4190 3214 4245 illis
3255 4190 3408 4243 nubes
3452 4198 3497 4244 et
3537 4190 3707 4259 caligo
3729 4234 3748 4256 ,

2155 4288 2275 4358 quia
2322 4302 2425 4340 non
2476 4302 2536 4339 su
2580 4294 2598 4338 t
2649 4284 2777 4339 recti
2808 4283 2873 4348 ³;
2927 4282 3216 4337 mansuetis
3275 4289 3491 4349 autem,
3533 4280 3751 4352 jusiilid

2154 4390 2201 4433 et
2221 4378 2475 4449 judicium
2504 4377 2709 4430 directio
2728 4375 2861 4429 sedis
2889 4376 3016 4445 ejus.

2226 4471 2277 4525 6.
2304 4469 2465 4541 luctu.
2498 4466 2585 4539 3.]
2618 4466 2761 4538 Ignis
2789 4478 2904 4519 ante
2931 4482 3042 4520 eum
3074 4463 3266 4532 prwibit
3289 4504 3302 4528 ,
3330 4473 3378 4517 et
3402 4462 3751 4532 inﬂammabit

2152 4562 2205 4615 in
2238 4560 2448 4614 circuitu
2485 4560 2712 4612 inimicos
2748 4558 2877 4628 ejus.
2910 4557 2980 4611 De
3019 4570 3128 4625 quo
3174 4555 3292 4623 igne
3318 4552 3441 4607 dicit
3466 4593 3481 4617 ,
3506 4551 3702 4605 fratres
3725 4593 3745 4617 ,

2156 4652 2299 4723 Ignis
2336 4660 2450 4705 ante
2487 4668 2596 4706 eum
2625 4650 2817 4721 prwibil
2836 4690 2849 4713 ,
2883 4659 2929 4702 et
2958 4647 3289 4718 inﬂammabt't
3316 4645 3369 4699 in
3390 4644 3600 4698 circuitu
3632 4644 3745 4696 ini-

2154 4747 2309 4798 micos
2346 4744 2492 4815 ejus?
2516 4744 2630 4797 Non
2680 4744 2909 4797 arbitror
2949 4740 3017 4795 de
3063 4740 3152 4794 illo
3181 4739 3300 4808 igne
3326 4737 3461 4801 dici,
3496 4737 3548 4791 in
3575 4750 3745 4806 quem

2154 4835 2393 4893 mittendi
2420 4845 2541 4888 sunt
2564 4834 2707 4901 impii
2731 4833 2813 4887 illa
2837 4829 3214 4903 ultimajudicii
3236 4828 3519 4893 sententia,
3542 4827 3748 4895 quibus

2154 4930 2217 4985 ad
2248 4928 2813 4996 sinistramseparatis,
2844 4926 2977 4979 sicut
3005 4926 3055 4978 in
3084 4922 3371 4993 Evangelio
3400 4920 3592 4975 lectum
3617 4935 3746 4973 me-

2154 5021 2403 5074 minimus
2423 5062 2436 5081 ,
2464 5018 2698 5073 dicturus
2718 5026 2827 5081 est,
2866 5015 2941 5070 Ite
2962 5017 3012 5069 in
3042 5016 3207 5085 ignem
3230 5022 3471 5068 wternum
3493 5052 3507 5074 ,
3536 5011 3623 5077 qui
3645 5029 3752 5081 pa-

2152 5122 2295 5166 ratus
2323 5122 2394 5165 est
2419 5110 2617 5163 diabolo
2638 5118 2684 5161 et
2710 5108 2902 5177 angelis
2928 5107 3038 5167 eius
3067 5104 3277 5176 (Matth.
3308 5118 3433 5167 xxv,
3460 5100 3548 5173 Ill)
3580 5119 3592 5152 :
3628 5117 3747 5156 non

2153 5213 2281 5273 puto
2306 5202 2373 5257 de
2399 5202 2489 5255 illo
2518 5202 2638 5271 igne
2675 5198 2797 5252 diei.
2823 5197 2972 5253 Unde
3012 5197 3115 5252 hoc
3157 5211 3261 5251 non
3291 5194 3459 5265 puto?
3486 5192 3621 5261 Quia
3668 5193 3754 5247 de

2152 5294 2380 5365 quodam
2407 5294 2525 5363 igne
2551 5290 2678 5344 dicit
2698 5332 2712 5356 ,
2743 5290 2831 5358 qui
2863 5288 3072 5358 prmibit
3096 5296 3221 5342 ante
3247 5287 3417 5351 illum,
3445 5294 3746 5351 antequam

2153 5386 2331 5440 veniat
2353 5384 2417 5437 ad
2441 5381 2715 5452 judicium.
2748 5381 2953 5434 Dictum
2974 5386 3058 5434 est
3076 5379 3220 5434 enim
3249 5377 3438 5447 prteire
3465 5374 3642 5444 ignem
3684 5382 3752 5428 et

2152 5475 2485 5529 inflammare
2506 5471 2557 5525 in
2585 5472 2829 5534 circuitu,
2856 5469 2908 5524 id
2938 5480 3021 5525 est
3042 5484 3137 5539 per
3159 5478 3323 5523 totum
3354 5466 3535 5521 orbem
3564 5473 3749 5518 terra-

2152 5582 2291 5635 rum,
2311 5565 2552 5632 ihimicos
2577 5563 2710 5635 ejus.
2744 5562 2835 5618 ille
2861 5563 2995 5633 ignis
3018 5570 3138 5633 post
3157 5561 3271 5632 ejus
3299 5559 3582 5615 adventum
3612 5558 3748 5626 erit;

2219 5723 2235 5754 ι
2262 5729 2327 5771 Ita
2347 5726 2452 5769 Mss.
2477 5727 2533 5769 At
2553 5717 2688 5780 Edd.,
2712 5720 2805 5769 sic.

2219 5786 2239 5848 ξ
2262 5791 2467 5848 Quatuor
2492 5789 2618 5839 Mss,
2641 5781 2918 5848 audiamus.
3012 5839 3055 5848 __
3377 5839 3405 5848 __

2222 5846 2242 5878 ³
2262 5839 2447 5906 Aliquot
2468 5850 2596 5906 Mss,
2628 5842 2801 5894 directi
2826 5855 2842 5892 :
2870 5849 2919 5891 et
2942 5839 3152 5904 quidam,
3177 5839 3422 5895 mansueti.
