4056 6478
244 374 376 431 1%!

234 487 342 543 iste
368 489 552 540 autem
573 476 715 548 ignis
753 480 878 528 aute
900 484 1020 528 eum
1053 465 1280 538 pracibit.
1309 463 1438 534 Quis
1459 473 1541 518 est
1575 475 1702 532 ergo
1732 461 1831 514 iste

237 576 412 649 ignis?
439 573 733 631 Possumus
773 581 893 620 eum
922 562 1165 642 accipere
1203 560 1254 614 in
1281 570 1494 632 poenam
1521 553 1783 609 malorum
1810 591 1828 618 ,

240 639 529 739 possumus
550 664 608 718 in
627 658 851 716 salutem
876 639 1292 723 redemptorum.
1322 647 1379 704 In
1411 661 1623 719 poenam
1664 644 1836 699 malo-

239 735 362 815 rum
385 798 404 824 ,
433 749 743 825 quomodo?
775 747 910 817 Quia
956 759 1076 800 cum
1127 739 1508 812 praedicaretur
1551 735 1792 792 Christus
1818 774 1832 798 ,

241 849 394 904 irata:
435 855 560 902 sunt
585 851 774 914 gentes
795 881 813 908 ,
841 845 897 893 et
923 839 1327 892 commoverunt
1363 828 1785 900 persecutionem
1819 839 1836 878 :

240 956 363 1013 quae
388 940 470 995 ira
497 936 634 1008 ignis
675 932 775 988 fuit
797 973 813 1000 ,
841 929 1010 1000 magis
1038 936 1358 982 consumens
1395 919 1620 991 eos‘qui
1658 932 1837 988 perse-

240 1008 587 1103 quebantur,
633 1039 791 1096 quam
843 1035 936 1077 eos
994 1032 1129 1090 quos
1183 1010 1659 1086 persequebantur.
1705 1008 1836 1062 Cum

243 1100 388 1178 enim
434 1118 678 1174 videmus
718 1114 852 1172 duos
873 1152 888 1178 ,
919 1124 1078 1166 unum
1109 1107 1454 1168 irascentem,
1484 1100 1710 1156 alterum
1742 1114 1837 1167 pa-

243 1215 441 1268 tienter
470 1210 728 1266 ferentem
747 1245 764 1273 ,
791 1204 910 1276 quis
934 1214 1118 1258 eorum
1145 1196 1362 1264 ardeat,
1383 1199 1619 1249 vestrum
1644 1198 1725 1248 est
1749 1189 1838 1260 ju-

244 1302 446 1358 dicare.
484 1296 716 1354 Potestis
755 1296 806 1349 in
835 1305 1030 1364 genere
1058 1289 1293 1344 humano
1329 1285 1432 1341 tale
1478 1279 1839 1352 spectaculum

244 1391 509 1451 contueri.
537 1389 729 1446 Ponite
743 1385 894 1441 vobis
916 1391 1039 1437 ante
1067 1379 1249 1436 oculos
1277 1376 1548 1432 hominem
1578 1373 1837 1442 iniquum,

245 1495 574 1544 commotum
603 1482 798 1545 animo,
823 1487 1025 1533 trucem
1049 1473 1215 1541 vultu,
1237 1467 1630 1526 ﬂammantibus
1649 1463 1836 1527 oculis,

245 1573 664 1632 scintillantibus
691 1568 866 1625 verbis
889 1610 904 1632 ,
939 1565 1065 1620 ferri
1092 1564 1144 1618 in
1167 1560 1400 1618 hominis
1426 1572 1634 1622 necem,
1666 1554 1718 1608 in
1745 1553 1840 1608 de-

247 1669 657 1742 prtedationem,
683 1664 735 1718 in
766 1659 989 1732 injurias
1009 1700 1023 1721 ,
1054 1657 1106 1711 in
1134 1651 1503 1714 contumelias,
1537 1663 1642 1701 non
1668 1659 1726 1700 se
1755 1659 1844 1698 ra-

245 1737 408 1832 pere,
439 1776 548 1816 non
592 1773 652 1814 se
696 1765 910 1819 tenere;
940 1752 1164 1805 alterum
1201 1746 1463 1818 patienter
1489 1737 1839 1809 excipientem

247 1829 434 1920 verba,
464 1850 651 1922 plagas
672 1848 713 1914 ³,
741 1840 995 1916 quidquid
1022 1840 1112 1894 ille
1132 1838 1325 1892 inferre
1351 1829 1582 1886 voluerit
1599 1870 1614 1891 ,
1641 1835 1695 1882 et
1725 1841 1843 1895 per-

248 1915 788 2002 cuneati-maxillam,
819 1941 1098 2005 parantem
1123 1937 1179 1984 et
1205 1927 1426 1980 alteram
1458 1939 1470 1974 :
1502 1936 1620 1975 cum
1647 1915 1842 1971 videris

250 2034 381 2091 hinc
420 2032 584 2088 furias
605 2071 621 2095 ,
652 2027 776 2083 inde
803 2024 1113 2085 lenitatem;
1142 2018 1268 2072 hinc
1291 2015 1424 2069 iram
1449 2053 1464 2078 ,
1492 2009 1614 2064 inde
1641 2007 1843 2078 patien-

252 2126 429 2190 tiam;
454 2123 578 2178 hinc
599 2094 858 2181 ﬂammas,
891 2111 1013 2167 inde
1041 2105 1397 2171 tolerantiam;
1427 2099 1694 2158 dubitabis
1717 2094 1849 2168 pro;

252 2188 510 2270 nuntiare
526 2210 638 2282 quis
650 2221 833 2264 eorum
855 2202 1040 2259 ardeat
1057 2209 1374 2272 pmnamque
1397 2188 1663 2262 patiatur?
1683 2188 1843 2242 illene

249 2306 410 2376 cujus
433 2279 624 2374 corpus
651 2307 894 2363 vexatur,
918 2310 984 2350 an
1008 2293 1158 2363 cujus
1181 2289 1390 2344 animus
1417 2280 1687 2340 vastatur?
1712 2279 1844 2335 Pro-

253 2372 434 2468 pterea
462 2403 518 2452 et
532 2372 698 2450 Isaias
723 2390 980 2461 propheta
1003 2385 1134 2441 dixit
1162 2400 1175 2436 :
1201 2380 1269 2436 Et
1290 2393 1423 2434 nunc
1441 2376 1572 2449 ignis
1607 2372 1844 2427 adversa-

251 2460 351 2545 rios
391 2485 619 2545 comam
664 2460 836 2555 (Isai.
884 2493 1047 2544 xxvr,
1079 2475 1140 2530 ii
1163 2479 1201 2544 ).
1248 2468 1385 2538 Quid
1427 2475 1542 2532 est,
1567 2463 1635 2518 Et
1664 2460 1846 2518 nunc?

250 2584 552 2652 Antequam
579 2577 758 2633 veniat
780 2573 896 2630 dies
924 2571 1012 2627 ille
1033 2566 1221 2640 judicii
1250 2575 1474 2634 magnus
1493 2602 1506 2625 ,
1525 2557 1633 2652 jam
1663 2555 1844 2652 furore

249 2689 349 2730 suo
371 2647 567 2732 ardent
593 2668 686 2741 qui
717 2675 898 2737 postea
924 2661 1182 2733 supplicio
1208 2652 1516 2726 sempiterni
1537 2649 1679 2705 illius
1707 2647 1845 2716 ignis

252 2763 427 2837 arsuri
454 2736 734 2817 suntINisi
766 2755 903 2811 forte
927 2751 1145 2823 putatis,
1178 2749 1370 2802 fratres
1399 2741 1524 2806 mei,
1557 2739 1676 2809 quia
1707 2736 1845 2806 inju-

253 2828 422 2918 stitia,
451 2866 573 2922 quae
600 2846 840 2919 procedit
864 2861 927 2898 ex
949 2840 1164 2897 homine
1193 2837 1257 2891 ad
1289 2831 1586 2890 laedendum
1615 2825 1839 2882 alterum

251 2921 526 3001 hominem
550 2985 565 3010 ,
595 2941 670 2997 illi
692 2934 757 2995 ad
778 2952 936 3008 quem
967 2931 1208 3005 procedit
1231 2935 1387 2982 nocet
1411 2967 1427 2993 ,
1459 2931 1512 2979 et
1542 2921 1616 2977 illi
1642 2921 1708 3010 de
1736 2933 1842 3010 quo

251 3035 497 3108 procedit
528 3008 635 3089 non
665 3038 840 3086 nocet.
866 3024 1024 3083 Unde
1050 3022 1164 3077 ﬁeri
1192 3015 1406 3090 potest?
1435 3008 1840 3108 Aliquandoja-

251 3098 369 3184 eula
399 3125 597 3182 ardens
622 3121 905 3194 apponitur
929 3115 994 3170 ad
1024 3114 1224 3184 lignum
1254 3104 1532 3164 humidum
1558 3112 1612 3158 et
1633 3098 1838 3164 viride,

252 3233 306 3279 et
334 3235 447 3277 non
476 3217 605 3274 illud
631 3193 862 3270 incendit
883 3253 898 3279 ,
922 3210 1034 3280 ipsa
1070 3215 1246 3262 tamen
1272 3200 1458 3263 ardet;
1483 3197 1559 3252 sic
1589 3203 1643 3250 et
1667 3193 1843 3248 inimi-

252 3327 348 3370 cus
376 3321 522 3366 tuus.
547 3307 607 3364 Si
629 3305 749 3379 quis
784 3303 922 3358 forte
950 3298 1135 3354 existit
1165 3295 1391 3361 injustus
1416 3289 1504 3361 qui
1536 3286 1629 3342 tibi
1657 3283 1844 3339 molia-

255 3415 339 3460 tur
364 3401 610 3466 insidias,
628 3376 713 3452 vel
735 3399 999 3466 prmparet
1019 3387 1248 3458 aliquam
1271 3378 1591 3444 molestiam,
1616 3376 1842 3444 injustus

253 3507 335 3554 est
367 3514 382 3549 :
415 3505 472 3549 tu
498 3491 545 3548 si
571 3465 956 3556 viridelignum
981 3479 1144 3536 fueris
1168 3519 1183 3543 ,
1211 3475 1264 3530 id
1289 3480 1409 3539 est,
1441 3470 1486 3526 si
1508 3481 1668 3525 succo
1689 3465 1844 3536 spiri-

253 3588 384 3644 tuali
406 3587 594 3658 vigens
611 3590 665 3637 et
681 3555 879 3644 virens,
895 3571 1121 3629 flammis
1142 3565 1538 3623 inimicitiarum
1559 3555 1838 3621 restiteris,

252 3652 578 3745 orando'pro
604 3671 695 3726 illo
711 3669 800 3740 qui
825 3678 875 3722 te
895 3660 1253 3736 persequitur;
1274 3656 1361 3710 ille
1386 3652 1554 3717 ardet,
1581 3658 1637 3704 tu
1657 3661 1740 3703 ma
1750 3660 1844 3701 nes

252 3741 501 3840 integer;
529 3775 583 3822 et
602 3761 856 3834 injustitia
879 3757 1019 3812 illius
1045 3752 1121 3808 illi
1149 3755 1306 3805 nocet
1324 3789 1337 3813 ,
1365 3745 1457 3800 tibi
1492 3741 1626 3797 nihil
1663 3746 1840 3840 nocet:

251 3827 530 3916 Nisivforte
561 3827 713 3928 putas
739 3849 860 3922 quia
891 3853 1049 3902 nocet
1072 3841 1188 3906 tibi,
1216 3839 1260 3894 si
1287 3833 1500 3906 corpori
1527 3842 1618 3887 tuo
1645 3827 1844 3899 aliquid

249 3950 465 4016 fecerit,
493 3954 550 4002 et
562 3923 745 3999 anima
770 3938 976 4011 patiens
1002 3943 1058 3990 et
1077 3933 1378 3998 incorrupta
1406 3923 1470 3978 ad
1498 3923 1661 3977 Deum
1688 3934 1846 3974 coro-

251 4039 432 4098 nanda
451 4007 786 4109 pervenerit,
815 4040 1044 4100 sequens
1065 4019 1364 4089 exemplum
1393 4012 1598 4069 Domini
1629 4009 1732 4075 sui,
1756 4007 1846 4078 qui

251 4134 360 4206 pati
391 4101 582 4186 maluit
625 4141 655 4181 a
695 4123 925 4185 .Iudaiis,
959 4127 1013 4173 et
1037 4114 1126 4186 qui
1153 4115 1360 4182 poterat
1382 4111 1487 4162 n'on
1514 4101 1674 4165 mori,
1706 4115 1849 4206 mir-

251 4189 374 4278 qus
403 4228 507 4286 est,
538 4215 660 4288 quia
685 4222 740 4269 et
766 4211 853 4284 qui
887 4213 1092 4280 poterat
1121 4217 1224 4258 non
1249 4199 1416 4264 nasci,
1445 4204 1604 4250 natus
1632 4189 1844 4266 est.vTu

249 4314 399 4370 enim
427 4283 731 4366 conditione
755 4283 911 4358 natus
935 4315 1014 4366 es,
1035 4297 1122 4352 ille
1139 4292 1435 4354 voluntate;
1461 4296 1515 4344 tu
1537 4283 1846 4340 conditione

251 4401 486 4460 moreris
509 4441 526 4467 ,
557 4398 647 4455 ille
686 4389 1075 4451 misericordia.
1105 4383 1384 4452 Quomodo
1421 4393 1548 4452 ergo
1589 4377 1665 4431 illi
1716 4373 1845 4428 nihil

252 4501 559 4552 nocuerunt
594 4488 792 4553 Judaei;
826 4486 902 4540 sic
946 4497 1044 4537 nec
1089 4479 1181 4535 tibi
1225 4477 1502 4547 quisquam
1535 4475 1848 4542 persecutor

254 4589 511 4646 inimicus
543 4625 560 4653 ,
613 4583 658 4638 si
721 4588 778 4636 tu
805 4560 1062 4646 ‘elegeris
1123 4583 1244 4627 esse
1303 4565 1599 4622 membrum
1660 4558 1848 4630 capitis

254 4682 420 4738 illius.
583 4669 586 4672 ’

321 4771 379 4826 7.
407 4767 555 4824 Ecce
594 4757 949 4819 intelleximus
979 4756 1154 4827 ignem
1181 4757 1304 4805 ante
1332 4762 1454 4804 eum
1479 4752 1804 4816 prmeuntem
1831 4783 1846 4807 ,

254 4862 306 4919 id
331 4873 419 4918 est
438 4902 452 4924 ,
479 4859 585 4911 hoc
630 4864 869 4924 tempore
898 4841 1300 4913 intelligendum
1330 4839 1383 4892 in
1417 4849 1627 4906 pinnam
1658 4847 1848 4902 quam-

255 4955 376 5010 dam
405 4919 700 5006 inﬁdelium
729 4919 784 4997 et
812 4941 1114 5009 iniquorum
1153 4949 1168 4987 :
1199 4928 1554 4998 intelligamus
1585 4925 1778 4994 ignem,
1803 4919 1848 4975 si

255 5054 566 5115 possumus,
594 5046 647 5092 et
672 5035 724 5089 in
755 5031 980 5086 salutem
1011 5025 1446 5092 redemptorum;
1474 5017 1544 5070 ita
1565 5016 1705 5070 enim
1729 5027 1853 5083 pro-

256 5103 634 5207 posueramus.
658 5126 801 5181 Idem
833 5124 946 5192 ipse
971 5117 1228 5173 Dominus
1251 5113 1361 5166 ait:
1387 5107 1565 5180 Ignem
1592 5103 1703 5159 veni
1731 5103 1850 5156 mit-

258 5195 361 5283 iore
382 5227 440 5279 in
463 5234 649 5277 terram
670 5216 818 5289 (an.
848 5228 940 5277 xu,
970 5209 1084 5280 49).
1111 5207 1202 5263 Sic
1229 5205 1426 5275 ignem,
1448 5197 1715 5270 quomodo
1741 5195 1856 5265 gla-

257 5319 408 5374 dium
442 5334 456 5369 :
487 5328 610 5368 nam
635 5318 690 5365 et
717 5305 946 5378 quodam
970 5302 1089 5356 loco
1115 5297 1189 5352 ait
1213 5310 1321 5351 non
1341 5308 1402 5349 se
1429 5289 1640 5346 venisse
1667 5298 1850 5357 pacem

260 5393 475 5464 mittere
502 5405 557 5459 in
588 5377 782 5457 terram
809 5439 823 5462 ,
850 5393 944 5450 sed
970 5390 1202 5464 gladium
1233 5385 1446 5461 (Matth.
1474 5398 1509 5437 x
1528 5423 1544 5445 ,
1572 5381 1640 5434 54
1658 5380 1697 5449 ).
1726 5377 1852 5433 Gla-

262 5500 410 5558 dium
457 5495 527 5551 ad
574 5490 1005 5565 separationem,
1056 5485 1231 5554 ignem
1277 5477 1343 5532 ad
1398 5475 1662 5531 ustionem
1704 5487 1718 5524 :
1759 5466 1853 5525 sed

267 5603 554 5658 utrumque
593 5564 859 5640 salubrem
886 5621 901 5646 ,
933 5577 1054 5648 quia
1083 5585 1138 5629 et
1159 5571 1363 5644 gladius
1390 5567 1537 5624 verbi
1570 5564 1742 5658 ipsius
1750 5575 1856 5658 Asa-

269 5653 493 5740 lubriter
521 5693 618 5734 nos
652 5671 921 5745 separavit
957 5685 986 5724 a
1015 5659 1397 5722 consuetudine
1421 5659 1579 5715 mala.
1612 5653 1856 5713 Gladium

337 5850 355 5882 ί
378 5849 452 5898 Sic
475 5853 581 5896 uss.
609 5848 661 5893 At
680 5848 812 5898 t.ov.,
837 5836 1033 5889 verbera
1071 5845 1129 5882 ac
1153 5829 1338 5894 plagas.

1375 345 1769 424 ENARRA'I'IO
1808 344 1872 399 IN
1912 343 2233 400 PSALMUM
2270 341 2455 398 XCVI.

3383 336 3523 394 1262

1939 461 2080 513 enim
2111 457 2308 524 attulit,
2331 464 2385 512 et
2413 453 2684 525 separavit
2709 466 3138 523 unumquemque
3171 452 3400 508 ﬁdelium
3431 463 3524 508 aut

1939 563 1970 604 a
2013 555 2162 618 patre
2203 563 2300 602 suo
2340 545 2430 618 qui
2458 545 2510 599 in
2551 543 2820 599 Christum
2866 559 2973 598 non
3004 543 3338 610 crediderat,
3371 557 3461 599 aut
3492 562 3522 599 a

1939 646 2112 694 matre
2157 637 2401 693 similiter
2442 636 2640 692 infideli
2665 651 2680 700 ;
2709 643 2802 690 aut
2830 643 2981 691 certe
3004 676 3019 699 ,
3046 634 3093 689 si
3122 634 3190 689 de
3215 636 3524 706 parentibus

1939 729 2223 784 ehristanis
2263 735 2419 784 natus
2457 735 2577 795 est,
2607 727 2797 783 saltem
2825 741 2855 780 a
2893 725 3150 797 progenie
3189 739 3284 780 sua
3323 727 3522 796 priore.

1939 819 2109 877 Nemo
2133 821 2275 876 enim
2299 828 2534 874 nostrum
2559 834 2663 873 non
2692 826 2784 872 aut
2806 832 2985 882 avum,
3007 826 3098 873 aut
3126 831 3402 886 proavum,
3435 825 3528 870 aut

1942 911 2170 980 aliquam
2197 910 2468 980 antiquam
2497 911 2754 979 originem
2787 909 2841 964 in
2867 907 3126 965 Gentibus
3155 907 3358 976 habuit,
3391 918 3444 964 et
3473 908 3526 963 in

1943 1004 2033 1060 illa
2053 1003 2364 1059 exsecrabili
2396 1003 2504 1057 Deo
2529 1001 2840 1056 inﬁdelitate
2869 1019 2884 1056 :
2912 1001 3141 1072 separati
3167 1015 3352 1058 sumus
3373 1001 3440 1056 ab
3462 1015 3528 1056 eo

1942 1093 2084 1164 quod
2110 1107 2357 1158 eramus;
2386 1091 2478 1149 sed
2503 1089 2712 1163 gladius
2733 1091 3035 1147 intercessit
3061 1106 3347 1148 secernens
3375 1134 3390 1158 ,
3420 1107 3524 1146 non

1946 1185 2290 1241 interﬁciens.
2322 1184 2435 1240 Hoc
2467 1183 2624 1238 modo
2664 1192 2719 1239 et
2755 1183 2892 1253 ignis
2936 1182 3154 1256 :Ignem
3183 1185 3292 1239 veni
3331 1186 3529 1240 mittere

1943 1277 1997 1330 in
2021 1284 2224 1332 terram.
2254 1275 2586 1331 Exarserunt
2611 1275 2854 1330 homines
2877 1273 3159 1330 credentes
3190 1276 3240 1330 in
3269 1290 3412 1342 cum,
3442 1291 3530 1334 ac-

1945 1377 2202 1438 ceperunt
2237 1367 2506 1423 ﬂammam
2536 1367 2850 1434 charitatis;
2880 1377 3162 1439 propterea
3187 1378 3240 1425 et
3270 1371 3384 1440 ipse
3407 1371 3531 1440 Spi-

1945 1461 2082 1516 ritus
2099 1471 2315 1516 sanctus
2330 1476 2450 1515 eum
2477 1461 2670 1515 missus
2685 1468 2828 1517 esset
2852 1460 3140 1530 Apostolis,
3163 1461 3239 1516 sic
3253 1463 3496 1534 apparuit
3514 1481 3529 1517 :

1960 1551 2090 1607 Visa:
2115 1562 2230 1608 sunt
2248 1553 2370 1617 illis,
2402 1552 2603 1623 inquit,
2631 1552 2819 1624 lingua:
2837 1551 3010 1606 divisse
3026 1553 3158 1606 velut
3180 1553 3339 1625 ignis,
3367 1554 3455 1625 qui
3483 1562 3530 1608 et

1945 1643 2126 1698 insedit
2157 1660 2310 1713 super
2344 1659 2745 1716 unumquemque
2785 1643 2990 1698 illorum
3018 1643 3040 1716 (
3055 1644 3166 1698 Act.
3194 1660 3231 1699 ll
3256 1686 3271 1711 ,
3299 1645 3398 1717 '5).
3425 1641 3532 1700 Isto

1947 1732 2068 1802 igne
2088 1732 2395 1788 inflammati
2424 1742 2703 1804 cmperunt
2728 1733 2805 1789 ire
2832 1750 2927 1804 per
2950 1733 3227 1802 mundum,
3252 1742 3304 1789 et
3329 1733 3534 1790 inflam.

1948 1841 2096 1880 mare
2120 1869 2134 1893 ,
2159 1835 2214 1881 et
2258 1826 2544 1882 incendere
2589 1827 2641 1881 in
2673 1826 2897 1882 circuitu
2937 1827 3182 1884 inimicos
3223 1828 3357 1900 ejus.
3389 1830 3534 1898 Quos

1948 1917 2192 1972 inimicos
2217 1917 2368 1986 ejus?
2390 1918 2488 1985 Qui
2515 1918 2730 1974 deserto
2757 1919 2865 1974 Deo
2885 1933 2913 1973 a
2939 1934 3046 1990 quo
3068 1919 3190 1976 facti
3216 1928 3386 1987 erant,
3406 1921 3536 1976 ado-

1948 2006 2138 2062 rabant
2162 2007 2444 2063 simulacra
2472 2025 2590 2079 qua:
2621 2009 2875 2065 fecerant.
2900 2009 3004 2079 Ipsi
3026 2010 3464 2079 incendebantur,
3489 2013 3534 2068 si

1949 2098 2073 2152 mali
2100 2107 2276 2164 erant,
2308 2098 2374 2153 ad
2394 2101 2890 2169 consumptionem;
2917 2101 2965 2156 si
2995 2101 3119 2157 boni
3143 2113 3295 2157 erant
3314 2146 3328 2170 ,
3357 2104 3422 2160 ad
3447 2119 3538 2160 re-

1950 2189 2276 2258 parationem
2309 2205 2325 2243 :
2354 2199 2446 2243 aut
2473 2189 2587 2260 ipse
2613 2191 2995 2247 incendebatur
3014 2233 3029 2259 ,
3059 2193 3148 2263 qui
3175 2194 3386 2250 nolebat
3415 2211 3537 2251 ere-

1948 2277 2097 2346 dere,
2125 2279 2216 2333 illo
2242 2279 2362 2350 igne
2380 2320 2398 2346 ,
2418 2280 2596 2336 audito
2624 2281 2788 2338 verbo
2813 2283 2905 2337 Dei
2928 2281 3100 2338 factus
3125 2284 3278 2355 pejor
3294 2327 3309 2353 ,
3340 2286 3535 2342 invidia

1948 2383 2043 2425 sua
2069 2379 2291 2426 exustus
2318 2379 2479 2441 atque
2507 2381 2893 2443 consumptus;
2925 2380 3016 2428 aut
3045 2374 3089 2428 SI
3133 2385 3538 2432 CODVCI‘ICI’CIIII‘

1948 2473 2002 2520 et
2027 2465 2299 2532 crederet,
2329 2479 2429 2522 nec
2448 2466 2596 2520 sicin
2620 2466 2709 2520 illo
2729 2467 2859 2522 nihil
2881 2467 3119 2522 arsisset.
3148 2469 3368 2524 Arserat
3393 2470 3535 2525 enim

1951 2556 2151 2620 fenum,
2182 2566 2240 2611 ut
2271 2565 2582 2628 purgaretur
2607 2573 2816 2613 aurum.
2844 2559 3047 2612 Aurum
3079 2542 3330 2624 ﬁdes'est,
3358 2558 3535 2614 fenum

1948 2647 2178 2704 carnalis
2204 2649 2631 2718 concupiscentia
2659 2656 2760 2703 est.
2793 2647 2972 2703 Omnis
3000 2665 3119 2702 caro
3147 2653 3339 2718 fenum,
3368 2647 3534 2704 Isaias

1949 2739 2113 2805 dicit,
2141 2747 2188 2793 et
2217 2736 2377 2793 omnis
2407 2739 2566 2794 honor
2602 2737 2767 2793 carnis
2796 2747 2850 2792 ut
2877 2739 2975 2809 ﬂos
3007 2740 3110 2811 feni
3139 2740 3291 2813 (lsai.
3325 2755 3426 2808 XL,
3458 2739 3536 2812 6).

1948 2831 2210 2902 Quidquid
2241 2841 2472 2902 estergo
2500 2831 2552 2886 in
2583 2831 2797 2886 homine
2822 2832 3019 2886 carnali
3041 2840 3299 2903 appetens
3326 2847 3462 2888 vana
3485 2840 3540 2888 et

1949 2925 2222 2981 saecularia
2251 2967 2266 2993 ,
2300 2924 2478 2980 fenum
2519 2933 2621 2980 est.
2648 2925 2818 2992 Quam
2865 2925 3016 2979 multi
3062 2925 3232 2991 forte,
3265 2933 3320 2981 et
3347 2925 3541 2982 fratres

1949 3018 2118 3073 nostri
2167 3017 2342 3072 ierunt
2384 3017 2450 3073 ad
2488 3017 2792 3072 theatrum?
2821 3017 2941 3073 feno
2988 3017 3132 3073 ducti
3172 3025 3313 3072 sunt.
3352 3016 3541 3073 Nonne

1949 3107 2211 3179 optandus
2231 3116 2312 3162 est
2332 3107 2436 3162 illis
2457 3108 2556 3163 iste
2578 3107 2733 3178 ignis,
2759 3117 2814 3162 ut
2840 3106 3018 3162 fenum
3046 3106 3248 3173 ardeat,
3274 3115 3326 3162 et
3353 3121 3540 3161 aurum

1949 3208 2204 3270 purgetur
2229 3199 2252 3252 ?
2280 3198 2432 3267 Quod
2458 3199 2600 3254 enim
2629 3199 2731 3254 illis
2763 3199 2900 3254 inest
2927 3198 3068 3263 ﬁdei,
3101 3198 3223 3254 feno
3253 3197 3536 3269 premitur.

1950 3289 2154 3344 Bonum
2185 3299 2265 3344 est
2289 3304 2416 3361 ergo
2443 3289 2521 3344 eis
2545 3288 2738 3344 ardere
2761 3298 2946 3345 sancto
2975 3289 3096 3360 igne
3121 3330 3134 3352 ,
3158 3295 3216 3343 ut
3256 3285 3377 3342 feno
3405 3301 3536 3342 eon-

1949 3390 2181 3451 sumpto,
2213 3379 2490 3451 splendeat
2517 3380 2808 3450 pretiosum
2839 3379 2980 3450 quod
3013 3378 3236 3434 redemit
3263 3378 3538 3435 Christus.

1953 3471 2272 3545 Ergo,lgnis
2299 3480 2414 3526 ante
2439 3487 2550 3526 eum
2577 3471 2794 3543 prwibit,
2814 3479 2859 3525 et
2888 3468 3220 3540 inﬂammabit
3245 3470 3298 3522 in
3328 3469 3542 3524 circuitu
3609 3491 3612 3493 λ

1949 3565 2180 3619 inimicos
2226 3563 2356 3635 ejus.
2388 3561 2522 3617 Sunt
2571 3558 2664 3632 qui
2716 3561 3001 3616 salubriter
3044 3568 3331 3626 arserunt,
3383 3559 3542 3615 hodie

1953 3653 2137 3710 ﬁdeles
2166 3652 2284 3724 ejus
2309 3650 2667 3717 sunt;inimici
2692 3643 2810 3722 ejus
2836 3657 3008 3713 erant,
3027 3657 3082 3705 et
3105 3665 3245 3705 nunc
3266 3649 3378 3721 jam
3411 3648 3544 3704 ﬁde-
3624 3659 3630 3665 '

1951 3747 2032 3802 les
2053 3746 2170 3816 ejus
2197 3754 2322 3800 sunt
2355 3763 2368 3800 :
2396 3744 2592 3814 qumris
2620 3741 2884 3807 inimicos,
2909 3753 3016 3796 non
3047 3748 3206 3807 sunt;
3237 3739 3541 3808 consumpti

1951 3844 2096 3899 sunt,
2117 3843 2396 3900 arserunt;
2420 3833 2649 3890 charitas
2666 3831 2995 3902 consumpsit
3024 3831 3074 3885 in
3097 3831 3175 3887 eis
3199 3831 3339 3902 quod
3360 3844 3544 3900 perse-

1953 3930 2254 4001 quebantur
2275 3929 2291 3960 ¹
2321 3927 2589 3983 Christum
2608 3968 2621 3988 ,
2649 3933 2702 3980 et
2725 3925 2968 3996 purgavit
2992 3925 3044 3979 in
3076 3924 3154 3980 eis
3179 3923 3321 3995 quod
3348 3922 3542 3979 credes-

1953 4031 2074 4078 rent
2098 4021 2150 4076 in
2173 4019 2444 4076 Christum
2479 4037 2492 4072 :
2527 4016 2592 4071 Et
2617 4016 2954 4087 inﬂammabit
2990 4015 3042 4070 in
3073 4016 3284 4069 circuitu
3311 4014 3542 4069 inimicos

1953 4115 2080 4185 ejus.

2025 4207 2077 4262 8.
2122 4205 2270 4279 [vers.
2316 4203 2393 4276 4.]
2434 4203 2792 4275 Apparuerunt
2833 4200 3038 4272 fulgura
3075 4200 3185 4270 ejus
3227 4198 3335 4253 orbi
3372 4207 3538 4253 terras.

1954 4297 2138 4368 Magna
2160 4294 2463 4350 exsultatio.
2485 4291 2671 4348 Nonne
2697 4291 2974 4346 videmus?
3002 4303 3176 4344 nonne
3203 4287 3541 4342 manifestum

1955 4389 2075 4444 est?
2119 4387 2494 4457 Apparuerunt
2532 4382 2736 4452 fulgura
2776 4381 2891 4450 ejus
2932 4381 3190 4434 universa:
3232 4387 3422 4443 terrm;
3458 4377 3542 4431 in-

1954 4479 2208 4536 ﬂammati
2233 4486 2355 4531 sunt
2374 4475 2594 4542 inimici,
2619 4473 2817 4529 incensi
2843 4481 2966 4527 sunt
2992 4471 3212 4526 inimici.
3237 4470 3380 4525 Arsit
3400 4469 3547 4540 quid-

1955 4571 2080 4645 quid
2121 4569 2549 4635 contradicehat,
2582 4575 2635 4622 et
2668 4574 3011 4637 apparuerunt
3049 4564 3255 4636 fulgura
3293 4566 3403 4634 ejus
3439 4543 3549 4618 orbi

1956 4673 2120 4718 terra.
2151 4659 2430 4729 Quomodo
2457 4656 2850 4729 apparuerunt?
2878 4655 2940 4711 Ut
2966 4655 3074 4726 jam
3105 4655 3404 4711 crederent.
3437 4654 3550 4711 Un-

1956 4754 2024 4809 de
2063 4751 2306 4822 fulgura?
2339 4751 2410 4806 De
2441 4748 2689 4804 nubibus.
2720 4747 2850 4814 Quae
2887 4755 3010 4800 sunt
3045 4746 3212 4801 nubes
3243 4746 3371 4801 Dei?
3400 4745 3546 4801 Prai-

1957 4845 2219 4901 dicatores
2242 4841 2498 4898 veritatis.
2520 4839 2680 4895 Vides
2703 4847 2877 4893 autem
2899 4837 3114 4904 nubem,
3142 4838 3194 4891 in
3220 4838 3356 4891 coelo
3382 4836 3552 4890 nebu-

1958 4940 2126 4994 losam
2147 4979 2162 5002 ,
2188 4935 2468 4990 obscuram
2491 4973 2504 4995 ,
2532 4940 2587 4987 et
2621 4930 2782 4986 habet
2819 4930 2962 4984 intus
2991 4928 3172 4984 nescio
3201 4927 3325 4999 quid
3355 4927 3545 4981 latens.

1957 5029 2013 5086 Si
2033 5035 2276 5083 coruscet
2295 5024 2363 5079 de
2385 5023 2546 5088 nube,
2572 5023 2764 5077 emicat
2783 5019 3038 5092 splendor
3062 5039 3075 5075 :
3098 5035 3162 5075 ex
3186 5035 3250 5074 eo
3271 5019 3385 5088 ipso
3406 5017 3554 5086 quod

1958 5113 2342 5174 contemnebas
2366 5155 2380 5180 ,
2421 5113 2545 5168 inde
2581 5112 2811 5168 exsilivit
2847 5111 2988 5180 quod
3032 5123 3372 5179 expavescas.
3410 5107 3551 5163 Misit

1960 5227 2088 5283 ergo
2119 5207 2375 5265 Dominus
2407 5215 2588 5260 noster
2624 5203 2778 5260 Jesus
2806 5204 3050 5259 Christus
3081 5199 3362 5270 Apostolus
3390 5214 3546 5266 suos,

1960 5305 2337 5378 praedicatores
2366 5315 2492 5357 suos
2511 5341 2526 5367 ,
2552 5299 2698 5354 velut
2727 5299 2896 5354 nubes
2925 5317 2938 5352 :
2967 5295 3282 5351 videbantur
3306 5293 3551 5350 homines

1961 5408 2016 5454 et
2039 5395 2544 5458 contemnebantur;
2570 5390 2835 5462 quomodo
2862 5388 3106 5443 videntur
3131 5386 3319 5452 nubes,
3345 5394 3398 5442 et
3424 5401 3553 5440 con-

1966 5495 2305 5552 temnuntur,
2349 5495 2630 5554 antequam
2673 5481 2738 5537 de
2775 5481 2853 5534 eis
2891 5478 3099 5534 exsiliat
3141 5477 3282 5549 quod
3320 5476 3549 5532 mireris.

2031 5690 2049 5722 ι
2077 5696 2174 5736 Αω,
2203 5692 2256 5735 ει
2276 5690 2403 5735 3155.,
2445 5679 2573 5743 quod
2606 5675 2976 5743 persequebatur
3004 5681 3102 5743 :_et
3133 5672 3273 5729 infra,
3297 5671 3424 5738 quod
3447 5683 3532 5743 cro

1969 5734 2251 5863 degtrstad
2282 5734 2474 5795 videtur
2512 5734 2640 5804 leg.',
2665 5734 2767 5806 quo'
2792 5741 3222 5804 persequebantur,
3254 5734 3348 5797 quo
3381 5734 3557 5785 cretic-

1972 5826 2040 5863 γει
2079 5843 2096 5862 .
