4056 6500
511 397 650 454 Hi?)

508 517 675 571 Erant
702 511 845 568 enim
886 510 959 566 illi
998 508 1226 580 primum
1261 503 1504 561 homines
1534 517 1747 557 carnem
1792 506 2091 585 portantes,

506 604 734 670 inﬁrmi;
762 601 955 658 deinde
982 601 1178 665 idiotas,
1208 595 1428 662 indocti,
1457 592 1714 664 ignobiles
1743 612 1755 646 :
1780 590 1874 647 sed
1900 601 2015 646 erat
2040 590 2101 669 ini

504 696 609 752 illis
637 694 778 766 quod
817 693 1139 763 lulgurarct,
1181 696 1299 744 erat
1336 687 1389 742 in
1430 686 1545 753 illis
1577 683 1722 755 quod
1763 689 2091 747 coruscaret.

505 785 807 843 Accedebat
835 784 1024 840 Petrus
1053 781 1214 835 homo
1249 779 1495 849 piscator,
1527 772 1735 841 orabat,
1766 784 1819 829 ct
1846 772 2097 844 surgebat

506 889 746 935 mortuus
783 876 934 949 (Act.
965 891 1054 941 ιι,
1082 873 1209 945 40).
1241 872 1434 928 Forma
1478 870 1707 925 humana
1736 868 1906 924 nubes
1939 875 2053 923 erat
2073 908 2090 934 ,

505 969 756 1041 splendor
783 965 1022 1023 miraculi
1053 963 1350 1020 coruscatio
1386 971 1521 1019 erat.
1557 960 1645 1017 Sic
1684 962 1737 1015 in
1777 959 1984 1023 verbis,
2015 958 2093 1017 sic

504 1061 557 1115 in
594 1060 782 1128 factis,
813 1073 935 1113 cum
975 1054 1215 1111 miranda
1254 1054 1468 1119 dicunt,
1499 1060 1553 1107 et
1583 1050 1823 1106 miranda
1861 1048 2089 1114 faciunt,

502 1153 861 1221 Apparuerunt
893 1147 1103 1220 fulgura
1131 1146 1239 1217 ejus
1267 1144 1374 1198 orbi
1401 1151 1564 1197 terraz.
1604 1139 1742 1209 Vidit
1767 1150 1813 1194 et
1847 1146 2095 1211 commota

502 1252 573 1297 est
608 1251 763 1297 terra.
801 1240 859 1297 Si
897 1239 1039 1295 enim
1079 1255 1183 1295 non
1214 1246 1297 1293 est
1322 1236 1543 1295 verum?
1580 1235 1624 1290 si
1663 1250 1769 1289 non
1812 1243 1917 1287 tota
1953 1243 2095 1287 terra

497 1334 609 1403 jam
634 1333 918 1388 christiana
946 1332 1165 1397 clamat,
1197 1334 1387 1393 Amen,
1414 1336 1678 1383 commota
1706 1324 2000 1396 fulguribus
2024 1322 2099 1405 de

501 1425 608 1481 illis
628 1424 857 1479 nubibus
877 1420 1310 1493 erumpentibus?
1335 1420 1490 1485 Vidit,
1512 1428 1557 1474 et
1577 1427 1825 1473 commota
1845 1427 1915 1471 est
1936 1426 2089 1470 terra.

572 1516 627 1573 9.
661 1514 807 1589 [verm
842 1512 921 1587 5.]
956 1512 1157 1568 Montes
1194 1515 1449 1583 [luxerunt
1477 1512 1605 1566 sicut
1629 1527 1745 1565 cera
1770 1526 1801 1563 a
1826 1509 1957 1583 facie
1985 1507 2095 1562 Do-

502 1604 647 1660 mini.
676 1604 775 1673 Qui
814 1611 939 1659 sunt
973 1602 1219 1659 montes?
1255 1601 1503 1672 Superbi.
1533 1599 1718 1655 Omnis
1744 1598 1967 1654 altitudo
1994 1614 2092 1654 ex-

502 1696 701 1753 tollens
735 1712 795 1753 se
830 1696 1086 1751 adversus
1114 1695 1313 1757 Deum,
1346 1692 1497 1749 factis
1526 1690 1725 1747 Christi
1752 1700 1805 1746 et
1829 1690 2091 1745 Christia-

503 1803 693 1846 norum
734 1787 1083 1852 contremuit,
1122 1785 1426 1851 succubuit,
1456 1793 1509 1840 et
1550 1781 1764 1855 quando
1797 1781 1915 1837 dico
1949 1779 2090 1852 quod

502 1878 701 1935 dictum
727 1888 842 1946 est,
870 1877 1080 1943 Fluxit,
1111 1877 1301 1932 melius
1337 1875 1557 1932 verbum
1599 1872 1823 1930 inveniri
1854 1888 1961 1927 non
1992 1886 2091 1942 po-

503 1980 627 2027 test.
661 1971 861 2027 Montes
888 1972 1148 2043 ﬂuxerunt
1184 1970 1316 2024 velut
1349 1984 1465 2024 cera
1499 1985 1529 2021 a
1564 1967 1695 2040 facie
1731 1965 1957 2020 Domini.
1990 1964 2087 2019 Ubi

502 2072 585 2119 est
610 2063 834 2119 altitudo
861 2062 1223 2135 potestatum?
1253 2061 1340 2116 ubi
1365 2059 1559 2117 duritia
1588 2058 1921 2114 inﬁdelium?
1946 2055 2093 2111 Mon-

502 2166 575 2211 tes
602 2158 859 2227 [luxerunt
895 2157 1020 2211 sicut
1048 2172 1163 2210 cera
1196 2173 1229 2208 a
1266 2155 1396 2226 facie
1436 2151 1664 2208 Domini.
1694 2152 1833 2223 Ignis
1874 2152 1954 2208 eis
1993 2150 2092 2206 {uit

500 2249 790 2316 Dominus,
821 2250 893 2304 illi
932 2258 1056 2305 ante
1083 2247 1273 2306 faciem
1310 2247 1426 2319 ejus
1458 2247 1596 2302 sicut
1632 2260 1755 2302 cera
1789 2244 2086 2313 ﬂuxerunt;

502 2341 702 2397 tamdiu
732 2340 883 2405 duri,
914 2341 1087 2396 donec
1117 2339 1377 2411 ignisille
1415 2337 1810 2403 admoveretur.
1843 2336 2093 2408 Compla-

501 2444 621 2491 nata
648 2445 731 2492 est
756 2434 933 2491 omnis
960 2434 1214 2500 altitudo;
1242 2432 1398 2488 modo
1424 2431 1797 2502 blasphemarc
1820 2428 2090 2486 Christum

499 2542 606 2584 non
635 2527 797 2584 audet
825 2536 923 2583 :‘et
950 2541 1185 2598 paganus
1219 2540 1326 2581 non
1362 2525 1414 2579 in
1449 2538 1570 2579 eum
1600 2523 1799 2588 credit,
1828 2537 1935 2577 non
1966 2537 2091 2577 eum

499 2629 677 2679 tamen
706 2618 1076 2689 blasphemat;
1107 2617 1207 2672 etsi
1251 2613 1487 2671 nondum
1526 2613 1695 2669 iactus
1721 2622 1803 2669 est
1834 2613 1985 2667 vivus
2016 2612 2091 2666 la-
2128 2663 2137 2673 ,

498 2711 614 2780 pis,
648 2719 823 2771 tamen
852 2710 1024 2765 victus
1060 2707 1345 2764 estdurus
1383 2720 1559 2761 mons.
1599 2704 1794 2760 Montes
1834 2706 2091 2773 ﬂuxerunt

500 2792 627 2857 sicut
655 2817 772 2863 cera
800 2817 831 2854 a
860 2800 991 2872 facie
1018 2799 1245 2867 Domini,
1274 2815 1304 2851 ιι
1329 2799 1458 2869 facie
1484 2796 1691 2850 Domini
1718 2796 1879 2850 onmis
1906 2805 2051 2849 terra:
2071 2810 2091 2849 :

499 2905 605 2947 non
642 2890 947 2947 Iudaeorum
983 2899 1218 2954 tantum,
1256 2888 1348 2945 sed
1388 2897 1443 2945 et
1474 2888 1722 2945 Gentium
1745 2928 1760 2955 ,
1792 2887 1929 2942 sicut
1965 2886 2094 2941 dicit

499 2983 789 3053 Apostolus
821 2983 1010 3055 (Rom.
1041 2998 1132 3049 ιιι,
1163 2980 1301 3052 29);
1343 2995 1451 3034 non
1489 2979 1631 3034 enim
1671 2987 1753 3033 est
1785 2976 2089 3033 Judmorum

501 3082 704 3129 tantum
738 3073 906 3141 Deus,
937 3072 1032 3128 sed
1059 3081 1113 3129 et
1139 3071 1408 3129 Gentium.
1439 3071 1697 3126 Dominus
1724 3084 1851 3140 ergo
1878 3071 2093 3125 univer-

501 3178 575 3219 sa:
601 3172 789 3228 terrae,
821 3163 1079 3221 Dominus
1114 3160 1270 3219 Iesus
1299 3160 1543 3217 ChriStns
1582 3160 1635 3216 in
1674 3159 1857 3216 Judaza
1898 3168 2087 3225 natus,

500 3253 595 3310 sed
626 3269 731 3308 non
760 3252 957 3309 Judcea:
987 3260 1189 3308 tantum
1226 3260 1381 3307 natus
1408 3270 1422 3305 :
1451 3251 1572 3321 quia
1602 3259 1658 3308 et
1683 3260 1965 3321 antequam
1991 3266 2090 3305 na-

501 3356 585 3402 tus
612 3360 797 3402 omnes
824 3344 981 3412 fecit;
1011 3352 1066 3401 et
1091 3345 1181 3416 qui
1212 3360 1399 3401 omnes
1427 3342 1572 3411 fecit,
1602 3358 1787 3401 onmes
1815 3344 2017 3399 refecit.
2050 3343 2091 3397 Α

501 3438 632 3509 facie
659 3436 861 3491 Domini
888 3437 1049 3490 omnis
1075 3446 1239 3491 terrae.

574 3526 661 3582 10.
691 3526 840 3599 [uers.
872 3524 950 3599 6.]
988 3527 1424 3581 Annuntiaverunt
1455 3524 1567 3580 coeli
1595 3526 1851 3598 justitiam
1880 3526 2019 3597 ejus,
2047 3535 2094 3581 et

502 3617 732 3672 viderunt
765 3634 935 3671 omnes
972 3616 1147 3687 populi
1180 3616 1395 3687 gloriam
1434 3616 1564 3687 ejus.
1596 3614 1695 3682 Qui
1733 3614 1852 3671 caeli
1882 3631 2091 3670 annun-

502 3707 801 3764 tiaverunt?
830 3706 955 3762 Coeli
992 3716 1232 3760 euarrant
1266 3707 1484 3777 gloriam
1512 3706 1608 3761 Dei
1636 3705 1804 3779 (Psal.
1837 3723 1981 3770 xvm,
2009 3705 2089 3774 2).

500 3801 600 3871 Qui
630 3809 753 3856 sunt
779 3799 940 3855 emit?
967 3799 1065 3865 Qui
1096 3798 1219 3853 lacti
1251 3807 1373 3853 sunt
1406 3797 1564 3853 sedes
1599 3797 1781 3868 ipsius.
1815 3797 2093 3866 Quomodo

501 3894 645 3950 enim
673 3894 723 3948 in
753 3892 904 3949 caelis
933 3891 1083 3946 sedet
1111 3890 1249 3945 Deus
1269 3932 1284 3956 ,
1315 3890 1392 3945 sic
1422 3889 1573 3944 sedet
1603 3889 1655 3944 in
1682 3889 1981 3959 Apostolis,
2016 3890 2093 3945 sic

501 3983 651 4040 sedet
679 3984 730 4037 in
759 3980 1193 4053 prmdimtoribus
1216 3980 1507 4051 Evangelii.
1536 3979 1605 4034 Et
1631 3988 1685 4034 tu
1708 3979 1749 4034 si
1775 3980 1873 4047 vis,
1897 3978 2089 4036 caelum

500 4076 628 4131 eris.
657 4075 751 4131 Vis
776 4090 895 4130 esse
920 4074 1151 4129 coelum?
1177 4072 1347 4145 Purga
1374 4071 1443 4129 de
1478 4071 1641 4128 corde
1668 4081 1758 4127 tuo
1785 4081 2001 4128 terram.
2036 4070 2093 4126 Si

503 4178 745 4226 terrenas
769 4166 1227 4237 concupiscentias
1252 4180 1356 4221 non
1386 4164 1654 4229 habueris,
1682 4173 1737 4220 et
1764 4178 1869 4219 non
1897 4162 2092 4220 frustra

501 4260 845 4331 responderis
876 4274 1087 4315 sursum
1118 4266 1170 4315 te
1193 4258 1394 4314 habere
1420 4273 1536 4324 cor,
1563 4248 1757 4313 caelum
1778 4257 1905 4313 eris.
1930 4256 1991 4313 Si
2014 4274 2093 4312 re-

502 4351 792 4409 surrexistis
822 4367 933 4404 cum
965 4348 1163 4405 Christo
1195 4348 1467 4418 (ﬁdelibus
1486 4348 1775 4418 Apostolus
1803 4347 2090 4419 loquitur),

502 4457 616 4513 qua:
639 4458 839 4498 sursum
860 4450 974 4495 sunt
995 4442 1221 4511 quaerite,
1244 4440 1332 4493 ubi
1352 4438 1580 4494 Christus
1602 4448 1672 4494 est
1698 4439 1749 4493 in
1771 4439 1976 4494 dextera
2000 4438 2095 4493 Dei

502 4533 719 4597 sedens;
741 4548 855 4601 qua:
881 4548 1080 4585 sursum
1107 4539 1224 4585 sunt
1247 4530 1427 4599 sapite,
1462 4546 1564 4585 non
1593 4547 1706 4599 qua:
1728 4546 1881 4600 super
1909 4538 2095 4584 terram

505 4622 733 4696 (Coloss.
763 4639 840 4689 ιιι,
863 4624 886 4677 l
910 4622 1006 4677 et?
1025 4623 1064 4693 ).
1094 4622 1312 4693 Cmpisti
1343 4636 1530 4692 sapere
1556 4638 1677 4693 quae
1692 4636 1902 4678 sursum
1933 4632 2055 4677 sunt
2074 4663 2091 4689 ,

504 4726 561 4773 et
589 4731 693 4772 non
720 4732 839 4787 qua:
869 4730 1029 4785 super
1068 4725 1263 4770 terram
1304 4722 1455 4780 sunt;
1489 4730 1666 4768 nonne
1696 4713 1863 4773 lactus
1893 4729 1953 4769 es
1978 4702 2101 4785 cape-5

504 4807 653 4862 lum?
683 4806 907 4863 Carnem
939 4813 1116 4875 portas
1136 4846 1151 4872 ,
1187 4813 1242 4859 et
1268 4804 1430 4859 corde
1453 4804 1563 4874 jam
1607 4803 1802 4860 coalqu
1833 4819 1893 4858 es
1923 4821 1935 4857 :
1967 4819 2095 4858 con—

506 4898 740 4954 versatio
766 4898 906 4953 enim
937 4890 1022 4951 tua
1049 4898 1102 4951 in
1129 4897 1279 4954 caelis
1301 4897 1401 4951 erit
1428 4895 1684 4967 (Philipp.
1709 4912 1785 4962 ιιι,
1811 4894 1925 4966 20).
1951 4896 2096 4951 Talis

503 4990 789 5045 aununtias
830 4999 885 5043 et
923 4998 977 5042 tu
1012 4986 1282 5044 Christum
1316 5006 1328 5041 :
1358 4986 1476 5058 quis
1515 4988 1655 5042 enim
1698 4986 1928 5043 ﬁdelium
1959 4995 2098 5043 taret

492 5082 815 5147 Christum?
838 5080 1083 5135 lnlendat
1106 5079 1352 5135 Charitas
1380 5090 1556 5133 vestra
1586 5097 1598 5131 :
1626 5081 1822 5150 putatis
1850 5078 1971 5149 quia
2000 5093 2097 5133 nos

504 5173 604 5228 soli
643 5182 849 5227 stantes
888 5172 975 5227 hic
1018 5172 1399 5227 aununtiamus
1436 5169 1739 5238 Christum,
1772 5182 1825 5226 et
1858 5186 1954 5225 vos
1992 5187 2096 5226 non

504 5264 870 5319 annuntiatis?
895 5261 1045 5319 Unde
1072 5262 1136 5317 ad
1167 5278 1262 5317 nos
1287 5262 1527 5321 veniunt.
1556 5262 1829 5318 christiani
1855 5262 2099 5319 volentes

506 5367 646 5417 esse,
675 5368 809 5424 quos
835 5368 1101 5422 nunquam
1130 5351 1381 5418 vidimus,
1410 5366 1544 5421 quos
1571 5367 1674 5405 non
1703 5353 1966 5418 novimus,
1992 5353 2100 5423 qui-

506 5443 608 5499 bus
650 5458 918 5514 nunquam
962 5442 1408 5515 prmdicavimus?
1455 5443 1535 5496 An
1581 5441 1718 5498 forte
1760 5442 2104 5500 crediderunt

509 5533 657 5590 nullo
681 5535 1069 5590 annuutiante?
1098 5534 1385 5605 Apostolus
1410 5533 1539 5589 dicit
1568 5552 1581 5587 :
1609 5535 1874 5602 Quomodo
1903 5537 2105 5592 credent

507 5643 655 5697 quan
681 5643 783 5681 non
819 5626 1124 5695 audierunt,
1155 5625 1407 5696 quomodo
1435 5626 1641 5691 audient
1665 5626 1775 5680 sine
1799 5628 2107 5697 prazdicanle

508 5719 687 5788 (tiam.
719 5735 772 5785 χ,
806 5716 933 5791 ii)?
962 5718 1101 5788 Ergo
1131 5726 1238 5773 tom
1268 5717 1504 5773 Ecclesia
1531 5718 1782 5791 praedicat
1811 5717 2102 5787 Christum,

510 5823 563 5869 ct
593 5811 902 5868 annuntiant
930 5810 1051 5869 ραιΙὶ
1086 5809 1343 5881 justitiam
1375 5810 1573 5882 ipsius;
1601 5811 1723 5883 quia
1751 5824 1938 5869 omnes
1970 5811 2103 5870 lide-

1748 384 1805 439 S.
1847 378 2212 440 AUGUSTINI
2252 376 2553 438 EPISCOPI

3644 378 3713 438 {‘2
3726 384 3779 438 μ

2200 497 2277 552 les
2303 498 2496 568 quibus
2529 513 2655 554 cura
2695 506 2777 554 est
2807 498 2998 554 lucrari
3028 498 3137 555 Deo
3164 512 3258 553 eos
3285 497 3374 569 qui
3404 497 3635 553 nondum
3661 513 3782 554 ere-

2197 587 2480 658 diderunt,
2510 599 2568 646 et
2595 588 2797 645 faciunt
2820 588 2925 645 hoc
2952 605 3017 645 ex
3042 589 3299 645 charitate
3318 632 3334 656 ,
3365 589 3488 645 caeli
3517 599 3658 645 sunt.
3696 590 3783 670 In.-

2199 688 2347 735 tonat
2372 681 2441 737 de
2466 682 2570 738 illis
2598 682 2741 739 Deus
2763 682 2946 753 judicii
2974 682 3057 737 sui
3084 690 3375 747 terrorem;
3407 690 3462 738 et
3488 682 3669 737 tremit
3693 683 3784 752 qui

2198 772 2425 827 inﬁdelis
2451 781 2595 842 erat,
2629 783 2681 830 et
2712 774 2978 845 pavescit,
3009 784 3063 830 et
3087 773 3274 830 credit.
3302 772 3581 830 Ostendite
3609 773 3787 830 homi-

2198 863 2353 919 nibus
2372 864 2499 935 quid
2529 866 2696 935 potuit
2716 864 2957 922 Christus
2984 882 3078 937 per
3100 875 3265 923 totum
3289 866 3471 922 orbem
3500 875 3785 935 terrarum,

2198 954 2465 1026 loquendo
2488 957 2600 1025 eis,
2628 967 2682 1013 et
2713 957 3023 1014 adducendo
3061 972 3155 1014 eos
3196 958 3263 1013 ad
3300 957 3585 1015 amandum
3622 957 3786 1015 Chri-

2197 1055 2357 1100 stum.
2385 1046 2578 1115 Quanti
2600 1049 2740 1104 enim
2763 1049 2922 1106 hodie
2941 1050 3276 1106 adduxerunt
3297 1050 3500 1106 amicos
3523 1065 3668 1118 suos,
3693 1064 3791 1107 aut

2197 1136 2261 1191 ad
2283 1138 2686 1208 pantomimum,
2709 1149 2800 1195 aut
2819 1140 2884 1196 ad
2904 1141 3244 1197 choraulam?
3262 1141 3458 1210 Quare,
3480 1142 3580 1199 nisi
3600 1157 3789 1199 aman-

2195 1225 2267 1283 do
2301 1227 2487 1283 illum?
2512 1229 2581 1284 Et
2619 1244 2716 1285 vos
2753 1240 2928 1288 amate
2958 1230 3249 1288 Christum.
3278 1232 3448 1287 Tanta
3486 1233 3630 1289 enim
3660 1248 3788 1303 spe-

2195 1319 2406 1375 ctacula
2432 1320 2677 1391 praebuit,
2706 1321 2757 1376 in
2781 1337 2889 1394 quo
2914 1339 3071 1379 nemo
3095 1333 3273 1396 potest
3296 1324 3477 1380 dicere
3502 1325 3699 1396 aliquid
3726 1340 3788 1381 se

2196 1409 2627 1479 reprehensionis
2656 1412 2930 1483 invenire,
2960 1414 3047 1471 ille
3074 1416 3163 1486 qui
3190 1416 3315 1471 vicit
3349 1416 3623 1472 saeculum.
3648 1416 3783 1472 Nam

2196 1511 2250 1557 et
2288 1502 2571 1574 aliquando
2598 1520 2755 1576 quem
2782 1514 2924 1562 amat
2949 1507 3172 1578 quisque
3200 1508 3254 1563 in
3283 1507 3491 1563 theatro
3510 1550 3527 1577 ,
3554 1508 3787 1564 vincitur

2197 1596 2250 1651 in
2277 1596 2389 1651 illo.
2418 1596 2585 1652 Nemo
2604 1613 2731 1654 vero
2752 1599 2979 1654 vincitur
3004 1599 3055 1654 in
3082 1600 3294 1657 Christo
3319 1619 3332 1655 :
3358 1615 3465 1656 non
3490 1610 3572 1656 est
3590 1600 3657 1656 de
3678 1616 3787 1672 quo

2196 1688 2531 1744 erubescere.
2564 1689 2829 1760 Arripite,
2860 1686 3134 1757 adducite,
3170 1690 3419 1748 attrahite
3454 1706 3587 1762 quos
3627 1702 3785 1761 pote-

2196 1780 2293 1835 stis
2321 1798 2334 1835 :
2363 1780 2537 1836 securi
2566 1789 2758 1851 estote,
2789 1782 2856 1837 ad
2887 1797 3007 1838 eum
3036 1781 3317 1848 adducitis,
3347 1768 3438 1854 qui
3466 1798 3572 1838 non
3601 1783 3788 1854 displi-

2194 1879 2279 1926 cet
2317 1871 2657 1940 videntibus;
2689 1882 2743 1929 et
2782 1885 2966 1945 rogate
3005 1874 3152 1929 illum
3190 1884 3246 1929 ut
3286 1874 3547 1930 illuminet
3576 1889 3705 1938 eos,
3733 1885 3789 1929 et

2194 1963 2332 2020 bene
2359 1968 2664 2035 spectent‘.
2693 1967 3131 2023 Annuntiaverunt
3160 1968 3270 2022 caeli
3292 1968 3550 2039 justitiam
3576 1967 3709 2038 ejus,
3739 1979 3788 2021 et

2194 2055 2425 2109 uiderunt
2448 2073 2620 2111 omnes
2646 2058 2824 2128 populi
2850 2056 3067 2129 gloriam
3093 2059 3224 2131 ejus.

2269 2147 2354 2202 Η.
2392 2145 2542 2221 [vers.
2579 2145 2657 2220 7.]
2687 2148 3076 2220 Coufundantur
3102 2167 3272 2206 omnes
3299 2151 3385 2221 qui
3408 2150 3627 2229 adorant
3651 2150 3789 2205 scul-

2194 2239 2360 2308 ptilia.
2390 2238 2579 2295 Nonne
2600 2239 2794 2295 factum
2823 2242 2939 2296 est?
2964 2240 3153 2297 Nonne
3175 2240 3382 2297 confusi
3411 2240 3574 2296 sunt?
3596 2239 3791 2297 Nonne

2194 2330 2430 2400 quotidie
2460 2330 2886 2388 confunduntur?
2912 2331 3187 2401 Sculptilia
3213 2331 3354 2387 enim
3378 2341 3499 2387 sunt
3524 2347 3682 2386 manu
3713 2331 3790 2385 fa-

2193 2434 2276 2479 eta
2298 2423 2318 2454 ³
2348 2421 2507 2477 idola.
2538 2422 2712 2491 Quare
2736 2423 2847 2493 jam
2878 2422 3278 2479 confunduntur
3303 2438 3492 2480 omnes
3520 2425 3610 2495 qui
3650 2424 3788 2478 ado-

2195 2523 2314 2569 rant
2356 2514 2652 2585 sculptilia?
2680 2513 2813 2584 Quia
2844 2514 3091 2571 viderunt
3126 2530 3316 2571 omnes
3355 2516 3529 2587 populi
3559 2517 3788 2586 gloriam

2194 2603 2331 2674 ejus.
2362 2603 2479 2660 Jam
2505 2619 2692 2660 omnes
2733 2605 2914 2676 p0puli
2943 2606 3165 2677 gloriam
3191 2606 3387 2661 Christi
3416 2606 3739 2662 conﬁtentur
3772 2625 3787 2663 :

2193 2695 2513 2751 erubescant
2536 2696 2625 2767 qui
2653 2697 2878 2753 adorant
2905 2697 3126 2769 lapides.
3156 2698 3289 2766 Quia
3314 2698 3516 2768 lapides
3544 2698 3614 2753 illi
3643 2714 3789 2754 mor-

2195 2786 2271 2840 tui
2294 2795 2470 2853 erant,
2500 2802 2597 2843 nos
2623 2788 2800 2845 vivum
2826 2788 3054 2860 lapidem
3079 2789 3377 2844 invenimus
3408 2806 3422 2845 :
3449 2790 3555 2844 imo
3582 2789 3788 2860 lapides

2194 2877 2271 2932 illi
2298 2893 2567 2949 nunquam
2595 2879 2872 2950 vixerunt,
2905 2891 2963 2935 ut
2992 2895 3093 2936 nec
3117 2882 3311 2941 mortui
3340 2880 3621 2948 dicantur;
3652 2883 3787 2952 lapis

2193 2978 2371 3026 autem
2399 2978 2582 3027 noster
2608 2973 2760 3027 vivus
2787 2980 2888 3038 est,
2913 2978 2968 3027 et
2992 2986 3207 3043 semper
3230 2972 3364 3027 vixit
3387 2974 3524 3043 apud
3547 2973 3783 3040 Patrem,

2192 3075 2249 3121 et
2274 3080 2373 3135 pro
2400 3064 2553 3121 nobis
2582 3072 2822 3120 mortuus
2848 3064 3073 3131 revixit,
3095 3065 3338 3121 etmodo
3370 3065 3528 3132 vivit,
3557 3074 3611 3121 et
3638 3082 3787 3122 mors

2193 3158 2246 3213 ei
2276 3158 2412 3212 ultra
2442 3172 2547 3212 non
2573 3157 2932 3212 dominabitur
2961 3156 3135 3228 (Rom.
3167 3174 3241 3223 vi,
3275 3158 3354 3229 9).
3385 3156 3532 3213 Hanc
3558 3158 3787 3229 gloriam

2195 3248 2362 3320 ipsius
2384 3256 2747 3318 cognoverunt
2776 3248 2987 3319 populi;
3019 3247 3293 3304 dimittunt
3316 3250 3533 3319 templa,
3564 3260 3788 3306 currunt

2194 3338 2261 3393 ad
2291 3338 2565 3394 ecclesias.
2597 3336 2992 3410 Confundantur
3020 3356 3192 3394 omnes
3215 3341 3300 3411 qui
3328 3341 3542 3394 adorant
3574 3341 3789 3411 sculpti-

2194 3432 2284 3485 lia.
2316 3431 2502 3486 Adhuc
2530 3442 2774 3502 quaerunt
2802 3432 3029 3488 adorare
3055 3431 3358 3504 sculptilia?
3380 3432 3670 3489 Noluerunl
3697 3434 3788 3489 de-

2194 3539 2379 3580 serere
2427 3524 2600 3591 idola;
2644 3524 2844 3581 deserti
2890 3533 3016 3581 sunt
3059 3526 3127 3581 ab
3172 3525 3350 3581 idolis.
3394 3524 3788 3599 Confundantur

2195 3632 2365 3671 omnes
2393 3616 2477 3686 qui
2501 3616 2715 3670 adorant
2751 3616 3037 3687 sculptilia,
3066 3617 3154 3688 qui
3180 3617 3463 3688 gloriantur
3493 3617 3547 3671 in
3572 3617 3785 3672 simula-

2194 3709 2293 3763 cris
2322 3709 2446 3763 suis.
2473 3706 2578 3763 Sed
2604 3707 2785 3762 existit
2811 3707 2994 3764 nescio
3022 3709 3143 3780 quis
3167 3708 3464 3779 disputator
3483 3710 3571 3780 qui
3594 3701 3785 3765 doctus

2195 3801 2297 3855 sibi
2332 3800 2608 3855 videbatur
2645 3809 2700 3856 et
2727 3800 2804 3855 ait
2831 3819 2845 3855 :
2876 3800 2991 3856 Non
3030 3816 3130 3873 ego
3169 3801 3318 3857 illum
3356 3802 3587 3872 lapidem
3625 3803 3781 3867 colo,

2194 3907 2295 3947 nec
2325 3890 2450 3945 illud
2488 3890 2831 3946 simulacrum
2859 3890 3001 3961 quod
3028 3901 3111 3947 est
3136 3892 3251 3947 sine
3277 3907 3473 3959 sensu;
3504 3907 3607 3947 non
3638 3892 3784 3948 enim

2196 3984 2463 4055 PrOpheta
2506 3991 2683 4039 vester
2722 3985 2891 4054 potuit
2928 3999 3087 4040 nosse
3120 3985 3243 4056 quia
3282 3985 3466 4040 oculos
3505 3985 3703 4041 habent
3730 3996 3787 4040 et

2196 4092 2303 4132 non
2334 4076 2514 4132 vident
2538 4076 2558 4149 (
2581 4075 2723 4131 Psal.
2751 4092 2876 4132 cxm
2896 4117 2911 4143 ,
2942 4076 3033 4143 5),
3062 4085 3118 4131 et
3146 4091 3245 4147 ego
3275 4077 3455 4131 nescio
3493 4077 3616 4147 quia
3656 4077 3784 4132 illud

2195 4170 2540 4225 simulacrum
2570 4183 2671 4227 nec
2697 4168 2928 4223 animam
2964 4168 3142 4233 habet,
3172 4184 3270 4223 nec
3296 4168 3441 4225 videt
3467 4170 3659 4235 oculis,
3687 4183 3787 4223 nec

2194 4259 2343 4315 audit
2378 4260 2638 4316 auribus:
2667 4274 2773 4315 non
2817 4274 2917 4330 ego
2955 4259 3083 4314 illud
3111 4260 3268 4325 colo;
3310 4258 3405 4315 sed
3437 4258 3603 4315 adoro
3641 4261 3787 4331 quod

2194 4352 2387 4418 video,
2415 4360 2471 4407 et
2508 4351 2686 4407 servio
2725 4351 2774 4406 ei
2815 4366 2971 4425 quem
3018 4366 3122 4406 non
3157 4349 3329 4407 video.
3361 4349 3491 4418 Quis
3528 4361 3610 4407 est
3648 4352 3787 4407 iste?

2194 4443 2399 4498 Numen
2426 4440 2715 4513 quoddam,
2751 4440 2941 4513 inquit,
2972 4441 3233 4497 invisibile
3260 4441 3401 4512 quod
3429 4440 3682 4512 praesidet
3710 4443 3790 4497 illi

2195 4535 2501 4591 simulacro.
2534 4532 2647 4587 Hoc
2676 4532 2835 4588 modo
2876 4530 3146 4587 reddendo
3183 4531 3442 4587 rationem
3469 4532 3537 4587 de
3563 4533 3788 4588 simula-

2195 4627 2303 4683 cris
2322 4626 2449 4689 suis,
2474 4624 2663 4680 diserti
2684 4624 2705 4655 ⁸
2726 4624 2825 4679 sibi
2846 4623 3111 4690 videntur,
3136 4623 3258 4693 quia
3284 4638 3392 4679 non
3418 4624 3598 4680 colunt
3623 4624 3787 4692 idola,

2197 4728 2249 4774 et
2276 4718 2459 4775 colunt
2481 4715 2765 4771 daemonia.
2794 4715 3004 4770 Etenim
3024 4756 3039 4779 ,
3069 4714 3293 4781 fratres,
3322 4715 3460 4770 sicut
3486 4715 3617 4771 dicit
3645 4717 3791 4786 Apo-

2198 4809 2398 4875 stolus,
2429 4807 2558 4874 Qua:
2583 4806 2845 4861 immolant
2878 4804 3059 4860 Gentes
3078 4848 3093 4873 ,
3122 4805 3387 4862 daemoniis
3414 4806 3711 4873 immolant,
3744 4817 3801 4867 et

2199 4916 2301 4955 non
2340 4898 2468 4953 Deo.
2516 4895 2657 4951 Nolo
2696 4912 2818 4963 vos,
2856 4897 3056 4966 inquit,
3088 4897 3251 4951 socios
3279 4896 3393 4966 ﬁeri
3425 4897 3791 4952 dwntoniorum

2201 4991 2257 5064 (Ι
2284 4990 2403 5047 Cor.
2433 5006 2490 5056 Χ,
2524 4989 2613 5055 19,
2643 4987 2748 5061 20)
2779 5006 2791 5041 :
2822 5004 2944 5043 nasi]
2975 4989 3158 5043 scimus
3196 4989 3315 5058 quia
3343 4988 3475 5043 nihil
3499 5001 3571 5043 est
3598 4990 3792 5045 idolum

2202 5084 2332 5156 (1d.
2359 5099 2468 5149 vm,
2501 5080 2589 5154 4).
2629 5082 2746 5152 Ipse
2785 5080 2887 5136 hoc
2921 5081 3053 5136 dixit
3088 5082 3409 5151 Apostolus,
3441 5082 3646 5137 Scimus
3673 5085 3794 5154 quia

2202 5175 2329 5230 nihil
2358 5183 2429 5229 est
2464 5173 2691 5238 idolum,
2722 5171 2811 5226 sed
2847 5187 2961 5240 qua:
2991 5171 3253 5226 immolant
3280 5170 3496 5240 Gentes,
3529 5174 3797 5249 dwmoniis

2202 5266 2486 5331 immolant,
2514 5274 2560 5318 et
2588 5280 2689 5317 non
2717 5261 2828 5317 Deo
2858 5278 2875 5315 :
2900 5261 3054 5329 dixit,
3086 5261 3224 5317 Nolo
3249 5281 3335 5319 vos
3364 5265 3474 5332 ﬁeri
3503 5266 3662 5319 socios
3690 5265 3797 5318 dw-

2202 5359 2503 5414 moniorum.
2535 5356 2650 5411 Non
2679 5370 2805 5424 ergo
2833 5353 2955 5411 hinc
2983 5369 3042 5409 se
3066 5366 3340 5423 excusent,
3364 5357 3485 5427 quia
3507 5358 3656 5427 quasi
3683 5356 3799 5412 ido-

2269 5511 2286 5543 ί
2312 5512 2385 5560 sic
2407 5507 2766 5572 vetustissimus
2787 5506 2922 5572 liber
2958 5507 3196 5572 CorbuAt
3230 5507 3366 5572 βαιὴ,
3407 5514 3717 5572 exspectent:
3748 5515 3802 5559 et

2204 5575 2278 5624 Sic
2295 5572 2650 5640 pleriquejtss.
2675 5569 2763 5640 sed
2802 5570 2886 5631 qui
2909 5569 3001 5640 hoc
3032 5570 3275 5640 scribendi
3306 5583 3461 5640 more,
3497 5569 3609 5633 pro,
3636 5577 3805 5640 specto

2207 5631 2601 5701 etspondeum,
2637 5632 2814 5694 passim
2853 5631 3144 5701 praeferunt,
3184 5638 3409 5697 exspecto
3448 5631 3520 5683 et‘
3539 5631 3802 5699 exspecta-

2207 5696 2393 5806 cul'asic
2418 5764 2516 5805 Am.
2539 5761 2592 5805 ct
2608 5762 2714 5817 Mss.
2742 5761 2796 5804 At
2816 5760 2894 5804 Er.
2919 5761 2973 5803 et
2994 5759 3125 5813 Lov.,
3149 5753 3417 5817 manifesta.

2288 5822 2307 5853 ³
2330 5820 2403 5870 Sic
2426 5825 2499 5872 Er.
2525 5826 2576 5870 et
2598 5816 2823 5881 plerique
2848 5824 2951 5868 Mss.
2979 5825 3034 5867 At
3052 5825 3149 5867 Αιιι.
3173 5824 3225 5869 et
3242 5816 3372 5883 I.0v.,
3394 5820 3589 5872 deserti.
