2028 3238
131 162 200 192 m5

129 219 162 247 l'u
175 219 319 247 insensatis
332 219 414 248 dediti
427 227 480 248 non
493 223 573 254 sunt;
589 219 727 248 daemoniis
739 221 823 256 magis
836 220 918 249 dediti

128 268 201 298 sunt,
217 264 289 301 quod
304 269 346 293 est
358 265 544 300 periculosius.
557 264 624 293 Nam
639 265 661 293 si
677 269 777 293 tantum
793 265 861 294 idola
874 274 921 294 eo-

129 310 216 339 lerent
225 331 234 345 ,
248 311 318 340 sicut
330 318 378 339 eos
390 318 442 339 non
458 310 616 346 adjuvarent
625 332 633 345 ,
646 311 682 339 ita
695 311 747 340 illis
760 311 825 339 nihil
840 320 921 340 noce-

127 359 204 389 rent;
219 355 244 384 sl
263 360 351 384 autem
370 355 467 384 adores
481 361 508 384 et
524 357 625 384 servias
642 356 825 389 dtemonibus.
844 361 923 385 erunt

127 401 232 430 domini
244 402 292 430 tui.
302 402 337 430 Et
348 403 396 438 qui
405 407 484 430 erunt
497 403 596 431 domini
611 403 666 431 tuil
679 403 762 431 Invidi
776 403 812 431 tui
825 412 831 430 :
843 403 923 432 liber-

128 447 177 475 tati
190 451 247 476 tua
258 454 371 476 necesse
383 451 426 476 est
443 448 593 482 invideant,
607 456 713 486 semper
727 453 752 477 te
767 450 848 477 velint
862 457 923 484 pos-

127 492 235 526 sidere,
249 499 357 529 scalper
370 493 449 522 talem
469 493 574 526 facere,
591 494 695 530 qualem
711 495 813 529 possint
832 502 922 523 secum

128 538 248 567 trahere.
261 539 311 568 Est
322 539 392 568 enim
406 539 484 568 insita
498 540 684 568 malevolentia
696 540 816 576 quaedam
828 546 854 569 et
867 549 923 576 per-

128 584 214 613 sieta
225 585 345 614 nocendi
354 585 412 613 istis
425 586 503 614 malis
517 586 653 621 spiritibus
665 595 672 614 :
684 586 799 622 gaudent
809 586 842 614 de
853 586 923 614 malo

128 629 286 664 hominum;
299 636 327 658 et
337 630 372 659 de
385 630 487 659 fallacia
503 636 603 664 uestra,
618 632 639 659 si
653 639 702 659 nos
714 631 862 663 fefellerint.
879 640 924 667 pa-

128 680 250 704 κιαι-ιι.
269 675 306 704 Et
322 676 385 712 quid
406 677 547 712 quaerunt?
565 676 623 705 Non
644 677 739 712 quibus
755 677 779 704 in
794 682 922 704 internum

128 721 312 753 Minentur.
324 721 371 751 sed
385 729 445 750 cum
455 723 551 758 quibus
564 723 590 750 in
604 727 732 751 attentum
746 722 921 755 damnentur;

128 767 267 803 qlomodo
274 767 343 795 solet
355 768 502 796 malevolus
511 768 580 796 latro
590 768 729 796 nominare
742 769 921 796 innocentem.

127 812 263 849 Numquid
274 813 299 841 si
309 813 390 842 fuerit
402 813 478 842 vivus
492 814 628 846 incensus,
643 814 730 841 minus
740 813 826 846 ardet,
839 815 860 842 si
871 814 924 841 duo

128 857 261 886 ardenti
273 858 364 886 minus
378 858 501 892 moritur,
515 859 537 886 sl
549 859 603 887 duo
616 858 782 886 moriantur?
794 858 874 886 Poena
886 859 923 886 illi

127 910 183 932 non
193 903 334 938 minuitur,
350 903 398 933 sed
411 904 596 933 malevolentia
609 904 736 940 pascitur.
752 904 854 932 Mecum
870 912 924 933 mo-

127 947 224 984 riatur,
239 956 294 977 non
307 956 339 978 se
351 949 438 977 mintts
454 950 610 978 moriturum
624 950 726 984 dicens,
741 950 787 978 sed
801 950 922 978 solatittm

127 993 220 1022 habet
231 994 333 1022 malum
348 994 469 1023 alterius.
487 995 560 1023 Talis
577 999 618 1023 est
637 995 776 1028 diabolus;
797 995 924 1023 seducere

128 1040 194 1068 vnit
204 1040 268 1068 illos
279 1040 322 1076 qui
333 1041 457 1068 cum‘illo
471 1041 634 1076 puniantur:
649 1045 676 1069 et
687 1041 748 1076 quia
763 1048 816 1069 non
836 1045 923 1075 potest

130 1084 227 1113 fallere
237 1085 350 1121 indicem
365 1086 449 1114 Deum
464 1087 473 1121 (
482 1093 535 1114 non
548 1087 618 1114 enim
633 1087 751 1115 nominat
765 1086 834 1122 apud
851 1087 922 1114 illum

128 1129 337 1166 innocentem),
351 1138 413 1159 vera
432 1131 542 1159 crimina
557 1133 650 1160 volens
668 1132 767 1160 habere
780 1139 840 1167 quae
854 1131 923 1167 obji-

128 1175 193 1208 ἀει,
208 1181 316 1211 peccata
331 1176 481 1212 persuadet.
499 1176 567 1204 Ecce
581 1177 673 1211 quales
686 1177 809 1204 dominos
821 1176 870 1204 sibi
885 1176 924 1203 fa—

129 1221 204 1249 ciunt
216 1221 266 1257 qui
276 1222 368 1250 colunt
380 1222 449 1250 idola
465 1226 492 1249 et
503 1222 635 1250 daemonia
651 1231 658 1250 :
672 1223 735 1256 Qua
748 1222 818 1250 enim
831 1222 924 1249 immo-

129 1266 183 1294 ιιι
197 1265 305 1298 Gentes,
319 1267 448 1294 dementis
460 1267 590 1294 immolant
600 1288 608 1302 ,
619 1270 643 1295 et
655 1275 706 1294 non
717 1266 772 1294 Deo
785 1275 795 1294 :
808 1267 866 1294 nolo
881 1274 925 1295 vos

129 1311 212 1339 socios
223 1311 280 1347 ﬁeri
292 1312 483 1340 demmtiorum.

165 1354 213 1385 Ω.
222 1354 279 1386 Nos
288 1363 376 1386 autem
387 1359 491 1394 qualem
503 1358 586 1386 Deum
597 1358 744 1386 habemus?
755 1357 851 1386 Audite
861 1358 923 1394 quid

129 1407 269 1440 sequium
281 1402 347 1431 Cum
360 1405 430 1431 cnim
444 1404 564 1438 dixisset,
578 1404 773 1440 Confandantur
785 1413 870 1432 omnes
881 1405 925 1441 qui

129 1447 240 1475 adorant
257 1448 385 1483 sculptilia
398 1449 418 1481 ‘,
437 1449 480 1485 qui
498 1449 639 1485 gloriantur
654 1451 680 1477 in
694 1450 836 1478 simulacris
849 1451 901 1478 suis
915 1458 925 1477 :

130 1493 321 1521 numerent
333 1493 407 1528 quasi
423 1493 565 1522 reddentes
578 1495 708 1523 rationem
718 1495 751 1523 de
763 1495 922 1530 simulacris,

129 1537 308 1571 adicerent,
322 1538 380 1566 Non
396 1539 512 1574 lapides,
527 1540 575 1567 sed
595 1541 702 1568 numina
716 1540 844 1573 colimus;
861 1541 925 1574 Quae

131 1584 242 1612 nonin
253 1584 342 1612 colis?
355 1585 398 1613 die
415 1584 497 1618 mihi,
512 1584 642 1613 dmmonia
662 1586 743 1619 colis,
762 1593 796 1614 an
817 1586 925 1622 spiritus

131 1631 228 1664 bonos.
243 1631 339 1668 quales
351 1635 414 1660 sunt
428 1631 541 1667 Angeli'!
555 1632 623 1659 Sunt
636 1632 706 1659 enim
721 1631 814 1667 Angeli
829 1632 924 1666 sancti,

131 1681 159 1705 α
169 1681 235 1705 aut
246 1677 357 1712 spiritus
371 1677 489 1713 maligni.
503 1677 560 1713 Ego
570 1677 630 1705 dico
641 1677 702 1713 quia
715 1678 741 1705 in
754 1678 860 1713 templis
873 1678 925 1706 tuis

131 1731 186 1752 non
198 1723 326 1752 coluntur
344 1724 394 1752 nisi
414 1724 522 1760 spiritus
541 1724 669 1760 maligni:
685 1725 729 1759 qui
749 1724 798 1751 sibi
817 1723 926 1759 exigunt

131 1768 251 1804 superbe
262 1769 421 1797 saailleium
429 1790 438 1803 ,
454 1773 481 1797 et
492 1769 584 1796 volunt
596 1777 625 1797 se
637 1769 688 1796 coli
702 1773 825 1804 tanquam
839 1769 908 1796 Deos
916 1789 924 1802 ,

131 1813 244 1850 nlligni
259 1819 332 1847 sunt,
343 1814 451 1850 superbi
464 1819 535 1842 sunt.
550 1814 629 1842 Tales
641 1818 703 1842 sunt
714 1815 793 1842 etiam
805 1814 926 1843 homines

132 1865 189 1887 non
206 1858 280 1892 boni,
296 1859 340 1894 qui
354 1866 429 1886 suam
442 1859 551 1894 gloriam
565 1863 698 1895 quaerunt,
712 1864 740 1887 et
754 1859 800 1887 Dei
815 1859 925 1894 gloriam

132 1907 320 1932 contenmunt.
340 1903 468 1932 Homines
487 1908 575 1931 autem
595 1908 702 1932 sanctos
720 1903 864 1938 attendite,
881 1904 925 1939 qui

132 1952 198 1978 IIII
215 1949 318 1978 similes
338 1949 457 1985 Angelis.
476 1949 543 1976 Cum
566 1950 698 1977 inveneris
719 1949 853 1977 hominem
875 1949 925 1977 ali-

133 2002 216 2030 qua
229 1999 352 2023 sanctum
364 2002 471 2022 servum
492 1995 556 2027 Dei,
573 1995 595 2022 si
611 1995 727 2023 volueris
746 1995 820 2022 illum
837 1995 926 2023 colere

133 2044 166 2069 et
173 2039 290 2068 adorare
306 2048 354 2076 pro
368 2040 424 2068 Deo
433 2060 441 2073 ,
455 2040 577 2075 prohibet
590 2045 616 2068 te
631 2050 637 2067 :
652 2048 703 2068 non
716 2041 772 2068 vult
786 2041 835 2068 sibi
849 2048 926 2069 arro-

132 2091 199 2121 ιυο
211 2083 342 2113 honorem
359 2085 423 2118 Dei,
439 2093 492 2112 non
505 2085 563 2112 vult
581 2085 627 2112 tibi
647 2092 707 2113 esse
727 2091 776 2120 pro
791 2085 861 2117 Deo,
878 2085 924 2113 sed

132 2133 224 2158 nam
241 2136 304 2158 esse
323 2130 374 2158 sub
393 2130 457 2158 Deo.
478 2130 611 2158 Fecerunt
630 2131 680 2158 hoc
707 2132 820 2166 apostoli
842 2131 925 2159 sancti

133 2175 234 2204 Pettius
245 2180 274 2204 et
291 2175 436 2204 Barnabas.
454 2176 636 2204 Praedicabaut
649 2177 759 2204 verbum
774 2177 819 2205 Dei
835 2177 861 2204 in
874 2177 925 2213 Ly-

131 2222 241 2251 cum.
253 2222 383 2250 Ilirabilia
395 2230 456 2250 cum
471 2222 597 2250 fecissent
611 2222 760 2258 Lycaoniae,
772 2223 843 2250 cives
856 2223 926 2258 ejus-

132 2267 197 2296 ω
215 2267 335 2303 regionis
353 2266 521 2295 adduxerunt
532 2267 669 2300 victimas,
683 2271 711 2294 et
722 2267 863 2295 voluerunt
876 2267 926 2295 illis

132 2311 305 2346 sacriﬁcare,
324 2312 442 2340 dicentes
464 2311 611 2340 Barnabatn
633 2312 745 2344 Jovem,
765 2318 792 2340 et
814 2313 925 2340 Paulum

133 2357 297 2386 “curiam
308 2366 316 2385 :
329 2357 366 2384 illi
381 2364 433 2384 non
446 2362 509 2385 sunt
519 2357 654 2386 delectati.
670 2358 709 2385 An
723 2357 791 2385 forte
804 2357 865 2385 ideo
876 2358 925 2385 sibi

133 2402 269 2431 helori
288 2402 442 2435 noluemnt,
464 2402 526 2437 quia
547 2401 712 2430 dtemonibus
731 2409 760 2430 se
777 2403 925 2437 comparari

132 2447 268 2476 mli
280 2447 360 2475 sonti
372 2447 448 2481 Non,
464 2447 510 2475 sed
525 2448 585 2482 quia
601 2447 728 2475 honorem
742 2447 860 2475 divinum
876 2455 926 2476 ex-

132 2492 221 2521 hiberi
231 2491 384 2520 hminibus
395 2493 564 2520 horruerunt.
574 2491 659 2519 Verba
671 2492 787 2527 ipsorum
799 2492 924 2526 indicant,

132 2543 188 2565 non
200 2536 380 2573 suspicamur.
395 2537 519 2572 Sequitur
535 2537 607 2565 enim
622 2537 702 2564 lectio
715 2537 773 2564 libri
788 2537 906 2572 ejusdem
916 2558 924 2571 ,

131 2586 162 2610 et
177 2582 247 2611 dicit
268 2582 403 2618 quomodo
425 2583 490 2610 moti
511 2587 573 2611 sunt
589 2592 596 2611 ε
614 2583 685 2610 Tum:
703 2582 803 2610 Paulus
821 2589 845 2611 et
861 2583 927 2611 Bar-

132 2628 214 2657 ηιῦα
235 2627 411 2656 succiderunt
431 2629 576 2656 vestimenta
596 2636 659 2662 sua,
679 2634 702 2656 et
718 2628 851 2663 diruerant,
874 2628 926 2657 Viri

165 2718 176 2735 ι
188 2716 271 2748 llcln
280 2716 501 2748 muniebantur,
519 2716 616 2743 addidit
629 2717 713 2748 :qaod
725 2717 813 2748 metito
823 2717 894 2742 abest
910 2723 926 2743 a

131 2747 192 2777 κ,
201 2747 431 2804 Mmpnpmisso
441 2745 563 2784 superius,
574 2753 634 2774 cum
644 2745 707 2773 e'm'm
717 2746 828 2778 dixisset,
842 2751 926 2784 notan-
933 2745 939 2750 '

132 2778 239 2806 πὰιε
312 2784 408 2806 tit-tores
417 2782 500 2806 partes
517 2778 590 2806 huius
596 2779 620 2806 ῒ.
632 2779 662 2806 7:
673 2784 780 2806 moxque
789 2779 924 2804 ostenditur

312 2778 408 2810 priores
416 2778 500 2810 partes
517 2778 590 2810 huius
596 2779 620 2810 ᾗ)
632 2779 662 2809 7;
673 2784 780 2810 moxque
788 2779 924 2810 ostenditur

131 2812 220 2838 contra
236 2807 384 2846 idololatria,
397 2807 473 2835 n'ese
490 2807 714 2840 “lapideum
729 2807 827 2835 mea
841 2808 924 2834 colore

132 2840 453 2903 malum
470 2846 527 2866 esse
542 2839 627 2866 istunc
645 2840 733 2871 verba,
751 2839 853 2866 Αάονιιω
869 2846 925 2866 cum

679 163 875 198 ENARRATIO
893 163 927 193 ΙΝ
945 163 1107 195 ινδιιιιιυιι
1122 165 1212 195 XCVI.

1697 176 1768 206 £256

975 222 1082 269 fratres,
1101 225 1162 260 quid
1187 225 1293 262 facitis?
1315 226 1349 255 Et
1371 236 1417 257 nos
1441 228 1553 258 homines
1573 239 1660 260 sumus
1683 235 1765 269 paui-

975 268 1053 301 biles,
1075 270 1169 310 similes
1193 271 1261 299 vobis
1285 272 1360 309 (Act.
1380 282 1440 309 ιη,
1465 275 1602 312 tants).
1625 268 1766 309 Intendite.

974 312 1114 347 Quomodo
1128 323 1192 351 ergo
1206 316 1328 346 homines
1342 318 1406 347 boni
1424 320 1570 355 prohibent
1582 329 1628 351 eos
1646 323 1691 358 qui
1708 324 1767 352 illos

974 360 1113 388 voluerant
1126 362 1216 390 colere
1235 367 1358 399 tanquam
1376 364 1454 398 deos,
1476 371 1503 394 et
1522 367 1615 395 volunt
1633 369 1722 404 potius
1739 375 1767 401 ut

975 404 1046 432 Deus
1067 414 1134 433 unus
1156 407 1275 442 colatur,
1301 409 1372 438 Deus
1393 418 1461 439 untts
1483 411 1625 446 adoretur,
1646 414 1702 442 Deo
1722 416 1767 443 uni

974 451 1133 479 sacriﬁcium
1155 452 1297 487 olieratur,
1314 462 1366 482 non
1385 456 1434 484 sibi
1451 466 1458 484 :
1473 457 1512 485 sic
1528 463 1555 486 et
1569 466 1662 487 omnes
1681 462 1766 488 sancti

974 495 1069 532 Angeli
1081 497 1101 530 ',
1117 497 1186 525 illius
1202 498 1314 533 gloriam
1333 506 1472 535 quaerunt,
1488 510 1567 538 quem
1588 504 1717 539 diligunt;
1733 505 1767 534 ad

975 542 1032 575 ejus
1048 542 1164 574 cultum.
1180 543 1212 570 ad
1227 543 1285 578 ejus
1303 544 1486 574 adorationcui
1497 568 1504 580 ,
1520 547 1553 575 ad
1567 548 1625 583 ejus
1644 555 1766 578 contem-

976 586 1116 620 plationem
1132 595 1225 616 omnes
1237 597 1303 624 quos
1317 590 1430 626 diligunt
1450 599 1544 628 rapere
1557 598 1584 622 et
1601 594 1766 624 inﬂammare

975 631 1098 665 student;
1120 633 1206 668 ipsum
1228 634 1278 662 illis
1299 636 1473 671 annuntiant,
1496 645 1550 666 non
1571 646 1619 673 se,
1640 643 1765 676 quoniam

975 677 1070 712 Angeli
1088 682 1170 706 sunt:
1185 683 1213 707 et
1238 680 1299 715 quia
1318 681 1415 710 milites
1436 686 1507 716 sunt,
1521 691 1574 712 non
1597 691 1694 714 norunt
1709 687 1767 722 glo—

975 722 1042 750 riam
1064 731 1184 758 qumrere
1203 725 1254 754 nisi
1279 726 1450 762 Imperatoris
1471 729 1526 762 sui;
1542 730 1564 757 si
1579 736 1667 760 autem
1689 741 1766 761 suam

975 768 1086 803 gloriam
1112 771 1286 805 qutcsierinl,
1313 776 1342 800 ut
1368 774 1472 809 tyranni
1497 774 1666 805 damnantur.
1694 778 1766 806 Talis

975 814 1078 841 exstitit
1087 813 1210 844 diabolus
1219 821 1245 844 et
1259 817 1401 852 dtcmouia,
1417 818 1443 847 id
1451 824 1493 847 est
1502 821 1588 857 angeli
1597 821 1656 857 ejus
1670 831 1677 849 :
1689 830 1766 851 arro-

975 859 1046 894 gavit
1060 859 1109 887 sibi
1123 859 1253 889 honorem
1266 862 1384 891 divinum
1400 869 1427 892 et
1439 865 1563 894 omnibus
1573 866 1727 902 daemoniis;
1741 873 1767 897 et

976 905 1095 939 implevit
1105 907 1203 942 templa
1219 907 1384 951 Paganorum
1395 930 1403 942 ,
1427 914 1454 938 et
1466 913 1596 946 persuasit
1609 913 1748 941 simulacra
1757 935 1765 946 ,

975 954 1002 977 et
1015 951 1147 985 persuasit
1170 952 1214 979 illa
1234 953 1364 982 sacriﬁcia
1377 954 1468 983 ol'lerri
1487 956 1548 984 sibi.
1563 957 1657 986 Nonne
1671 958 1768 986 melius

976 1001 1033 1023 erat
1043 1001 1073 1023 ut
1088 997 1202 1033 Angelos
1214 1003 1331 1032 sanctos,
1347 1007 1426 1036 quam
1437 1005 1466 1028 ut
1476 1000 1613 1030 daemones
1629 1003 1768 1032 colerent?

976 1041 1237 1076 RespondentzNon
1260 1044 1373 1074 colimus
1395 1046 1463 1074 mala
1487 1046 1637 1081 dmmonia;
1653 1049 1768 1084 Angelos

975 1093 1041 1121 quos
1055 1087 1152 1121 dicitis,
1169 1088 1242 1123 ipsos
1252 1093 1278 1117 et
1291 1097 1340 1118 nos
1354 1091 1478 1124 colimus,
1493 1092 1605 1120 virtutes
1620 1093 1665 1121 Dei
1677 1095 1768 1129 magni

976 1137 1001 1158 et
1013 1132 1159 1160 ministeria
1168 1134 1214 1161 Dei
1228 1135 1326 1171 magni.
1340 1135 1446 1164 Utinam
1459 1137 1532 1172 ipsos
1544 1138 1632 1166 colere
1643 1138 1748 1167 velletis
1760 1148 1766 1165 :

976 1176 1052 1204 facile
1069 1177 1103 1204 ab
1117 1177 1181 1213 ipsis
1194 1178 1333 1208 disceretis
1348 1188 1401 1208 non
1417 1181 1475 1209 illos
1486 1181 1584 1210 colere.
1601 1183 1699 1211 Audite
1718 1191 1768 1210 an-

975 1223 1064 1258 gelum
1078 1223 1227 1252 doctorem.
1239 1225 1356 1254 Docebat
1369 1228 1509 1262 quemdam
1521 1228 1679 1264 discipulum
1692 1229 1768 1258 Chri-

976 1267 1020 1300 sti,
1035 1272 1062 1295 et
1083 1269 1242 1297 ostendebat
1259 1270 1297 1298 illi
1312 1271 1394 1299 multa
1409 1272 1534 1300 miracula
1556 1273 1581 1300 iu
1605 1274 1768 1310 Apocalypsi

975 1312 1085 1340 Joannis
1099 1322 1106 1341 :
1123 1314 1167 1342 ille
1181 1319 1270 1343 autem
1295 1316 1410 1351 quodam
1428 1317 1479 1344 sibi
1492 1317 1674 1347 demonstrato
1685 1319 1767 1347 mira-

976 1358 1036 1385 culo
1048 1359 1157 1386 visionis
1172 1361 1287 1394 expavit,
1299 1365 1325 1389 et
1340 1361 1411 1389 misit
1424 1369 1453 1389 se
1474 1363 1506 1390 ad
1522 1363 1603 1398 pedes
1618 1364 1728 1400 Angeli;
1742 1369 1768 1393 et

977 1403 1021 1430 ille
1037 1404 1146 1439 angelus
1166 1405 1211 1440 qui
1232 1413 1284 1433 non
1307 1407 1442 1441 qumrcbat
1465 1408 1515 1435 nisi
1535 1408 1646 1443 gloriam
1662 1409 1768 1437 Domini

976 1449 1034 1482 sui,
1051 1449 1134 1486 Surge
1144 1471 1152 1485 ,
1175 1451 1237 1486 quid
1251 1452 1315 1488 facit
1326 1452 1339 1479 7
1353 1453 1452 1489 inquit,
1473 1453 1546 1481 illum
1559 1455 1651 1488 adora;
1664 1463 1723 1482 nam
1745 1460 1768 1483 et

976 1503 1022 1531 ego
1035 1504 1168 1524 conservus
1180 1501 1238 1525 tuus
1250 1507 1316 1532 sum,
1331 1503 1354 1525 et
1374 1499 1482 1533 fratrum
1494 1505 1593 1527 tuorum
1607 1500 1699 1537 (Apoc.
1711 1509 1768 1535 ιιι,

977 1541 1033 1576 i0).
1049 1541 1117 1576 Quid
1132 1550 1212 1578 ergo,
1229 1543 1324 1571 fratres
1338 1545 1390 1572 mei
1401 1545 1413 1572 ?
1425 1544 1509 1573 Nemo
1523 1546 1612 1574 dicat:
1627 1546 1721 1575 Timeo
1735 1555 1769 1575 ne

977 1588 1106 1615 irascatur
1117 1588 1181 1616 milii
1194 1589 1313 1625 angelus,
1325 1591 1346 1616 si
1355 1598 1407 1618 non
1422 1590 1496 1618 illum
1506 1592 1565 1619 colo
1576 1599 1624 1627 pro
1633 1591 1685 1619 dco
1696 1599 1767 1620 meo.
1808 1617 1812 1620 .

977 1633 1052 1660 Tunc
1072 1633 1118 1660 tibi
1138 1633 1269 1667 irascitur,
1293 1635 1399 1669 quando
1416 1637 1500 1671 ipsum
1524 1636 1614 1664 colere
1626 1637 1742 1665 volueris
1759 1647 1766 1664 :

979 1679 1063 1706 bonus
1077 1683 1118 1706 est
1134 1679 1215 1713 enim,
1230 1683 1257 1707 et
1272 1679 1355 1707 Deum
1377 1686 1458 1709 amat.
1472 1681 1610 1716 Quomodo
1632 1682 1768 1710 daemones

978 1725 1138 1758 irascuntur,
1153 1724 1176 1752 si
1190 1733 1243 1753 non
1258 1725 1397 1759 colantur;
1423 1726 1462 1754 sic
1476 1727 1571 1762 Angcli
1585 1727 1767 1765 indignantur,

978 1770 999 1797 si
1013 1776 1062 1805 pro
1083 1769 1138 1797 Deo
1152 1770 1281 1798 colantur.
1298 1770 1352 1798 Sed
1374 1779 1409 1799 ne
1430 1771 1499 1799 forte
1518 1771 1589 1800 dicat
1602 1772 1652 1801 sibi
1666 1779 1713 1800 cor
1725 1773 1768 1800 iu-

979 1815 1094 1847 lirmum,
1117 1822 1164 1843 cor
1176 1816 1306 1851 trepidum
1324 1824 1330 1843 :
1346 1816 1416 1852 Ergo
1434 1816 1456 1844 si
1471 1817 1621 1845 irascuntur
1638 1817 1772 1846 dmmonia

978 1860 1038 1894 quia
1058 1867 1111 1887 non
1134 1860 1268 1894 coluntur,
1292 1861 1372 1889 timeo
1394 1861 1529 1890 offendere
1541 1861 1683 1890 daemonia.
1699 1862 1767 1897 Quid

978 1905 1025 1932 tibi
1041 1904 1160 1932 facturus
1186 1909 1228 1933 est
1251 1906 1292 1933 vel
1314 1907 1439 1942 princeps
1454 1907 1571 1942 ipsorum
1587 1907 1726 1935 diabolus?
1740 1907 1768 1936 Si

978 1953 1070 1985 posset
1099 1950 1198 1984 aliquid
1213 1971 1221 1983 ,
1243 1951 1330 1980 nullus
1344 1956 1463 1979 nostrum
1484 1957 1646 1980 remaneret.
1674 1952 1768 1980 Nonne

978 1994 1094 2029 quotidie
1115 1999 1187 2021 tanta
1209 1995 1234 2022 in
1249 1996 1321 2022 illum
1336 1996 1460 2023 dicuntur
1477 2003 1525 2024 ore
1537 1996 1767 2031 Christianorum,

977 2044 1004 2067 et
1019 2039 1116 2067 crescit
1128 2047 1204 2075 seges
1215 2040 1447 2068 Christianorum?
1462 2041 1574 2075 Quando
1587 2042 1709 2070 irasceris
1722 2050 1769 2070 ne-

977 2085 1106 2121 quissimo
1127 2093 1206 2114 servo
1227 2091 1288 2119 tuo,
1309 2086 1361 2114 hoc
1375 2094 1472 2115 nomen
1486 2087 1523 2115 illi
1544 2087 1659 2123 imponis
1673 2097 1679 2115 :
1693 2087 1769 2116 Sata-

978 2139 1043 2165 nas,
1059 2131 1179 2166 diabolo;
1206 2132 1257 2160 hoc
1275 2132 1314 2160 illi
1329 2132 1405 2160 dicis.
1427 2133 1552 2161 Fortasse
1567 2133 1594 2161 in
1609 2132 1661 2161 hoc
1675 2140 1768 2166 erras,

978 2177 1039 2211 quia
1053 2176 1154 2205 homini
1169 2177 1219 2205 hoc
1231 2177 1298 2205 dicis
1310 2198 1317 2210 ,
1333 2181 1360 2205 ct
1375 2177 1548 2206 immoderata
1567 2178 1606 2206 ira
1617 2179 1720 2213 raperis
1735 2179 1769 2207 ad

978 2222 1176 2249 conviciandam
1200 2222 1340 2258 imaginem
1368 2222 1413 2250 Dei
1437 2227 1485 2250 :et
1511 2227 1599 2250 tamen
1621 2223 1674 2251 hoc
1693 2224 1770 2259 eligis

977 2267 1048 2302 quod
1063 2268 1087 2295 ei
1102 2268 1192 2300 dicas,
1212 2268 1282 2302 quod
1297 2268 1374 2296 valde
1390 2269 1542 2296 detestaris.
1555 2269 1584 2296 Si
1598 2274 1689 2304 posset
1703 2269 1748 2297 ille
1759 2289 1768 2302 ,

979 2320 1031 2339 non
1046 2320 1076 2340 se
1094 2313 1259 2341 vindicaret?
1271 2313 1325 2341 Sed
1347 2320 1399 2340 non
1419 2313 1582 2348 permittitur
1595 2322 1603 2341 :
1616 2318 1644 2341 et
1667 2318 1769 2342 tantum

978 2357 1058 2392 facit,
1081 2363 1208 2393 quantutn
1233 2359 1404 2393 permittitur.
1419 2358 1484 2386 Nam
1498 2364 1526 2386 et
1537 2359 1592 2387 Job
1604 2364 1708 2388 tentare
1721 2367 1770 2387 vo-

979 2405 1037 2438 luit,
1051 2409 1079 2433 et
1100 2406 1204 2432 nonnisi
1228 2410 1384 2440 potestatem
1401 2406 1525 2441 quaesivit
1543 2405 1604 2441 (Job
1625 2413 1645 2439 ι,
1663 2406 1719 2442 Η);
1743 2411 1769 2433 et

979 2450 1044 2478 nihil
1067 2451 1180 2484 faceret,
1197 2451 1247 2478 nisi
1262 2455 1420 2486 potestatem
1434 2451 1591 2487 accepisset.
1613 2452 1701 2485 Quare
1715 2459 1768 2478 non

978 2503 1042 2530 ergo
1054 2502 1165 2522 securus
1181 2496 1263 2522 Deum
1281 2496 1378 2523 adoras
1389 2517 1396 2530 ,
1423 2504 1476 2532 quo
1498 2496 1605 2524 nolente
1627 2495 1708 2524 nemo
1723 2495 1768 2523 tibi

979 2544 1066 2574 nocet,
1081 2545 1108 2567 et
1119 2549 1171 2575 quo
1186 2541 1357 2576 permittente
1374 2543 1535 2574 emendaris,
1550 2549 1603 2569 non
1616 2542 1769 2569 everteris!

978 2587 1005 2615 Si
1019 2586 1089 2614 enim
1104 2575 1234 2621 placuerit
1247 2587 1360 2615 Domino
1375 2587 1431 2615 Deo
1443 2591 1491 2614 tuo
1506 2587 1661 2622 permittere
1678 2591 1706 2613 ut
1718 2586 1769 2613 aii-

979 2632 1038 2666 quis
1047 2631 1126 2658 homo
1138 2631 1184 2658 tibi
1199 2636 1293 2660 noceat
1302 2653 1310 2664 ,
1321 2637 1367 2660 aut
1381 2632 1476 2668 aliquis
1486 2631 1595 2667 spiritus
1603 2631 1650 2658 tibi
1662 2636 1768 2663 noceat;

977 2676 1131 2705 entendabit
1155 2681 1196 2709 te.
1220 2682 1248 2704 ut
1261 2678 1361 2706 clames
1375 2677 1408 2705 ad
1431 2685 1491 2706 eum
1504 2684 1512 2704 :
1528 2676 1674 2704 Emendam
1685 2685 1769 2704 emen-

977 2723 1097 2749 davilme
1110 2721 1251 2756 Dominus,
1274 2723 1319 2750 sed
1332 2723 1407 2750 morti
1427 2731 1478 2750 non
1501 2722 1606 2749 tradidit
1619 2730 1660 2750 me
1680 2722 1767 2758 (Ptol.

977 2775 1063 2801 cxvu,
1080 2767 1135 2802 lli).
1159 2767 1246 2803 Ergo,
1271 2768 1466 2804 Conftmdanlm'
1483 2775 1569 2796 omnes
1595 2767 1638 2804 qui
1660 2767 1768 2796 adorant
1814 2803 1817 2805 _

977 2812 1120 2848 sculptilia,
1144 2813 1187 2847 qui
1211 2812 1353 2848 gloriantur
1365 2813 1394 2841 in
1412 2814 1555 2845 simulacris
1576 2813 1639 2842 suis.
1656 2813 1767 2842 Aderat:

1013 2869 1021 2885 ³
1035 2868 1102 2901 add”
1110 2868 1188 2895 sancti
1199 2868 1234 2895 uel
1247 2868 1337 2902 angeli.
1349 2870 1475 2904 Particttla,
1486 2870 1533 2904 rel,
1543 2870 1615 2899 abest
1623 2876 1641 2896 δ
1649 2873 1701 2896 vss.
