  <div class='ocr_page' id='page_1' title='image "/cluster/home/n/w/nwhite01/storage/ocr_20150623/37/hvd.32044015471477/117.png"; bbox 0 0 4056 6516; ppageno 0'>
   <div class='ocr_carea' id='block_1_1' title="bbox 471 384 609 468">
    <p class='ocr_par' dir='ltr' id='par_1_1' title="bbox 471 384 609 468">
     <span class='ocr_line' id='line_1_1' title="bbox 471 384 609 468; baseline 0 -1"><span class='ocrx_word' id='word_1_1' title='bbox 471 384 609 468; x_wconf 76' lang='lat' dir='ltr'><strong>m1</strong></span> 
     </span>
    </p>
   </div>
   <div class='ocr_carea' id='block_1_2' title="bbox 470 509 2050 592">
    <p class='ocr_par' dir='ltr' id='par_1_2' title="bbox 470 509 2050 592">
     <span class='ocr_line' id='line_1_2' title="bbox 470 509 2050 592; baseline -0.014 -11"><span class='ocrx_word' id='word_1_2' title='bbox 470 544 583 581; x_wconf 72' lang='lat' dir='ltr'><strong>erant</strong></span> <span class='ocrx_word' id='word_1_3' title='bbox 608 539 778 579; x_wconf 89' lang='lat' dir='ltr'><strong>omnes</strong></span> <span class='ocrx_word' id='word_1_4' title='bbox 805 516 985 592; x_wconf 81' lang='lat' dir='ltr'><strong>Angeli</strong></span> <span class='ocrx_word' id='word_1_5' title='bbox 999 518 1133 590; x_wconf 90' lang='lat' dir='ltr'><strong>ejus.</strong></span> <span class='ocrx_word' id='word_1_6' title='bbox 1159 515 1375 572; x_wconf 76' lang='lat' dir='ltr'><strong>Discant</strong></span> <span class='ocrx_word' id='word_1_7' title='bbox 1397 510 1591 583; x_wconf 91' lang='lat' dir='ltr'><strong>Pagani</strong></span> <span class='ocrx_word' id='word_1_8' title='bbox 1618 509 1842 565; x_wconf 87' lang='lat' dir='ltr'><strong>adorare</strong></span> <span class='ocrx_word' id='word_1_9' title='bbox 1862 509 2050 563; x_wconf 91' lang='lat' dir='ltr'><strong>Deum.</strong></span> 
     </span>
    </p>
   </div>
   <div class='ocr_carea' id='block_1_3' title="bbox 469 602 2054 688">
    <p class='ocr_par' dir='ltr' id='par_1_3' title="bbox 469 602 2054 688">
     <span class='ocr_line' id='line_1_3' title="bbox 469 602 2054 688; baseline -0.011 -15"><span class='ocrx_word' id='word_1_10' title='bbox 469 618 702 688; x_wconf 84' lang='lat' dir='ltr'><strong>Angelos</strong></span> <span class='ocrx_word' id='word_1_11' title='bbox 722 614 905 669; x_wconf 89' lang='lat' dir='ltr'><strong>volunt</strong></span> <span class='ocrx_word' id='word_1_12' title='bbox 933 611 1191 673; x_wconf 88' lang='lat' dir='ltr'><strong>adorare;</strong></span> <span class='ocrx_word' id='word_1_13' title='bbox 1233 605 1467 678; x_wconf 77' lang='lat' dir='ltr'><strong>Angelos</strong></span> <span class='ocrx_word' id='word_1_14' title='bbox 1494 605 1790 666; x_wconf 88' lang='lat' dir='ltr'><strong>imitentur,</strong></span> <span class='ocrx_word' id='word_1_15' title='bbox 1820 613 1875 657; x_wconf 88' lang='lat' dir='ltr'><strong>et</strong></span> <span class='ocrx_word' id='word_1_16' title='bbox 1907 602 2054 655; x_wconf 88' lang='lat' dir='ltr'><strong>illum</strong></span> 
     </span>
    </p>
   </div>
   <div class='ocr_carea' id='block_1_4' title="bbox 469 695 2057 775">
    <p class='ocr_par' dir='ltr' id='par_1_4' title="bbox 469 695 2057 775">
     <span class='ocr_line' id='line_1_4' title="bbox 469 695 2057 775; baseline -0.009 -13"><span class='ocrx_word' id='word_1_17' title='bbox 469 708 697 761; x_wconf 77' lang='lat' dir='ltr'><strong>adorent</strong></span> <span class='ocrx_word' id='word_1_18' title='bbox 725 706 813 775; x_wconf 89' lang='lat' dir='ltr'><strong>qui</strong></span> <span class='ocrx_word' id='word_1_19' title='bbox 839 702 907 756; x_wconf 91' lang='lat' dir='ltr'><strong>ab</strong></span> <span class='ocrx_word' id='word_1_20' title='bbox 931 700 1147 770; x_wconf 82' lang='lat' dir='ltr'><strong>Angelis</strong></span> <span class='ocrx_word' id='word_1_21' title='bbox 1172 696 1443 752; x_wconf 90' lang='lat' dir='ltr'><strong>adoratur.</strong></span> <span class='ocrx_word' id='word_1_22' title='bbox 1494 695 1719 749; x_wconf 83' lang='lat' dir='ltr'><strong>Adorate</strong></span> <span class='ocrx_word' id='word_1_23' title='bbox 1746 711 1857 747; x_wconf 89' lang='lat' dir='ltr'><strong>eum</strong></span> <span class='ocrx_word' id='word_1_24' title='bbox 1888 708 2057 747; x_wconf 86' lang='lat' dir='ltr'><strong>omnes</strong></span> 
     </span>
    </p>
   </div>
   <div class='ocr_carea' id='block_1_5' title="bbox 468 782 2060 869">
    <p class='ocr_par' dir='ltr' id='par_1_5' title="bbox 468 782 2060 869">
     <span class='ocr_line' id='line_1_5' title="bbox 468 782 2060 869; baseline -0.008 -18"><span class='ocrx_word' id='word_1_25' title='bbox 468 798 649 868; x_wconf 79' lang='lat' dir='ltr'><strong>Angeli</strong></span> <span class='ocrx_word' id='word_1_26' title='bbox 693 797 823 869; x_wconf 89' lang='lat' dir='ltr'><strong>ejus.</strong></span> <span class='ocrx_word' id='word_1_27' title='bbox 875 791 1077 847; x_wconf 75' lang='lat' dir='ltr'><strong>Adoret</strong></span> <span class='ocrx_word' id='word_1_28' title='bbox 1113 788 1335 858; x_wconf 79' lang='lat' dir='ltr'><strong>angelus</strong></span> <span class='ocrx_word' id='word_1_29' title='bbox 1384 785 1477 842; x_wconf 90' lang='lat' dir='ltr'><strong>ille</strong></span> <span class='ocrx_word' id='word_1_30' title='bbox 1519 787 1608 857; x_wconf 91' lang='lat' dir='ltr'><strong>qui</strong></span> <span class='ocrx_word' id='word_1_31' title='bbox 1660 786 1853 839; x_wconf 80' lang='lat' dir='ltr'><strong>missus</strong></span> <span class='ocrx_word' id='word_1_32' title='bbox 1884 782 2060 838; x_wconf 87' lang='lat' dir='ltr'><strong>estad</strong></span> 
     </span>
    </p>
   </div>
   <div class='ocr_carea' id='block_1_6' title="bbox 468 873 2058 949">
    <p class='ocr_par' dir='ltr' id='par_1_6' title="bbox 468 873 2058 949">
     <span class='ocr_line' id='line_1_6' title="bbox 468 873 2058 949; baseline -0.009 -7"><span class='ocrx_word' id='word_1_33' title='bbox 468 886 819 949; x_wconf 88' lang='lat' dir='ltr'><strong>Cornelium;</strong></span> <span class='ocrx_word' id='word_1_34' title='bbox 850 896 972 937; x_wconf 90' lang='lat' dir='ltr'><strong>nam</strong></span> <span class='ocrx_word' id='word_1_35' title='bbox 1004 895 1125 935; x_wconf 87' lang='lat' dir='ltr'><strong>eum</strong></span> <span class='ocrx_word' id='word_1_36' title='bbox 1173 878 1432 943; x_wconf 90' lang='lat' dir='ltr'><strong>adorans,</strong></span> <span class='ocrx_word' id='word_1_37' title='bbox 1477 873 1785 931; x_wconf 89' lang='lat' dir='ltr'><strong>Cornelium</strong></span> <span class='ocrx_word' id='word_1_38' title='bbox 1819 874 1962 927; x_wconf 89' lang='lat' dir='ltr'><strong>misit</strong></span> <span class='ocrx_word' id='word_1_39' title='bbox 1990 873 2058 928; x_wconf 89' lang='lat' dir='ltr'><strong>ad</strong></span> 
     </span>
    </p>
   </div>
   <div class='ocr_carea' id='block_1_7' title="bbox 473 968 2056 1048">
    <p class='ocr_par' dir='ltr' id='par_1_7' title="bbox 473 968 2056 1048">
     <span class='ocr_line' id='line_1_7' title="bbox 473 968 2056 1048; baseline -0.006 -16"><span class='ocrx_word' id='word_1_40' title='bbox 473 978 687 1032; x_wconf 87' lang='lat' dir='ltr'><strong>Petrum</strong></span> <span class='ocrx_word' id='word_1_41' title='bbox 715 975 868 1048; x_wconf 81' lang='lat' dir='ltr'><strong>(Act.</strong></span> <span class='ocrx_word' id='word_1_42' title='bbox 896 989 955 1040; x_wconf 67' lang='grc' dir='ltr'>ι,</span> <span class='ocrx_word' id='word_1_43' title='bbox 976 974 1032 1040; x_wconf 75' lang='lat'><strong>3,</strong></span> <span class='ocrx_word' id='word_1_44' title='bbox 1059 982 1153 1026; x_wconf 92' lang='lat' dir='ltr'><strong>etc.</strong></span> <span class='ocrx_word' id='word_1_45' title='bbox 1182 971 1202 1043; x_wconf 93' lang='lat'><strong>)</strong></span> <span class='ocrx_word' id='word_1_46' title='bbox 1228 989 1243 1027; x_wconf 87' lang='lat'><strong>:</strong></span> <span class='ocrx_word' id='word_1_47' title='bbox 1269 969 1455 1025; x_wconf 81' lang='lat' dir='ltr'><strong>adoret</strong></span> <span class='ocrx_word' id='word_1_48' title='bbox 1477 968 1745 1024; x_wconf 79' lang='lat' dir='ltr'><strong>Christum</strong></span> <span class='ocrx_word' id='word_1_49' title='bbox 1780 968 2056 1023; x_wconf 89' lang='lat' dir='ltr'><strong>Dominum</strong></span> 
     </span>
    </p>
   </div>
   <div class='ocr_carea' id='block_1_8' title="bbox 470 1057 2059 1135">
    <p class='ocr_par' dir='ltr' id='par_1_8' title="bbox 470 1057 2059 1135">
     <span class='ocr_line' id='line_1_8' title="bbox 470 1057 2059 1135; baseline -0.006 -12"><span class='ocrx_word' id='word_1_50' title='bbox 470 1068 617 1125; x_wconf 90' lang='lat' dir='ltr'><strong>Petri</strong></span> <span class='ocrx_word' id='word_1_51' title='bbox 646 1067 685 1131; x_wconf 74' lang='grc' dir='ltr'><strong>ί,</strong></span> <span class='ocrx_word' id='word_1_52' title='bbox 717 1075 772 1120; x_wconf 88' lang='lat' dir='ltr'><strong>et</strong></span> <span class='ocrx_word' id='word_1_53' title='bbox 802 1066 913 1135; x_wconf 86' lang='lat' dir='ltr'><strong>ipse</strong></span> <span class='ocrx_word' id='word_1_54' title='bbox 937 1077 1227 1118; x_wconf 87' lang='lat' dir='ltr'><strong>conservus</strong></span> <span class='ocrx_word' id='word_1_55' title='bbox 1258 1058 1421 1115; x_wconf 89' lang='lat' dir='ltr'><strong>Petri.</strong></span> <span class='ocrx_word' id='word_1_56' title='bbox 1469 1057 1691 1113; x_wconf 83' lang='lat' dir='ltr'><strong>Adorate</strong></span> <span class='ocrx_word' id='word_1_57' title='bbox 1730 1075 1842 1112; x_wconf 89' lang='lat' dir='ltr'><strong>eum</strong></span> <span class='ocrx_word' id='word_1_58' title='bbox 1889 1074 2059 1113; x_wconf 88' lang='lat' dir='ltr'><strong>omnes</strong></span> 
     </span>
    </p>
   </div>
   <div class='ocr_carea' id='block_1_9' title="bbox 469 1164 813 1239">
    <p class='ocr_par' dir='ltr' id='par_1_9' title="bbox 469 1164 813 1239">
     <span class='ocr_line' id='line_1_9' title="bbox 469 1164 813 1239; baseline -0.017 -18"><span class='ocrx_word' id='word_1_59' title='bbox 469 1164 651 1236; x_wconf 72' lang='lat' dir='ltr'><strong>Angeli</strong></span> <span class='ocrx_word' id='word_1_60' title='bbox 685 1164 813 1239; x_wconf 81' lang='lat' dir='ltr'><strong>ejus.</strong></span> 
     </span>
    </p>
   </div>
   <div class='ocr_carea' id='block_1_10' title="bbox 542 1244 2058 1330">
    <p class='ocr_par' dir='ltr' id='par_1_10' title="bbox 542 1244 2058 1330">
     <span class='ocr_line' id='line_1_10' title="bbox 542 1244 2058 1330; baseline -0.007 -18"><span class='ocrx_word' id='word_1_61' title='bbox 542 1257 631 1312; x_wconf 81' lang='grc'><strong>15.</strong></span> <span class='ocrx_word' id='word_1_62' title='bbox 667 1256 817 1330; x_wconf 83' lang='lat' dir='ltr'><strong>[uers.</strong></span> <span class='ocrx_word' id='word_1_63' title='bbox 863 1254 942 1328; x_wconf 89' lang='lat'><strong>8.]</strong></span> <span class='ocrx_word' id='word_1_64' title='bbox 974 1254 1197 1321; x_wconf 82' lang='lat' dir='ltr'><strong>Audiuit,</strong></span> <span class='ocrx_word' id='word_1_65' title='bbox 1244 1263 1291 1310; x_wconf 90' lang='lat' dir='ltr'><strong>et</strong></span> <span class='ocrx_word' id='word_1_66' title='bbox 1308 1253 1596 1325; x_wconf 80' lang='lat' dir='ltr'><strong>jucundam</strong></span> <span class='ocrx_word' id='word_1_67' title='bbox 1650 1260 1721 1306; x_wconf 86' lang='lat' dir='ltr'><strong>est</strong></span> <span class='ocrx_word' id='word_1_68' title='bbox 1752 1250 1897 1306; x_wconf 83' lang='lat' dir='ltr'><strong>Sion.</strong></span> <span class='ocrx_word' id='word_1_69' title='bbox 1922 1244 2058 1316; x_wconf 87' lang='lat' dir='ltr'><strong>Quid</strong></span> 
     </span>
    </p>
   </div>
   <div class='ocr_carea' id='block_1_11' title="bbox 468 1337 2055 1412">
    <p class='ocr_par' dir='ltr' id='par_1_11' title="bbox 468 1337 2055 1412">
     <span class='ocr_line' id='line_1_11' title="bbox 468 1337 2055 1412; baseline -0.005 -13"><span class='ocrx_word' id='word_1_70' title='bbox 468 1347 676 1404; x_wconf 67' lang='lat' dir='ltr'><strong>audivit</strong></span> <span class='ocrx_word' id='word_1_71' title='bbox 717 1346 843 1403; x_wconf 86' lang='lat' dir='ltr'><strong>Sion</strong></span> <span class='ocrx_word' id='word_1_72' title='bbox 868 1347 891 1399; x_wconf 88' lang='lat'><strong>?</strong></span> <span class='ocrx_word' id='word_1_73' title='bbox 918 1345 1048 1412; x_wconf 87' lang='lat' dir='ltr'><strong>Quia</strong></span> <span class='ocrx_word' id='word_1_74' title='bbox 1078 1344 1303 1399; x_wconf 86' lang='lat' dir='ltr'><strong>adorant</strong></span> <span class='ocrx_word' id='word_1_75' title='bbox 1329 1359 1451 1397; x_wconf 91' lang='lat' dir='ltr'><strong>eum</strong></span> <span class='ocrx_word' id='word_1_76' title='bbox 1480 1357 1666 1397; x_wconf 90' lang='lat' dir='ltr'><strong>omnes</strong></span> <span class='ocrx_word' id='word_1_77' title='bbox 1703 1338 1889 1409; x_wconf 86' lang='lat' dir='ltr'><strong>Angeli</strong></span> <span class='ocrx_word' id='word_1_78' title='bbox 1920 1337 2055 1407; x_wconf 86' lang='lat' dir='ltr'><strong>ejus.</strong></span> 
     </span>
    </p>
   </div>
   <div class='ocr_carea' id='block_1_12' title="bbox 469 1432 2060 1510">
    <p class='ocr_par' dir='ltr' id='par_1_12' title="bbox 469 1432 2060 1510">
     <span class='ocr_line' id='line_1_12' title="bbox 469 1432 2060 1510; baseline -0.009 -15"><span class='ocrx_word' id='word_1_79' title='bbox 469 1438 606 1510; x_wconf 85' lang='lat' dir='ltr'><strong>Quid</strong></span> <span class='ocrx_word' id='word_1_80' title='bbox 640 1438 841 1493; x_wconf 87' lang='lat' dir='ltr'><strong>audivit</strong></span> <span class='ocrx_word' id='word_1_81' title='bbox 859 1436 985 1492; x_wconf 91' lang='lat' dir='ltr'><strong>Sion</strong></span> <span class='ocrx_word' id='word_1_82' title='bbox 1008 1437 1033 1491; x_wconf 70' lang='lat'><strong>.9</strong></span> <span class='ocrx_word' id='word_1_83' title='bbox 1061 1450 1187 1490; x_wconf 89' lang='lat' dir='ltr'><strong>ecce</strong></span> <span class='ocrx_word' id='word_1_84' title='bbox 1207 1432 1331 1505; x_wconf 88' lang='lat' dir='ltr'><strong>quid</strong></span> <span class='ocrx_word' id='word_1_85' title='bbox 1354 1433 1552 1489; x_wconf 88' lang='lat' dir='ltr'><strong>audivit</strong></span> <span class='ocrx_word' id='word_1_86' title='bbox 1578 1450 1591 1487; x_wconf 89' lang='lat'><strong>:</strong></span> <span class='ocrx_word' id='word_1_87' title='bbox 1627 1432 2060 1486; x_wconf 82' lang='lat' dir='ltr'><strong>Annuntiaverunt</strong></span> 
     </span>
    </p>
   </div>
   <div class='ocr_carea' id='block_1_13' title="bbox 470 1522 2060 1603">
    <p class='ocr_par' dir='ltr' id='par_1_13' title="bbox 470 1522 2060 1603">
     <span class='ocr_line' id='line_1_13' title="bbox 470 1522 2060 1603; baseline -0.008 -17"><span class='ocrx_word' id='word_1_88' title='bbox 470 1532 584 1586; x_wconf 69' lang='lat' dir='ltr'><strong>eali</strong></span> <span class='ocrx_word' id='word_1_89' title='bbox 607 1531 860 1603; x_wconf 73' lang='lat' dir='ltr'><strong>justitiam</strong></span> <span class='ocrx_word' id='word_1_90' title='bbox 885 1530 1027 1600; x_wconf 89' lang='lat' dir='ltr'><strong>ejus,</strong></span> <span class='ocrx_word' id='word_1_91' title='bbox 1059 1538 1104 1583; x_wconf 88' lang='lat' dir='ltr'><strong>et</strong></span> <span class='ocrx_word' id='word_1_92' title='bbox 1141 1528 1373 1582; x_wconf 87' lang='lat' dir='ltr'><strong>uiderunt</strong></span> <span class='ocrx_word' id='word_1_93' title='bbox 1413 1542 1584 1581; x_wconf 87' lang='lat' dir='ltr'><strong>omnes</strong></span> <span class='ocrx_word' id='word_1_94' title='bbox 1623 1524 1799 1596; x_wconf 84' lang='lat' dir='ltr'><strong>populi</strong></span> <span class='ocrx_word' id='word_1_95' title='bbox 1841 1522 2060 1593; x_wconf 79' lang='lat' dir='ltr'><strong>gloriam</strong></span> 
     </span>
    </p>
   </div>
   <div class='ocr_carea' id='block_1_14' title="bbox 474 1611 2061 1690">
    <p class='ocr_par' dir='ltr' id='par_1_14' title="bbox 474 1611 2061 1690">
     <span class='ocr_line' id='line_1_14' title="bbox 474 1611 2061 1690; baseline -0.004 -16"><span class='ocrx_word' id='word_1_96' title='bbox 474 1624 625 1690; x_wconf 85' lang='lat' dir='ltr'><strong>ejus:</strong></span> <span class='ocrx_word' id='word_1_97' title='bbox 655 1620 1034 1690; x_wconf 77' lang='lat' dir='ltr'><strong>confundantur</strong></span> <span class='ocrx_word' id='word_1_98' title='bbox 1062 1634 1232 1672; x_wconf 86' lang='lat' dir='ltr'><strong>omnes</strong></span> <span class='ocrx_word' id='word_1_99' title='bbox 1281 1618 1370 1686; x_wconf 89' lang='lat' dir='ltr'><strong>qui</strong></span> <span class='ocrx_word' id='word_1_100' title='bbox 1409 1617 1625 1670; x_wconf 88' lang='lat' dir='ltr'><strong>adorant</strong></span> <span class='ocrx_word' id='word_1_101' title='bbox 1653 1614 1945 1685; x_wconf 88' lang='lat' dir='ltr'><strong>sculptilia,</strong></span> <span class='ocrx_word' id='word_1_102' title='bbox 1972 1611 2061 1681; x_wconf 88' lang='lat' dir='ltr'><strong>qui</strong></span> 
     </span>
    </p>
   </div>
   <div class='ocr_carea' id='block_1_15' title="bbox 476 1703 2060 1784">
    <p class='ocr_par' dir='ltr' id='par_1_15' title="bbox 476 1703 2060 1784">
     <span class='ocr_line' id='line_1_15' title="bbox 476 1703 2060 1784; baseline -0.005 -17"><span class='ocrx_word' id='word_1_103' title='bbox 476 1714 761 1784; x_wconf 87' lang='lat' dir='ltr'><strong>gloriantur</strong></span> <span class='ocrx_word' id='word_1_104' title='bbox 778 1712 831 1765; x_wconf 90' lang='lat' dir='ltr'><strong>in</strong></span> <span class='ocrx_word' id='word_1_105' title='bbox 860 1710 1144 1765; x_wconf 80' lang='lat' dir='ltr'><strong>simulacris</strong></span> <span class='ocrx_word' id='word_1_106' title='bbox 1167 1710 1291 1764; x_wconf 89' lang='lat' dir='ltr'><strong>suis.</strong></span> <span class='ocrx_word' id='word_1_107' title='bbox 1320 1708 1531 1763; x_wconf 86' lang='lat' dir='ltr'><strong>Etenim</strong></span> <span class='ocrx_word' id='word_1_108' title='bbox 1562 1706 1799 1762; x_wconf 83' lang='lat' dir='ltr'><strong>Ecclesia</strong></span> <span class='ocrx_word' id='word_1_109' title='bbox 1828 1703 2060 1760; x_wconf 85' lang='lat' dir='ltr'><strong>necdum</strong></span> 
     </span>
    </p>
   </div>
   <div class='ocr_carea' id='block_1_16' title="bbox 477 1796 2063 1866">
    <p class='ocr_par' dir='ltr' id='par_1_16' title="bbox 477 1796 2063 1866">
     <span class='ocr_line' id='line_1_16' title="bbox 477 1796 2063 1866; baseline -0.005 -7"><span class='ocrx_word' id='word_1_110' title='bbox 477 1812 595 1859; x_wconf 88' lang='lat' dir='ltr'><strong>erat</strong></span> <span class='ocrx_word' id='word_1_111' title='bbox 622 1805 675 1858; x_wconf 94' lang='lat' dir='ltr'><strong>in</strong></span> <span class='ocrx_word' id='word_1_112' title='bbox 706 1802 1000 1866; x_wconf 87' lang='lat' dir='ltr'><strong>Gentibus;</strong></span> <span class='ocrx_word' id='word_1_113' title='bbox 1032 1802 1083 1855; x_wconf 94' lang='lat' dir='ltr'><strong>in</strong></span> <span class='ocrx_word' id='word_1_114' title='bbox 1104 1800 1286 1856; x_wconf 68' lang='lat' dir='ltr'><strong>Judaea</strong></span> <span class='ocrx_word' id='word_1_115' title='bbox 1311 1799 1654 1855; x_wconf 83' lang='lat' dir='ltr'><strong>crediderant</strong></span> <span class='ocrx_word' id='word_1_116' title='bbox 1676 1814 1743 1854; x_wconf 79' lang='lat' dir='ltr'><strong>ex</strong></span> <span class='ocrx_word' id='word_1_117' title='bbox 1766 1796 1983 1865; x_wconf 68' lang='lat' dir='ltr'><strong>Iudaeis,</strong></span> <span class='ocrx_word' id='word_1_118' title='bbox 2006 1803 2063 1852; x_wconf 90' lang='lat' dir='ltr'><strong>et</strong></span> 
     </span>
    </p>
   </div>
   <div class='ocr_carea' id='block_1_17' title="bbox 478 1892 2059 1967">
    <p class='ocr_par' dir='ltr' id='par_1_17' title="bbox 478 1892 2059 1967">
     <span class='ocr_line' id='line_1_17' title="bbox 478 1892 2059 1967; baseline -0.001 -19"><span class='ocrx_word' id='word_1_119' title='bbox 478 1897 733 1965; x_wconf 83' lang='lat' dir='ltr'><strong>putabant</strong></span> <span class='ocrx_word' id='word_1_120' title='bbox 762 1895 862 1967; x_wconf 91' lang='lat' dir='ltr'><strong>ipsi</strong></span> <span class='ocrx_word' id='word_1_121' title='bbox 885 1894 1053 1950; x_wconf 73' lang='lat' dir='ltr'><strong>Judaei</strong></span> <span class='ocrx_word' id='word_1_122' title='bbox 1100 1894 1190 1965; x_wconf 91' lang='lat' dir='ltr'><strong>qui</strong></span> <span class='ocrx_word' id='word_1_123' title='bbox 1233 1892 1572 1950; x_wconf 86' lang='lat' dir='ltr'><strong>crediderant</strong></span> <span class='ocrx_word' id='word_1_124' title='bbox 1616 1892 1760 1948; x_wconf 91' lang='lat' dir='ltr'><strong>solos</strong></span> <span class='ocrx_word' id='word_1_125' title='bbox 1803 1907 1862 1948; x_wconf 88' lang='lat' dir='ltr'><strong>se</strong></span> <span class='ocrx_word' id='word_1_126' title='bbox 1890 1892 2059 1962; x_wconf 85' lang='lat' dir='ltr'><strong>perti-</strong></span> 
     </span>
    </p>
   </div>
   <div class='ocr_carea' id='block_1_18' title="bbox 477 1982 2059 2063">
    <p class='ocr_par' dir='ltr' id='par_1_18' title="bbox 477 1982 2059 2063">
     <span class='ocr_line' id='line_1_18' title="bbox 477 1982 2059 2063; baseline -0.003 -21"><span class='ocrx_word' id='word_1_127' title='bbox 477 2002 607 2043; x_wconf 85' lang='lat' dir='ltr'><strong>nere</strong></span> <span class='ocrx_word' id='word_1_128' title='bbox 634 1987 699 2042; x_wconf 90' lang='lat' dir='ltr'><strong>ad</strong></span> <span class='ocrx_word' id='word_1_129' title='bbox 729 1986 999 2043; x_wconf 88' lang='lat' dir='ltr'><strong>Christum</strong></span> <span class='ocrx_word' id='word_1_130' title='bbox 1042 2005 1056 2041; x_wconf 90' lang='lat'><strong>:</strong></span> <span class='ocrx_word' id='word_1_131' title='bbox 1088 1984 1236 2040; x_wconf 83' lang='lat' dir='ltr'><strong>missi</strong></span> <span class='ocrx_word' id='word_1_132' title='bbox 1276 1994 1401 2040; x_wconf 89' lang='lat' dir='ltr'><strong>sunt</strong></span> <span class='ocrx_word' id='word_1_133' title='bbox 1452 1983 1693 2054; x_wconf 84' lang='lat' dir='ltr'><strong>Apostoli</strong></span> <span class='ocrx_word' id='word_1_134' title='bbox 1723 1982 1790 2039; x_wconf 89' lang='lat' dir='ltr'><strong>ad</strong></span> <span class='ocrx_word' id='word_1_135' title='bbox 1824 1982 2059 2063; x_wconf 81' lang='lat' dir='ltr'><strong>Gentes,</strong></span> 
     </span>
    </p>
   </div>
   <div class='ocr_carea' id='block_1_19' title="bbox 478 2075 2063 2148">
    <p class='ocr_par' dir='ltr' id='par_1_19' title="bbox 478 2075 2063 2148">
     <span class='ocr_line' id='line_1_19' title="bbox 478 2075 2063 2148; baseline -0.001 -17"><span class='ocrx_word' id='word_1_136' title='bbox 478 2079 821 2148; x_wconf 83' lang='lat' dir='ltr'><strong>praedicatum</strong></span> <span class='ocrx_word' id='word_1_137' title='bbox 846 2086 930 2133; x_wconf 89' lang='lat' dir='ltr'><strong>est</strong></span> <span class='ocrx_word' id='word_1_138' title='bbox 952 2077 1201 2133; x_wconf 90' lang='lat' dir='ltr'><strong>Cornelio</strong></span> <span class='ocrx_word' id='word_1_139' title='bbox 1224 2092 1239 2141; x_wconf 93' lang='lat'>;</span> <span class='ocrx_word' id='word_1_140' title='bbox 1267 2076 1491 2132; x_wconf 84' lang='lat' dir='ltr'><strong>credidit</strong></span> <span class='ocrx_word' id='word_1_141' title='bbox 1520 2075 1801 2131; x_wconf 86' lang='lat' dir='ltr'><strong>Cornelius</strong></span> <span class='ocrx_word' id='word_1_142' title='bbox 1825 2117 1841 2141; x_wconf 91' lang='lat'><strong>,</strong></span> <span class='ocrx_word' id='word_1_143' title='bbox 1888 2076 2063 2145; x_wconf 80' lang='lat' dir='ltr'><strong>bapti-</strong></span> 
     </span>
    </p>
   </div>
   <div class='ocr_carea' id='block_1_20' title="bbox 477 2164 2059 2237">
    <p class='ocr_par' dir='ltr' id='par_1_20' title="bbox 477 2164 2059 2237">
     <span class='ocr_line' id='line_1_20' title="bbox 477 2164 2059 2237; baseline -0.003 -14"><span class='ocrx_word' id='word_1_144' title='bbox 477 2178 627 2223; x_wconf 89' lang='lat' dir='ltr'><strong>zatus</strong></span> <span class='ocrx_word' id='word_1_145' title='bbox 653 2178 752 2234; x_wconf 90' lang='lat' dir='ltr'><strong>est,</strong></span> <span class='ocrx_word' id='word_1_146' title='bbox 778 2168 1027 2237; x_wconf 88' lang='lat' dir='ltr'><strong>baptizati</strong></span> <span class='ocrx_word' id='word_1_147' title='bbox 1048 2176 1171 2221; x_wconf 88' lang='lat' dir='ltr'><strong>sunt</strong></span> <span class='ocrx_word' id='word_1_148' title='bbox 1194 2175 1246 2221; x_wconf 90' lang='lat' dir='ltr'><strong>et</strong></span> <span class='ocrx_word' id='word_1_149' title='bbox 1262 2166 1335 2220; x_wconf 89' lang='lat' dir='ltr'><strong>illi</strong></span> <span class='ocrx_word' id='word_1_150' title='bbox 1363 2166 1450 2236; x_wconf 91' lang='lat' dir='ltr'><strong>qui</strong></span> <span class='ocrx_word' id='word_1_151' title='bbox 1477 2180 1598 2220; x_wconf 93' lang='lat' dir='ltr'><strong>cum</strong></span> <span class='ocrx_word' id='word_1_152' title='bbox 1615 2164 1865 2221; x_wconf 89' lang='lat' dir='ltr'><strong>Cornelio</strong></span> <span class='ocrx_word' id='word_1_153' title='bbox 1886 2174 2059 2220; x_wconf 88' lang='lat' dir='ltr'><strong>erant.</strong></span> 
     </span>
    </p>
   </div>
   <div class='ocr_carea' id='block_1_21' title="bbox 478 2258 2063 2330">
    <p class='ocr_par' dir='ltr' id='par_1_21' title="bbox 478 2258 2063 2330">
     <span class='ocr_line' id='line_1_21' title="bbox 478 2258 2063 2330; baseline -0.003 -13"><span class='ocrx_word' id='word_1_154' title='bbox 478 2260 583 2317; x_wconf 91' lang='lat' dir='ltr'><strong>Sed</strong></span> <span class='ocrx_word' id='word_1_155' title='bbox 615 2267 672 2313; x_wconf 91' lang='lat' dir='ltr'><strong>ut</strong></span> <span class='ocrx_word' id='word_1_156' title='bbox 699 2260 1113 2330; x_wconf 87' lang='lat' dir='ltr'><strong>baptizarentur,</strong></span> <span class='ocrx_word' id='word_1_157' title='bbox 1156 2258 1282 2329; x_wconf 90' lang='lat' dir='ltr'><strong>quid</strong></span> <span class='ocrx_word' id='word_1_158' title='bbox 1332 2258 1528 2313; x_wconf 80' lang='lat' dir='ltr'><strong>factum</strong></span> <span class='ocrx_word' id='word_1_159' title='bbox 1560 2268 1682 2323; x_wconf 89' lang='lat' dir='ltr'><strong>est,</strong></span> <span class='ocrx_word' id='word_1_160' title='bbox 1734 2259 1921 2314; x_wconf 88' lang='lat' dir='ltr'><strong>scitis:</strong></span> <span class='ocrx_word' id='word_1_161' title='bbox 1954 2273 2063 2313; x_wconf 91' lang='lat' dir='ltr'><strong>non</strong></span> 
     </span>
    </p>
   </div>
   <div class='ocr_carea' id='block_1_22' title="bbox 475 2350 2063 2424">
    <p class='ocr_par' dir='ltr' id='par_1_22' title="bbox 475 2350 2063 2424">
     <span class='ocr_line' id='line_1_22' title="bbox 475 2350 2063 2424; baseline -0.002 -17"><span class='ocrx_word' id='word_1_162' title='bbox 475 2353 689 2424; x_wconf 88' lang='lat' dir='ltr'><strong>quidem</strong></span> <span class='ocrx_word' id='word_1_163' title='bbox 720 2350 826 2408; x_wconf 89' lang='lat' dir='ltr'><strong>huc</strong></span> <span class='ocrx_word' id='word_1_164' title='bbox 852 2366 1018 2423; x_wconf 90' lang='lat' dir='ltr'><strong>usque</strong></span> <span class='ocrx_word' id='word_1_165' title='bbox 1053 2351 1294 2422; x_wconf 88' lang='lat' dir='ltr'><strong>pervenit</strong></span> <span class='ocrx_word' id='word_1_166' title='bbox 1319 2350 1535 2415; x_wconf 90' lang='lat' dir='ltr'><strong>Lector,</strong></span> <span class='ocrx_word' id='word_1_167' title='bbox 1567 2351 1661 2407; x_wconf 89' lang='lat' dir='ltr'><strong>sed</strong></span> <span class='ocrx_word' id='word_1_168' title='bbox 1703 2359 1877 2406; x_wconf 90' lang='lat' dir='ltr'><strong>tamen</strong></span> <span class='ocrx_word' id='word_1_169' title='bbox 1899 2350 2063 2421; x_wconf 85' lang='lat' dir='ltr'><strong>aliqui</strong></span> 
     </span>
    </p>
   </div>
   <div class='ocr_carea' id='block_1_23' title="bbox 476 2440 2064 2512">
    <p class='ocr_par' dir='ltr' id='par_1_23' title="bbox 476 2440 2064 2512">
     <span class='ocr_line' id='line_1_23' title="bbox 476 2440 2064 2512; baseline -0.001 -14"><span class='ocrx_word' id='word_1_170' title='bbox 476 2442 859 2511; x_wconf 82' lang='lat' dir='ltr'><strong>recordamur;</strong></span> <span class='ocrx_word' id='word_1_171' title='bbox 903 2448 959 2500; x_wconf 93' lang='lat' dir='ltr'><strong>et</strong></span> <span class='ocrx_word' id='word_1_172' title='bbox 986 2442 1077 2512; x_wconf 88' lang='lat' dir='ltr'><strong>qui</strong></span> <span class='ocrx_word' id='word_1_173' title='bbox 1101 2456 1205 2496; x_wconf 93' lang='lat' dir='ltr'><strong>non</strong></span> <span class='ocrx_word' id='word_1_174' title='bbox 1243 2443 1611 2507; x_wconf 74' lang='lat' dir='ltr'><strong>recordentur,</strong></span> <span class='ocrx_word' id='word_1_175' title='bbox 1654 2440 1876 2496; x_wconf 86' lang='lat' dir='ltr'><strong>audiant</strong></span> <span class='ocrx_word' id='word_1_176' title='bbox 1916 2455 1945 2494; x_wconf 88' lang='lat' dir='ltr'><strong>a</strong></span> <span class='ocrx_word' id='word_1_177' title='bbox 1977 2455 2064 2497; x_wconf 88' lang='lat' dir='ltr'><strong>me</strong></span> 
     </span>
    </p>
   </div>
   <div class='ocr_carea' id='block_1_24' title="bbox 478 2532 2063 2603">
    <p class='ocr_par' dir='ltr' id='par_1_24' title="bbox 478 2532 2063 2603">
     <span class='ocr_line' id='line_1_24' title="bbox 478 2532 2063 2603; baseline -0.001 -14"><span class='ocrx_word' id='word_1_178' title='bbox 478 2534 733 2590; x_wconf 85' lang='lat' dir='ltr'><strong>breviter.</strong></span> <span class='ocrx_word' id='word_1_179' title='bbox 757 2534 948 2590; x_wconf 80' lang='lat' dir='ltr'><strong>Missus</strong></span> <span class='ocrx_word' id='word_1_180' title='bbox 991 2542 1075 2589; x_wconf 89' lang='lat' dir='ltr'><strong>est</strong></span> <span class='ocrx_word' id='word_1_181' title='bbox 1120 2532 1340 2602; x_wconf 80' lang='lat' dir='ltr'><strong>angelus</strong></span> <span class='ocrx_word' id='word_1_182' title='bbox 1370 2532 1436 2587; x_wconf 89' lang='lat' dir='ltr'><strong>ad</strong></span> <span class='ocrx_word' id='word_1_183' title='bbox 1474 2532 1776 2589; x_wconf 90' lang='lat' dir='ltr'><strong>Cornelium</strong></span> <span class='ocrx_word' id='word_1_184' title='bbox 1798 2574 1814 2601; x_wconf 94' lang='lat'><strong>,</strong></span> <span class='ocrx_word' id='word_1_185' title='bbox 1844 2532 2063 2603; x_wconf 80' lang='lat' dir='ltr'><strong>angelus</strong></span> 
     </span>
    </p>
   </div>
   <div class='ocr_carea' id='block_1_25' title="bbox 478 2624 2065 2693">
    <p class='ocr_par' dir='ltr' id='par_1_25' title="bbox 478 2624 2065 2693">
     <span class='ocr_line' id='line_1_25' title="bbox 478 2624 2065 2693; baseline -0.001 -11"><span class='ocrx_word' id='word_1_186' title='bbox 478 2625 788 2683; x_wconf 88' lang='lat' dir='ltr'><strong>Cornelium</strong></span> <span class='ocrx_word' id='word_1_187' title='bbox 816 2627 960 2682; x_wconf 89' lang='lat' dir='ltr'><strong>misit</strong></span> <span class='ocrx_word' id='word_1_188' title='bbox 986 2626 1054 2681; x_wconf 94' lang='lat' dir='ltr'><strong>ad</strong></span> <span class='ocrx_word' id='word_1_189' title='bbox 1095 2625 1311 2682; x_wconf 88' lang='lat' dir='ltr'><strong>Petrum</strong></span> <span class='ocrx_word' id='word_1_190' title='bbox 1330 2666 1347 2693; x_wconf 93' lang='lat'><strong>,</strong></span> <span class='ocrx_word' id='word_1_191' title='bbox 1375 2626 1565 2682; x_wconf 85' lang='lat' dir='ltr'><strong>Petrus</strong></span> <span class='ocrx_word' id='word_1_192' title='bbox 1591 2626 1739 2681; x_wconf 86' lang='lat' dir='ltr'><strong>venit</strong></span> <span class='ocrx_word' id='word_1_193' title='bbox 1765 2624 1834 2680; x_wconf 89' lang='lat' dir='ltr'><strong>ad</strong></span> <span class='ocrx_word' id='word_1_194' title='bbox 1862 2624 2065 2681; x_wconf 84' lang='lat' dir='ltr'><strong>Corne-</strong></span> 
     </span>
    </p>
   </div>
   <div class='ocr_carea' id='block_1_26' title="bbox 480 2715 2066 2787">
    <p class='ocr_par' dir='ltr' id='par_1_26' title="bbox 480 2715 2066 2787">
     <span class='ocr_line' id='line_1_26' title="bbox 480 2715 2066 2787; baseline 0.002 -17"><span class='ocrx_word' id='word_1_195' title='bbox 480 2715 632 2771; x_wconf 92' lang='lat' dir='ltr'><strong>lium.</strong></span> <span class='ocrx_word' id='word_1_196' title='bbox 665 2716 730 2771; x_wconf 85' lang='lat' dir='ltr'><strong>Et</strong></span> <span class='ocrx_word' id='word_1_197' title='bbox 751 2717 873 2786; x_wconf 89' lang='lat' dir='ltr'><strong>quia</strong></span> <span class='ocrx_word' id='word_1_198' title='bbox 902 2715 970 2771; x_wconf 91' lang='lat' dir='ltr'><strong>de</strong></span> <span class='ocrx_word' id='word_1_199' title='bbox 998 2715 1258 2772; x_wconf 87' lang='lat' dir='ltr'><strong>Gentibus</strong></span> <span class='ocrx_word' id='word_1_200' title='bbox 1283 2724 1399 2771; x_wconf 90' lang='lat' dir='ltr'><strong>erat</strong></span> <span class='ocrx_word' id='word_1_201' title='bbox 1439 2715 1744 2784; x_wconf 89' lang='lat' dir='ltr'><strong>Cornelius,</strong></span> <span class='ocrx_word' id='word_1_202' title='bbox 1772 2726 1827 2772; x_wconf 90' lang='lat' dir='ltr'><strong>et</strong></span> <span class='ocrx_word' id='word_1_203' title='bbox 1870 2717 1984 2787; x_wconf 87' lang='lat' dir='ltr'><strong>ipse</strong></span> <span class='ocrx_word' id='word_1_204' title='bbox 2010 2725 2066 2773; x_wconf 89' lang='lat' dir='ltr'><strong>et</strong></span> 
     </span>
    </p>
   </div>
   <div class='ocr_carea' id='block_1_27' title="bbox 479 2807 2064 2877">
    <p class='ocr_par' dir='ltr' id='par_1_27' title="bbox 479 2807 2064 2877">
     <span class='ocr_line' id='line_1_27' title="bbox 479 2807 2064 2877; baseline 0.003 -18"><span class='ocrx_word' id='word_1_205' title='bbox 479 2807 711 2877; x_wconf 86' lang='lat' dir='ltr'><strong>quicum</strong></span> <span class='ocrx_word' id='word_1_206' title='bbox 741 2807 831 2862; x_wconf 91' lang='lat' dir='ltr'><strong>illo</strong></span> <span class='ocrx_word' id='word_1_207' title='bbox 853 2814 1025 2872; x_wconf 88' lang='lat' dir='ltr'><strong>erant,</strong></span> <span class='ocrx_word' id='word_1_208' title='bbox 1056 2821 1163 2861; x_wconf 94' lang='lat' dir='ltr'><strong>non</strong></span> <span class='ocrx_word' id='word_1_209' title='bbox 1186 2815 1338 2862; x_wconf 88' lang='lat' dir='ltr'><strong>erant</strong></span> <span class='ocrx_word' id='word_1_210' title='bbox 1377 2807 1675 2869; x_wconf 81' lang='lat' dir='ltr'><strong>circumcisi</strong></span> <span class='ocrx_word' id='word_1_211' title='bbox 1712 2823 1727 2863; x_wconf 89' lang='lat'><strong>:</strong></span> <span class='ocrx_word' id='word_1_212' title='bbox 1764 2822 1830 2863; x_wconf 89' lang='lat' dir='ltr'><strong>ne</strong></span> <span class='ocrx_word' id='word_1_213' title='bbox 1851 2808 2064 2864; x_wconf 87' lang='lat' dir='ltr'><strong>dubita-</strong></span> 
     </span>
    </p>
   </div>
   <div class='ocr_carea' id='block_1_28' title="bbox 482 2896 2062 2967">
    <p class='ocr_par' dir='ltr' id='par_1_28' title="bbox 482 2896 2062 2967">
     <span class='ocr_line' id='line_1_28' title="bbox 482 2896 2062 2967; baseline 0.001 -14"><span class='ocrx_word' id='word_1_214' title='bbox 482 2906 599 2953; x_wconf 88' lang='lat' dir='ltr'><strong>rent</strong></span> <span class='ocrx_word' id='word_1_215' title='bbox 643 2912 770 2967; x_wconf 86' lang='lat' dir='ltr'><strong>ergo</strong></span> <span class='ocrx_word' id='word_1_216' title='bbox 816 2897 888 2953; x_wconf 92' lang='lat' dir='ltr'><strong>illi</strong></span> <span class='ocrx_word' id='word_1_217' title='bbox 929 2897 1140 2953; x_wconf 88' lang='lat' dir='ltr'><strong>tradere</strong></span> <span class='ocrx_word' id='word_1_218' title='bbox 1182 2896 1528 2967; x_wconf 86' lang='lat' dir='ltr'><strong>Evangelium</strong></span> <span class='ocrx_word' id='word_1_219' title='bbox 1558 2914 1664 2953; x_wconf 90' lang='lat' dir='ltr'><strong>non</strong></span> <span class='ocrx_word' id='word_1_220' title='bbox 1704 2899 2062 2966; x_wconf 85' lang='lat' dir='ltr'><strong>circumcisis;</strong></span> 
     </span>
    </p>
   </div>
   <div class='ocr_carea' id='block_1_29' title="bbox 480 2988 2062 3061">
    <p class='ocr_par' dir='ltr' id='par_1_29' title="bbox 480 2988 2062 3061">
     <span class='ocr_line' id='line_1_29' title="bbox 480 2988 2062 3061; baseline 0.002 -17"><span class='ocrx_word' id='word_1_221' title='bbox 480 2998 766 3060; x_wconf 83' lang='lat' dir='ltr'><strong>antequam</strong></span> <span class='ocrx_word' id='word_1_222' title='bbox 792 2988 1152 3059; x_wconf 85' lang='lat' dir='ltr'><strong>baptizaretur</strong></span> <span class='ocrx_word' id='word_1_223' title='bbox 1177 2990 1290 3059; x_wconf 91' lang='lat' dir='ltr'><strong>ipse</strong></span> <span class='ocrx_word' id='word_1_224' title='bbox 1324 2989 1603 3045; x_wconf 87' lang='lat' dir='ltr'><strong>Cornelius</strong></span> <span class='ocrx_word' id='word_1_225' title='bbox 1632 2999 1687 3046; x_wconf 90' lang='lat' dir='ltr'><strong>et</strong></span> <span class='ocrx_word' id='word_1_226' title='bbox 1726 2990 1799 3045; x_wconf 89' lang='lat' dir='ltr'><strong>illi</strong></span> <span class='ocrx_word' id='word_1_227' title='bbox 1827 2991 2062 3061; x_wconf 89' lang='lat' dir='ltr'><strong>quicum</strong></span> 
     </span>
    </p>
   </div>
   <div class='ocr_carea' id='block_1_30' title="bbox 482 3078 2065 3151">
    <p class='ocr_par' dir='ltr' id='par_1_30' title="bbox 482 3078 2065 3151">
     <span class='ocr_line' id='line_1_30' title="bbox 482 3078 2065 3151; baseline 0.003 -18"><span class='ocrx_word' id='word_1_228' title='bbox 482 3079 574 3134; x_wconf 81' lang='lat' dir='ltr'><strong>illo</strong></span> <span class='ocrx_word' id='word_1_229' title='bbox 601 3088 771 3145; x_wconf 88' lang='lat' dir='ltr'><strong>erant,</strong></span> <span class='ocrx_word' id='word_1_230' title='bbox 803 3080 950 3135; x_wconf 85' lang='lat' dir='ltr'><strong>venit</strong></span> <span class='ocrx_word' id='word_1_231' title='bbox 975 3078 1204 3149; x_wconf 90' lang='lat' dir='ltr'><strong>Spiritus</strong></span> <span class='ocrx_word' id='word_1_232' title='bbox 1229 3088 1467 3147; x_wconf 89' lang='lat' dir='ltr'><strong>sanctus,</strong></span> <span class='ocrx_word' id='word_1_233' title='bbox 1494 3089 1549 3136; x_wconf 91' lang='lat' dir='ltr'><strong>et</strong></span> <span class='ocrx_word' id='word_1_234' title='bbox 1569 3080 1806 3151; x_wconf 85' lang='lat' dir='ltr'><strong>implevit</strong></span> <span class='ocrx_word' id='word_1_235' title='bbox 1833 3081 1982 3149; x_wconf 87' lang='lat' dir='ltr'><strong>illos,</strong></span> <span class='ocrx_word' id='word_1_236' title='bbox 2009 3091 2065 3138; x_wconf 89' lang='lat' dir='ltr'><strong>et</strong></span> 
     </span>
    </p>
   </div>
   <div class='ocr_carea' id='block_1_31' title="bbox 480 3170 2065 3242">
    <p class='ocr_par' dir='ltr' id='par_1_31' title="bbox 480 3170 2065 3242">
     <span class='ocr_line' id='line_1_31' title="bbox 480 3170 2065 3242; baseline 0.001 -15"><span class='ocrx_word' id='word_1_237' title='bbox 480 3180 756 3242; x_wconf 62' lang='lat' dir='ltr'><strong>coeperunt</strong></span> <span class='ocrx_word' id='word_1_238' title='bbox 804 3171 945 3241; x_wconf 89' lang='lat' dir='ltr'><strong>loqui</strong></span> <span class='ocrx_word' id='word_1_239' title='bbox 995 3171 1211 3241; x_wconf 82' lang='lat' dir='ltr'><strong>linguis.</strong></span> <span class='ocrx_word' id='word_1_240' title='bbox 1252 3170 1308 3226; x_wconf 92' lang='lat' dir='ltr'><strong>In</strong></span> <span class='ocrx_word' id='word_1_241' title='bbox 1352 3171 1557 3227; x_wconf 91' lang='lat' dir='ltr'><strong>nullum</strong></span> <span class='ocrx_word' id='word_1_242' title='bbox 1584 3180 1759 3227; x_wconf 90' lang='lat' dir='ltr'><strong>autem</strong></span> <span class='ocrx_word' id='word_1_243' title='bbox 1799 3172 2065 3228; x_wconf 86' lang='lat' dir='ltr'><strong>ceciderat</strong></span> 
     </span>
    </p>
   </div>
   <div class='ocr_carea' id='block_1_32' title="bbox 480 3262 2063 3334">
    <p class='ocr_par' dir='ltr' id='par_1_32' title="bbox 480 3262 2063 3334">
     <span class='ocr_line' id='line_1_32' title="bbox 480 3262 2063 3334; baseline 0.001 -14"><span class='ocrx_word' id='word_1_244' title='bbox 480 3264 707 3334; x_wconf 83' lang='lat' dir='ltr'><strong>Spiritus</strong></span> <span class='ocrx_word' id='word_1_245' title='bbox 729 3273 978 3330; x_wconf 90' lang='lat' dir='ltr'><strong>sanctus,</strong></span> <span class='ocrx_word' id='word_1_246' title='bbox 1007 3263 1109 3318; x_wconf 89' lang='lat' dir='ltr'><strong>nisi</strong></span> <span class='ocrx_word' id='word_1_247' title='bbox 1149 3264 1237 3334; x_wconf 91' lang='lat' dir='ltr'><strong>qui</strong></span> <span class='ocrx_word' id='word_1_248' title='bbox 1278 3262 1449 3319; x_wconf 80' lang='lat' dir='ltr'><strong>fuerat</strong></span> <span class='ocrx_word' id='word_1_249' title='bbox 1488 3263 1784 3334; x_wconf 81' lang='lat' dir='ltr'><strong>baptizatus</strong></span> <span class='ocrx_word' id='word_1_250' title='bbox 1810 3282 1824 3319; x_wconf 89' lang='lat'><strong>:</strong></span> <span class='ocrx_word' id='word_1_251' title='bbox 1848 3264 1898 3319; x_wconf 93' lang='lat' dir='ltr'><strong>in</strong></span> <span class='ocrx_word' id='word_1_252' title='bbox 1931 3265 2063 3321; x_wconf 88' lang='lat' dir='ltr'><strong>istos</strong></span> 
     </span>
    </p>
   </div>
   <div class='ocr_carea' id='block_1_33' title="bbox 481 3352 2065 3425">
    <p class='ocr_par' dir='ltr' id='par_1_33' title="bbox 481 3352 2065 3425">
     <span class='ocr_line' id='line_1_33' title="bbox 481 3352 2065 3425; baseline 0.003 -18"><span class='ocrx_word' id='word_1_253' title='bbox 481 3363 662 3409; x_wconf 88' lang='lat' dir='ltr'><strong>autem</strong></span> <span class='ocrx_word' id='word_1_254' title='bbox 689 3362 814 3409; x_wconf 88' lang='lat' dir='ltr'><strong>ante</strong></span> <span class='ocrx_word' id='word_1_255' title='bbox 855 3352 1184 3425; x_wconf 86' lang='lat' dir='ltr'><strong>Baptismum</strong></span> <span class='ocrx_word' id='word_1_256' title='bbox 1215 3352 1427 3409; x_wconf 84' lang='lat' dir='ltr'><strong>cecidit.</strong></span> <span class='ocrx_word' id='word_1_257' title='bbox 1458 3352 1646 3408; x_wconf 90' lang='lat' dir='ltr'><strong>Posset</strong></span> <span class='ocrx_word' id='word_1_258' title='bbox 1690 3354 1832 3409; x_wconf 90' lang='lat' dir='ltr'><strong>enim</strong></span> <span class='ocrx_word' id='word_1_259' title='bbox 1873 3354 2065 3412; x_wconf 86' lang='lat' dir='ltr'><strong>Petrus</strong></span> 
     </span>
    </p>
   </div>
   <div class='ocr_carea' id='block_1_34' title="bbox 481 3444 2066 3519">
    <p class='ocr_par' dir='ltr' id='par_1_34' title="bbox 481 3444 2066 3519">
     <span class='ocr_line' id='line_1_34' title="bbox 481 3444 2066 3519; baseline 0.001 -18"><span class='ocrx_word' id='word_1_260' title='bbox 481 3447 724 3501; x_wconf 88' lang='lat' dir='ltr'><strong>dubitare</strong></span> <span class='ocrx_word' id='word_1_261' title='bbox 755 3454 926 3501; x_wconf 91' lang='lat' dir='ltr'><strong>utrum</strong></span> <span class='ocrx_word' id='word_1_262' title='bbox 954 3444 1353 3501; x_wconf 90' lang='lat' dir='ltr'><strong>incircumcisos</strong></span> <span class='ocrx_word' id='word_1_263' title='bbox 1387 3446 1678 3516; x_wconf 88' lang='lat' dir='ltr'><strong>baptizarct</strong></span> <span class='ocrx_word' id='word_1_264' title='bbox 1716 3464 1728 3499; x_wconf 89' lang='lat'><strong>:</strong></span> <span class='ocrx_word' id='word_1_265' title='bbox 1778 3447 1924 3502; x_wconf 83' lang='lat' dir='ltr'><strong>venit</strong></span> <span class='ocrx_word' id='word_1_266' title='bbox 1951 3448 2066 3519; x_wconf 81' lang='lat' dir='ltr'><strong>Spi-</strong></span> 
     </span>
    </p>
   </div>
   <div class='ocr_carea' id='block_1_35' title="bbox 481 3536 2067 3608">
    <p class='ocr_par' dir='ltr' id='par_1_35' title="bbox 481 3536 2067 3608">
     <span class='ocr_line' id='line_1_35' title="bbox 481 3536 2067 3608; baseline 0.002 -17"><span class='ocrx_word' id='word_1_267' title='bbox 481 3537 617 3592; x_wconf 87' lang='lat' dir='ltr'><strong>ritus</strong></span> <span class='ocrx_word' id='word_1_268' title='bbox 643 3545 856 3592; x_wconf 89' lang='lat' dir='ltr'><strong>sanctus</strong></span> <span class='ocrx_word' id='word_1_269' title='bbox 876 3576 891 3603; x_wconf 91' lang='lat'><strong>,</strong></span> <span class='ocrx_word' id='word_1_270' title='bbox 925 3544 1203 3607; x_wconf 68' lang='lat' dir='ltr'><strong>creperum</strong></span> <span class='ocrx_word' id='word_1_271' title='bbox 1250 3536 1395 3606; x_wconf 89' lang='lat' dir='ltr'><strong>loqui</strong></span> <span class='ocrx_word' id='word_1_272' title='bbox 1438 3537 1668 3608; x_wconf 78' lang='lat' dir='ltr'><strong>linguis;</strong></span> <span class='ocrx_word' id='word_1_273' title='bbox 1698 3538 1952 3593; x_wconf 89' lang='lat' dir='ltr'><strong>donatum</strong></span> <span class='ocrx_word' id='word_1_274' title='bbox 1981 3550 2067 3595; x_wconf 90' lang='lat' dir='ltr'><strong>est</strong></span> 
     </span>
    </p>
   </div>
   <div class='ocr_carea' id='block_1_36' title="bbox 480 3627 2063 3695">
    <p class='ocr_par' dir='ltr' id='par_1_36' title="bbox 480 3627 2063 3695">
     <span class='ocr_line' id='line_1_36' title="bbox 480 3627 2063 3695; baseline 0.001 -10"><span class='ocrx_word' id='word_1_275' title='bbox 480 3629 680 3685; x_wconf 86' lang='lat' dir='ltr'><strong>donum</strong></span> <span class='ocrx_word' id='word_1_276' title='bbox 710 3629 991 3695; x_wconf 89' lang='lat' dir='ltr'><strong>invisibile,</strong></span> <span class='ocrx_word' id='word_1_277' title='bbox 1015 3638 1068 3684; x_wconf 92' lang='lat' dir='ltr'><strong>et</strong></span> <span class='ocrx_word' id='word_1_278' title='bbox 1093 3627 1210 3683; x_wconf 90' lang='lat' dir='ltr'><strong>tulit</strong></span> <span class='ocrx_word' id='word_1_279' title='bbox 1234 3627 1616 3684; x_wconf 88' lang='lat' dir='ltr'><strong>dubitationem</strong></span> <span class='ocrx_word' id='word_1_280' title='bbox 1636 3628 1701 3684; x_wconf 88' lang='lat' dir='ltr'><strong>de</strong></span> <span class='ocrx_word' id='word_1_281' title='bbox 1714 3628 2063 3687; x_wconf 81' lang='lat' dir='ltr'><strong>Sacramenta</strong></span> 
     </span>
    </p>
   </div>
   <div class='ocr_carea' id='block_1_37' title="bbox 482 3719 2059 3791">
    <p class='ocr_par' dir='ltr' id='par_1_37' title="bbox 482 3719 2059 3791">
     <span class='ocr_line' id='line_1_37' title="bbox 482 3719 2059 3791; baseline 0.003 -18"><span class='ocrx_word' id='word_1_282' title='bbox 482 3720 716 3787; x_wconf 88' lang='lat' dir='ltr'><strong>visibili;</strong></span> <span class='ocrx_word' id='word_1_283' title='bbox 747 3719 995 3791; x_wconf 89' lang='lat' dir='ltr'><strong>baptizati</strong></span> <span class='ocrx_word' id='word_1_284' title='bbox 1023 3727 1147 3775; x_wconf 89' lang='lat' dir='ltr'><strong>sunt</strong></span> <span class='ocrx_word' id='word_1_285' title='bbox 1168 3734 1374 3775; x_wconf 85' lang='lat' dir='ltr'><strong>omnes.</strong></span> <span class='ocrx_word' id='word_1_286' title='bbox 1402 3719 1471 3774; x_wconf 86' lang='lat' dir='ltr'><strong>Et</strong></span> <span class='ocrx_word' id='word_1_287' title='bbox 1492 3719 1656 3776; x_wconf 88' lang='lat' dir='ltr'><strong>habes</strong></span> <span class='ocrx_word' id='word_1_288' title='bbox 1681 3720 1749 3776; x_wconf 91' lang='lat' dir='ltr'><strong>ibi</strong></span> <span class='ocrx_word' id='word_1_289' title='bbox 1780 3722 2059 3791; x_wconf 90' lang='lat' dir='ltr'><strong>scriptum:</strong></span> 
     </span>
    </p>
   </div>
   <div class='ocr_carea' id='block_1_38' title="bbox 479 3811 2060 3883">
    <p class='ocr_par' dir='ltr' id='par_1_38' title="bbox 479 3811 2060 3883">
     <span class='ocr_line' id='line_1_38' title="bbox 479 3811 2060 3883; baseline 0.001 -16"><span class='ocrx_word' id='word_1_290' title='bbox 479 3812 760 3867; x_wconf 81' lang='lat' dir='ltr'><strong>Audierant</strong></span> <span class='ocrx_word' id='word_1_291' title='bbox 787 3820 950 3866; x_wconf 81' lang='lat' dir='ltr'><strong>autem</strong></span> <span class='ocrx_word' id='word_1_292' title='bbox 977 3812 1204 3883; x_wconf 82' lang='lat' dir='ltr'><strong>Apostoli</strong></span> <span class='ocrx_word' id='word_1_293' title='bbox 1219 3853 1231 3877; x_wconf 93' lang='lat'><strong>,</strong></span> <span class='ocrx_word' id='word_1_294' title='bbox 1281 3820 1327 3866; x_wconf 90' lang='lat' dir='ltr'><strong>et</strong></span> <span class='ocrx_word' id='word_1_295' title='bbox 1368 3812 1454 3882; x_wconf 86' lang='lat' dir='ltr'><strong>qui</strong></span> <span class='ocrx_word' id='word_1_296' title='bbox 1479 3822 1619 3867; x_wconf 88' lang='lat' dir='ltr'><strong>erant</strong></span> <span class='ocrx_word' id='word_1_297' title='bbox 1646 3813 1697 3866; x_wconf 91' lang='lat' dir='ltr'><strong>in</strong></span> <span class='ocrx_word' id='word_1_298' title='bbox 1724 3811 1912 3868; x_wconf 73' lang='lat' dir='ltr'><strong>Iudam</strong></span> <span class='ocrx_word' id='word_1_299' title='bbox 1950 3817 2060 3883; x_wconf 80' lang='lat' dir='ltr'><strong>fra-</strong></span> 
     </span>
    </p>
   </div>
   <div class='ocr_carea' id='block_1_39' title="bbox 485 3902 2061 3976">
    <p class='ocr_par' dir='ltr' id='par_1_39' title="bbox 485 3902 2061 3976">
     <span class='ocr_line' id='line_1_39' title="bbox 485 3902 2061 3976; baseline 0.003 -17"><span class='ocrx_word' id='word_1_300' title='bbox 485 3916 603 3970; x_wconf 83' lang='lat' dir='ltr'><strong>tres,</strong></span> <span class='ocrx_word' id='word_1_301' title='bbox 634 3905 873 3975; x_wconf 90' lang='lat' dir='ltr'><strong>quoniam</strong></span> <span class='ocrx_word' id='word_1_302' title='bbox 900 3914 946 3959; x_wconf 88' lang='lat' dir='ltr'><strong>et</strong></span> <span class='ocrx_word' id='word_1_303' title='bbox 977 3902 1156 3959; x_wconf 83' lang='lat' dir='ltr'><strong>Gentes</strong></span> <span class='ocrx_word' id='word_1_304' title='bbox 1185 3914 1477 3976; x_wconf 85' lang='lat' dir='ltr'><strong>receperunt</strong></span> <span class='ocrx_word' id='word_1_305' title='bbox 1499 3904 1700 3960; x_wconf 87' lang='lat' dir='ltr'><strong>uerbum</strong></span> <span class='ocrx_word' id='word_1_306' title='bbox 1730 3906 1845 3973; x_wconf 86' lang='lat' dir='ltr'><strong>Dei,</strong></span> <span class='ocrx_word' id='word_1_307' title='bbox 1887 3917 1935 3962; x_wconf 92' lang='lat' dir='ltr'><strong>et</strong></span> <span class='ocrx_word' id='word_1_308' title='bbox 1978 3908 2061 3963; x_wconf 86' lang='lat' dir='ltr'><strong>be-</strong></span> 
     </span>
    </p>
   </div>
   <div class='ocr_carea' id='block_1_40' title="bbox 478 3995 2063 4067">
    <p class='ocr_par' dir='ltr' id='par_1_40' title="bbox 478 3995 2063 4067">
     <span class='ocr_line' id='line_1_40' title="bbox 478 3995 2063 4067; baseline 0.001 -16"><span class='ocrx_word' id='word_1_309' title='bbox 478 3997 770 4051; x_wconf 79' lang='lat' dir='ltr'><strong>nedicebant</strong></span> <span class='ocrx_word' id='word_1_310' title='bbox 789 3995 975 4051; x_wconf 89' lang='lat' dir='ltr'><strong>Deum.</strong></span> <span class='ocrx_word' id='word_1_311' title='bbox 1002 3996 1114 4052; x_wconf 84' lang='lat' dir='ltr'><strong>Hoc</strong></span> <span class='ocrx_word' id='word_1_312' title='bbox 1139 4006 1219 4052; x_wconf 90' lang='lat' dir='ltr'><strong>est</strong></span> <span class='ocrx_word' id='word_1_313' title='bbox 1235 3996 1375 4067; x_wconf 92' lang='lat' dir='ltr'><strong>quod</strong></span> <span class='ocrx_word' id='word_1_314' title='bbox 1402 3997 1486 4053; x_wconf 87' lang='lat' dir='ltr'><strong>hic</strong></span> <span class='ocrx_word' id='word_1_315' title='bbox 1511 4008 1895 4055; x_wconf 88' lang='lat' dir='ltr'><strong>commemorat</strong></span> <span class='ocrx_word' id='word_1_316' title='bbox 1917 4017 1932 4053; x_wconf 88' lang='lat'><strong>:</strong></span> <span class='ocrx_word' id='word_1_317' title='bbox 1955 4000 2063 4055; x_wconf 78' lang='lat' dir='ltr'><strong>Au-</strong></span> 
     </span>
    </p>
   </div>
   <div class='ocr_carea' id='block_1_41' title="bbox 479 4086 2061 4159">
    <p class='ocr_par' dir='ltr' id='par_1_41' title="bbox 479 4086 2061 4159">
     <span class='ocr_line' id='line_1_41' title="bbox 479 4086 2061 4159; baseline 0.002 -17"><span class='ocrx_word' id='word_1_318' title='bbox 479 4088 620 4155; x_wconf 87' lang='lat' dir='ltr'><strong>diuit,</strong></span> <span class='ocrx_word' id='word_1_319' title='bbox 650 4097 696 4142; x_wconf 89' lang='lat' dir='ltr'><strong>et</strong></span> <span class='ocrx_word' id='word_1_320' title='bbox 714 4086 998 4159; x_wconf 89' lang='lat' dir='ltr'><strong>jucundata</strong></span> <span class='ocrx_word' id='word_1_321' title='bbox 1022 4097 1093 4142; x_wconf 85' lang='lat' dir='ltr'><strong>est</strong></span> <span class='ocrx_word' id='word_1_322' title='bbox 1122 4087 1288 4151; x_wconf 85' lang='lat' dir='ltr'><strong>Sion;</strong></span> <span class='ocrx_word' id='word_1_323' title='bbox 1327 4097 1374 4142; x_wconf 90' lang='lat' dir='ltr'><strong>et</strong></span> <span class='ocrx_word' id='word_1_324' title='bbox 1403 4090 1782 4144; x_wconf 78' lang='lat' dir='ltr'><strong>exsultauerunt</strong></span> <span class='ocrx_word' id='word_1_325' title='bbox 1810 4091 1933 4159; x_wconf 71' lang='lat' dir='ltr'><strong>ﬁliae</strong></span> <span class='ocrx_word' id='word_1_326' title='bbox 1956 4091 2061 4145; x_wconf 81' lang='lat' dir='ltr'><strong>Ju-</strong></span> 
     </span>
    </p>
   </div>
   <div class='ocr_carea' id='block_1_42' title="bbox 480 4174 2062 4248">
    <p class='ocr_par' dir='ltr' id='par_1_42' title="bbox 480 4174 2062 4248">
     <span class='ocr_line' id='line_1_42' title="bbox 480 4174 2062 4248; baseline 0.003 -17"><span class='ocrx_word' id='word_1_327' title='bbox 480 4179 606 4232; x_wconf 67' lang='lat' dir='ltr'><strong>du’w</strong></span> <span class='ocrx_word' id='word_1_328' title='bbox 624 4177 667 4230; x_wconf 82' lang='grc'><strong>².</strong></span> <span class='ocrx_word' id='word_1_329' title='bbox 699 4174 835 4246; x_wconf 83' lang='lat' dir='ltr'><strong>Quid</strong></span> <span class='ocrx_word' id='word_1_330' title='bbox 859 4177 1071 4243; x_wconf 86' lang='lat' dir='ltr'><strong>audivit,</strong></span> <span class='ocrx_word' id='word_1_331' title='bbox 1123 4185 1168 4231; x_wconf 91' lang='lat' dir='ltr'><strong>et</strong></span> <span class='ocrx_word' id='word_1_332' title='bbox 1187 4177 1475 4247; x_wconf 89' lang='lat' dir='ltr'><strong>jucundata</strong></span> <span class='ocrx_word' id='word_1_333' title='bbox 1503 4187 1575 4233; x_wconf 86' lang='lat' dir='ltr'><strong>est</strong></span> <span class='ocrx_word' id='word_1_334' title='bbox 1613 4178 1790 4233; x_wconf 85' lang='lat' dir='ltr'><strong>Sion?</strong></span> <span class='ocrx_word' id='word_1_335' title='bbox 1822 4179 1954 4248; x_wconf 84' lang='lat' dir='ltr'><strong>Quia</strong></span> <span class='ocrx_word' id='word_1_336' title='bbox 1982 4198 2062 4236; x_wconf 88' lang='lat' dir='ltr'><strong>re-</strong></span> 
     </span>
    </p>
   </div>
   <div class='ocr_carea' id='block_1_43' title="bbox 478 4267 2060 4339">
    <p class='ocr_par' dir='ltr' id='par_1_43' title="bbox 478 4267 2060 4339">
     <span class='ocr_line' id='line_1_43' title="bbox 478 4267 2060 4339; baseline 0.004 -17"><span class='ocrx_word' id='word_1_337' title='bbox 478 4278 713 4339; x_wconf 84' lang='lat' dir='ltr'><strong>ceperunt</strong></span> <span class='ocrx_word' id='word_1_338' title='bbox 740 4268 920 4323; x_wconf 84' lang='lat' dir='ltr'><strong>Gentes</strong></span> <span class='ocrx_word' id='word_1_339' title='bbox 947 4268 1150 4322; x_wconf 85' lang='lat' dir='ltr'><strong>verbum</strong></span> <span class='ocrx_word' id='word_1_340' title='bbox 1175 4267 1284 4322; x_wconf 86' lang='lat' dir='ltr'><strong>Dei.</strong></span> <span class='ocrx_word' id='word_1_341' title='bbox 1309 4267 1460 4325; x_wconf 86' lang='lat' dir='ltr'><strong>Unus</strong></span> <span class='ocrx_word' id='word_1_342' title='bbox 1480 4275 1654 4339; x_wconf 84' lang='lat' dir='ltr'><strong>partes</strong></span> <span class='ocrx_word' id='word_1_343' title='bbox 1683 4280 1924 4339; x_wconf 85' lang='lat' dir='ltr'><strong>venerat,</strong></span> <span class='ocrx_word' id='word_1_344' title='bbox 1964 4272 2060 4329; x_wconf 86' lang='lat' dir='ltr'><strong>sed</strong></span> 
     </span>
    </p>
   </div>
   <div class='ocr_carea' id='block_1_44' title="bbox 479 4360 2057 4434">
    <p class='ocr_par' dir='ltr' id='par_1_44' title="bbox 479 4360 2057 4434">
     <span class='ocr_line' id='line_1_44' title="bbox 479 4360 2057 4434; baseline 0.003 -18"><span class='ocrx_word' id='word_1_345' title='bbox 479 4361 700 4432; x_wconf 87' lang='lat' dir='ltr'><strong>angelus</strong></span> <span class='ocrx_word' id='word_1_346' title='bbox 721 4360 955 4416; x_wconf 92' lang='lat' dir='ltr'><strong>nondum</strong></span> <span class='ocrx_word' id='word_1_347' title='bbox 986 4370 1125 4416; x_wconf 87' lang='lat' dir='ltr'><strong>erat.</strong></span> <span class='ocrx_word' id='word_1_348' title='bbox 1155 4361 1281 4416; x_wconf 89' lang='lat' dir='ltr'><strong>Sion</strong></span> <span class='ocrx_word' id='word_1_349' title='bbox 1315 4360 1424 4430; x_wconf 91' lang='lat' dir='ltr'><strong>ipsa</strong></span> <span class='ocrx_word' id='word_1_350' title='bbox 1452 4361 1689 4417; x_wconf 84' lang='lat' dir='ltr'><strong>Ecclesia</strong></span> <span class='ocrx_word' id='word_1_351' title='bbox 1717 4378 1836 4434; x_wconf 66' lang='lat' dir='ltr'><strong>quae</strong></span> <span class='ocrx_word' id='word_1_352' title='bbox 1865 4374 1979 4420; x_wconf 86' lang='lat' dir='ltr'><strong>erat</strong></span> <span class='ocrx_word' id='word_1_353' title='bbox 2005 4366 2057 4421; x_wconf 91' lang='lat' dir='ltr'><strong>in</strong></span> 
     </span>
    </p>
   </div>
   <div class='ocr_carea' id='block_1_45' title="bbox 477 4450 2061 4522">
    <p class='ocr_par' dir='ltr' id='par_1_45' title="bbox 477 4450 2061 4522">
     <span class='ocr_line' id='line_1_45' title="bbox 477 4450 2061 4522; baseline 0 -15"><span class='ocrx_word' id='word_1_354' title='bbox 477 4452 681 4516; x_wconf 71' lang='lat' dir='ltr'><strong>Juduea,</strong></span> <span class='ocrx_word' id='word_1_355' title='bbox 713 4451 926 4522; x_wconf 88' lang='lat' dir='ltr'><strong>proprie</strong></span> <span class='ocrx_word' id='word_1_356' title='bbox 951 4450 1036 4505; x_wconf 88' lang='lat' dir='ltr'><strong>hic</strong></span> <span class='ocrx_word' id='word_1_357' title='bbox 1070 4452 1337 4505; x_wconf 87' lang='lat' dir='ltr'><strong>nominata</strong></span> <span class='ocrx_word' id='word_1_358' title='bbox 1379 4459 1480 4506; x_wconf 85' lang='lat' dir='ltr'><strong>est.</strong></span> <span class='ocrx_word' id='word_1_359' title='bbox 1519 4451 1724 4505; x_wconf 80' lang='lat' dir='ltr'><strong>Audiuit</strong></span> <span class='ocrx_word' id='word_1_360' title='bbox 1747 4494 1762 4519; x_wconf 90' lang='lat'><strong>,</strong></span> <span class='ocrx_word' id='word_1_361' title='bbox 1804 4462 1850 4506; x_wconf 93' lang='lat' dir='ltr'><strong>et</strong></span> <span class='ocrx_word' id='word_1_362' title='bbox 1868 4452 2061 4522; x_wconf 87' lang='lat' dir='ltr'><strong>jucun-</strong></span> 
     </span>
    </p>
   </div>
   <div class='ocr_carea' id='block_1_46' title="bbox 480 4541 2061 4613">
    <p class='ocr_par' dir='ltr' id='par_1_46' title="bbox 480 4541 2061 4613">
     <span class='ocr_line' id='line_1_46' title="bbox 480 4541 2061 4613; baseline 0.002 -15"><span class='ocrx_word' id='word_1_363' title='bbox 480 4545 602 4598; x_wconf 91' lang='lat' dir='ltr'><strong>data</strong></span> <span class='ocrx_word' id='word_1_364' title='bbox 623 4553 696 4598; x_wconf 88' lang='lat' dir='ltr'><strong>est</strong></span> <span class='ocrx_word' id='word_1_365' title='bbox 727 4543 894 4609; x_wconf 86' lang='lat' dir='ltr'><strong>Sion;</strong></span> <span class='ocrx_word' id='word_1_366' title='bbox 924 4552 968 4596; x_wconf 90' lang='lat' dir='ltr'><strong>et</strong></span> <span class='ocrx_word' id='word_1_367' title='bbox 994 4543 1369 4598; x_wconf 76' lang='lat' dir='ltr'><strong>exsultaverunt</strong></span> <span class='ocrx_word' id='word_1_368' title='bbox 1394 4543 1516 4613; x_wconf 75' lang='lat' dir='ltr'><strong>filias</strong></span> <span class='ocrx_word' id='word_1_369' title='bbox 1542 4541 1761 4599; x_wconf 57' lang='lat' dir='ltr'><strong>Iudaeae.</strong></span> <span class='ocrx_word' id='word_1_370' title='bbox 1791 4544 1880 4599; x_wconf 90' lang='lat' dir='ltr'><strong>Sic</strong></span> <span class='ocrx_word' id='word_1_371' title='bbox 1928 4547 2061 4601; x_wconf 85' lang='lat' dir='ltr'><strong>scri-</strong></span> 
     </span>
    </p>
   </div>
   <div class='ocr_carea' id='block_1_47' title="bbox 481 4635 2060 4713">
    <p class='ocr_par' dir='ltr' id='par_1_47' title="bbox 481 4635 2060 4713">
     <span class='ocr_line' id='line_1_47' title="bbox 481 4635 2060 4713; baseline 0.003 -24"><span class='ocrx_word' id='word_1_372' title='bbox 481 4646 626 4707; x_wconf 84' lang='lat' dir='ltr'><strong>ptum</strong></span> <span class='ocrx_word' id='word_1_373' title='bbox 656 4644 738 4692; x_wconf 89' lang='lat' dir='ltr'><strong>est</strong></span> <span class='ocrx_word' id='word_1_374' title='bbox 766 4653 779 4690; x_wconf 91' lang='lat'><strong>:</strong></span> <span class='ocrx_word' id='word_1_375' title='bbox 808 4635 1089 4690; x_wconf 82' lang='lat' dir='ltr'><strong>Audierunt</strong></span> <span class='ocrx_word' id='word_1_376' title='bbox 1126 4636 1373 4706; x_wconf 81' lang='lat' dir='ltr'><strong>Apostoli,</strong></span> <span class='ocrx_word' id='word_1_377' title='bbox 1403 4645 1450 4689; x_wconf 91' lang='lat' dir='ltr'><strong>et</strong></span> <span class='ocrx_word' id='word_1_378' title='bbox 1495 4637 1581 4706; x_wconf 84' lang='lat' dir='ltr'><strong>qui</strong></span> <span class='ocrx_word' id='word_1_379' title='bbox 1612 4646 1754 4691; x_wconf 86' lang='lat' dir='ltr'><strong>erant</strong></span> <span class='ocrx_word' id='word_1_380' title='bbox 1782 4638 1837 4713; x_wconf 72' lang='lat' dir='ltr'><strong>in</strong></span> <span class='ocrx_word' id='word_1_381' title='bbox 1872 4637 2060 4693; x_wconf 75' lang='lat' dir='ltr'><strong>Judeea</strong></span> 
     </span>
    </p>
   </div>
   <div class='ocr_carea' id='block_1_48' title="bbox 479 4726 2058 4800">
    <p class='ocr_par' dir='ltr' id='par_1_48' title="bbox 479 4726 2058 4800">
     <span class='ocr_line' id='line_1_48' title="bbox 479 4726 2058 4800; baseline 0.001 -19"><span class='ocrx_word' id='word_1_382' title='bbox 479 4734 683 4800; x_wconf 82' lang='lat' dir='ltr'><strong>fratres.</strong></span> <span class='ocrx_word' id='word_1_383' title='bbox 709 4726 893 4782; x_wconf 88' lang='lat' dir='ltr'><strong>Videte</strong></span> <span class='ocrx_word' id='word_1_384' title='bbox 917 4726 961 4781; x_wconf 90' lang='lat' dir='ltr'><strong>si</strong></span> <span class='ocrx_word' id='word_1_385' title='bbox 989 4742 1094 4781; x_wconf 88' lang='lat' dir='ltr'><strong>non</strong></span> <span class='ocrx_word' id='word_1_386' title='bbox 1118 4728 1491 4781; x_wconf 74' lang='lat' dir='ltr'><strong>exsultaverunt</strong></span> <span class='ocrx_word' id='word_1_387' title='bbox 1512 4727 1635 4796; x_wconf 81' lang='lat' dir='ltr'><strong>ﬁlia:</strong></span> <span class='ocrx_word' id='word_1_388' title='bbox 1661 4726 1879 4783; x_wconf 66' lang='lat' dir='ltr'><strong>ludam.</strong></span> <span class='ocrx_word' id='word_1_389' title='bbox 1921 4727 2058 4797; x_wconf 91' lang='lat' dir='ltr'><strong>Quid</strong></span> 
     </span>
    </p>
   </div>
   <div class='ocr_carea' id='block_1_49' title="bbox 478 4816 2059 4889">
    <p class='ocr_par' dir='ltr' id='par_1_49' title="bbox 478 4816 2059 4889">
     <span class='ocr_line' id='line_1_49' title="bbox 478 4816 2059 4889; baseline 0.003 -18"><span class='ocrx_word' id='word_1_390' title='bbox 478 4817 796 4874; x_wconf 85' lang='lat' dir='ltr'><strong>audierunt?</strong></span> <span class='ocrx_word' id='word_1_391' title='bbox 827 4817 958 4885; x_wconf 84' lang='lat' dir='ltr'><strong>Quia</strong></span> <span class='ocrx_word' id='word_1_392' title='bbox 983 4828 1029 4874; x_wconf 86' lang='lat' dir='ltr'><strong>et</strong></span> <span class='ocrx_word' id='word_1_393' title='bbox 1061 4816 1242 4873; x_wconf 79' lang='lat' dir='ltr'><strong>Gentes</strong></span> <span class='ocrx_word' id='word_1_394' title='bbox 1270 4828 1561 4889; x_wconf 87' lang='lat' dir='ltr'><strong>receperunt</strong></span> <span class='ocrx_word' id='word_1_395' title='bbox 1588 4819 1787 4872; x_wconf 86' lang='lat' dir='ltr'><strong>verbum</strong></span> <span class='ocrx_word' id='word_1_396' title='bbox 1814 4817 1928 4872; x_wconf 88' lang='lat' dir='ltr'><strong>Dei.</strong></span> <span class='ocrx_word' id='word_1_397' title='bbox 1956 4818 2059 4875; x_wconf 90' lang='lat' dir='ltr'><strong>Ubi</strong></span> 
     </span>
    </p>
   </div>
   <div class='ocr_carea' id='block_1_50' title="bbox 478 4908 2060 4981">
    <p class='ocr_par' dir='ltr' id='par_1_50' title="bbox 478 4908 2060 4981">
     <span class='ocr_line' id='line_1_50' title="bbox 478 4908 2060 4981; baseline -0.001 -16"><span class='ocrx_word' id='word_1_398' title='bbox 478 4910 605 4966; x_wconf 89' lang='lat' dir='ltr'><strong>illud</strong></span> <span class='ocrx_word' id='word_1_399' title='bbox 633 4908 767 4964; x_wconf 83' lang='lat' dir='ltr'><strong>dixit</strong></span> <span class='ocrx_word' id='word_1_400' title='bbox 798 4910 896 4965; x_wconf 88' lang='lat' dir='ltr'><strong>iste</strong></span> <span class='ocrx_word' id='word_1_401' title='bbox 920 4910 1155 4981; x_wconf 87' lang='lat' dir='ltr'><strong>psalmus</strong></span> <span class='ocrx_word' id='word_1_402' title='bbox 1174 4908 1198 4963; x_wconf 87' lang='lat'><strong>?</strong></span> <span class='ocrx_word' id='word_1_403' title='bbox 1215 4910 1648 4963; x_wconf 82' lang='lat' dir='ltr'><strong>Annuntiaverunt</strong></span> <span class='ocrx_word' id='word_1_404' title='bbox 1675 4909 1787 4962; x_wconf 70' lang='grc' dir='ltr'><strong>ειειὶ</strong></span> <span class='ocrx_word' id='word_1_405' title='bbox 1804 4909 2060 4980; x_wconf 87' lang='lat' dir='ltr'><strong>justitiam</strong></span> 
     </span>
    </p>
   </div>
   <div class='ocr_carea' id='block_1_51' title="bbox 476 4997 2057 5073">
    <p class='ocr_par' dir='ltr' id='par_1_51' title="bbox 476 4997 2057 5073">
     <span class='ocr_line' id='line_1_51' title="bbox 476 4997 2057 5073; baseline -0.001 -18"><span class='ocrx_word' id='word_1_406' title='bbox 476 5002 587 5073; x_wconf 83' lang='lat' dir='ltr'><strong>ejus</strong></span> <span class='ocrx_word' id='word_1_407' title='bbox 607 5042 621 5066; x_wconf 93' lang='lat'><strong>,</strong></span> <span class='ocrx_word' id='word_1_408' title='bbox 651 5010 697 5055; x_wconf 83' lang='lat' dir='ltr'><strong>et</strong></span> <span class='ocrx_word' id='word_1_409' title='bbox 741 4999 970 5054; x_wconf 87' lang='lat' dir='ltr'><strong>uiderunt</strong></span> <span class='ocrx_word' id='word_1_410' title='bbox 998 5015 1167 5053; x_wconf 89' lang='lat' dir='ltr'><strong>omnes</strong></span> <span class='ocrx_word' id='word_1_411' title='bbox 1195 4997 1372 5069; x_wconf 87' lang='lat' dir='ltr'><strong>populi</strong></span> <span class='ocrx_word' id='word_1_412' title='bbox 1397 4999 1616 5070; x_wconf 84' lang='lat' dir='ltr'><strong>gloriam</strong></span> <span class='ocrx_word' id='word_1_413' title='bbox 1660 5000 1789 5070; x_wconf 88' lang='lat' dir='ltr'><strong>ejus.</strong></span> <span class='ocrx_word' id='word_1_414' title='bbox 1822 4999 1888 5053; x_wconf 90' lang='lat' dir='ltr'><strong>Et</strong></span> <span class='ocrx_word' id='word_1_415' title='bbox 1935 4999 2057 5070; x_wconf 85' lang='lat' dir='ltr'><strong>quia</strong></span> 
     </span>
    </p>
   </div>
   <div class='ocr_carea' id='block_1_52' title="bbox 477 5091 2059 5163">
    <p class='ocr_par' dir='ltr' id='par_1_52' title="bbox 477 5091 2059 5163">
     <span class='ocr_line' id='line_1_52' title="bbox 477 5091 2059 5163; baseline -0.003 -14"><span class='ocrx_word' id='word_1_416' title='bbox 477 5094 675 5149; x_wconf 88' lang='lat' dir='ltr'><strong>Gentes</strong></span> <span class='ocrx_word' id='word_1_417' title='bbox 700 5091 1063 5157; x_wconf 88' lang='lat' dir='ltr'><strong>crediderunt,</strong></span> <span class='ocrx_word' id='word_1_418' title='bbox 1081 5107 1110 5146; x_wconf 91' lang='lat' dir='ltr'><strong>a</strong></span> <span class='ocrx_word' id='word_1_419' title='bbox 1132 5091 1325 5163; x_wconf 89' lang='lat' dir='ltr'><strong>quibus</strong></span> <span class='ocrx_word' id='word_1_420' title='bbox 1351 5091 1664 5147; x_wconf 87' lang='lat' dir='ltr'><strong>colebantur</strong></span> <span class='ocrx_word' id='word_1_421' title='bbox 1694 5091 1831 5147; x_wconf 90' lang='lat' dir='ltr'><strong>idola</strong></span> <span class='ocrx_word' id='word_1_422' title='bbox 1856 5107 1871 5158; x_wconf 89' lang='lat'><strong>;</strong></span> <span class='ocrx_word' id='word_1_423' title='bbox 1899 5106 2059 5147; x_wconf 85' lang='lat' dir='ltr'><strong>secu-</strong></span> 
     </span>
    </p>
   </div>
   <div class='ocr_carea' id='block_1_53' title="bbox 478 5182 2061 5255">
    <p class='ocr_par' dir='ltr' id='par_1_53' title="bbox 478 5182 2061 5255">
     <span class='ocr_line' id='line_1_53' title="bbox 478 5182 2061 5255; baseline -0.001 -17"><span class='ocrx_word' id='word_1_424' title='bbox 478 5194 560 5238; x_wconf 87' lang='lat' dir='ltr'><strong>tus</strong></span> <span class='ocrx_word' id='word_1_425' title='bbox 580 5185 653 5239; x_wconf 89' lang='lat' dir='ltr'><strong>ait</strong></span> <span class='ocrx_word' id='word_1_426' title='bbox 681 5202 693 5239; x_wconf 76' lang='grc' dir='ltr'>ε</span> <span class='ocrx_word' id='word_1_427' title='bbox 716 5182 1102 5255; x_wconf 76' lang='lat' dir='ltr'><strong>Confundantur</strong></span> <span class='ocrx_word' id='word_1_428' title='bbox 1121 5198 1292 5237; x_wconf 85' lang='lat' dir='ltr'><strong>omnes</strong></span> <span class='ocrx_word' id='word_1_429' title='bbox 1315 5183 1401 5252; x_wconf 90' lang='lat' dir='ltr'><strong>qui</strong></span> <span class='ocrx_word' id='word_1_430' title='bbox 1419 5183 1632 5236; x_wconf 88' lang='lat' dir='ltr'><strong>adorant</strong></span> <span class='ocrx_word' id='word_1_431' title='bbox 1649 5184 1904 5252; x_wconf 85' lang='lat' dir='ltr'><strong>sculptilia</strong></span> <span class='ocrx_word' id='word_1_432' title='bbox 1927 5224 1943 5250; x_wconf 96' lang='lat'><strong>,</strong></span> <span class='ocrx_word' id='word_1_433' title='bbox 1974 5184 2061 5254; x_wconf 88' lang='lat' dir='ltr'><strong>qui</strong></span> 
     </span>
    </p>
   </div>
   <div class='ocr_carea' id='block_1_54' title="bbox 475 5272 2061 5346">
    <p class='ocr_par' dir='ltr' id='par_1_54' title="bbox 475 5272 2061 5346">
     <span class='ocr_line' id='line_1_54' title="bbox 475 5272 2061 5346; baseline 0 -19"><span class='ocrx_word' id='word_1_434' title='bbox 475 5276 764 5346; x_wconf 73' lang='lat' dir='ltr'><strong>gloriantur</strong></span> <span class='ocrx_word' id='word_1_435' title='bbox 792 5275 846 5328; x_wconf 88' lang='lat' dir='ltr'><strong>in</strong></span> <span class='ocrx_word' id='word_1_436' title='bbox 878 5273 1163 5329; x_wconf 85' lang='lat' dir='ltr'><strong>simulacris</strong></span> <span class='ocrx_word' id='word_1_437' title='bbox 1189 5274 1312 5327; x_wconf 89' lang='lat' dir='ltr'><strong>suis.</strong></span> <span class='ocrx_word' id='word_1_438' title='bbox 1337 5272 1561 5339; x_wconf 80' lang='lat' dir='ltr'><strong>Audiuit,</strong></span> <span class='ocrx_word' id='word_1_439' title='bbox 1589 5281 1637 5327; x_wconf 91' lang='lat' dir='ltr'><strong>et</strong></span> <span class='ocrx_word' id='word_1_440' title='bbox 1669 5272 1956 5344; x_wconf 88' lang='lat' dir='ltr'><strong>jucundata</strong></span> <span class='ocrx_word' id='word_1_441' title='bbox 1988 5282 2061 5327; x_wconf 88' lang='lat' dir='ltr'><strong>est</strong></span> 
     </span>
    </p>
   </div>
   <div class='ocr_carea' id='block_1_55' title="bbox 479 5362 2063 5433">
    <p class='ocr_par' dir='ltr' id='par_1_55' title="bbox 479 5362 2063 5433">
     <span class='ocr_line' id='line_1_55' title="bbox 479 5362 2063 5433; baseline -0.003 -13"><span class='ocrx_word' id='word_1_442' title='bbox 479 5366 607 5420; x_wconf 82' lang='lat' dir='ltr'><strong>Sion</strong></span> <span class='ocrx_word' id='word_1_443' title='bbox 634 5382 651 5429; x_wconf 87' lang='lat'><em>;</em></span> <span class='ocrx_word' id='word_1_444' title='bbox 681 5375 728 5418; x_wconf 88' lang='lat' dir='ltr'><strong>et</strong></span> <span class='ocrx_word' id='word_1_445' title='bbox 754 5364 1126 5419; x_wconf 74' lang='lat' dir='ltr'><strong>exsultauerunt</strong></span> <span class='ocrx_word' id='word_1_446' title='bbox 1152 5363 1273 5433; x_wconf 76' lang='lat' dir='ltr'><strong>ﬁlia:</strong></span> <span class='ocrx_word' id='word_1_447' title='bbox 1296 5362 1514 5417; x_wconf 69' lang='lat' dir='ltr'><strong>luditis.</strong></span> <span class='ocrx_word' id='word_1_448' title='bbox 1544 5362 1733 5417; x_wconf 90' lang='lat' dir='ltr'><strong>Postea</strong></span> <span class='ocrx_word' id='word_1_449' title='bbox 1755 5362 1969 5432; x_wconf 87' lang='lat' dir='ltr'><strong>quidam</strong></span> <span class='ocrx_word' id='word_1_450' title='bbox 1994 5362 2063 5416; x_wconf 90' lang='lat' dir='ltr'><strong>de</strong></span> 
     </span>
    </p>
   </div>
   <div class='ocr_carea' id='block_1_56' title="bbox 478 5453 2065 5519">
    <p class='ocr_par' dir='ltr' id='par_1_56' title="bbox 478 5453 2065 5519">
     <span class='ocr_line' id='line_1_56' title="bbox 478 5453 2065 5519; baseline 0.001 -11"><span class='ocrx_word' id='word_1_451' title='bbox 478 5456 807 5512; x_wconf 67' lang='lat' dir='ltr'><strong>circumcisis</strong></span> <span class='ocrx_word' id='word_1_452' title='bbox 834 5455 1147 5512; x_wconf 88' lang='lat' dir='ltr'><strong>calumniari</strong></span> <span class='ocrx_word' id='word_1_453' title='bbox 1175 5454 1454 5509; x_wconf 90' lang='lat' dir='ltr'><strong>voluerunt</strong></span> <span class='ocrx_word' id='word_1_454' title='bbox 1497 5453 1691 5519; x_wconf 90' lang='lat' dir='ltr'><strong>Petro,</strong></span> <span class='ocrx_word' id='word_1_455' title='bbox 1736 5462 1788 5508; x_wconf 90' lang='lat' dir='ltr'><strong>et</strong></span> <span class='ocrx_word' id='word_1_456' title='bbox 1814 5453 2065 5509; x_wconf 82' lang='lat' dir='ltr'><strong>dixerunt</strong></span> 
     </span>
    </p>
   </div>
   <div class='ocr_carea' id='block_1_57' title="bbox 541 5604 2066 5669">
    <p class='ocr_par' dir='ltr' id='par_1_57' title="bbox 541 5604 2066 5669">
     <span class='ocr_line' id='line_1_57' title="bbox 541 5604 2066 5669; baseline -0.001 -9"><span class='ocrx_word' id='word_1_457' title='bbox 541 5612 554 5643; x_wconf 87' lang='grc'>¹</span> <span class='ocrx_word' id='word_1_458' title='bbox 584 5609 720 5669; x_wconf 80' lang='lat' dir='ltr'><strong>Edd.,</strong></span> <span class='ocrx_word' id='word_1_459' title='bbox 742 5620 857 5661; x_wconf 88' lang='lat' dir='ltr'><strong>nam</strong></span> <span class='ocrx_word' id='word_1_460' title='bbox 870 5621 980 5659; x_wconf 89' lang='lat' dir='ltr'><strong>eum</strong></span> <span class='ocrx_word' id='word_1_461' title='bbox 1002 5607 1212 5659; x_wconf 85' lang='lat' dir='ltr'><strong>adorans</strong></span> <span class='ocrx_word' id='word_1_462' title='bbox 1232 5604 1478 5669; x_wconf 73' lang='lat' dir='ltr'><strong>Cornelius</strong></span> <span class='ocrx_word' id='word_1_463' title='bbox 1495 5604 1624 5656; x_wconf 82' lang='lat' dir='ltr'><strong>misit</strong></span> <span class='ocrx_word' id='word_1_464' title='bbox 1637 5604 1705 5654; x_wconf 91' lang='lat' dir='ltr'><strong>ad</strong></span> <span class='ocrx_word' id='word_1_465' title='bbox 1722 5610 1934 5669; x_wconf 76' lang='lat' dir='ltr'><strong>Petrum,</strong></span> <span class='ocrx_word' id='word_1_466' title='bbox 1950 5606 2066 5658; x_wconf 89' lang='lat' dir='ltr'><strong>ado-</strong></span> 
     </span>
    </p>
   </div>
   <div class='ocr_carea' id='block_1_58' title="bbox 479 5668 2065 5729">
    <p class='ocr_par' dir='ltr' id='par_1_58' title="bbox 479 5668 2065 5729">
     <span class='ocr_line' id='line_1_58' title="bbox 479 5668 2065 5729; baseline -0.001 -8"><span class='ocrx_word' id='word_1_467' title='bbox 479 5686 591 5722; x_wconf 85' lang='lat' dir='ltr'><strong>rare</strong></span> <span class='ocrx_word' id='word_1_468' title='bbox 622 5668 866 5722; x_wconf 81' lang='lat' dir='ltr'><strong>rhristum</strong></span> <span class='ocrx_word' id='word_1_469' title='bbox 898 5670 1152 5721; x_wconf 77' lang='lat' dir='ltr'><strong>Dominum</strong></span> <span class='ocrx_word' id='word_1_470' title='bbox 1198 5668 1357 5729; x_wconf 76' lang='lat' dir='ltr'><strong>Petri,</strong></span> <span class='ocrx_word' id='word_1_471' title='bbox 1401 5677 1496 5718; x_wconf 91' lang='lat' dir='ltr'><strong>etc.</strong></span> <span class='ocrx_word' id='word_1_472' title='bbox 1535 5675 1705 5717; x_wconf 72' lang='lat' dir='ltr'><strong>locum</strong></span> <span class='ocrx_word' id='word_1_473' title='bbox 1746 5668 2065 5720; x_wconf 84' lang='lat' dir='ltr'><strong>emendamus</strong></span> 
     </span>
    </p>
   </div>
   <div class='ocr_carea' id='block_1_59' title="bbox 479 5736 2058 5857">
    <p class='ocr_par' dir='ltr' id='par_1_59' title="bbox 479 5736 2058 5857">
     <span class='ocr_line' id='line_1_59' title="bbox 479 5736 2058 5857; baseline -0.003 -12"><span class='ocrx_word' id='word_1_474' title='bbox 479 5736 718 5854; x_wconf 39' lang='lat' dir='ltr'><strong>“tigrin</strong></span> <span class='ocrx_word' id='word_1_475' title='bbox 744 5792 861 5857; x_wconf 77' lang='lat' dir='ltr'><strong>ﬁlia:</strong></span> <span class='ocrx_word' id='word_1_476' title='bbox 894 5794 1056 5857; x_wconf 72' lang='lat' dir='ltr'><strong>Jttdtc.</strong></span> <span class='ocrx_word' id='word_1_477' title='bbox 1084 5801 1137 5857; x_wconf 71' lang='lat' dir='ltr'><strong>At</strong></span> <span class='ocrx_word' id='word_1_478' title='bbox 1159 5792 1326 5854; x_wconf 69' lang='lat' dir='ltr'><strong>plures</strong></span> <span class='ocrx_word' id='word_1_479' title='bbox 1354 5798 1460 5857; x_wconf 68' lang='lat' dir='ltr'><strong>Mss.</strong></span> <span class='ocrx_word' id='word_1_480' title='bbox 1498 5792 1634 5857; x_wconf 72' lang='lat' dir='ltr'><strong>juxta</strong></span> <span class='ocrx_word' id='word_1_481' title='bbox 1658 5796 1782 5857; x_wconf 41' lang='lat' dir='ltr'><strong>lxx,</strong></span> <span class='ocrx_word' id='word_1_482' title='bbox 1813 5786 1941 5857; x_wconf 49' lang='lat' dir='ltr'><strong>ﬁlias</strong></span> <span class='ocrx_word' id='word_1_483' title='bbox 1971 5798 2058 5841; x_wconf 86' lang='lat' dir='ltr'><strong>Jtt-</strong></span> 
     </span>
    </p>
   </div>
   <div class='ocr_carea' id='block_1_60' title="bbox 494 5851 1961 5915">
    <p class='ocr_par' dir='ltr' id='par_1_60' title="bbox 494 5851 1961 5915">
     <span class='ocr_line' id='line_1_60' title="bbox 494 5851 1961 5915; baseline -0.005 -6"><span class='ocrx_word' id='word_1_484' title='bbox 494 5862 619 5909; x_wconf 71' lang='lat' dir='ltr'><strong>title.</strong></span> <span class='ocrx_word' id='word_1_485' title='bbox 643 5851 715 5909; x_wconf 78' lang='lat' dir='ltr'><strong>sic</strong></span> <span class='ocrx_word' id='word_1_486' title='bbox 739 5851 883 5910; x_wconf 73' lang='lat' dir='ltr'><strong>etiam</strong></span> <span class='ocrx_word' id='word_1_487' title='bbox 908 5856 1120 5907; x_wconf 80' lang='lat' dir='ltr'><strong>melioris</strong></span> <span class='ocrx_word' id='word_1_488' title='bbox 1139 5851 1262 5905; x_wconf 65' lang='lat' dir='ltr'><strong>uoltu</strong></span> <span class='ocrx_word' id='word_1_489' title='bbox 1288 5856 1478 5905; x_wconf 78' lang='lat' dir='ltr'><strong>codices</strong></span> <span class='ocrx_word' id='word_1_490' title='bbox 1500 5851 1549 5903; x_wconf 82' lang='lat' dir='ltr'><strong>iu</strong></span> <span class='ocrx_word' id='word_1_491' title='bbox 1572 5851 1784 5915; x_wconf 51' lang='lat'><strong>1331.47,</strong></span> <span class='ocrx_word' id='word_1_492' title='bbox 1809 5851 1855 5913; x_wconf 57' lang='grc' dir='ltr'><strong>ᾗ.</strong></span> <span class='ocrx_word' id='word_1_493' title='bbox 1890 5852 1961 5901; x_wconf 69' lang='grc'><strong>12.</strong></span> 
     </span>
    </p>
   </div>
   <div class='ocr_carea' id='block_1_61' title="bbox 1622 364 2518 454">
    <p class='ocr_par' dir='ltr' id='par_1_61' title="bbox 1622 364 2518 454">
     <span class='ocr_line' id='line_1_61' title="bbox 1622 364 2518 454; baseline -0.001 0"><span class='ocrx_word' id='word_1_494' title='bbox 1622 364 1627 369; x_wconf 55' lang='grc'>’</span> <span class='ocrx_word' id='word_1_495' title='bbox 1709 397 1766 454; x_wconf 88' lang='lat' dir='ltr'><strong>s.</strong></span> <span class='ocrx_word' id='word_1_496' title='bbox 1812 391 2175 451; x_wconf 77' lang='lat' dir='ltr'><strong>AUGUSTINI</strong></span> <span class='ocrx_word' id='word_1_497' title='bbox 2216 393 2518 452; x_wconf 82' lang='lat' dir='ltr'><strong>EPISCOPI</strong></span> 
     </span>
    </p>
   </div>
   <div class='ocr_carea' id='block_1_62' title="bbox 3610 416 3748 471">
    <p class='ocr_par' dir='ltr' id='par_1_62' title="bbox 3610 416 3748 471">
     <span class='ocr_line' id='line_1_62' title="bbox 3610 416 3748 471; baseline 0.007 -1"><span class='ocrx_word' id='word_1_498' title='bbox 3610 416 3748 471; x_wconf 70' lang='grc' dir='ltr'><strong>12ἰὸ</strong></span> 
     </span>
    </p>
   </div>
   <div class='ocr_carea' id='block_1_63' title="bbox 2168 505 3750 585">
    <p class='ocr_par' dir='ltr' id='par_1_63' title="bbox 2168 505 3750 585">
     <span class='ocr_line' id='line_1_63' title="bbox 2168 505 3750 585; baseline 0.011 -25"><span class='ocrx_word' id='word_1_499' title='bbox 2168 505 2243 560; x_wconf 92' lang='lat' dir='ltr'><strong>illi</strong></span> <span class='ocrx_word' id='word_1_500' title='bbox 2278 525 2291 560; x_wconf 87' lang='lat'><strong>:</strong></span> <span class='ocrx_word' id='word_1_501' title='bbox 2326 507 2497 575; x_wconf 82' lang='lat' dir='ltr'><strong>Quare</strong></span> <span class='ocrx_word' id='word_1_502' title='bbox 2520 510 2721 567; x_wconf 88' lang='lat' dir='ltr'><strong>intrasti</strong></span> <span class='ocrx_word' id='word_1_503' title='bbox 2758 514 2826 569; x_wconf 91' lang='lat' dir='ltr'><strong>ad</strong></span> <span class='ocrx_word' id='word_1_504' title='bbox 2863 513 3083 572; x_wconf 81' lang='lat' dir='ltr'><strong>Gentiles</strong></span> <span class='ocrx_word' id='word_1_505' title='bbox 3110 516 3505 585; x_wconf 83' lang='lat' dir='ltr'><strong>incircumcisos,</strong></span> <span class='ocrx_word' id='word_1_506' title='bbox 3532 534 3579 575; x_wconf 88' lang='lat' dir='ltr'><strong>et</strong></span> <span class='ocrx_word' id='word_1_507' title='bbox 3606 541 3750 576; x_wconf 86' lang='lat' dir='ltr'><strong>man-</strong></span> 
     </span>
    </p>
   </div>
   <div class='ocr_carea' id='block_1_64' title="bbox 2162 596 3753 684">
    <p class='ocr_par' dir='ltr' id='par_1_64' title="bbox 2162 596 3753 684">
     <span class='ocr_line' id='line_1_64' title="bbox 2162 596 3753 684; baseline 0.014 -36"><span class='ocrx_word' id='word_1_508' title='bbox 2162 596 2360 651; x_wconf 86' lang='lat' dir='ltr'><strong>ducasti</strong></span> <span class='ocrx_word' id='word_1_509' title='bbox 2384 616 2495 654; x_wconf 88' lang='lat' dir='ltr'><strong>eum</strong></span> <span class='ocrx_word' id='word_1_510' title='bbox 2512 601 2582 656; x_wconf 89' lang='lat' dir='ltr'><strong>eis</strong></span> <span class='ocrx_word' id='word_1_511' title='bbox 2596 603 2624 657; x_wconf 69' lang='grc'><em>2</em></span> <span class='ocrx_word' id='word_1_512' title='bbox 2647 602 2737 660; x_wconf 89' lang='lat' dir='ltr'><strong>llle</strong></span> <span class='ocrx_word' id='word_1_513' title='bbox 2764 615 2940 662; x_wconf 90' lang='lat' dir='ltr'><strong>autem</strong></span> <span class='ocrx_word' id='word_1_514' title='bbox 2962 608 3191 663; x_wconf 87' lang='lat' dir='ltr'><strong>reddidit</strong></span> <span class='ocrx_word' id='word_1_515' title='bbox 3213 610 3293 665; x_wconf 90' lang='lat' dir='ltr'><strong>eis</strong></span> <span class='ocrx_word' id='word_1_516' title='bbox 3313 611 3595 680; x_wconf 86' lang='lat' dir='ltr'><strong>rationem,</strong></span> <span class='ocrx_word' id='word_1_517' title='bbox 3618 632 3753 684; x_wconf 58' lang='lat' dir='ltr'><strong>quo-</strong></span> 
     </span>
    </p>
   </div>
   <div class='ocr_carea' id='block_1_65' title="bbox 2162 688 3754 776">
    <p class='ocr_par' dir='ltr' id='par_1_65' title="bbox 2162 688 3754 776">
     <span class='ocr_line' id='line_1_65' title="bbox 2162 688 3754 776; baseline 0.013 -34"><span class='ocrx_word' id='word_1_518' title='bbox 2162 688 2321 744; x_wconf 90' lang='lat' dir='ltr'><strong>modo</strong></span> <span class='ocrx_word' id='word_1_519' title='bbox 2342 706 2463 746; x_wconf 90' lang='lat' dir='ltr'><strong>cum</strong></span> <span class='ocrx_word' id='word_1_520' title='bbox 2488 704 2667 751; x_wconf 86' lang='lat' dir='ltr'><strong>oraret</strong></span> <span class='ocrx_word' id='word_1_521' title='bbox 2684 696 3077 755; x_wconf 89' lang='lat' dir='ltr'><strong>demonstratus</strong></span> <span class='ocrx_word' id='word_1_522' title='bbox 3102 710 3182 757; x_wconf 90' lang='lat' dir='ltr'><strong>est</strong></span> <span class='ocrx_word' id='word_1_523' title='bbox 3212 703 3282 758; x_wconf 91' lang='lat' dir='ltr'><strong>illi</strong></span> <span class='ocrx_word' id='word_1_524' title='bbox 3310 702 3487 760; x_wconf 87' lang='lat' dir='ltr'><strong>discus</strong></span> <span class='ocrx_word' id='word_1_525' title='bbox 3508 707 3754 776; x_wconf 86' lang='lat' dir='ltr'><strong>pendens</strong></span> 
     </span>
    </p>
   </div>
   <div class='ocr_carea' id='block_1_66' title="bbox 2163 782 3754 863">
    <p class='ocr_par' dir='ltr' id='par_1_66' title="bbox 2163 782 3754 863">
     <span class='ocr_line' id='line_1_66' title="bbox 2163 782 3754 863; baseline 0.011 -30"><span class='ocrx_word' id='word_1_526' title='bbox 2163 792 2391 849; x_wconf 84' lang='lat' dir='ltr'><strong>quatuor</strong></span> <span class='ocrx_word' id='word_1_527' title='bbox 2411 782 2586 840; x_wconf 90' lang='lat' dir='ltr'><strong>lineis.</strong></span> <span class='ocrx_word' id='word_1_528' title='bbox 2625 786 2814 844; x_wconf 85' lang='lat' dir='ltr'><strong>Discus</strong></span> <span class='ocrx_word' id='word_1_529' title='bbox 2840 790 2929 845; x_wconf 91' lang='lat' dir='ltr'><strong>ille</strong></span> <span class='ocrx_word' id='word_1_530' title='bbox 2960 792 3049 863; x_wconf 91' lang='lat' dir='ltr'><strong>qui</strong></span> <span class='ocrx_word' id='word_1_531' title='bbox 3080 791 3308 848; x_wconf 85' lang='lat' dir='ltr'><strong>habebat</strong></span> <span class='ocrx_word' id='word_1_532' title='bbox 3335 797 3514 851; x_wconf 91' lang='lat' dir='ltr'><strong>omnia</strong></span> <span class='ocrx_word' id='word_1_533' title='bbox 3543 799 3754 851; x_wconf 81' lang='lat' dir='ltr'><strong>anima-</strong></span> 
     </span>
    </p>
   </div>
   <div class='ocr_carea' id='block_1_67' title="bbox 2164 870 3755 959">
    <p class='ocr_par' dir='ltr' id='par_1_67' title="bbox 2164 870 3755 959">
     <span class='ocr_line' id='line_1_67' title="bbox 2164 870 3755 959; baseline 0.013 -35"><span class='ocrx_word' id='word_1_534' title='bbox 2164 870 2249 938; x_wconf 88' lang='lat' dir='ltr'><strong>lia,</strong></span> <span class='ocrx_word' id='word_1_535' title='bbox 2295 872 2626 943; x_wconf 67' lang='lat' dir='ltr'><strong>significabat</strong></span> <span class='ocrx_word' id='word_1_536' title='bbox 2671 894 2857 934; x_wconf 90' lang='lat' dir='ltr'><strong>omnes</strong></span> <span class='ocrx_word' id='word_1_537' title='bbox 2896 880 3112 938; x_wconf 89' lang='lat' dir='ltr'><strong>Gentes.</strong></span> <span class='ocrx_word' id='word_1_538' title='bbox 3150 883 3275 939; x_wconf 88' lang='lat' dir='ltr'><strong>ldeo</strong></span> <span class='ocrx_word' id='word_1_539' title='bbox 3312 896 3490 942; x_wconf 87' lang='lat' dir='ltr'><strong>autem</strong></span> <span class='ocrx_word' id='word_1_540' title='bbox 3520 898 3755 959; x_wconf 84' lang='lat' dir='ltr'><strong>quatuor</strong></span> 
     </span>
    </p>
   </div>
   <div class='ocr_carea' id='block_1_68' title="bbox 2163 962 3760 1047">
    <p class='ocr_par' dir='ltr' id='par_1_68' title="bbox 2163 962 3760 1047">
     <span class='ocr_line' id='line_1_68' title="bbox 2163 962 3760 1047; baseline 0.014 -30"><span class='ocrx_word' id='word_1_541' title='bbox 2163 962 2315 1018; x_wconf 90' lang='lat' dir='ltr'><strong>lineis</strong></span> <span class='ocrx_word' id='word_1_542' title='bbox 2340 967 2626 1037; x_wconf 88' lang='lat' dir='ltr'><strong>pendebat,</strong></span> <span class='ocrx_word' id='word_1_543' title='bbox 2654 971 2774 1041; x_wconf 91' lang='lat' dir='ltr'><strong>quia</strong></span> <span class='ocrx_word' id='word_1_544' title='bbox 2801 984 3029 1043; x_wconf 90' lang='lat' dir='ltr'><strong>quatuor</strong></span> <span class='ocrx_word' id='word_1_545' title='bbox 3052 984 3233 1046; x_wconf 85' lang='lat' dir='ltr'><strong>partes</strong></span> <span class='ocrx_word' id='word_1_546' title='bbox 3258 989 3381 1033; x_wconf 88' lang='lat' dir='ltr'><strong>sunt</strong></span> <span class='ocrx_word' id='word_1_547' title='bbox 3406 980 3552 1037; x_wconf 86' lang='lat' dir='ltr'><strong>orbis</strong></span> <span class='ocrx_word' id='word_1_548' title='bbox 3568 1022 3583 1047; x_wconf 95' lang='lat'><strong>,</strong></span> <span class='ocrx_word' id='word_1_549' title='bbox 3611 983 3760 1038; x_wconf 77' lang='lat' dir='ltr'><strong>unde</strong></span> 
     </span>
    </p>
   </div>
   <div class='ocr_carea' id='block_1_69' title="bbox 2162 1054 3760 1145">
    <p class='ocr_par' dir='ltr' id='par_1_69' title="bbox 2162 1054 3760 1145">
     <span class='ocr_line' id='line_1_69' title="bbox 2162 1054 3760 1145; baseline 0.014 -35"><span class='ocrx_word' id='word_1_550' title='bbox 2162 1054 2324 1112; x_wconf 80' lang='lat' dir='ltr'><strong>futuri</strong></span> <span class='ocrx_word' id='word_1_551' title='bbox 2354 1061 2531 1130; x_wconf 89' lang='lat' dir='ltr'><strong>populi</strong></span> <span class='ocrx_word' id='word_1_552' title='bbox 2557 1072 2712 1118; x_wconf 88' lang='lat' dir='ltr'><strong>erant</strong></span> <span class='ocrx_word' id='word_1_553' title='bbox 2743 1080 2757 1117; x_wconf 90' lang='lat'><strong>:</strong></span> <span class='ocrx_word' id='word_1_554' title='bbox 2787 1074 2843 1121; x_wconf 90' lang='lat' dir='ltr'><strong>et</strong></span> <span class='ocrx_word' id='word_1_555' title='bbox 2879 1066 2999 1122; x_wconf 93' lang='lat' dir='ltr'><strong>ideo</strong></span> <span class='ocrx_word' id='word_1_556' title='bbox 3040 1078 3267 1138; x_wconf 91' lang='lat' dir='ltr'><strong>quatuor</strong></span> <span class='ocrx_word' id='word_1_557' title='bbox 3298 1071 3581 1144; x_wconf 78' lang='lat' dir='ltr'><strong>Evangelia</strong></span> <span class='ocrx_word' id='word_1_558' title='bbox 3614 1089 3760 1145; x_wconf 66' lang='lat' dir='ltr'><strong>pras-</strong></span> 
     </span>
    </p>
   </div>
   <div class='ocr_carea' id='block_1_70' title="bbox 2163 1146 3757 1236">
    <p class='ocr_par' dir='ltr' id='par_1_70' title="bbox 2163 1146 3757 1236">
     <span class='ocr_line' id='line_1_70' title="bbox 2163 1146 3757 1236; baseline 0.013 -34"><span class='ocrx_word' id='word_1_559' title='bbox 2163 1146 2343 1204; x_wconf 86' lang='lat' dir='ltr'><strong>dicant</strong></span> <span class='ocrx_word' id='word_1_560' title='bbox 2368 1150 2661 1222; x_wconf 87' lang='lat' dir='ltr'><strong>Christum,</strong></span> <span class='ocrx_word' id='word_1_561' title='bbox 2707 1164 2763 1211; x_wconf 94' lang='lat' dir='ltr'><strong>ut</strong></span> <span class='ocrx_word' id='word_1_562' title='bbox 2788 1158 2958 1227; x_wconf 84' lang='lat' dir='ltr'><strong>gratia</strong></span> <span class='ocrx_word' id='word_1_563' title='bbox 3005 1158 3171 1228; x_wconf 88' lang='lat' dir='ltr'><strong>ipsius</strong></span> <span class='ocrx_word' id='word_1_564' title='bbox 3207 1160 3275 1215; x_wconf 90' lang='lat' dir='ltr'><strong>ad</strong></span> <span class='ocrx_word' id='word_1_565' title='bbox 3305 1174 3493 1218; x_wconf 90' lang='lat' dir='ltr'><strong>omnes</strong></span> <span class='ocrx_word' id='word_1_566' title='bbox 3519 1174 3757 1236; x_wconf 87' lang='lat' dir='ltr'><strong>quatuor</strong></span> 
     </span>
    </p>
   </div>
   <div class='ocr_carea' id='block_1_71' title="bbox 2162 1242 3757 1326">
    <p class='ocr_par' dir='ltr' id='par_1_71' title="bbox 2162 1242 3757 1326">
     <span class='ocr_line' id='line_1_71' title="bbox 2162 1242 3757 1326; baseline 0.012 -33"><span class='ocrx_word' id='word_1_567' title='bbox 2162 1249 2343 1311; x_wconf 89' lang='lat' dir='ltr'><strong>partes</strong></span> <span class='ocrx_word' id='word_1_568' title='bbox 2371 1242 2520 1299; x_wconf 87' lang='lat' dir='ltr'><strong>orbis</strong></span> <span class='ocrx_word' id='word_1_569' title='bbox 2549 1246 2815 1315; x_wconf 89' lang='lat' dir='ltr'><strong>pertinere</strong></span> <span class='ocrx_word' id='word_1_570' title='bbox 2845 1249 3186 1321; x_wconf 83' lang='lat' dir='ltr'><strong>intelligatur.</strong></span> <span class='ocrx_word' id='word_1_571' title='bbox 3214 1252 3349 1320; x_wconf 89' lang='lat' dir='ltr'><strong>Quia</strong></span> <span class='ocrx_word' id='word_1_572' title='bbox 3379 1270 3505 1326; x_wconf 91' lang='lat' dir='ltr'><strong>ergo</strong></span> <span class='ocrx_word' id='word_1_573' title='bbox 3533 1256 3648 1313; x_wconf 88' lang='lat' dir='ltr'><strong>tale</strong></span> <span class='ocrx_word' id='word_1_574' title='bbox 3674 1258 3757 1312; x_wconf 90' lang='lat' dir='ltr'><strong>vi-</strong></span> 
     </span>
    </p>
   </div>
   <div class='ocr_carea' id='block_1_72' title="bbox 2163 1332 3762 1418">
    <p class='ocr_par' dir='ltr' id='par_1_72' title="bbox 2163 1332 3762 1418">
     <span class='ocr_line' id='line_1_72' title="bbox 2163 1332 3762 1418; baseline 0.012 -33"><span class='ocrx_word' id='word_1_575' title='bbox 2163 1345 2281 1385; x_wconf 91' lang='lat' dir='ltr'><strong>sum</strong></span> <span class='ocrx_word' id='word_1_576' title='bbox 2311 1332 2732 1392; x_wconf 89' lang='lat' dir='ltr'><strong>demonstratum</strong></span> <span class='ocrx_word' id='word_1_577' title='bbox 2776 1337 2949 1395; x_wconf 81' lang='lat' dir='ltr'><strong>fuerat</strong></span> <span class='ocrx_word' id='word_1_578' title='bbox 2994 1340 3155 1397; x_wconf 92' lang='lat' dir='ltr'><strong>Petro</strong></span> <span class='ocrx_word' id='word_1_579' title='bbox 3179 1384 3195 1409; x_wconf 93' lang='lat'><strong>,</strong></span> <span class='ocrx_word' id='word_1_580' title='bbox 3236 1343 3512 1413; x_wconf 88' lang='lat' dir='ltr'><strong>indicavit,</strong></span> <span class='ocrx_word' id='word_1_581' title='bbox 3543 1350 3762 1418; x_wconf 80' lang='lat' dir='ltr'><strong>aperuit</strong></span> 
     </span>
    </p>
   </div>
   <div class='ocr_carea' id='block_1_73' title="bbox 2166 1420 3761 1507">
    <p class='ocr_par' dir='ltr' id='par_1_73' title="bbox 2166 1420 3761 1507">
     <span class='ocr_line' id='line_1_73' title="bbox 2166 1420 3761 1507; baseline 0.013 -34"><span class='ocrx_word' id='word_1_582' title='bbox 2166 1420 2270 1476; x_wconf 90' lang='lat' dir='ltr'><strong>illis</strong></span> <span class='ocrx_word' id='word_1_583' title='bbox 2295 1424 2492 1489; x_wconf 88' lang='lat' dir='ltr'><strong>omnia,</strong></span> <span class='ocrx_word' id='word_1_584' title='bbox 2522 1427 2793 1496; x_wconf 89' lang='lat' dir='ltr'><strong>quomodo</strong></span> <span class='ocrx_word' id='word_1_585' title='bbox 2830 1429 3058 1487; x_wconf 88' lang='lat' dir='ltr'><strong>credidit</strong></span> <span class='ocrx_word' id='word_1_586' title='bbox 3100 1431 3402 1505; x_wconf 89' lang='lat' dir='ltr'><strong>Cornelius,</strong></span> <span class='ocrx_word' id='word_1_587' title='bbox 3431 1437 3554 1507; x_wconf 89' lang='lat' dir='ltr'><strong>quia</strong></span> <span class='ocrx_word' id='word_1_588' title='bbox 3579 1438 3761 1507; x_wconf 80' lang='lat' dir='ltr'><strong>prius-</strong></span> 
     </span>
    </p>
   </div>
   <div class='ocr_carea' id='block_1_74' title="bbox 2162 1515 3757 1601">
    <p class='ocr_par' dir='ltr' id='par_1_74' title="bbox 2162 1515 3757 1601">
     <span class='ocr_line' id='line_1_74' title="bbox 2162 1515 3757 1601; baseline 0.013 -35"><span class='ocrx_word' id='word_1_589' title='bbox 2162 1528 2323 1583; x_wconf 88' lang='lat' dir='ltr'><strong>quam</strong></span> <span class='ocrx_word' id='word_1_590' title='bbox 2368 1515 2723 1587; x_wconf 83' lang='lat' dir='ltr'><strong>baptizaretur</strong></span> <span class='ocrx_word' id='word_1_591' title='bbox 2770 1520 2933 1579; x_wconf 87' lang='lat' dir='ltr'><strong>homo</strong></span> <span class='ocrx_word' id='word_1_592' title='bbox 2975 1525 3224 1595; x_wconf 74' lang='lat' dir='ltr'><strong>gentilis,</strong></span> <span class='ocrx_word' id='word_1_593' title='bbox 3264 1530 3411 1583; x_wconf 85' lang='lat' dir='ltr'><strong>venit</strong></span> <span class='ocrx_word' id='word_1_594' title='bbox 3446 1544 3606 1601; x_wconf 88' lang='lat' dir='ltr'><strong>super</strong></span> <span class='ocrx_word' id='word_1_595' title='bbox 3628 1546 3757 1587; x_wconf 83' lang='lat' dir='ltr'><strong>eum</strong></span> 
     </span>
    </p>
   </div>
   <div class='ocr_carea' id='block_1_75' title="bbox 2162 1605 3759 1691">
    <p class='ocr_par' dir='ltr' id='par_1_75' title="bbox 2162 1605 3759 1691">
     <span class='ocr_line' id='line_1_75' title="bbox 2162 1605 3759 1691; baseline 0.014 -30"><span class='ocrx_word' id='word_1_596' title='bbox 2162 1605 2391 1678; x_wconf 89' lang='lat' dir='ltr'><strong>Spiritus</strong></span> <span class='ocrx_word' id='word_1_597' title='bbox 2416 1620 2653 1669; x_wconf 89' lang='lat' dir='ltr'><strong>sanctus.</strong></span> <span class='ocrx_word' id='word_1_598' title='bbox 2683 1614 2809 1671; x_wconf 57' lang='lat' dir='ltr'><strong>Hec</strong></span> <span class='ocrx_word' id='word_1_599' title='bbox 2836 1632 2959 1673; x_wconf 90' lang='lat' dir='ltr'><strong>cum</strong></span> <span class='ocrx_word' id='word_1_600' title='bbox 2997 1619 3311 1686; x_wconf 89' lang='lat' dir='ltr'><strong>audissent,</strong></span> <span class='ocrx_word' id='word_1_601' title='bbox 3342 1631 3664 1691; x_wconf 88' lang='lat' dir='ltr'><strong>tacuerunt,</strong></span> <span class='ocrx_word' id='word_1_602' title='bbox 3698 1636 3759 1683; x_wconf 85' lang='lat' dir='ltr'><strong>et</strong></span> 
     </span>
    </p>
   </div>
   <div class='ocr_carea' id='block_1_76' title="bbox 2164 1701 3758 1784">
    <p class='ocr_par' dir='ltr' id='par_1_76' title="bbox 2164 1701 3758 1784">
     <span class='ocr_line' id='line_1_76' title="bbox 2164 1701 3758 1784; baseline 0.013 -32"><span class='ocrx_word' id='word_1_603' title='bbox 2164 1701 2638 1771; x_wconf 85' lang='lat' dir='ltr'><strong>magniticaverunt</strong></span> <span class='ocrx_word' id='word_1_604' title='bbox 2664 1706 2829 1762; x_wconf 89' lang='lat' dir='ltr'><strong>Deum</strong></span> <span class='ocrx_word' id='word_1_605' title='bbox 2853 1749 2869 1774; x_wconf 90' lang='lat'><strong>,</strong></span> <span class='ocrx_word' id='word_1_606' title='bbox 2899 1707 3140 1766; x_wconf 90' lang='lat' dir='ltr'><strong>dicentes</strong></span> <span class='ocrx_word' id='word_1_607' title='bbox 3171 1728 3186 1766; x_wconf 89' lang='lat'><strong>:</strong></span> <span class='ocrx_word' id='word_1_608' title='bbox 3219 1710 3404 1784; x_wconf 81' lang='lat' dir='ltr'><strong>Utique</strong></span> <span class='ocrx_word' id='word_1_609' title='bbox 3436 1724 3482 1770; x_wconf 90' lang='lat' dir='ltr'><strong>et</strong></span> <span class='ocrx_word' id='word_1_610' title='bbox 3514 1714 3758 1773; x_wconf 86' lang='lat' dir='ltr'><strong>Gentibus</strong></span> 
     </span>
    </p>
   </div>
   <div class='ocr_carea' id='block_1_77' title="bbox 2164 1789 3755 1877">
    <p class='ocr_par' dir='ltr' id='par_1_77' title="bbox 2164 1789 3755 1877">
     <span class='ocr_line' id='line_1_77' title="bbox 2164 1789 3755 1877; baseline 0.013 -33"><span class='ocrx_word' id='word_1_611' title='bbox 2164 1789 2305 1845; x_wconf 86' lang='lat' dir='ltr'><strong>Deus</strong></span> <span class='ocrx_word' id='word_1_612' title='bbox 2333 1794 2677 1863; x_wconf 76' lang='lat' dir='ltr'><strong>paenitentiam</strong></span> <span class='ocrx_word' id='word_1_613' title='bbox 2699 1798 2767 1851; x_wconf 85' lang='lat' dir='ltr'><strong>ad</strong></span> <span class='ocrx_word' id='word_1_614' title='bbox 2791 1799 2945 1853; x_wconf 79' lang='lat' dir='ltr'><strong>vitam</strong></span> <span class='ocrx_word' id='word_1_615' title='bbox 2970 1800 3108 1855; x_wconf 86' lang='lat' dir='ltr'><strong>dedit</strong></span> <span class='ocrx_word' id='word_1_616' title='bbox 3140 1801 3277 1873; x_wconf 78' lang='lat' dir='ltr'><strong>(Act.</strong></span> <span class='ocrx_word' id='word_1_617' title='bbox 3296 1818 3369 1870; x_wconf 70' lang='grc' dir='ltr'>χι,</span> <span class='ocrx_word' id='word_1_618' title='bbox 3395 1803 3567 1877; x_wconf 76' lang='grc'><strong>1-18).</strong></span> <span class='ocrx_word' id='word_1_619' title='bbox 3594 1806 3755 1874; x_wconf 79' lang='lat' dir='ltr'><strong>Ecce,</strong></span> 
     </span>
    </p>
   </div>
   <div class='ocr_carea' id='block_1_78' title="bbox 2165 1884 3760 1968">
    <p class='ocr_par' dir='ltr' id='par_1_78' title="bbox 2165 1884 3760 1968">
     <span class='ocr_line' id='line_1_78' title="bbox 2165 1884 3760 1968; baseline 0.012 -32"><span class='ocrx_word' id='word_1_620' title='bbox 2165 1884 2406 1953; x_wconf 82' lang='lat' dir='ltr'><strong>Audiuit,</strong></span> <span class='ocrx_word' id='word_1_621' title='bbox 2437 1895 2485 1940; x_wconf 89' lang='lat' dir='ltr'><strong>et</strong></span> <span class='ocrx_word' id='word_1_622' title='bbox 2503 1889 2789 1957; x_wconf 79' lang='lat' dir='ltr'><strong>jucundam</strong></span> <span class='ocrx_word' id='word_1_623' title='bbox 2827 1901 2903 1947; x_wconf 89' lang='lat' dir='ltr'><strong>est</strong></span> <span class='ocrx_word' id='word_1_624' title='bbox 2946 1892 3115 1959; x_wconf 86' lang='lat' dir='ltr'><strong>Sion;</strong></span> <span class='ocrx_word' id='word_1_625' title='bbox 3144 1905 3193 1951; x_wconf 87' lang='lat' dir='ltr'><strong>et</strong></span> <span class='ocrx_word' id='word_1_626' title='bbox 3233 1897 3606 1954; x_wconf 71' lang='lat' dir='ltr'><strong>exsultauerunt</strong></span> <span class='ocrx_word' id='word_1_627' title='bbox 3633 1901 3760 1968; x_wconf 70' lang='lat' dir='ltr'><strong>ﬁlia:</strong></span> 
     </span>
    </p>
   </div>
   <div class='ocr_carea' id='block_1_79' title="bbox 2163 1974 3759 2060">
    <p class='ocr_par' dir='ltr' id='par_1_79' title="bbox 2163 1974 3759 2060">
     <span class='ocr_line' id='line_1_79' title="bbox 2163 1974 3759 2060; baseline 0.011 -31"><span class='ocrx_word' id='word_1_628' title='bbox 2163 1974 2381 2045; x_wconf 63' lang='lat' dir='ltr'><strong>Iudaeas,</strong></span> <span class='ocrx_word' id='word_1_629' title='bbox 2414 1989 2619 2049; x_wconf 85' lang='lat' dir='ltr'><strong>propter</strong></span> <span class='ocrx_word' id='word_1_630' title='bbox 2661 1982 2860 2051; x_wconf 87' lang='lat' dir='ltr'><strong>judicia</strong></span> <span class='ocrx_word' id='word_1_631' title='bbox 2886 1992 3017 2050; x_wconf 90' lang='lat' dir='ltr'><strong>tua,</strong></span> <span class='ocrx_word' id='word_1_632' title='bbox 3068 1985 3307 2042; x_wconf 87' lang='lat' dir='ltr'><strong>Domine.</strong></span> <span class='ocrx_word' id='word_1_633' title='bbox 3346 1988 3477 2055; x_wconf 64' lang='lat' dir='ltr'><strong>Quae</strong></span> <span class='ocrx_word' id='word_1_634' title='bbox 3515 1990 3759 2060; x_wconf 84' lang='lat' dir='ltr'><strong>judicia?</strong></span> 
     </span>
    </p>
   </div>
   <div class='ocr_carea' id='block_1_80' title="bbox 2164 2065 3760 2153">
    <p class='ocr_par' dir='ltr' id='par_1_80' title="bbox 2164 2065 3760 2153">
     <span class='ocr_line' id='line_1_80' title="bbox 2164 2065 3760 2153; baseline 0.011 -33"><span class='ocrx_word' id='word_1_635' title='bbox 2164 2065 2297 2133; x_wconf 91' lang='lat' dir='ltr'><strong>Quia</strong></span> <span class='ocrx_word' id='word_1_636' title='bbox 2326 2085 2431 2123; x_wconf 87' lang='lat' dir='ltr'><strong>non</strong></span> <span class='ocrx_word' id='word_1_637' title='bbox 2459 2080 2541 2126; x_wconf 89' lang='lat' dir='ltr'><strong>est</strong></span> <span class='ocrx_word' id='word_1_638' title='bbox 2563 2087 2911 2141; x_wconf 88' lang='lat' dir='ltr'><strong>personarum</strong></span> <span class='ocrx_word' id='word_1_639' title='bbox 2938 2086 3189 2148; x_wconf 89' lang='lat' dir='ltr'><strong>acceptor</strong></span> <span class='ocrx_word' id='word_1_640' title='bbox 3207 2078 3369 2135; x_wconf 89' lang='lat' dir='ltr'><strong>Deus.</strong></span> <span class='ocrx_word' id='word_1_641' title='bbox 3388 2080 3624 2153; x_wconf 83' lang='lat' dir='ltr'><strong>Namque</strong></span> <span class='ocrx_word' id='word_1_642' title='bbox 3641 2084 3760 2153; x_wconf 85' lang='lat' dir='ltr'><strong>ipse</strong></span> 
     </span>
    </p>
   </div>
   <div class='ocr_carea' id='block_1_81' title="bbox 2169 2157 3759 2241">
    <p class='ocr_par' dir='ltr' id='par_1_81' title="bbox 2169 2157 3759 2241">
     <span class='ocr_line' id='line_1_81' title="bbox 2169 2157 3759 2241; baseline 0.011 -29"><span class='ocrx_word' id='word_1_643' title='bbox 2169 2157 2353 2214; x_wconf 88' lang='lat' dir='ltr'><strong>Petrus</strong></span> <span class='ocrx_word' id='word_1_644' title='bbox 2378 2174 2498 2215; x_wconf 92' lang='lat' dir='ltr'><strong>cum</strong></span> <span class='ocrx_word' id='word_1_645' title='bbox 2540 2163 2760 2220; x_wconf 89' lang='lat' dir='ltr'><strong>vidisset</strong></span> <span class='ocrx_word' id='word_1_646' title='bbox 2787 2163 3091 2223; x_wconf 89' lang='lat' dir='ltr'><strong>Cornelium</strong></span> <span class='ocrx_word' id='word_1_647' title='bbox 3117 2169 3486 2228; x_wconf 85' lang='lat' dir='ltr'><strong>centurionem</strong></span> <span class='ocrx_word' id='word_1_648' title='bbox 3515 2214 3532 2241; x_wconf 88' lang='lat'><strong>,</strong></span> <span class='ocrx_word' id='word_1_649' title='bbox 3583 2182 3638 2228; x_wconf 93' lang='lat' dir='ltr'><strong>et</strong></span> <span class='ocrx_word' id='word_1_650' title='bbox 3661 2187 3759 2229; x_wconf 83' lang='lat' dir='ltr'><strong>eos</strong></span> 
     </span>
    </p>
   </div>
   <div class='ocr_carea' id='block_1_82' title="bbox 2165 2251 3758 2332">
    <p class='ocr_par' dir='ltr' id='par_1_82' title="bbox 2165 2251 3758 2332">
     <span class='ocr_line' id='line_1_82' title="bbox 2165 2251 3758 2332; baseline 0.01 -28"><span class='ocrx_word' id='word_1_651' title='bbox 2165 2251 2255 2320; x_wconf 87' lang='lat' dir='ltr'><strong>qui</strong></span> <span class='ocrx_word' id='word_1_652' title='bbox 2284 2266 2405 2308; x_wconf 90' lang='lat' dir='ltr'><strong>cum</strong></span> <span class='ocrx_word' id='word_1_653' title='bbox 2432 2254 2524 2310; x_wconf 91' lang='lat' dir='ltr'><strong>illo</strong></span> <span class='ocrx_word' id='word_1_654' title='bbox 2544 2266 2715 2324; x_wconf 89' lang='lat' dir='ltr'><strong>erant,</strong></span> <span class='ocrx_word' id='word_1_655' title='bbox 2744 2258 3061 2329; x_wconf 88' lang='lat' dir='ltr'><strong>adimpletos</strong></span> <span class='ocrx_word' id='word_1_656' title='bbox 3089 2261 3289 2332; x_wconf 89' lang='lat' dir='ltr'><strong>Spiritu</strong></span> <span class='ocrx_word' id='word_1_657' title='bbox 3326 2273 3528 2331; x_wconf 88' lang='lat' dir='ltr'><strong>sancto,</strong></span> <span class='ocrx_word' id='word_1_658' title='bbox 3568 2266 3758 2321; x_wconf 84' lang='lat' dir='ltr'><strong>excla-</strong></span> 
     </span>
    </p>
   </div>
   <div class='ocr_carea' id='block_1_83' title="bbox 2166 2344 3759 2427">
    <p class='ocr_par' dir='ltr' id='par_1_83' title="bbox 2166 2344 3759 2427">
     <span class='ocr_line' id='line_1_83' title="bbox 2166 2344 3759 2427; baseline 0.011 -30"><span class='ocrx_word' id='word_1_659' title='bbox 2166 2344 2358 2411; x_wconf 90' lang='lat' dir='ltr'><strong>mavit,</strong></span> <span class='ocrx_word' id='word_1_660' title='bbox 2409 2354 2465 2401; x_wconf 90' lang='lat' dir='ltr'><strong>et</strong></span> <span class='ocrx_word' id='word_1_661' title='bbox 2482 2347 2594 2414; x_wconf 91' lang='lat' dir='ltr'><strong>ait,</strong></span> <span class='ocrx_word' id='word_1_662' title='bbox 2641 2346 2707 2403; x_wconf 85' lang='lat' dir='ltr'><strong>In</strong></span> <span class='ocrx_word' id='word_1_663' title='bbox 2737 2350 3347 2423; x_wconf 51' lang='lat' dir='ltr'><strong>ueritate&#39;eomprehendo</strong></span> <span class='ocrx_word' id='word_1_664' title='bbox 3388 2357 3509 2427; x_wconf 90' lang='lat' dir='ltr'><strong>quia</strong></span> <span class='ocrx_word' id='word_1_665' title='bbox 3536 2374 3639 2412; x_wconf 88' lang='lat' dir='ltr'><strong>non</strong></span> <span class='ocrx_word' id='word_1_666' title='bbox 3683 2367 3759 2415; x_wconf 82' lang='lat' dir='ltr'><strong>est</strong></span> 
     </span>
    </p>
   </div>
   <div class='ocr_carea' id='block_1_84' title="bbox 2166 2439 3758 2517">
    <p class='ocr_par' dir='ltr' id='par_1_84' title="bbox 2166 2439 3758 2517">
     <span class='ocr_line' id='line_1_84' title="bbox 2166 2439 3758 2517; baseline 0.01 -30"><span class='ocrx_word' id='word_1_667' title='bbox 2166 2451 2501 2504; x_wconf 87' lang='lat' dir='ltr'><strong>personarum</strong></span> <span class='ocrx_word' id='word_1_668' title='bbox 2546 2448 2779 2508; x_wconf 88' lang='lat' dir='ltr'><strong>acceptor</strong></span> <span class='ocrx_word' id='word_1_669' title='bbox 2806 2439 2966 2496; x_wconf 89' lang='lat' dir='ltr'><strong>Deus.</strong></span> <span class='ocrx_word' id='word_1_670' title='bbox 3000 2442 3172 2513; x_wconf 88' lang='lat' dir='ltr'><strong>Ergo,</strong></span> <span class='ocrx_word' id='word_1_671' title='bbox 3207 2443 3603 2501; x_wconf 72' lang='lat' dir='ltr'><strong>Exsultauerunt</strong></span> <span class='ocrx_word' id='word_1_672' title='bbox 3632 2448 3758 2517; x_wconf 67' lang='lat' dir='ltr'><strong>ﬁlia</strong></span> 
     </span>
    </p>
   </div>
   <div class='ocr_carea' id='block_1_85' title="bbox 2166 2523 3759 2608">
    <p class='ocr_par' dir='ltr' id='par_1_85' title="bbox 2166 2523 3759 2608">
     <span class='ocr_line' id='line_1_85' title="bbox 2166 2523 3759 2608; baseline 0.009 -30"><span class='ocrx_word' id='word_1_673' title='bbox 2166 2523 2384 2593; x_wconf 74' lang='lat' dir='ltr'><strong>Judwaz,</strong></span> <span class='ocrx_word' id='word_1_674' title='bbox 2415 2537 2619 2597; x_wconf 88' lang='lat' dir='ltr'><strong>propter</strong></span> <span class='ocrx_word' id='word_1_675' title='bbox 2636 2530 2835 2600; x_wconf 89' lang='lat' dir='ltr'><strong>judicia</strong></span> <span class='ocrx_word' id='word_1_676' title='bbox 2860 2540 2967 2598; x_wconf 90' lang='lat' dir='ltr'><strong>tua,</strong></span> <span class='ocrx_word' id='word_1_677' title='bbox 2999 2531 3232 2588; x_wconf 88' lang='lat' dir='ltr'><strong>Domine.</strong></span> <span class='ocrx_word' id='word_1_678' title='bbox 3262 2534 3397 2603; x_wconf 92' lang='lat' dir='ltr'><strong>Quid</strong></span> <span class='ocrx_word' id='word_1_679' title='bbox 3426 2545 3527 2599; x_wconf 87' lang='lat' dir='ltr'><strong>est,</strong></span> <span class='ocrx_word' id='word_1_680' title='bbox 3548 2548 3759 2608; x_wconf 85' lang='lat' dir='ltr'><strong>prapter</strong></span> 
     </span>
    </p>
   </div>
   <div class='ocr_carea' id='block_1_86' title="bbox 2159 2618 3756 2697">
    <p class='ocr_par' dir='ltr' id='par_1_86' title="bbox 2159 2618 3756 2697">
     <span class='ocr_line' id='line_1_86' title="bbox 2159 2618 3756 2697; baseline 0.008 -27"><span class='ocrx_word' id='word_1_681' title='bbox 2159 2618 2359 2687; x_wconf 87' lang='lat' dir='ltr'><strong>judicia</strong></span> <span class='ocrx_word' id='word_1_682' title='bbox 2386 2627 2472 2672; x_wconf 92' lang='lat' dir='ltr'><strong>tua</strong></span> <span class='ocrx_word' id='word_1_683' title='bbox 2492 2620 2518 2673; x_wconf 85' lang='lat'><strong><em>?</em></strong></span> <span class='ocrx_word' id='word_1_684' title='bbox 2543 2619 2677 2686; x_wconf 92' lang='lat' dir='ltr'><strong>Quia</strong></span> <span class='ocrx_word' id='word_1_685' title='bbox 2716 2622 2770 2676; x_wconf 94' lang='lat' dir='ltr'><strong>in</strong></span> <span class='ocrx_word' id='word_1_686' title='bbox 2808 2624 2944 2676; x_wconf 89' lang='lat' dir='ltr'><strong>omni</strong></span> <span class='ocrx_word' id='word_1_687' title='bbox 2982 2633 3128 2694; x_wconf 84' lang='lat' dir='ltr'><strong>gente</strong></span> <span class='ocrx_word' id='word_1_688' title='bbox 3148 2666 3163 2692; x_wconf 93' lang='lat'><strong>,</strong></span> <span class='ocrx_word' id='word_1_689' title='bbox 3198 2635 3245 2679; x_wconf 90' lang='lat' dir='ltr'><strong>et</strong></span> <span class='ocrx_word' id='word_1_690' title='bbox 3274 2627 3325 2679; x_wconf 88' lang='lat' dir='ltr'><strong>in</strong></span> <span class='ocrx_word' id='word_1_691' title='bbox 3366 2627 3503 2680; x_wconf 89' lang='lat' dir='ltr'><strong>omni</strong></span> <span class='ocrx_word' id='word_1_692' title='bbox 3527 2629 3756 2697; x_wconf 78' lang='lat' dir='ltr'><strong>populo,</strong></span> 
     </span>
    </p>
   </div>
   <div class='ocr_carea' id='block_1_87' title="bbox 2167 2708 3756 2790">
    <p class='ocr_par' dir='ltr' id='par_1_87' title="bbox 2167 2708 3756 2790">
     <span class='ocr_line' id='line_1_87' title="bbox 2167 2708 3756 2790; baseline 0.008 -29"><span class='ocrx_word' id='word_1_693' title='bbox 2167 2708 2467 2779; x_wconf 86' lang='lat' dir='ltr'><strong>quicumque</strong></span> <span class='ocrx_word' id='word_1_694' title='bbox 2493 2710 2570 2763; x_wconf 88' lang='lat' dir='ltr'><strong>illi</strong></span> <span class='ocrx_word' id='word_1_695' title='bbox 2598 2711 2841 2777; x_wconf 84' lang='lat' dir='ltr'><strong>servierit,</strong></span> <span class='ocrx_word' id='word_1_696' title='bbox 2863 2723 3098 2783; x_wconf 88' lang='lat' dir='ltr'><strong>acceptus</strong></span> <span class='ocrx_word' id='word_1_697' title='bbox 3118 2723 3192 2769; x_wconf 87' lang='lat' dir='ltr'><strong>est</strong></span> <span class='ocrx_word' id='word_1_698' title='bbox 3214 2715 3293 2769; x_wconf 90' lang='lat' dir='ltr'><strong>illi</strong></span> <span class='ocrx_word' id='word_1_699' title='bbox 3314 2714 3425 2787; x_wconf 93' lang='lat' dir='ltr'><strong>(Id.</strong></span> <span class='ocrx_word' id='word_1_700' title='bbox 3448 2733 3499 2782; x_wconf 68' lang='grc' dir='ltr'>ι,</span> <span class='ocrx_word' id='word_1_701' title='bbox 3524 2718 3614 2780; x_wconf 68' lang='lat' dir='ltr'><strong>Si.</strong></span> <span class='ocrx_word' id='word_1_702' title='bbox 3639 2719 3756 2790; x_wconf 80' lang='grc'><strong>55).</strong></span> 
     </span>
    </p>
   </div>
   <div class='ocr_carea' id='block_1_88' title="bbox 2167 2799 3760 2875">
    <p class='ocr_par' dir='ltr' id='par_1_88' title="bbox 2167 2799 3760 2875">
     <span class='ocr_line' id='line_1_88' title="bbox 2167 2799 3760 2875; baseline 0.009 -23"><span class='ocrx_word' id='word_1_703' title='bbox 2167 2799 2299 2868; x_wconf 88' lang='lat' dir='ltr'><strong>Quia</strong></span> <span class='ocrx_word' id='word_1_704' title='bbox 2330 2815 2435 2856; x_wconf 90' lang='lat' dir='ltr'><strong>non</strong></span> <span class='ocrx_word' id='word_1_705' title='bbox 2463 2800 2770 2858; x_wconf 74' lang='lat' dir='ltr'><strong>Iudaeorum</strong></span> <span class='ocrx_word' id='word_1_706' title='bbox 2808 2803 2950 2860; x_wconf 89' lang='lat' dir='ltr'><strong>Deus</strong></span> <span class='ocrx_word' id='word_1_707' title='bbox 2992 2813 3229 2875; x_wconf 88' lang='lat' dir='ltr'><strong>tantum,</strong></span> <span class='ocrx_word' id='word_1_708' title='bbox 3277 2807 3371 2863; x_wconf 88' lang='lat' dir='ltr'><strong>sed</strong></span> <span class='ocrx_word' id='word_1_709' title='bbox 3418 2816 3475 2864; x_wconf 89' lang='lat' dir='ltr'><strong>et</strong></span> <span class='ocrx_word' id='word_1_710' title='bbox 3503 2806 3760 2867; x_wconf 83' lang='lat' dir='ltr'><strong>Gentium</strong></span> 
     </span>
    </p>
   </div>
   <div class='ocr_carea' id='block_1_89' title="bbox 2168 2891 2591 2966">
    <p class='ocr_par' dir='ltr' id='par_1_89' title="bbox 2168 2891 2591 2966">
     <span class='ocr_line' id='line_1_89' title="bbox 2168 2891 2591 2966; baseline 0.002 -19"><span class='ocrx_word' id='word_1_711' title='bbox 2168 2891 2346 2961; x_wconf 88' lang='lat' dir='ltr'><strong>(Rom.</strong></span> <span class='ocrx_word' id='word_1_712' title='bbox 2374 2907 2452 2960; x_wconf 84' lang='lat' dir='ltr'><strong>tu,</strong></span> <span class='ocrx_word' id='word_1_713' title='bbox 2475 2892 2591 2966; x_wconf 74' lang='lat'><strong>29).</strong></span> 
     </span>
    </p>
   </div>
   <div class='ocr_carea' id='block_1_90' title="bbox 2240 2981 3758 3057">
    <p class='ocr_par' dir='ltr' id='par_1_90' title="bbox 2240 2981 3758 3057">
     <span class='ocr_line' id='line_1_90' title="bbox 2240 2981 3758 3057; baseline 0.01 -20"><span class='ocrx_word' id='word_1_714' title='bbox 2240 2983 2328 3037; x_wconf 76' lang='lat' dir='ltr'><strong>u.</strong></span> <span class='ocrx_word' id='word_1_715' title='bbox 2357 2981 2506 3057; x_wconf 85' lang='lat' dir='ltr'><strong>[uers.</strong></span> <span class='ocrx_word' id='word_1_716' title='bbox 2549 2982 2629 3057; x_wconf 88' lang='lat'><strong>9.]</strong></span> <span class='ocrx_word' id='word_1_717' title='bbox 2658 2984 2847 3043; x_wconf 82' lang='lat' dir='ltr'><strong>Videte</strong></span> <span class='ocrx_word' id='word_1_718' title='bbox 2874 2988 2919 3043; x_wconf 93' lang='lat' dir='ltr'><strong>si</strong></span> <span class='ocrx_word' id='word_1_719' title='bbox 2958 3003 3063 3044; x_wconf 92' lang='lat' dir='ltr'><strong>non</strong></span> <span class='ocrx_word' id='word_1_720' title='bbox 3095 2989 3197 3046; x_wconf 90' lang='lat' dir='ltr'><strong>hoc</strong></span> <span class='ocrx_word' id='word_1_721' title='bbox 3226 2999 3308 3048; x_wconf 90' lang='lat' dir='ltr'><strong>est</strong></span> <span class='ocrx_word' id='word_1_722' title='bbox 3342 2991 3483 3049; x_wconf 89' lang='lat' dir='ltr'><strong>unde</strong></span> <span class='ocrx_word' id='word_1_723' title='bbox 3514 2996 3758 3051; x_wconf 81' lang='lat' dir='ltr'><strong>exsulta-</strong></span> 
     </span>
    </p>
   </div>
   <div class='ocr_carea' id='block_1_91' title="bbox 2168 3076 3758 3155">
    <p class='ocr_par' dir='ltr' id='par_1_91' title="bbox 2168 3076 3758 3155">
     <span class='ocr_line' id='line_1_91' title="bbox 2168 3076 3758 3155; baseline 0.009 -26"><span class='ocrx_word' id='word_1_724' title='bbox 2168 3085 2361 3131; x_wconf 90' lang='lat' dir='ltr'><strong>verunt</strong></span> <span class='ocrx_word' id='word_1_725' title='bbox 2410 3076 2531 3132; x_wconf 64' lang='lat' dir='ltr'><strong>ﬁliae</strong></span> <span class='ocrx_word' id='word_1_726' title='bbox 2578 3076 2796 3135; x_wconf 69' lang='lat' dir='ltr'><strong>Judtear.</strong></span> <span class='ocrx_word' id='word_1_727' title='bbox 2829 3078 2897 3134; x_wconf 85' lang='lat' dir='ltr'><strong>Et</strong></span> <span class='ocrx_word' id='word_1_728' title='bbox 2938 3083 3315 3147; x_wconf 74' lang='lat' dir='ltr'><strong>exsultaverunt</strong></span> <span class='ocrx_word' id='word_1_729' title='bbox 3353 3085 3478 3155; x_wconf 71' lang='lat' dir='ltr'><strong>ﬁlice</strong></span> <span class='ocrx_word' id='word_1_730' title='bbox 3508 3086 3712 3143; x_wconf 72' lang='lat' dir='ltr'><strong>Judteaz</strong></span> <span class='ocrx_word' id='word_1_731' title='bbox 3741 3131 3758 3154; x_wconf 87' lang='lat'><strong>,</strong></span> 
     </span>
    </p>
   </div>
   <div class='ocr_carea' id='block_1_92' title="bbox 2170 3166 3763 3240">
    <p class='ocr_par' dir='ltr' id='par_1_92' title="bbox 2170 3166 3763 3240">
     <span class='ocr_line' id='line_1_92' title="bbox 2170 3166 3763 3240; baseline 0.01 -23"><span class='ocrx_word' id='word_1_732' title='bbox 2170 3174 2373 3236; x_wconf 83' lang='lat' dir='ltr'><strong>propter</strong></span> <span class='ocrx_word' id='word_1_733' title='bbox 2386 3166 2588 3237; x_wconf 88' lang='lat' dir='ltr'><strong>judicia</strong></span> <span class='ocrx_word' id='word_1_734' title='bbox 2615 3178 2704 3222; x_wconf 89' lang='lat' dir='ltr'><strong>tua</strong></span> <span class='ocrx_word' id='word_1_735' title='bbox 2725 3210 2742 3235; x_wconf 92' lang='lat'><strong>,</strong></span> <span class='ocrx_word' id='word_1_736' title='bbox 2792 3168 3027 3226; x_wconf 89' lang='lat' dir='ltr'><strong>Domine.</strong></span> <span class='ocrx_word' id='word_1_737' title='bbox 3070 3172 3320 3240; x_wconf 81' lang='lat' dir='ltr'><strong>Quoniam</strong></span> <span class='ocrx_word' id='word_1_738' title='bbox 3348 3185 3402 3230; x_wconf 89' lang='lat' dir='ltr'><strong>tu</strong></span> <span class='ocrx_word' id='word_1_739' title='bbox 3429 3191 3482 3230; x_wconf 87' lang='lat' dir='ltr'><strong>es</strong></span> <span class='ocrx_word' id='word_1_740' title='bbox 3508 3175 3763 3234; x_wconf 80' lang='lat' dir='ltr'><strong>Dominus</strong></span> 
     </span>
    </p>
   </div>
   <div class='ocr_carea' id='block_1_93' title="bbox 2167 3258 3759 3340">
    <p class='ocr_par' dir='ltr' id='par_1_93' title="bbox 2167 3258 3759 3340">
     <span class='ocr_line' id='line_1_93' title="bbox 2167 3258 3759 3340; baseline 0.011 -30"><span class='ocrx_word' id='word_1_741' title='bbox 2167 3258 2442 3314; x_wconf 89' lang='lat' dir='ltr'><strong>altissimus</strong></span> <span class='ocrx_word' id='word_1_742' title='bbox 2480 3276 2634 3331; x_wconf 87' lang='lat' dir='ltr'><strong>super</strong></span> <span class='ocrx_word' id='word_1_743' title='bbox 2659 3279 2855 3319; x_wconf 86' lang='lat' dir='ltr'><strong>omnem</strong></span> <span class='ocrx_word' id='word_1_744' title='bbox 2896 3274 3100 3321; x_wconf 89' lang='lat' dir='ltr'><strong>terram.</strong></span> <span class='ocrx_word' id='word_1_745' title='bbox 3126 3267 3242 3324; x_wconf 86' lang='lat' dir='ltr'><strong>Non</strong></span> <span class='ocrx_word' id='word_1_746' title='bbox 3273 3284 3435 3340; x_wconf 89' lang='lat' dir='ltr'><strong>super</strong></span> <span class='ocrx_word' id='word_1_747' title='bbox 3463 3271 3633 3327; x_wconf 88' lang='lat' dir='ltr'><strong>solam</strong></span> <span class='ocrx_word' id='word_1_748' title='bbox 3659 3272 3759 3329; x_wconf 86' lang='lat' dir='ltr'><strong>Ju-</strong></span> 
     </span>
    </p>
   </div>
   <div class='ocr_carea' id='block_1_94' title="bbox 2168 3348 3760 3432">
    <p class='ocr_par' dir='ltr' id='par_1_94' title="bbox 2168 3348 3760 3432">
     <span class='ocr_line' id='line_1_94' title="bbox 2168 3348 3760 3432; baseline 0.011 -30"><span class='ocrx_word' id='word_1_749' title='bbox 2168 3348 2360 3417; x_wconf 67' lang='lat' dir='ltr'><strong>dceam,</strong></span> <span class='ocrx_word' id='word_1_750' title='bbox 2400 3365 2506 3405; x_wconf 92' lang='lat' dir='ltr'><strong>non</strong></span> <span class='ocrx_word' id='word_1_751' title='bbox 2527 3366 2690 3423; x_wconf 92' lang='lat' dir='ltr'><strong>super</strong></span> <span class='ocrx_word' id='word_1_752' title='bbox 2714 3355 2880 3409; x_wconf 90' lang='lat' dir='ltr'><strong>solam</strong></span> <span class='ocrx_word' id='word_1_753' title='bbox 2902 3354 3224 3425; x_wconf 84' lang='lat' dir='ltr'><strong>Jerusalem,</strong></span> <span class='ocrx_word' id='word_1_754' title='bbox 3260 3375 3362 3415; x_wconf 90' lang='lat' dir='ltr'><strong>non</strong></span> <span class='ocrx_word' id='word_1_755' title='bbox 3395 3375 3555 3432; x_wconf 89' lang='lat' dir='ltr'><strong>super</strong></span> <span class='ocrx_word' id='word_1_756' title='bbox 3583 3363 3760 3419; x_wconf 90' lang='lat' dir='ltr'><strong>solam</strong></span> 
     </span>
    </p>
   </div>
   <div class='ocr_carea' id='block_1_95' title="bbox 2166 3441 3761 3515">
    <p class='ocr_par' dir='ltr' id='par_1_95' title="bbox 2166 3441 3761 3515">
     <span class='ocr_line' id='line_1_95' title="bbox 2166 3441 3761 3515; baseline 0.011 -18"><span class='ocrx_word' id='word_1_757' title='bbox 2166 3441 2291 3497; x_wconf 91' lang='lat' dir='ltr'><strong>Sion</strong></span> <span class='ocrx_word' id='word_1_758' title='bbox 2316 3484 2331 3509; x_wconf 93' lang='lat'><strong>,</strong></span> <span class='ocrx_word' id='word_1_759' title='bbox 2360 3443 2454 3498; x_wconf 84' lang='lat' dir='ltr'><strong>sed</strong></span> <span class='ocrx_word' id='word_1_760' title='bbox 2497 3461 2650 3515; x_wconf 87' lang='lat' dir='ltr'><strong>super</strong></span> <span class='ocrx_word' id='word_1_761' title='bbox 2678 3462 2874 3502; x_wconf 88' lang='lat' dir='ltr'><strong>omnem</strong></span> <span class='ocrx_word' id='word_1_762' title='bbox 2903 3457 3113 3506; x_wconf 88' lang='lat' dir='ltr'><strong>terram.</strong></span> <span class='ocrx_word' id='word_1_763' title='bbox 3144 3451 3277 3507; x_wconf 83' lang='lat' dir='ltr'><strong>Huic</strong></span> <span class='ocrx_word' id='word_1_764' title='bbox 3305 3455 3567 3511; x_wconf 73' lang='lat' dir='ltr'><strong>universa:</strong></span> <span class='ocrx_word' id='word_1_765' title='bbox 3597 3466 3761 3514; x_wconf 69' lang='lat' dir='ltr'><strong>terras</strong></span> 
     </span>
    </p>
   </div>
   <div class='ocr_carea' id='block_1_96' title="bbox 2161 3531 3757 3613">
    <p class='ocr_par' dir='ltr' id='par_1_96' title="bbox 2161 3531 3757 3613">
     <span class='ocr_line' id='line_1_96' title="bbox 2161 3531 3757 3613; baseline 0.012 -28"><span class='ocrx_word' id='word_1_766' title='bbox 2161 3531 2360 3601; x_wconf 88' lang='lat' dir='ltr'><strong>judicia</strong></span> <span class='ocrx_word' id='word_1_767' title='bbox 2385 3533 2477 3588; x_wconf 91' lang='lat' dir='ltr'><strong>Dei</strong></span> <span class='ocrx_word' id='word_1_768' title='bbox 2503 3534 2800 3606; x_wconf 89' lang='lat' dir='ltr'><strong>viguerunt,</strong></span> <span class='ocrx_word' id='word_1_769' title='bbox 2832 3540 3138 3611; x_wconf 91' lang='lat' dir='ltr'><strong>utundique</strong></span> <span class='ocrx_word' id='word_1_770' title='bbox 3159 3545 3381 3613; x_wconf 89' lang='lat' dir='ltr'><strong>populos</strong></span> <span class='ocrx_word' id='word_1_771' title='bbox 3405 3560 3757 3604; x_wconf 87' lang='lat' dir='ltr'><strong>convocaret:</strong></span> 
     </span>
    </p>
   </div>
   <div class='ocr_carea' id='block_1_97' title="bbox 2167 3623 3761 3705">
    <p class='ocr_par' dir='ltr' id='par_1_97' title="bbox 2167 3623 3761 3705">
     <span class='ocr_line' id='line_1_97' title="bbox 2167 3623 3761 3705; baseline 0.013 -29"><span class='ocrx_word' id='word_1_772' title='bbox 2167 3623 2359 3692; x_wconf 92' lang='lat' dir='ltr'><strong>quibus</strong></span> <span class='ocrx_word' id='word_1_773' title='bbox 2387 3640 2491 3681; x_wconf 82' lang='lat' dir='ltr'><strong>non</strong></span> <span class='ocrx_word' id='word_1_774' title='bbox 2521 3629 2957 3699; x_wconf 89' lang='lat' dir='ltr'><strong>communicant,</strong></span> <span class='ocrx_word' id='word_1_775' title='bbox 3007 3634 3099 3702; x_wconf 93' lang='lat' dir='ltr'><strong>qui</strong></span> <span class='ocrx_word' id='word_1_776' title='bbox 3138 3649 3198 3689; x_wconf 89' lang='lat' dir='ltr'><strong>se</strong></span> <span class='ocrx_word' id='word_1_777' title='bbox 3238 3637 3629 3705; x_wconf 72' lang='lat' dir='ltr'><strong>prmciderunt;</strong></span> <span class='ocrx_word' id='word_1_778' title='bbox 3656 3656 3761 3698; x_wconf 89' lang='lat' dir='ltr'><strong>nec</strong></span> 
     </span>
    </p>
   </div>
   <div class='ocr_carea' id='block_1_98' title="bbox 2165 3713 3760 3796">
    <p class='ocr_par' dir='ltr' id='par_1_98' title="bbox 2165 3713 3760 3796">
     <span class='ocr_line' id='line_1_98' title="bbox 2165 3713 3760 3796; baseline 0.014 -31"><span class='ocrx_word' id='word_1_779' title='bbox 2165 3713 2386 3769; x_wconf 89' lang='lat' dir='ltr'><strong>audiunt</strong></span> <span class='ocrx_word' id='word_1_780' title='bbox 2414 3716 2743 3786; x_wconf 64' lang='lat' dir='ltr'><strong>praedictum,</strong></span> <span class='ocrx_word' id='word_1_781' title='bbox 2770 3735 2871 3776; x_wconf 89' lang='lat' dir='ltr'><strong>nec</strong></span> <span class='ocrx_word' id='word_1_782' title='bbox 2893 3721 3075 3778; x_wconf 87' lang='lat' dir='ltr'><strong>vident</strong></span> <span class='ocrx_word' id='word_1_783' title='bbox 3099 3725 3401 3795; x_wconf 89' lang='lat' dir='ltr'><strong>impletum,</strong></span> <span class='ocrx_word' id='word_1_784' title='bbox 3424 3729 3681 3796; x_wconf 84' lang='lat' dir='ltr'><strong>Quoniam</strong></span> <span class='ocrx_word' id='word_1_785' title='bbox 3702 3742 3760 3787; x_wconf 83' lang='lat' dir='ltr'><strong>tu</strong></span> 
     </span>
    </p>
   </div>
   <div class='ocr_carea' id='block_1_99' title="bbox 2166 3805 3760 3884">
    <p class='ocr_par' dir='ltr' id='par_1_99' title="bbox 2166 3805 3760 3884">
     <span class='ocr_line' id='line_1_99' title="bbox 2166 3805 3760 3884; baseline 0.011 -25"><span class='ocrx_word' id='word_1_786' title='bbox 2166 3821 2218 3861; x_wconf 87' lang='lat' dir='ltr'><strong>es</strong></span> <span class='ocrx_word' id='word_1_787' title='bbox 2269 3805 2515 3862; x_wconf 88' lang='lat' dir='ltr'><strong>Dominus</strong></span> <span class='ocrx_word' id='word_1_788' title='bbox 2568 3808 2845 3867; x_wconf 87' lang='lat' dir='ltr'><strong>altissimus</strong></span> <span class='ocrx_word' id='word_1_789' title='bbox 2892 3831 3045 3884; x_wconf 88' lang='lat' dir='ltr'><strong>super</strong></span> <span class='ocrx_word' id='word_1_790' title='bbox 3086 3833 3287 3873; x_wconf 86' lang='lat' dir='ltr'><strong>omnem</strong></span> <span class='ocrx_word' id='word_1_791' title='bbox 3340 3830 3544 3875; x_wconf 89' lang='lat' dir='ltr'><strong>terram.</strong></span> <span class='ocrx_word' id='word_1_792' title='bbox 3587 3822 3760 3878; x_wconf 86' lang='lat' dir='ltr'><strong>Nimis</strong></span> 
     </span>
    </p>
   </div>
   <div class='ocr_carea' id='block_1_100' title="bbox 2166 3900 3757 3977">
    <p class='ocr_par' dir='ltr' id='par_1_100' title="bbox 2166 3900 3757 3977">
     <span class='ocr_line' id='line_1_100' title="bbox 2166 3900 3757 3977; baseline 0.01 -24"><span class='ocrx_word' id='word_1_793' title='bbox 2166 3900 2415 3955; x_wconf 72' lang='lat' dir='ltr'><strong>exaltatus</strong></span> <span class='ocrx_word' id='word_1_794' title='bbox 2456 3917 2508 3955; x_wconf 89' lang='lat' dir='ltr'><strong>es</strong></span> <span class='ocrx_word' id='word_1_795' title='bbox 2537 3918 2687 3973; x_wconf 85' lang='lat' dir='ltr'><strong>super</strong></span> <span class='ocrx_word' id='word_1_796' title='bbox 2725 3920 2898 3959; x_wconf 89' lang='lat' dir='ltr'><strong>omnes</strong></span> <span class='ocrx_word' id='word_1_797' title='bbox 2926 3907 3067 3961; x_wconf 90' lang='lat' dir='ltr'><strong>deos.</strong></span> <span class='ocrx_word' id='word_1_798' title='bbox 3097 3908 3233 3977; x_wconf 90' lang='lat' dir='ltr'><strong>Quid</strong></span> <span class='ocrx_word' id='word_1_799' title='bbox 3264 3918 3367 3975; x_wconf 91' lang='lat' dir='ltr'><strong>est,</strong></span> <span class='ocrx_word' id='word_1_800' title='bbox 3398 3913 3548 3966; x_wconf 88' lang='lat' dir='ltr'><strong>nimis</strong></span> <span class='ocrx_word' id='word_1_801' title='bbox 3570 3914 3596 3967; x_wconf 83' lang='lat'><strong><em>?</em></strong></span> <span class='ocrx_word' id='word_1_802' title='bbox 3624 3914 3757 3969; x_wconf 80' lang='lat' dir='ltr'><strong>Nam</strong></span> 
     </span>
    </p>
   </div>
   <div class='ocr_carea' id='block_1_101' title="bbox 2165 3991 3759 4070">
    <p class='ocr_par' dir='ltr' id='par_1_101' title="bbox 2165 3991 3759 4070">
     <span class='ocr_line' id='line_1_101' title="bbox 2165 3991 3759 4070; baseline 0.008 -23"><span class='ocrx_word' id='word_1_803' title='bbox 2165 3991 2233 4047; x_wconf 89' lang='lat' dir='ltr'><strong>de</strong></span> <span class='ocrx_word' id='word_1_804' title='bbox 2257 3991 2472 4049; x_wconf 88' lang='lat' dir='ltr'><strong>Christo</strong></span> <span class='ocrx_word' id='word_1_805' title='bbox 2498 3994 2712 4050; x_wconf 90' lang='lat' dir='ltr'><strong>dicitur.</strong></span> <span class='ocrx_word' id='word_1_806' title='bbox 2746 3995 2882 4064; x_wconf 90' lang='lat' dir='ltr'><strong>Quid</strong></span> <span class='ocrx_word' id='word_1_807' title='bbox 2913 4007 2997 4053; x_wconf 92' lang='lat' dir='ltr'><strong>est</strong></span> <span class='ocrx_word' id='word_1_808' title='bbox 3037 4014 3199 4069; x_wconf 81' lang='lat' dir='ltr'><strong>ergo,</strong></span> <span class='ocrx_word' id='word_1_809' title='bbox 3232 4003 3384 4056; x_wconf 88' lang='lat' dir='ltr'><strong>nimis</strong></span> <span class='ocrx_word' id='word_1_810' title='bbox 3404 4044 3420 4070; x_wconf 95' lang='lat'><strong>,</strong></span> <span class='ocrx_word' id='word_1_811' title='bbox 3449 4005 3551 4059; x_wconf 90' lang='lat' dir='ltr'><strong>nisi</strong></span> <span class='ocrx_word' id='word_1_812' title='bbox 3593 4014 3651 4059; x_wconf 92' lang='lat' dir='ltr'><strong>ut</strong></span> <span class='ocrx_word' id='word_1_813' title='bbox 3677 4006 3759 4060; x_wconf 89' lang='lat' dir='ltr'><strong>in-</strong></span> 
     </span>
    </p>
   </div>
   <div class='ocr_carea' id='block_1_102' title="bbox 2166 4083 3758 4161">
    <p class='ocr_par' dir='ltr' id='par_1_102' title="bbox 2166 4083 3758 4161">
     <span class='ocr_line' id='line_1_102' title="bbox 2166 4083 3758 4161; baseline 0.006 -22"><span class='ocrx_word' id='word_1_814' title='bbox 2166 4083 2425 4154; x_wconf 88' lang='lat' dir='ltr'><strong>telligaris</strong></span> <span class='ocrx_word' id='word_1_815' title='bbox 2463 4086 2684 4155; x_wconf 62' lang='lat' dir='ltr'><strong>aequalis</strong></span> <span class='ocrx_word' id='word_1_816' title='bbox 2710 4086 2890 4141; x_wconf 79' lang='lat' dir='ltr'><strong>Patri?</strong></span> <span class='ocrx_word' id='word_1_817' title='bbox 2914 4088 3052 4156; x_wconf 90' lang='lat' dir='ltr'><strong>Quid</strong></span> <span class='ocrx_word' id='word_1_818' title='bbox 3076 4100 3175 4155; x_wconf 87' lang='lat' dir='ltr'><strong>est,</strong></span> <span class='ocrx_word' id='word_1_819' title='bbox 3207 4108 3362 4161; x_wconf 83' lang='lat' dir='ltr'><strong>super</strong></span> <span class='ocrx_word' id='word_1_820' title='bbox 3392 4109 3563 4149; x_wconf 87' lang='lat' dir='ltr'><strong>omnes</strong></span> <span class='ocrx_word' id='word_1_821' title='bbox 3583 4095 3704 4151; x_wconf 86' lang='lat' dir='ltr'><strong>deos</strong></span> <span class='ocrx_word' id='word_1_822' title='bbox 3731 4095 3758 4149; x_wconf 71' lang='lat'><strong>.9</strong></span> 
     </span>
    </p>
   </div>
   <div class='ocr_carea' id='block_1_103' title="bbox 2165 4174 3760 4248">
    <p class='ocr_par' dir='ltr' id='par_1_103' title="bbox 2165 4174 3760 4248">
     <span class='ocr_line' id='line_1_103' title="bbox 2165 4174 3760 4248; baseline 0.009 -21"><span class='ocrx_word' id='word_1_823' title='bbox 2165 4174 2259 4245; x_wconf 91' lang='lat' dir='ltr'><strong>qui</strong></span> <span class='ocrx_word' id='word_1_824' title='bbox 2300 4175 2642 4231; x_wconf 86' lang='lat' dir='ltr'><strong>sunt?ldola</strong></span> <span class='ocrx_word' id='word_1_825' title='bbox 2693 4193 2797 4231; x_wconf 84' lang='lat' dir='ltr'><strong>non</strong></span> <span class='ocrx_word' id='word_1_826' title='bbox 2844 4178 3040 4234; x_wconf 89' lang='lat' dir='ltr'><strong>habent</strong></span> <span class='ocrx_word' id='word_1_827' title='bbox 3089 4194 3345 4248; x_wconf 85' lang='lat' dir='ltr'><strong>sensum,</strong></span> <span class='ocrx_word' id='word_1_828' title='bbox 3403 4199 3508 4237; x_wconf 91' lang='lat' dir='ltr'><strong>non</strong></span> <span class='ocrx_word' id='word_1_829' title='bbox 3559 4184 3760 4241; x_wconf 86' lang='lat' dir='ltr'><strong>habent</strong></span> 
     </span>
    </p>
   </div>
   <div class='ocr_carea' id='block_1_104' title="bbox 2163 4264 3754 4344">
    <p class='ocr_par' dir='ltr' id='par_1_104' title="bbox 2163 4264 3754 4344">
     <span class='ocr_line' id='line_1_104' title="bbox 2163 4264 3754 4344; baseline 0.009 -27"><span class='ocrx_word' id='word_1_830' title='bbox 2163 4264 2328 4319; x_wconf 85' lang='lat' dir='ltr'><strong>vitam</strong></span> <span class='ocrx_word' id='word_1_831' title='bbox 2375 4282 2391 4319; x_wconf 92' lang='lat'><strong>:</strong></span> <span class='ocrx_word' id='word_1_832' title='bbox 2450 4265 2712 4323; x_wconf 74' lang='lat' dir='ltr'><strong>dmmonia</strong></span> <span class='ocrx_word' id='word_1_833' title='bbox 2770 4267 2968 4324; x_wconf 86' lang='lat' dir='ltr'><strong>habent</strong></span> <span class='ocrx_word' id='word_1_834' title='bbox 3022 4285 3269 4340; x_wconf 91' lang='lat' dir='ltr'><strong>sensum,</strong></span> <span class='ocrx_word' id='word_1_835' title='bbox 3318 4272 3516 4329; x_wconf 88' lang='lat' dir='ltr'><strong>habent</strong></span> <span class='ocrx_word' id='word_1_836' title='bbox 3553 4277 3754 4344; x_wconf 77' lang='lat' dir='ltr'><strong>vitam;</strong></span> 
     </span>
    </p>
   </div>
   <div class='ocr_carea' id='block_1_105' title="bbox 2162 4358 3758 4436">
    <p class='ocr_par' dir='ltr' id='par_1_105' title="bbox 2162 4358 3758 4436">
     <span class='ocr_line' id='line_1_105' title="bbox 2162 4358 3758 4436; baseline 0.007 -22"><span class='ocrx_word' id='word_1_837' title='bbox 2162 4358 2257 4414; x_wconf 90' lang='lat' dir='ltr'><strong>sed</strong></span> <span class='ocrx_word' id='word_1_838' title='bbox 2295 4359 2433 4414; x_wconf 88' lang='lat' dir='ltr'><strong>mala</strong></span> <span class='ocrx_word' id='word_1_839' title='bbox 2463 4368 2605 4415; x_wconf 90' lang='lat' dir='ltr'><strong>sunt.</strong></span> <span class='ocrx_word' id='word_1_840' title='bbox 2637 4360 2774 4429; x_wconf 91' lang='lat' dir='ltr'><strong>Quid</strong></span> <span class='ocrx_word' id='word_1_841' title='bbox 2809 4377 3056 4432; x_wconf 81' lang='lat' dir='ltr'><strong>magnum</strong></span> <span class='ocrx_word' id='word_1_842' title='bbox 3090 4375 3175 4419; x_wconf 91' lang='lat' dir='ltr'><strong>est</strong></span> <span class='ocrx_word' id='word_1_843' title='bbox 3200 4367 3324 4436; x_wconf 91' lang='lat' dir='ltr'><strong>quia</strong></span> <span class='ocrx_word' id='word_1_844' title='bbox 3365 4368 3627 4423; x_wconf 79' lang='lat' dir='ltr'><strong>exaltatus</strong></span> <span class='ocrx_word' id='word_1_845' title='bbox 3673 4378 3758 4425; x_wconf 86' lang='lat' dir='ltr'><strong>est</strong></span> 
     </span>
    </p>
   </div>
   <div class='ocr_carea' id='block_1_106' title="bbox 2162 4448 3753 4526">
    <p class='ocr_par' dir='ltr' id='par_1_106' title="bbox 2162 4448 3753 4526">
     <span class='ocr_line' id='line_1_106' title="bbox 2162 4448 3753 4526; baseline 0.006 -22"><span class='ocrx_word' id='word_1_846' title='bbox 2162 4448 2408 4505; x_wconf 90' lang='lat' dir='ltr'><strong>Christus</strong></span> <span class='ocrx_word' id='word_1_847' title='bbox 2436 4464 2598 4519; x_wconf 90' lang='lat' dir='ltr'><strong>super</strong></span> <span class='ocrx_word' id='word_1_848' title='bbox 2626 4450 2801 4505; x_wconf 89' lang='lat' dir='ltr'><strong>idola?</strong></span> <span class='ocrx_word' id='word_1_849' title='bbox 2829 4453 3106 4508; x_wconf 79' lang='lat' dir='ltr'><strong>Exaltatus</strong></span> <span class='ocrx_word' id='word_1_850' title='bbox 3141 4464 3226 4510; x_wconf 88' lang='lat' dir='ltr'><strong>est</strong></span> <span class='ocrx_word' id='word_1_851' title='bbox 3264 4470 3425 4526; x_wconf 91' lang='lat' dir='ltr'><strong>super</strong></span> <span class='ocrx_word' id='word_1_852' title='bbox 3453 4458 3753 4524; x_wconf 72' lang='lat' dir='ltr'><strong>dtetnonia;</strong></span> 
     </span>
    </p>
   </div>
   <div class='ocr_carea' id='block_1_107' title="bbox 2163 4540 3758 4618">
    <p class='ocr_par' dir='ltr' id='par_1_107' title="bbox 2163 4540 3758 4618">
     <span class='ocr_line' id='line_1_107' title="bbox 2163 4540 3758 4618; baseline 0.005 -22"><span class='ocrx_word' id='word_1_853' title='bbox 2163 4540 2259 4596; x_wconf 90' lang='lat' dir='ltr'><strong>sed</strong></span> <span class='ocrx_word' id='word_1_854' title='bbox 2286 4555 2387 4597; x_wconf 90' lang='lat' dir='ltr'><strong>nec</strong></span> <span class='ocrx_word' id='word_1_855' title='bbox 2415 4540 2517 4596; x_wconf 90' lang='lat' dir='ltr'><strong>hoc</strong></span> <span class='ocrx_word' id='word_1_856' title='bbox 2546 4541 2699 4596; x_wconf 87' lang='lat' dir='ltr'><strong>valde</strong></span> <span class='ocrx_word' id='word_1_857' title='bbox 2728 4557 2977 4612; x_wconf 88' lang='lat' dir='ltr'><strong>magnum</strong></span> <span class='ocrx_word' id='word_1_858' title='bbox 3003 4553 3088 4599; x_wconf 89' lang='lat' dir='ltr'><strong>est</strong></span> <span class='ocrx_word' id='word_1_859' title='bbox 3112 4561 3127 4599; x_wconf 88' lang='lat'><strong>:</strong></span> <span class='ocrx_word' id='word_1_860' title='bbox 3151 4546 3413 4601; x_wconf 82' lang='lat' dir='ltr'><strong>daemonia</strong></span> <span class='ocrx_word' id='word_1_861' title='bbox 3442 4548 3657 4618; x_wconf 89' lang='lat' dir='ltr'><strong>quidem</strong></span> <span class='ocrx_word' id='word_1_862' title='bbox 3682 4549 3758 4604; x_wconf 89' lang='lat' dir='ltr'><strong>dii</strong></span> 
     </span>
    </p>
   </div>
   <div class='ocr_carea' id='block_1_108' title="bbox 2165 4629 3761 4702">
    <p class='ocr_par' dir='ltr' id='par_1_108' title="bbox 2165 4629 3761 4702">
     <span class='ocr_line' id='line_1_108' title="bbox 2165 4629 3761 4702; baseline 0.003 -15"><span class='ocrx_word' id='word_1_863' title='bbox 2165 4630 2411 4687; x_wconf 89' lang='lat' dir='ltr'><strong>Gentium</strong></span> <span class='ocrx_word' id='word_1_864' title='bbox 2438 4629 2607 4700; x_wconf 88' lang='lat' dir='ltr'><strong>(Psal.</strong></span> <span class='ocrx_word' id='word_1_865' title='bbox 2638 4647 2758 4696; x_wconf 84' lang='lat' dir='ltr'><strong>xcv,</strong></span> <span class='ocrx_word' id='word_1_866' title='bbox 2791 4632 2873 4702; x_wconf 84' lang='lat'><strong>5),</strong></span> <span class='ocrx_word' id='word_1_867' title='bbox 2912 4632 3009 4688; x_wconf 82' lang='lat' dir='ltr'><strong>sed</strong></span> <span class='ocrx_word' id='word_1_868' title='bbox 3058 4633 3148 4689; x_wconf 90' lang='lat' dir='ltr'><strong>ille</strong></span> <span class='ocrx_word' id='word_1_869' title='bbox 3186 4635 3345 4689; x_wconf 91' lang='lat' dir='ltr'><strong>nimis</strong></span> <span class='ocrx_word' id='word_1_870' title='bbox 3374 4637 3642 4692; x_wconf 77' lang='lat' dir='ltr'><strong>exaltatus</strong></span> <span class='ocrx_word' id='word_1_871' title='bbox 3673 4647 3761 4693; x_wconf 92' lang='lat' dir='ltr'><strong>est</strong></span> 
     </span>
    </p>
   </div>
   <div class='ocr_carea' id='block_1_109' title="bbox 2163 4720 3760 4799">
    <p class='ocr_par' dir='ltr' id='par_1_109' title="bbox 2163 4720 3760 4799">
     <span class='ocr_line' id='line_1_109' title="bbox 2163 4720 3760 4799; baseline 0.003 -22"><span class='ocrx_word' id='word_1_872' title='bbox 2163 4735 2324 4791; x_wconf 86' lang='lat' dir='ltr'><strong>super</strong></span> <span class='ocrx_word' id='word_1_873' title='bbox 2373 4736 2561 4775; x_wconf 89' lang='lat' dir='ltr'><strong>omnes</strong></span> <span class='ocrx_word' id='word_1_874' title='bbox 2588 4720 2738 4783; x_wconf 87' lang='lat' dir='ltr'><strong>deos.</strong></span> <span class='ocrx_word' id='word_1_875' title='bbox 2785 4721 2852 4778; x_wconf 89' lang='lat' dir='ltr'><strong>Et</strong></span> <span class='ocrx_word' id='word_1_876' title='bbox 2900 4721 3146 4780; x_wconf 90' lang='lat' dir='ltr'><strong>homines</strong></span> <span class='ocrx_word' id='word_1_877' title='bbox 3190 4724 3320 4780; x_wconf 91' lang='lat' dir='ltr'><strong>dicti</strong></span> <span class='ocrx_word' id='word_1_878' title='bbox 3346 4736 3470 4781; x_wconf 89' lang='lat' dir='ltr'><strong>sunt</strong></span> <span class='ocrx_word' id='word_1_879' title='bbox 3504 4727 3610 4794; x_wconf 91' lang='lat' dir='ltr'><strong>dii,</strong></span> <span class='ocrx_word' id='word_1_880' title='bbox 3644 4726 3760 4799; x_wconf 87' lang='lat' dir='ltr'><strong>Ego</strong></span> 
     </span>
    </p>
   </div>
   <div class='ocr_carea' id='block_1_110' title="bbox 2165 4813 3759 4888">
    <p class='ocr_par' dir='ltr' id='par_1_110' title="bbox 2165 4813 3759 4888">
     <span class='ocr_line' id='line_1_110' title="bbox 2165 4813 3759 4888; baseline 0.004 -19"><span class='ocrx_word' id='word_1_881' title='bbox 2165 4814 2293 4880; x_wconf 76' lang='lat' dir='ltr'><strong>dixi,</strong></span> <span class='ocrx_word' id='word_1_882' title='bbox 2336 4813 2423 4867; x_wconf 90' lang='lat' dir='ltr'><strong>Dii</strong></span> <span class='ocrx_word' id='word_1_883' title='bbox 2446 4814 2586 4880; x_wconf 87' lang='lat' dir='ltr'><strong>estis,</strong></span> <span class='ocrx_word' id='word_1_884' title='bbox 2616 4823 2662 4869; x_wconf 89' lang='lat' dir='ltr'><strong>et</strong></span> <span class='ocrx_word' id='word_1_885' title='bbox 2691 4814 2790 4883; x_wconf 83' lang='lat' dir='ltr'><strong>ﬁlii</strong></span> <span class='ocrx_word' id='word_1_886' title='bbox 2813 4813 3062 4871; x_wconf 82' lang='lat' dir='ltr'><strong>Altissimi</strong></span> <span class='ocrx_word' id='word_1_887' title='bbox 3100 4832 3270 4871; x_wconf 89' lang='lat' dir='ltr'><strong>omnes</strong></span> <span class='ocrx_word' id='word_1_888' title='bbox 3296 4833 3315 4871; x_wconf 89' lang='lat'><em>:</em></span> <span class='ocrx_word' id='word_1_889' title='bbox 3342 4816 3469 4873; x_wconf 89' lang='lat' dir='ltr'><strong>item</strong></span> <span class='ocrx_word' id='word_1_890' title='bbox 3499 4819 3759 4888; x_wconf 87' lang='lat' dir='ltr'><strong>scriptum</strong></span> 
     </span>
    </p>
   </div>
   <div class='ocr_carea' id='block_1_111' title="bbox 2164 4905 3762 4978">
    <p class='ocr_par' dir='ltr' id='par_1_111' title="bbox 2164 4905 3762 4978">
     <span class='ocr_line' id='line_1_111' title="bbox 2164 4905 3762 4978; baseline 0.001 -16"><span class='ocrx_word' id='word_1_891' title='bbox 2164 4915 2278 4972; x_wconf 88' lang='lat' dir='ltr'><strong>est,</strong></span> <span class='ocrx_word' id='word_1_892' title='bbox 2310 4905 2448 4961; x_wconf 86' lang='lat' dir='ltr'><strong>Deus</strong></span> <span class='ocrx_word' id='word_1_893' title='bbox 2484 4906 2619 4960; x_wconf 89' lang='lat' dir='ltr'><strong>stetit</strong></span> <span class='ocrx_word' id='word_1_894' title='bbox 2661 4908 2715 4960; x_wconf 89' lang='lat' dir='ltr'><strong>in</strong></span> <span class='ocrx_word' id='word_1_895' title='bbox 2754 4923 3014 4978; x_wconf 85' lang='lat' dir='ltr'><strong>synagoga</strong></span> <span class='ocrx_word' id='word_1_896' title='bbox 3040 4907 3248 4961; x_wconf 87' lang='lat' dir='ltr'><strong>deorum</strong></span> <span class='ocrx_word' id='word_1_897' title='bbox 3266 4926 3286 4974; x_wconf 88' lang='lat'><strong><em>;</em></strong></span> <span class='ocrx_word' id='word_1_898' title='bbox 3324 4910 3377 4961; x_wconf 86' lang='lat' dir='ltr'><strong>in</strong></span> <span class='ocrx_word' id='word_1_899' title='bbox 3402 4911 3567 4963; x_wconf 87' lang='lat' dir='ltr'><strong>medio</strong></span> <span class='ocrx_word' id='word_1_900' title='bbox 3592 4920 3762 4964; x_wconf 86' lang='lat' dir='ltr'><strong>autem</strong></span> 
     </span>
    </p>
   </div>
   <div class='ocr_carea' id='block_1_112' title="bbox 2165 4997 3764 5070">
    <p class='ocr_par' dir='ltr' id='par_1_112' title="bbox 2165 4997 3764 5070">
     <span class='ocr_line' id='line_1_112' title="bbox 2165 4997 3764 5070; baseline 0.002 -18"><span class='ocrx_word' id='word_1_901' title='bbox 2165 4998 2285 5054; x_wconf 88' lang='lat' dir='ltr'><strong>deos</strong></span> <span class='ocrx_word' id='word_1_902' title='bbox 2314 4999 2603 5053; x_wconf 85' lang='lat' dir='ltr'><strong>discernens</strong></span> <span class='ocrx_word' id='word_1_903' title='bbox 2648 4997 2818 5069; x_wconf 84' lang='lat' dir='ltr'><strong>(Psal.</strong></span> <span class='ocrx_word' id='word_1_904' title='bbox 2852 5014 3034 5063; x_wconf 73' lang='lat' dir='ltr'><strong>vaxt,</strong></span> <span class='ocrx_word' id='word_1_905' title='bbox 3062 4997 3116 5062; x_wconf 87' lang='lat'><strong>6,</strong></span> <span class='ocrx_word' id='word_1_906' title='bbox 3151 4999 3229 5070; x_wconf 78' lang='grc'><strong>1).</strong></span> <span class='ocrx_word' id='word_1_907' title='bbox 3251 4999 3426 5069; x_wconf 89' lang='lat' dir='ltr'><strong>Super</strong></span> <span class='ocrx_word' id='word_1_908' title='bbox 3447 5016 3640 5057; x_wconf 91' lang='lat' dir='ltr'><strong>omnes</strong></span> <span class='ocrx_word' id='word_1_909' title='bbox 3667 5017 3764 5056; x_wconf 80' lang='lat' dir='ltr'><strong>ex-</strong></span> 
     </span>
    </p>
   </div>
   <div class='ocr_carea' id='block_1_113' title="bbox 2165 5089 3761 5149">
    <p class='ocr_par' dir='ltr' id='par_1_113' title="bbox 2165 5089 3761 5149">
     <span class='ocr_line' id='line_1_113' title="bbox 2165 5089 3761 5149; baseline 0 -4"><span class='ocrx_word' id='word_1_910' title='bbox 2165 5092 2360 5147; x_wconf 90' lang='lat' dir='ltr'><strong>altatus</strong></span> <span class='ocrx_word' id='word_1_911' title='bbox 2379 5099 2464 5147; x_wconf 91' lang='lat' dir='ltr'><strong>est</strong></span> <span class='ocrx_word' id='word_1_912' title='bbox 2494 5090 2649 5147; x_wconf 80' lang='lat' dir='ltr'><strong>Jesus</strong></span> <span class='ocrx_word' id='word_1_913' title='bbox 2672 5089 2917 5146; x_wconf 84' lang='lat' dir='ltr'><strong>Christus</strong></span> <span class='ocrx_word' id='word_1_914' title='bbox 2945 5091 3201 5146; x_wconf 90' lang='lat' dir='ltr'><strong>Dominus</strong></span> <span class='ocrx_word' id='word_1_915' title='bbox 3242 5101 3429 5148; x_wconf 89' lang='lat' dir='ltr'><strong>noster</strong></span> <span class='ocrx_word' id='word_1_916' title='bbox 3459 5110 3472 5146; x_wconf 91' lang='lat'><strong>:</strong></span> <span class='ocrx_word' id='word_1_917' title='bbox 3497 5107 3597 5149; x_wconf 88' lang='lat' dir='ltr'><strong>nec</strong></span> <span class='ocrx_word' id='word_1_918' title='bbox 3636 5102 3761 5147; x_wconf 87' lang='lat' dir='ltr'><strong>lan-</strong></span> 
     </span>
    </p>
   </div>
   <div class='ocr_carea' id='block_1_114' title="bbox 2166 5181 3763 5254">
    <p class='ocr_par' dir='ltr' id='par_1_114' title="bbox 2166 5181 3763 5254">
     <span class='ocr_line' id='line_1_114' title="bbox 2166 5181 3763 5254; baseline -0.001 -15"><span class='ocrx_word' id='word_1_919' title='bbox 2166 5193 2277 5239; x_wconf 92' lang='lat' dir='ltr'><strong>tum</strong></span> <span class='ocrx_word' id='word_1_920' title='bbox 2307 5199 2470 5254; x_wconf 90' lang='lat' dir='ltr'><strong>super</strong></span> <span class='ocrx_word' id='word_1_921' title='bbox 2495 5183 2657 5249; x_wconf 89' lang='lat' dir='ltr'><strong>idola,</strong></span> <span class='ocrx_word' id='word_1_922' title='bbox 2684 5197 2783 5238; x_wconf 91' lang='lat' dir='ltr'><strong>nec</strong></span> <span class='ocrx_word' id='word_1_923' title='bbox 2808 5189 3012 5236; x_wconf 87' lang='lat' dir='ltr'><strong>tantum</strong></span> <span class='ocrx_word' id='word_1_924' title='bbox 3036 5197 3197 5251; x_wconf 85' lang='lat' dir='ltr'><strong>super</strong></span> <span class='ocrx_word' id='word_1_925' title='bbox 3223 5181 3515 5249; x_wconf 69' lang='lat' dir='ltr'><strong>dmmonia;</strong></span> <span class='ocrx_word' id='word_1_926' title='bbox 3543 5183 3637 5239; x_wconf 88' lang='lat' dir='ltr'><strong>sed</strong></span> <span class='ocrx_word' id='word_1_927' title='bbox 3670 5200 3763 5238; x_wconf 92' lang='lat' dir='ltr'><strong>su-</strong></span> 
     </span>
    </p>
   </div>
   <div class='ocr_carea' id='block_1_115' title="bbox 2166 5270 3760 5345">
    <p class='ocr_par' dir='ltr' id='par_1_115' title="bbox 2166 5270 3760 5345">
     <span class='ocr_line' id='line_1_115' title="bbox 2166 5270 3760 5345; baseline -0.001 -15"><span class='ocrx_word' id='word_1_928' title='bbox 2166 5290 2265 5345; x_wconf 90' lang='lat' dir='ltr'><strong>per</strong></span> <span class='ocrx_word' id='word_1_929' title='bbox 2290 5288 2478 5329; x_wconf 88' lang='lat' dir='ltr'><strong>omnes</strong></span> <span class='ocrx_word' id='word_1_930' title='bbox 2504 5273 2748 5327; x_wconf 88' lang='lat' dir='ltr'><strong>homines</strong></span> <span class='ocrx_word' id='word_1_931' title='bbox 2770 5270 2966 5341; x_wconf 82' lang='lat' dir='ltr'><strong>justus.</strong></span> <span class='ocrx_word' id='word_1_932' title='bbox 2998 5271 3065 5325; x_wconf 88' lang='lat' dir='ltr'><strong>Et</strong></span> <span class='ocrx_word' id='word_1_933' title='bbox 3090 5270 3193 5326; x_wconf 87' lang='lat' dir='ltr'><strong>hoc</strong></span> <span class='ocrx_word' id='word_1_934' title='bbox 3229 5286 3418 5343; x_wconf 89' lang='lat' dir='ltr'><strong>parum</strong></span> <span class='ocrx_word' id='word_1_935' title='bbox 3443 5282 3561 5340; x_wconf 90' lang='lat' dir='ltr'><strong>est;</strong></span> <span class='ocrx_word' id='word_1_936' title='bbox 3591 5288 3760 5343; x_wconf 86' lang='lat' dir='ltr'><strong>super</strong></span> 
     </span>
    </p>
   </div>
   <div class='ocr_carea' id='block_1_116' title="bbox 2167 5363 3762 5434">
    <p class='ocr_par' dir='ltr' id='par_1_116' title="bbox 2167 5363 3762 5434">
     <span class='ocr_line' id='line_1_116' title="bbox 2167 5363 3762 5434; baseline -0.001 -12"><span class='ocrx_word' id='word_1_937' title='bbox 2167 5382 2354 5422; x_wconf 90' lang='lat' dir='ltr'><strong>omnes</strong></span> <span class='ocrx_word' id='word_1_938' title='bbox 2380 5366 2541 5421; x_wconf 89' lang='lat' dir='ltr'><strong>etiam</strong></span> <span class='ocrx_word' id='word_1_939' title='bbox 2569 5364 2802 5434; x_wconf 83' lang='lat' dir='ltr'><strong>Angelos</strong></span> <span class='ocrx_word' id='word_1_940' title='bbox 2831 5380 2846 5417; x_wconf 90' lang='lat'><strong>:</strong></span> <span class='ocrx_word' id='word_1_941' title='bbox 2879 5379 3000 5417; x_wconf 91' lang='lat' dir='ltr'><strong>nam</strong></span> <span class='ocrx_word' id='word_1_942' title='bbox 3045 5363 3187 5418; x_wconf 83' lang='lat' dir='ltr'><strong>unde</strong></span> <span class='ocrx_word' id='word_1_943' title='bbox 3228 5374 3307 5418; x_wconf 90' lang='lat' dir='ltr'><strong>est</strong></span> <span class='ocrx_word' id='word_1_944' title='bbox 3328 5405 3343 5429; x_wconf 92' lang='lat'><strong>,</strong></span> <span class='ocrx_word' id='word_1_945' title='bbox 3374 5364 3599 5420; x_wconf 83' lang='lat' dir='ltr'><strong>Aderate</strong></span> <span class='ocrx_word' id='word_1_946' title='bbox 3640 5383 3762 5420; x_wconf 88' lang='lat' dir='ltr'><strong>eum</strong></span> 
     </span>
    </p>
   </div>
   <div class='ocr_carea' id='block_1_117' title="bbox 2168 5452 3761 5528">
    <p class='ocr_par' dir='ltr' id='par_1_117' title="bbox 2168 5452 3761 5528">
     <span class='ocr_line' id='line_1_117' title="bbox 2168 5452 3761 5528; baseline 0.001 -15"><span class='ocrx_word' id='word_1_947' title='bbox 2168 5474 2338 5513; x_wconf 88' lang='lat' dir='ltr'><strong>omnes</strong></span> <span class='ocrx_word' id='word_1_948' title='bbox 2350 5455 2529 5528; x_wconf 84' lang='lat' dir='ltr'><strong>Angeli</strong></span> <span class='ocrx_word' id='word_1_949' title='bbox 2548 5457 2656 5526; x_wconf 89' lang='lat' dir='ltr'><strong>ejus</strong></span> <span class='ocrx_word' id='word_1_950' title='bbox 2677 5455 2703 5508; x_wconf 84' lang='lat'><em>?</em></span> <span class='ocrx_word' id='word_1_951' title='bbox 2731 5452 2902 5509; x_wconf 85' lang='lat' dir='ltr'><strong>Nimis</strong></span> <span class='ocrx_word' id='word_1_952' title='bbox 2923 5454 3176 5508; x_wconf 77' lang='lat' dir='ltr'><strong>exaltatus</strong></span> <span class='ocrx_word' id='word_1_953' title='bbox 3191 5470 3245 5509; x_wconf 91' lang='lat' dir='ltr'><strong>es</strong></span> <span class='ocrx_word' id='word_1_954' title='bbox 3262 5470 3415 5524; x_wconf 78' lang='lat' dir='ltr'><strong>super</strong></span> <span class='ocrx_word' id='word_1_955' title='bbox 3427 5457 3761 5515; x_wconf 82' lang='lat' dir='ltr'><strong>omnesdeos.</strong></span> 
     </span>
    </p>
   </div>
   <div class='ocr_carea' id='block_1_118' title="bbox 2241 5543 3762 5622">
    <p class='ocr_par' dir='ltr' id='par_1_118' title="bbox 2241 5543 3762 5622">
     <span class='ocr_line' id='line_1_118' title="bbox 2241 5543 3762 5622; baseline -0.003 -16"><span class='ocrx_word' id='word_1_956' title='bbox 2241 5549 2329 5605; x_wconf 76' lang='grc'><strong>15.</strong></span> <span class='ocrx_word' id='word_1_957' title='bbox 2355 5545 2506 5622; x_wconf 89' lang='lat' dir='ltr'><strong>[uers.</strong></span> <span class='ocrx_word' id='word_1_958' title='bbox 2538 5543 2654 5618; x_wconf 69' lang='lat'><strong>10.]</strong></span> <span class='ocrx_word' id='word_1_959' title='bbox 2680 5543 2819 5613; x_wconf 89' lang='lat' dir='ltr'><strong>Quid</strong></span> <span class='ocrx_word' id='word_1_960' title='bbox 2844 5559 2972 5616; x_wconf 87' lang='lat' dir='ltr'><strong>ergo</strong></span> <span class='ocrx_word' id='word_1_961' title='bbox 3000 5544 3223 5600; x_wconf 80' lang='lat' dir='ltr'><strong>facimus</strong></span> <span class='ocrx_word' id='word_1_962' title='bbox 3254 5560 3444 5601; x_wconf 89' lang='lat' dir='ltr'><strong>omnes</strong></span> <span class='ocrx_word' id='word_1_963' title='bbox 3468 5548 3557 5617; x_wconf 91' lang='lat' dir='ltr'><strong>qui</strong></span> <span class='ocrx_word' id='word_1_964' title='bbox 3586 5548 3652 5602; x_wconf 89' lang='lat' dir='ltr'><strong>ad</strong></span> <span class='ocrx_word' id='word_1_965' title='bbox 3683 5550 3762 5602; x_wconf 77' lang='lat' dir='ltr'><strong>il-</strong></span> 
     </span>
    </p>
   </div>
   <div class='ocr_carea' id='block_1_119' title="bbox 2170 5636 3759 5707">
    <p class='ocr_par' dir='ltr' id='par_1_119' title="bbox 2170 5636 3759 5707">
     <span class='ocr_line' id='line_1_119' title="bbox 2170 5636 3759 5707; baseline -0.003 -10"><span class='ocrx_word' id='word_1_966' title='bbox 2170 5643 2278 5697; x_wconf 90' lang='lat' dir='ltr'><strong>lum</strong></span> <span class='ocrx_word' id='word_1_967' title='bbox 2299 5638 2665 5703; x_wconf 87' lang='lat' dir='ltr'><strong>convenimus,</strong></span> <span class='ocrx_word' id='word_1_968' title='bbox 2695 5636 2762 5691; x_wconf 92' lang='lat' dir='ltr'><strong>ad</strong></span> <span class='ocrx_word' id='word_1_969' title='bbox 2788 5651 2910 5692; x_wconf 92' lang='lat' dir='ltr'><strong>eum</strong></span> <span class='ocrx_word' id='word_1_970' title='bbox 2934 5636 3025 5707; x_wconf 88' lang='lat' dir='ltr'><strong>qui</strong></span> <span class='ocrx_word' id='word_1_971' title='bbox 3052 5636 3212 5691; x_wconf 88' lang='lat' dir='ltr'><strong>nimis</strong></span> <span class='ocrx_word' id='word_1_972' title='bbox 3243 5638 3509 5693; x_wconf 80' lang='lat' dir='ltr'><strong>exaltatus</strong></span> <span class='ocrx_word' id='word_1_973' title='bbox 3548 5649 3631 5693; x_wconf 91' lang='lat' dir='ltr'><strong>est</strong></span> <span class='ocrx_word' id='word_1_974' title='bbox 3661 5656 3759 5693; x_wconf 61' lang='lat' dir='ltr'><strong>suo</strong></span> 
     </span>
    </p>
   </div>
   <div class='ocr_carea' id='block_1_120' title="bbox 2171 5726 3760 5801">
    <p class='ocr_par' dir='ltr' id='par_1_120' title="bbox 2171 5726 3760 5801">
     <span class='ocr_line' id='line_1_120' title="bbox 2171 5726 3760 5801; baseline 0.001 -18"><span class='ocrx_word' id='word_1_975' title='bbox 2171 5745 2267 5801; x_wconf 85' lang='lat' dir='ltr'><strong>per</strong></span> <span class='ocrx_word' id='word_1_976' title='bbox 2292 5742 2480 5785; x_wconf 86' lang='lat' dir='ltr'><strong>omnes</strong></span> <span class='ocrx_word' id='word_1_977' title='bbox 2505 5727 2677 5784; x_wconf 89' lang='lat' dir='ltr'><strong>deos?</strong></span> <span class='ocrx_word' id='word_1_978' title='bbox 2711 5726 2885 5783; x_wconf 87' lang='lat' dir='ltr'><strong>Breve</strong></span> <span class='ocrx_word' id='word_1_979' title='bbox 2914 5734 3235 5796; x_wconf 68' lang='lat' dir='ltr'><strong>praeceptum</strong></span> <span class='ocrx_word' id='word_1_980' title='bbox 3265 5726 3419 5783; x_wconf 88' lang='lat' dir='ltr'><strong>nobis</strong></span> <span class='ocrx_word' id='word_1_981' title='bbox 3446 5728 3617 5785; x_wconf 84' lang='lat' dir='ltr'><strong>dedit.</strong></span> <span class='ocrx_word' id='word_1_982' title='bbox 3656 5730 3760 5796; x_wconf 83' lang='lat' dir='ltr'><strong>Qui</strong></span> 
     </span>
    </p>
   </div>
   <div class='ocr_carea' id='block_1_121' title="bbox 2174 5816 3766 5892">
    <p class='ocr_par' dir='ltr' id='par_1_121' title="bbox 2174 5816 3766 5892">
     <span class='ocr_line' id='line_1_121' title="bbox 2174 5816 3766 5892; baseline 0 -17"><span class='ocrx_word' id='word_1_983' title='bbox 2174 5821 2389 5892; x_wconf 82' lang='lat' dir='ltr'><strong>diligitis</strong></span> <span class='ocrx_word' id='word_1_984' title='bbox 2418 5818 2726 5886; x_wconf 84' lang='lat' dir='ltr'><strong>Dominum,</strong></span> <span class='ocrx_word' id='word_1_985' title='bbox 2768 5818 2902 5872; x_wconf 83' lang='lat' dir='ltr'><strong>adite</strong></span> <span class='ocrx_word' id='word_1_986' title='bbox 2940 5817 3238 5889; x_wconf 85' lang='lat' dir='ltr'><strong>malignum.</strong></span> <span class='ocrx_word' id='word_1_987' title='bbox 3292 5816 3406 5873; x_wconf 88' lang='lat' dir='ltr'><strong>Non</strong></span> <span class='ocrx_word' id='word_1_988' title='bbox 3445 5829 3525 5874; x_wconf 88' lang='lat' dir='ltr'><strong>cst</strong></span> <span class='ocrx_word' id='word_1_989' title='bbox 3567 5818 3766 5892; x_wconf 73' lang='lat' dir='ltr'><strong>dignus.</strong></span> 
     </span>
    </p>
   </div>
  </div>
