4056 6478
247 329 392 388 1239

241 445 495 502 Christus
516 458 638 500 cum
659 457 765 514 quo
789 441 978 512 diligas
1005 438 1301 495 avaritiam.
1326 440 1488 493 Amas
1523 438 1705 502 illum;
1733 437 1830 491 de-

243 539 344 593 bes
373 534 553 590 adisse
571 534 711 605 quod
733 533 864 588 odit.
891 532 1064 587 Homo
1093 542 1175 586 est
1195 529 1440 585 inimicus
1461 519 1602 597 tuus,
1630 529 1730 583 hoc
1750 537 1834 584 est

244 629 388 698 quod
416 638 511 692 tu;
543 627 708 683 creati
731 626 861 680 estis
890 614 957 680 ab
983 640 1091 680 una
1115 622 1400 690 Creatore,
1432 623 1483 676 in
1505 637 1608 676 una
1643 619 1832 676 condi-

245 725 394 778 tione
423 740 437 775 :
466 730 522 776 et
567 730 745 775 tamen
776 720 820 774 si
866 717 1008 773 ﬁlius
1036 727 1157 772 tuus
1181 716 1429 787 loquatur
1457 714 1672 770 inimico
1701 724 1791 769 tuo
1814 754 1829 781 ,

244 825 296 869 et
323 813 500 868 veniat
523 811 589 867 ad
614 811 834 868 domum
860 809 1058 864 inimici
1086 809 1198 873 tui,
1241 818 1296 863 et
1328 805 1570 863 assiduas
1604 805 1836 862 collocu-

247 906 421 960 tlones
451 904 647 959 habeat
678 917 799 959 cum
839 903 929 956 illo
954 943 969 968 ,
997 899 1342 956 exhaeredare
1383 899 1532 954 illum
1573 897 1683 962 vis;
1711 898 1835 969 quia

244 999 488 1069 loquitur
514 1013 636 1052 cum
667 995 884 1051 inimico
905 1003 1016 1050 tuo.
1049 993 1118 1050 Et
1152 993 1458 1065 quomodo?
1481 993 1613 1062 Quia
1637 993 1836 1064 justam

247 1105 438 1145 vocem
473 1088 677 1145 videris
707 1088 796 1143 tibi
846 1086 1045 1144 habere
1073 1103 1086 1139 :
1115 1086 1334 1142 Amicus
1362 1100 1421 1141 es
1459 1085 1659 1140 inimici
1691 1085 1833 1150 mei,

245 1189 298 1235 et
331 1179 534 1249 quaeris
577 1177 774 1248 aliquid
821 1176 888 1232 de
916 1190 976 1232 re
1003 1177 1158 1232 mea!
1188 1175 1332 1246 Ergo
1367 1175 1614 1249 attende.
1646 1175 1833 1244 Diligis

245 1270 543 1336 Christum,
591 1269 804 1324 inimica
842 1269 1042 1324 Christi
1079 1277 1162 1324 est
1211 1268 1430 1323 avaritia
1456 1286 1470 1330 ;
1501 1282 1666 1338 quare
1714 1282 1834 1322 cum

249 1361 340 1417 illa
366 1349 655 1430 loqueris?
677 1359 796 1415 Non
825 1359 968 1424 dico,
1012 1359 1247 1430 loqueris
1270 1374 1391 1414 cum
1421 1359 1506 1413 illa
1531 1375 1545 1426 ;
1576 1373 1739 1430 quare
1763 1357 1838 1412 illi

249 1455 423 1510 servis
441 1454 467 1508 ?
494 1453 629 1509 Nam
654 1453 826 1508 multa
849 1450 999 1522 jubet
1021 1451 1266 1506 Christus
1287 1493 1300 1514 ,
1343 1461 1396 1506 et
1427 1467 1531 1505 non
1565 1450 1692 1506 facis
1712 1468 1726 1515 ;
1750 1451 1836 1522 ju-

249 1546 341 1601 bet
365 1545 507 1615 ipsa,
533 1554 585 1599 et
608 1543 761 1599 facis.
789 1542 948 1598 Iubet
965 1541 1212 1598 Christus
1233 1552 1288 1596 ut
1309 1542 1503 1596 vestias
1527 1555 1836 1613 pauperem,
1852 1565 1870 1579 ι

248 1649 434 1694 etnon
469 1638 631 1703 facis;
656 1636 811 1708 jubet
833 1636 1057 1691 avaritia
1087 1644 1147 1690 ut
1174 1634 1335 1691 facias
1366 1634 1628 1700 fraudem,
1662 1633 1841 1690 ethoc

248 1727 428 1804 potius
454 1733 606 1788 facis.
633 1731 688 1787 Si
713 1732 829 1787 haec
855 1731 925 1787 ita
952 1739 1096 1798 sunt,
1123 1730 1168 1784 si
1191 1729 1310 1784 talis
1330 1745 1408 1797 es,
1441 1730 1551 1784 noli
1580 1727 1672 1782 tibi
1705 1729 1842 1782 mul-

248 1833 360 1878 tum
395 1822 712 1894 promittere
737 1821 1104 1877 hereditatem
1132 1819 1350 1876 Christi.
1393 1819 1499 1876 Sed
1539 1819 1674 1874 dicis
1705 1838 1718 1874 ε
1749 1819 1840 1873 Di-

248 1917 356 1986 ligo
376 1917 675 1972 Christum.
707 1915 809 1980 Qui
840 1914 1052 1986 diligitis
1073 1913 1368 1981 Dominum,
1391 1913 1526 1967 adite
1542 1911 1838 1981 malignum.

252 2007 396 2062 llinc
422 2016 645 2078 apparet
671 2017 723 2062 te
747 2006 971 2077 diligere
997 2005 1138 2076 quod
1167 2005 1367 2060 bonum
1393 2015 1496 2071 est,
1525 2004 1568 2060 si
1595 2004 1842 2059 iuventus

253 2101 431 2156 fueris
449 2101 621 2156 odisse
647 2099 788 2170 quod
813 2099 1010 2154 malum
1032 2108 1114 2154 est
1142 2113 1158 2152 :
1185 2097 1284 2167 Qui
1314 2097 1524 2169 diligitis
1548 2095 1840 2162 Dominum,

254 2193 398 2246 adite
417 2191 704 2264 malignum.

323 2286 416 2339 16.
446 2284 550 2340 Sed
576 2299 696 2339 eum
726 2283 1050 2354 coeperimus
1090 2283 1266 2340 odisse
1296 2283 1605 2354 malignum,
1652 2283 1843 2339 subse-

250 2386 484 2445 quentur
499 2375 917 2446 persecutiones.
950 2374 1171 2432 0dimus
1193 2376 1514 2447 malignum;
1541 2375 1669 2431 dicit
1693 2375 1847 2433 nobis

251 2469 445 2537 aliquis
482 2477 815 2540 persecutor,
849 2469 957 2525 Fac
986 2468 1224 2524 fraudem
1250 2485 1265 2535 ;
1294 2469 1422 2524 dicit
1466 2469 1641 2537 nobis,
1672 2469 1848 2524 Adora

252 2559 452 2614 idolum
477 2601 493 2626 ,
527 2561 655 2616 dicit
699 2561 871 2627 nobis,
905 2561 1052 2616 Thus
1097 2576 1236 2632 pone
1273 2560 1553 2616 daemoniis
1578 2579 1590 2616 :
1614 2560 1710 2617 sed
1752 2576 1850 2616 nos

253 2647 573 2716 audivimus,
607 2651 707 2720 Qui
749 2653 958 2726 diligitis
1009 2650 1321 2720 Dominum,
1369 2652 1504 2708 adite
1550 2653 1846 2725 malignum.

254 2744 572 2798 Audivimus
601 2745 838 2814 quidem,
882 2744 978 2802 sed
1004 2743 1050 2799 si
1077 2759 1183 2799 non
1209 2743 1512 2812 fecerimus,
1558 2746 1710 2800 stevit
1740 2745 1848 2801 ille.

255 2836 548 2906 Usquequo
595 2837 790 2891 δίεινίιῖ
842 2836 969 2908 quid
1021 2845 1106 2892 est
1155 2833 1474 2892 ablaturus?
1522 2836 1849 2905 Responde;

255 2934 423 2999 quare
451 2929 787 2985 Christianus
811 2929 912 2986 es?
940 2939 1157 3000 propter
1183 2939 1434 2986 aeternam
1465 2929 1850 2998 haereditatem,

255 3036 323 3075 an
343 3032 562 3091 propter
587 3031 852 3078 terrenam
865 3020 1206 3078 felicitatem?
1229 3022 1497 3094 Interroga
1512 3022 1669 3079 ﬁdem
1689 3032 1853 3092 tuam,

257 3129 400 3185 pone
451 3113 504 3168 in
537 3123 738 3168 catasta
770 3114 787 3145 ⁸
818 3114 1158 3169 conscientiae
1195 3115 1428 3169 animam
1456 3123 1598 3169 tuam
1619 3156 1633 3181 ,
1669 3123 1858 3186 torque

260 3205 493 3276 teipsum
517 3205 710 3261 timore
734 3205 939 3276 judicii,
962 3205 1226 3276 reSponde
1245 3209 1328 3262 cui
1356 3206 1663 3270 credideris,
1693 3223 1859 3279 quare

258 3295 577 3351 credideris.
617 3296 758 3351 Dicis
787 3295 912 3350 mihi
938 3315 952 3353 :
976 3296 1031 3351 ln
1060 3296 1329 3352 Christum
1357 3297 1580 3352 credidi.
1605 3297 1741 3366 Quid
1765 3299 1858 3354 tibi

262 3387 507 3456 promisit
520 3385 886 3452 Christus,nisi
899 3385 1042 3459 quod
1055 3387 1287 3459 ostendit
1301 3387 1352 3442 in
1365 3389 1456 3443 se?
1471 3387 1609 3457 Quid
1626 3388 1859 3445 ostendit

264 3481 317 3533 in
347 3481 451 3535 se?
482 3480 718 3536 Mortuus
745 3492 845 3542 est.
874 3491 928 3536 et
954 3481 1265 3548 resurrexit,
1293 3482 1535 3540 ascendit
1559 3483 1610 3537 in
1640 3483 1857 3540 malum.

265 3571 358 3627 Vis
378 3572 569 3642 sequi?
591 3573 799 3628 imitare
816 3573 1135 3643 passionem,
1157 3583 1409 3644 exspecta
1428 3573 1858 3644 promissionem.

265 3664 406 3734 Quid
450 3681 578 3736 ergo
624 3666 714 3721 tibi
753 3666 1026 3720 ablaturus
1065 3676 1146 3720 est
1193 3666 1439 3734 saeviens,
1471 3682 1591 3722 cum
1635 3669 1863 3738 coeperis

265 3755 450 3810 odisse
479 3756 788 3826 malignum,
809 3757 929 3828 quia
947 3756 1123 3827 diligis
1145 3756 1466 3812 Dominum?
1495 3759 1622 3830 quid
1645 3759 1859 3816 ablatu—

265 3847 399 3900 rus?
425 3846 810 3902 Patrimoninm
833 3865 845 3900 :
869 3847 1124 3917 numquid
1153 3848 1387 3905 caelum?
1416 3848 1691 3906 Postremo
1718 3852 1866 3920 quid-

267 3937 395 4008 quid
429 3937 522 3993 tibi
552 3938 697 3994 dedit
727 3939 885 4006 Deus,
936 3939 1084 3994 tollat
1112 3940 1202 3995 ille
1230 3940 1360 4012 (non
1395 3941 1532 3996 tollit
1555 3942 1789 4012 quidem,
1818 3945 1864 3999 si
1929 3945 1934 3955 ’

1925 4027 1928 4030 ’
1971 4015 2148 4070 istam.
2175 4011 2294 4067 Lua:
2328 4021 2438 4066 arta
2463 4021 2536 4066 est
2558 4011 2719 4082 justo.
2747 4009 2917 4076 Quam
2948 4009 3120 4064 lucem
3151 4009 3310 4063 times
3334 4024 3401 4064 ne
3430 4023 3547 4078 per-

269 4045 378 4084 non
407 4031 522 4085 vult
551 4031 689 4086 Deus
717 4074 732 4097 ,
763 4032 808 4086 si
853 4042 1030 4086 autem
1056 4031 1167 4087 vult
1197 4032 1358 4099 Deus,
1391 4033 1526 4088 tollit
1552 4034 1693 4105 quod
1719 4034 1867 4091 dedit

272 4122 440 4189 Dens,
469 4137 538 4178 ne
566 4137 625 4176 se
651 4123 740 4177 tibi
769 4122 975 4178 auferat
1004 4123 1120 4193 ipse
1145 4121 1306 4196 Deus)
1341 4141 1354 4180 :
1387 4124 1556 4180 Deum
1586 4125 1679 4182 tibi
1707 4140 1866 4182 nemo

272 4216 444 4281 tollet,
478 4225 532 4270 tu
571 4215 662 4270 tibi
692 4215 838 4270 illum
871 4216 1034 4282 tollis,
1061 4217 1102 4271 si
1136 4215 1285 4271 illum
1317 4215 1474 4288 fugis.

344 4307 434 4362 i7.
493 4306 654 4362 Forte
701 4305 994 4375 resrioudes
1025 4324 1038 4358 ε
1071 4305 1184 4361 Νυη
1236 4322 1366 4362 curo
1419 4305 1488 4363 de
1548 4308 1868 4378 patrimonio

272 4413 433 4459 meo;
460 4395 708 4450 Dominus
729 4396 889 4462 dedit,
913 4395 1157 4450 Dominus
1176 4398 1410 4464 abstulit;
1431 4413 1646 4468 possum
1664 4397 1865 4466 dicere,

275 4485 425 4542 Sicut
465 4484 686 4540 Domino
713 4485 922 4557 placuit,
950 4487 1020 4540 ita
1044 4491 1232 4558 factum
1277 4498 1349 4541 est
1391 4487 1511 4560 (Job
1541 4505 1581 4556 ι,
1609 4489 1700 4560 2i)
1729 4506 1744 4552 :
1773 4489 1869 4546 sed

275 4578 441 4632 timeo
468 4592 536 4632 ne
562 4575 773 4632 occidat
801 4592 906 4632 me.
942 4577 1054 4632 lloc
1079 4586 1162 4632 est
1193 4587 1380 4633 totum.
1409 4578 1546 4634 Audi
1572 4594 1699 4650 ergo
1725 4580 1871 4636 Psal-

275 4685 424 4725 mum
477 4669 846 4724 consolantem
872 4687 886 4723 :
916 4667 1145 4723 Custodit
1188 4668 1434 4725 Dominus
1471 4671 1669 4726 animos
1705 4688 1872 4728 servo-

273 4776 386 4815 rum
426 4777 656 4816 suarum.
686 4759 818 4827 Quia
844 4775 972 4830 ergo
1011 4759 1218 4816 dixerat
1243 4764 1505 4831 superius,
1539 4763 1637 4830 Qui
1661 4765 1871 4837 diligitis

279 4851 577 4919 Dominum,
625 4851 757 4904 adite
795 4851 1113 4922 malignum;
1159 4866 1227 4907 ne
1276 4852 1396 4908 ideo
1436 4853 1653 4910 timeres
1694 4855 1874 4913 odisse

277 4943 598 5014 malignum,
632 4959 699 4996 ne
725 4941 995 4997 occideret
1024 4950 1074 4996 te
1102 4942 1386 5014 malignus,
1415 4944 1642 5013 subjecit
1666 4947 1868 5013 statim,

278 5034 511 5090 Custodit
568 5031 819 5088 Dominus
887 5036 1084 5088 animas
1135 5050 1395 5089 servorum
1441 5038 1706 5093 suorum’.
1736 5039 1873 5094 Audi

279 5123 431 5179 illum
458 5123 849 5180 custodientem
888 5125 1092 5178 animas
1119 5138 1396 5180 servorum
1440 5140 1682 5196 suorum,
1714 5137 1770 5183 et
1794 5129 1874 5184 di-

279 5222 493 5270 centem
516 5232 528 5268 :
549 5213 723 5268 Nolite
749 5215 921 5268 timere
943 5231 1025 5270 eos
1043 5215 1129 5286 qui
1167 5232 1350 5287 corpus
1371 5218 1624 5286 accidunt,
1653 5220 1876 5276 animam

280 5319 452 5364 autem
481 5325 584 5363 non
609 5317 818 5380 possunt
846 5308 1070 5363 accidere
1101 5305 1312 5380 (Matth.
1353 5326 1418 5376 ι,
1445 5309 1561 5381 28).
1593 5309 1797 5370 Occidit
1823 5321 1877 5370 et

347 5422 364 5453 ³
404 5427 538 5488 uss,
555 5418 750 5488 entista,
777 5426 852 5479 et
895 5424 1108 5488 catasta,
1133 5419 1455 5488 vel_cathasta
1473 5435 1490 5482 ;
1511 5423 1602 5474 sed
1630 5424 1874 5488 plerique,

282 5489 484 5554 ctuasta.
511 5481 690 5554 Isidoro
707 5480 1085 5554 _lectus_ferreus
1103 5487 1194 5540 est,
1219 5484 1378 5554 in_quo
1401 5480 1878 5554 martyres-subjecto

285 5545 404 5608 igne
426 5545 813 5608 torquebantur:
839 5542 949 5593 aliis
971 5545 1134 5608 etiam,
1158 5542 1375 5608 machina
1393 5542 1586 5608 proprie
1606 5561 1698 5597 seu
1721 5542 1875 5607 lactis,

285 5605 332 5677 in
350 5619 449 5677 quo
460 5606 617 5677 servi
629 5606 771 5677 vineti
793 5618 856 5677 ex
863 5605 1166 5667 [mouebantur
1177 5605 1457 5670 venditioni,
1474 5605 1558 5659 aut
1573 5611 1720 5660 etiam
1737 5605 1875 5674 operi

287 5665 506 5716 faciendo
525 5665 909 5716 includebantur.

349 5729 370 5760 ι
407 5736 553 5778 vetus
597 5728 705 5779 cod.
740 5730 876 5777 ρος-ι).
920 5727 1012 5778 hoc
1040 5733 1223 5780 tantum
1259 5727 1392 5792 loco,
1417 5730 1602 5783 animas
1635 5730 1878 5794 fastorum

290 5802 504 5841 suarum.

1349 321 1742 379 ENARRATIO
1783 320 1842 376 IN
1885 321 2200 378 PSALMUM
2235 322 2410 377 XCVI.

3393 327 3530 388 1250

1943 452 2157 508 corpus,
2186 439 2276 509 qui
2302 439 2352 492 in
2385 447 2436 493 te
2466 437 2751 508 plurimum
2783 441 3013 510 potuerit
3044 458 3057 495 :
3085 442 3212 513 quid
3235 442 3328 501 tibi
3359 445 3529 502 fecit?

1939 528 2091 595 Quod
2129 538 2184 585 et
2221 530 2446 584 Domino
2491 530 2598 586 Deo
2634 538 2745 586 tuo.
2773 530 2949 600 Quare
2973 547 3121 589 amas
3151 535 3346 591 habere
3382 538 3528 607 quod

1939 619 2202 685 Christus,
2227 619 2273 674 si
2305 621 2458 676 times
2491 621 2598 691 pati
2624 622 2765 694 quod
2804 617 3084 680 Christus?
3105 625 3197 682 Ille
3222 627 3366 682 venit
3389 628 3529 684 terra

1938 711 2101 766 vitam
2131 719 2270 766 tuam
2301 714 2668 782 temporalem,
2700 714 2983 783 inﬁrmam,
3019 717 3175 772 morti
3220 719 3525 774 obnoxiam.

1941 804 2097 859 Certe
2127 805 2253 859 time
2283 804 2437 867 mari,
2465 806 2510 859 si
2539 815 2690 874 potes
2715 822 2820 861 nou
2849 809 3004 863 mori.
3053 808 3205 876 Quod
3233 826 3326 881 per
3369 823 3526 868 uatu-

1941 911 2054 952 ram
2083 897 2250 952 vitare
2275 912 2380 951 non
2413 905 2584 966 potes,
2613 913 2779 966 quare
2805 909 3020 971 propter
3044 900 3202 956 ﬁdem
3231 919 3334 958 non
3357 905 3530 960 susci-

1943 985 2063 1055 pis?
2091 985 2264 1040 Tollat
2291 986 2385 1042 tibi
2415 986 2570 1041 istam
2599 988 2760 1042 vitam
2785 990 2876 1059 qui
2905 991 3136 1046 minatur
3165 991 3525 1062 adversarius,

1941 1076 2033 1132 dat
2062 1076 2153 1131 tibi
2207 1077 2344 1132 Deus
2393 1078 2551 1132 aliam
2597 1078 2760 1134 vitam
2795 1097 2808 1133 :
2839 1081 2961 1150 quia
2989 1089 3046 1137 et
3090 1083 3247 1137 istam
3289 1083 3403 1154 ipse
3433 1084 3529 1141 tibi

1943 1165 2108 1230 dedit,
2140 1174 2195 1222 et
2217 1167 2261 1222 si
2289 1167 2404 1238 ipse
2431 1168 2680 1235 noluerit,
2714 1183 2812 1224 nec
2839 1170 2951 1240 ipsa
2993 1172 3242 1238 tolletur;
3272 1174 3317 1228 si
3346 1184 3526 1230 autem

1945 1258 2169 1314 voluerit
2213 1270 2268 1315 ut
2299 1260 2512 1314 tollatur
2552 1260 2664 1326 tibi,
2708 1260 2866 1316 habet
2910 1263 3051 1333 quod
3102 1274 3275 1321 tecum
3321 1273 3527 1335 mutet;

1944 1349 2055 1405 noli
2082 1350 2267 1406 timere
2291 1350 2511 1422 spoliari
2542 1367 2639 1422 pro
2675 1352 2787 1406 illo.
2815 1351 2930 1407 Non
2959 1353 3038 1408 vis
3063 1356 3184 1409 exui
3215 1367 3364 1412 veste
3398 1372 3530 1427 pan--

1945 1440 2112 1496 uasa?
2156 1440 2357 1496 Slulam
2400 1440 2584 1511 gloriae
2612 1441 2706 1496 tibi
2750 1442 2970 1496 daturus
2999 1451 3101 1499 est.
3141 1445 3308 1510 Quam
3338 1445 3530 1501 stolam

1945 1530 2078 1586 dicis
2093 1530 2222 1586 mihi
2242 1530 2266 1584 ’ἶ
2291 1529 2499 1601 Oportet
2514 1532 2837 1603 corruptibile
2852 1533 2945 1587 hac
2969 1535 3178 1588 induere
3197 1537 3532 1606 incorruptio-

1945 1637 2078 1686 nem,
2106 1631 2153 1675 et
2177 1621 2389 1676 mortale
2413 1624 2506 1676 hac
2531 1623 2744 1678 induere
2765 1625 3196 1679 immortalitatem
3224 1626 3262 1697 (I
3288 1625 3406 1681 Car.
3436 1643 3529 1695 xv,

1946 1714 2058 1783 55).
2084 1713 2208 1768 Hauc
2235 1713 2345 1784 ipsa
2367 1728 2493 1770 caro
2521 1722 2606 1770 tua
2631 1729 2737 1770 non
2766 1716 2974 1784 peribit.
3009 1715 3189 1786 Usque
3210 1717 3274 1771 ad
3306 1727 3532 1772 mortem

1948 1814 2122 1875 potest
2147 1805 2336 1860 servire
2367 1806 2608 1861 inimicus
2641 1823 2653 1861 :
2687 1815 3004 1875 potestatem
3034 1808 3169 1863 ultra
3214 1823 3320 1863 non
3349 1809 3531 1877 habet,

1947 1913 2048 1954 nec
2073 1900 2123 1953 in
2149 1898 2416 1965 animam,
2442 1913 2542 1955 nec
2569 1900 2620 1953 in
2664 1902 2830 1969 ipsam
2863 1915 3077 1956 carnem
3103 1917 3118 1966 ;
3149 1903 3268 1972 quin
3295 1903 3394 1958 etsi
3422 1902 3536 1958 dis-

1948 1990 2084 2060 sipet
2113 2004 2349 2056 carnem,
2379 2005 2483 2045 non
2516 1991 2732 2061 impedit
2761 1993 3228 2047 resurrectionem.
3261 1994 3333 2048 De
3357 1977 3536 2051 anima

1949 2097 2044 2137 sua
2071 2083 2326 2138 timebant
2353 2082 2596 2139 homines
2617 2125 2632 2149 ,
2662 2092 2715 2138 ct
2739 2084 2864 2155 quid
2891 2085 2970 2141 eis
3013 2087 3265 2141 Dominus
3289 2088 3402 2141 ait?
3441 2088 3536 2143 Ve-

1949 2174 2041 2229 stri
2065 2184 2232 2228 autem
2257 2174 2433 2244 capilli
2477 2175 2658 2245 capitis
2698 2191 2868 2230 omnes
2896 2179 3142 2232 numerati
3179 2189 3296 2234 sunt
3320 2179 3536 2252 (Matth.

1949 2280 2008 2332 ι,
2037 2265 2152 2336 30).
2182 2265 2363 2320 Times
2406 2281 2475 2322 ne
2500 2267 2732 2321 animam
2766 2267 2977 2337 perdas,
3024 2270 3112 2339 qui
3143 2270 3390 2340 capillum
3431 2286 3538 2326 non

1952 2357 2174 2428 perdis?
2202 2358 2312 2413 Deo
2348 2357 2527 2412 omnia
2573 2367 2851 2414 numerata
2881 2367 3022 2413 sunt.
3064 2359 3254 2414 Omnia
3301 2361 3538 2418 redinte-

1951 2448 2146 2517 grabit,
2176 2447 2264 2516 qui
2291 2449 2468 2503 omnia
2499 2449 2719 2505 creavit.
2747 2446 2865 2504 Non
2896 2457 3068 2515 erant,
3097 2462 3151 2505 et
3177 2461 3353 2506 creata
3380 2462 3537 2508 sunt:

1953 2548 2127 2607 erant,
2158 2549 2210 2594 et
2236 2555 2342 2594 non
2369 2540 2802 2615 reparahuntur?
2829 2538 3044 2596 Credite
3068 2554 3194 2612 ergo
3221 2550 3331 2596 toto
3355 2541 3540 2608 corde,

1955 2628 2148 2685 fratres
2177 2629 2304 2695 mei,
2329 2638 2383 2685 et
2407 2631 2494 2699 qui
2518 2628 2730 2700 diligitis
2754 2626 3051 2695 Dominum,
3083 2630 3217 2685 adite
3242 2633 3539 2703 malignum.

1955 2719 2144 2776 Fortes
2163 2729 2353 2784 estote,
2374 2735 2478 2775 non
2505 2720 2674 2775 solum
2697 2720 2750 2775 in
2771 2719 3040 2792 diligenda
3062 2722 3247 2789 Deum,
3267 2723 3358 2778 sed
3379 2726 3540 2781 etiam

1958 2813 2012 2869 in
2053 2813 2282 2871 odiendo
2312 2814 2622 2885 malignum.
2670 2813 2838 2872 Nemo
2867 2829 2962 2869 vos
3005 2823 3202 2870 terreat
3232 2831 3248 2876 ;
3278 2818 3547 2886 potentior

1959 2912 2042 2960 est
2066 2905 2155 2976 qui
2171 2918 2265 2960 vos
2290 2906 2518 2972 vocavit,
2537 2904 2874 2976 omnipotens
2901 2907 3014 2960 est1
3037 2921 3051 2970 ;
3083 2904 3274 2960 fortior
3290 2917 3372 2962 est
3396 2908 3544 2963 onmi

1961 2995 2102 3060 forti,
2131 2995 2377 3066 superior
2400 3003 2482 3051 est
2511 2996 2654 3050 aumi
2683 2995 2914 3050 excelso.
2947 2995 3116 3050 Filius
3141 2997 3232 3052 Dei
3266 3013 3360 3070 pro
3391 2997 3546 3053 nobis

1961 3097 2202 3146 mortuus
2222 3099 2334 3155 est;
2360 3103 2578 3144 securus
2601 3098 2717 3144 esto
2736 3098 3078 3158 accepturum
3105 3097 3155 3143 te
3174 3089 3334 3144 vitam
3356 3090 3542 3160 ipsius,

1961 3184 2052 3254 qui
2101 3184 2293 3254 pignus
2339 3182 2504 3239 habes
2553 3191 2776 3237 mortem
2826 3181 3011 3253 ipsius.
3057 3182 3162 3237 Pro
3187 3184 3376 3253 quibus
3402 3186 3545 3240 enim

1965 3290 2204 3332 mortuus
2230 3276 2356 3332 est?
2386 3275 2641 3346 numquid
2664 3290 2762 3345 pro
2782 3275 2983 3345 justis?
3012 3273 3230 3330 Paulum
3253 3278 3533 3348 interroga.

1964 3349 2167 3423 Etenim
2197 3367 2426 3422 Christus
2454 3383 2546 3439 pra
2587 3366 2757 3435 impiis
2784 3375 3011 3420 mortuus
3036 3375 3110 3421 est
3154 3365 3328 3439 (Rom.
3369 3383 3420 3433 ν,
3466 3367 3542 3437 6).

1966 3459 2161 3529 impius
2191 3474 2328 3524 eras,
2359 3467 2413 3513 et
2441 3467 2683 3513 mortuus
2708 3465 2790 3512 est
2820 3471 2915 3526 pro
2944 3469 3023 3525 te,
3050 3457 3367 3526 justiﬁcatus
3388 3474 3466 3522 es,
3495 3468 3549 3516 et

1966 3552 2180 3608 deseret
2204 3551 2292 3607 te?
2319 3551 2420 3618 Qui
2443 3549 2750 3622 justiﬁcavit
2779 3550 3018 3619 impium,
3049 3551 3314 3620 relinquet
3357 3551 3547 3622 pium?

1970 3643 2070 3710 Qui
2091 3643 2299 3715 diligitis
2324 3641 2620 3709 Dominum,
2642 3641 2777 3696 adite
2799 3641 3096 3713 malignum.
3122 3639 3292 3696 Nemo
3322 3643 3503 3697 timeat
3530 3657 3547 3696 :

1968 3734 2193 3790 Custodit
2234 3733 2486 3789 Dominus
2525 3734 2720 3788 animas
2757 3747 3012 3788 servorum
3037 3747 3264 3799 suorum,
3310 3733 3373 3786 de
3398 3749 3551 3790 manu

1970 3830 2242 3901 peccatoris
2270 3837 2406 3883 eruet
2425 3844 2530 3884 eas.

2042 3922 2127 3978 l8.
2155 3920 2306 3995 [rem
2335 3919 2448 3994 11.]
2477 3919 2581 3976 Sed
2621 3918 2758 3974 forte
2785 3918 3024 3974 dicturus
3045 3933 3108 3973 es
3135 3934 3149 3972 z
3181 3917 3354 3972 Perda
3380 3918 3550 3974 lucem

1971 4107 2109 4163 das?
2140 4108 2293 4161 times
2320 4120 2385 4160 ne
2412 4105 2464 4160 io
2494 4103 2725 4158 tenebris
2752 4100 2864 4158 sis?
2900 4101 3018 4157 Noli
3051 4102 3236 4156 timere
3265 4116 3333 4157 ne
3361 4101 3555 4172 perdas

1972 4201 2144 4257 lucem
2165 4242 2180 4266 ,
2211 4199 2317 4253 imo
2345 4197 2472 4252 time
2501 4211 2570 4253 ne
2592 4195 2718 4250 dum
2745 4209 2904 4250 caves
2932 4193 3152 4264 perdere
3181 4193 3333 4248 istam
3355 4194 3552 4262 lucem,

1974 4292 2164 4363 perdas
2190 4291 2330 4346 illam
2354 4291 2524 4345 lucem
2548 4302 2750 4344 veram.
2771 4286 2941 4356 Quam
2972 4287 3126 4342 times
3140 4285 3282 4341 enim
3310 4286 3551 4355 perdere,

1973 4382 2215 4438 videmus
2241 4381 2431 4450 quibus
2459 4379 2651 4434 donata
2681 4386 2788 4446 est,
2813 4392 2936 4432 cum
2975 4377 3167 4447 quibus
3193 4376 3284 4431 tibi
3312 4391 3551 4431 comma.

1975 4475 2058 4530 nis
2083 4484 2184 4529 est.
2216 4470 2480 4542 Numquid
2520 4470 2622 4526 soli
2665 4467 2789 4524 boni
2820 4469 3003 4524 vident
3028 4469 3185 4522 istum
3216 4467 3408 4534 solem,
3437 4483 3556 4522 eum

1976 4569 2133 4625 faciat
2175 4567 2306 4622 oriri
2352 4565 2522 4622 solem
2570 4579 2725 4619 suum
2776 4576 2938 4632 super
2978 4561 3146 4616 bonos
3195 4568 3248 4614 ct
3293 4560 3484 4624 malos,
3508 4567 3562 4613 et

1977 4662 2121 4733 pluat
2150 4675 2310 4729 super
2331 4659 2506 4729 justas
2543 4665 2598 4712 et
2626 4655 2849 4725 injustas
2877 4651 3087 4721 (Matth.
3117 4666 3182 4715 v,
3225 4647 3363 4721 45)?
3404 4650 3562 4704 Istam

1978 4753 2150 4808 lucem
2195 4751 2378 4806 vident
2405 4757 2580 4803 tecum
2612 4747 2799 4816 iniqui,
2844 4743 3028 4799 vident
3058 4751 3232 4797 tecum
3279 4741 3550 4806 latrones,

1976 4845 2159 4901 vident
2189 4853 2360 4897 tecum
2385 4838 2658 4910 impudici,
2691 4837 2870 4893 vident
2899 4844 3072 4892 tecum
3104 4833 3312 4902 bestire,
3342 4849 3562 4901 muscae,

1982 4933 2276 4991 vermiculi.
2326 4931 2549 5001 Qualem
2594 4927 2769 4984 lucem
2794 4929 2939 4999 justo
2982 4934 3181 4994 servat,
3229 4925 3319 4996 qui
3348 4933 3403 4981 et
3450 4925 3566 4979 istis

1980 5029 2134 5085 istam
2161 5025 2366 5082 donat?
2395 5023 2582 5081 Merito
2612 5023 2749 5078 hanc
2771 5022 2940 5078 lurem
2979 5022 3030 5076 in
3062 5020 3164 5077 ﬁde
3195 5029 3458 5092 martyres
3487 5020 3564 5072 vi-

1981 5121 2189 5177 derunt.
2221 5117 2321 5187 Qui
2342 5117 2483 5173 enim
2514 5116 2669 5171 istam
2691 5123 3141 5185 contempserunt,
3166 5113 3394 5184 aliquam
3416 5112 3539 5167 vide

1982 5220 2104 5268 runt
2131 5225 2288 5282 quam
2319 5206 2775 5273 desideraverunt,
2807 5207 2896 5277 qui
2924 5207 3059 5260 hanc
3086 5212 3424 5273 respuerunt.
3452 5201 3567 5256 Lua:

1981 5313 2094 5358 arta
2131 5312 2201 5357 est
2214 5303 2376 5372 justo,
2405 5309 2451 5356 et
2474 5300 2621 5355 rectis
2646 5299 2799 5353 corde
2811 5297 3128 5369 jucunditas.
3170 5293 3346 5349 Nolite
3374 5302 3566 5365 putare

1983 5395 2103 5466 quia
2132 5409 2256 5449 vere
2281 5393 2332 5447 iu
2360 5391 2574 5449 miseria
2603 5390 2836 5454 fuerunt,
2864 5401 2984 5443 cum
3016 5387 3067 5440 iu
3098 5395 3284 5441 catena
3321 5383 3565 5438 ambula-

1985 5494 2194 5541 verunt.
2238 5484 2400 5540 Latus
2448 5482 2546 5538 fuit
2592 5493 2776 5536 carcer
2821 5476 3090 5543 ﬁdelibus,
3141 5473 3568 5532 leves'fueruut

2049 5667 2064 5698 ι
2108 5669 2303 5730 Αηιηῐὶιι.
2331 5667 2379 5709 et
2393 5658 2576 5730 aliquot
2597 5663 2728 5730 Mss,
2743 5664 2856 5705 nam
2877 5667 2969 5730 non
3005 5668 3083 5705 uos
3107 5661 3316 5705 terretmt
3339 5659 3569 5718 patentia.

1988 5742 2062 5777 rrs
2091 5740 2107 5776 :
2132 5725 2213 5789 qui
2235 5737 2308 5772 ros
2324 5724 2502 5789 vocarit
2523 5724 2814 5782 omnipotens
2837 5724 2922 5768 est.

2052 5795 2068 5820 ³
2089 5783 2311 5851 t‘lerique
2334 5792 2460 5844 Mss,
2488 5783 2629 5832 (tates.
