2028 3237
283 200 350 229 1251

282 262 384 285 catena:
395 254 593 284 conﬁtentibus.
608 251 745 280 IIabebant
755 250 848 285 gaudia
862 250 887 276 in
902 254 1010 280 catasta,
1025 248 1069 284 qui

282 303 416 331 Christum
436 300 616 336 pncdicabant
629 298 703 324 inter
723 300 865 324 tormenta.
888 295 945 322 Lux
964 299 1019 322 orta
1034 298 1070 321 est

278 349 360 385 justo.
373 348 437 382 Qua:
449 347 490 374 lux
502 350 559 373 orta
572 348 613 372 est
623 342 713 378 justo?
725 342 789 375 Quae
803 349 855 368 non
865 341 949 379 oritur
961 341 1069 375 iniusto;

283 402 336 423 nou
349 396 398 422 ista
423 394 558 427 luxrquam
581 389 643 417 facit
655 389 719 416 oriri
733 395 813 423 super
827 387 912 414 bonos
932 391 960 414 ct
973 385 1068 412 malos.

283 442 327 469 Est
342 440 391 467 alia
405 440 450 466 lux
463 445 523 472 quae
535 436 622 463 oritur
640 434 732 469 justo;
746 433 779 461 de
796 440 847 467 qua
872 433 931 460 luce
944 438 995 459 no“
1019 430 1070 457 sibi

281 492 350 518 orta,
365 486 390 512 iu
407 485 459 511 fine
481 483 571 510 dicent
584 480 674 515 injusti
689 489 696 507 :
713 479 783 514 Ergo
797 477 934 505 erravimus
945 485 961 503 a
972 477 1015 503 viai
1028 483 1070 502 ue-

281 532 372 563 ritatis,
383 534 407 557 et
412 528 520 564 justititz
529 528 612 554 lumen
624 534 674 553 non
686 525 750 552 luxit
760 523 841 556 nobis,
855 527 877 550 et
887 521 926 549 sol
938 530 987 549 non
1000 525 1070 548 ortus

280 581 317 603 est
338 575 408 602 nobis
421 574 499 610 (Sap.
515 581 543 606 v,
567 572 607 608 6).
623 572 692 598 Ecce
706 569 820 597 amando
843 569 921 596 istntn
934 567 1029 599 solem,
1043 566 1070 593 iu

281 622 400 650 tenebris
412 619 499 648 cordis
511 620 660 654 iacuerunt.
676 616 744 651 Quid
767 614 865 651 profuit
884 614 969 641 oculis
980 613 1070 640 videre

281 668 372 698 istum,
395 670 423 694 et
441 669 530 693 mente
550 671 601 691 non
626 662 716 690 videre
742 660 837 688 illum!
852 659 948 687 Tobias
963 659 972 674 ¹
984 665 1071 686 caecus

281 716 348 746 erat,
362 715 389 739 et
400 711 482 737 ﬁlium
495 716 571 737 suum
584 708 652 735 viam
663 707 707 735 Dei
716 706 837 735 docebat.
846 705 934 732 Nostis
942 703 1070 739 hoc,quia

281 757 378 784 Tobias
393 756 476 783 ﬁlium
492 762 568 782 suunt
583 753 750 784 admonebat,
766 757 794 779 et
814 750 929 782 dicebat,
945 749 1008 782 Fili,
1029 751 1071 784 fac

281 803 461 837 eleemosynus,
477 801 535 835 quia
551 800 713 833 cleemosynaz
725 805 776 824 non
789 795 934 832 permittunt
943 795 980 822 ire
990 794 1017 821 in
1034 799 1072 821 te-

281 848 372 876 nebras
382 846 457 882 (Tob.
469 854 505 878 ιν,
519 845 546 879 7,
561 845 605 880 11)
619 853 625 871 :
639 848 666 871 et
678 842 832 877 loquebatur
843 841 888 869 ille
899 840 945 876 qui
957 840 984 868 in
996 844 1071 867 tene-

281 895 337 923 bris
351 898 417 922 erat.
431 893 534 921 Videtis
545 892 606 927 quia
628 895 669 919 est
682 890 733 917 alia
756 889 802 916 lux
818 896 878 924 qua;
890 887 977 916 oritur
986 886 1069 922 justo,

282 944 311 968 et
331 940 412 968 rectis
435 938 516 967 corde
535 936 707 972 iucunditas?
720 935 816 963 Oculos
830 941 885 962 non
906 933 1030 966 habebat,
1044 936 1071 960 et

282 987 337 1014 ﬁlio
358 992 407 1013 suo
427 984 540 1016 dicebat,
556 983 610 1010 Fac
624 977 810 1018 elemosynas;
832 981 994 1015 elemosyna:
1020 986 1071 1006 non

282 1033 369 1060 sinunt
382 1033 419 1059 ire
439 1032 466 1058 in
484 1030 596 1058 tenebras
610 1037 620 1056 :
632 1036 683 1056 nec
697 1028 793 1059 timuit,
808 1034 842 1054 ne
854 1026 955 1054 diceret
969 1025 1021 1053 sibi
1044 1025 1070 1051 in

281 1077 362 1106 corde
375 1085 424 1105 suo
437 1076 507 1104 ﬁlius
521 1075 611 1111 ipsius,
634 1074 674 1102 Tu
687 1073 758 1101 enim
770 1072 952 1106 elcemosyuas
966 1079 1018 1098 non
1032 1069 1070 1098 fe-

282 1122 342 1151 cisti
354 1131 361 1150 :
375 1129 459 1157 quare
477 1128 564 1148 aecus
579 1119 643 1147 mihi
661 1117 798 1154 loqueris?
811 1117 881 1144 Ecce
894 1117 1071 1152 cleemosynae

282 1168 316 1195 ad
338 1167 460 1196 tenebras
473 1171 499 1194 te
511 1165 700 1201 perduxerunt,
714 1169 741 1192 et
753 1163 887 1199 quomodo
901 1162 965 1190 mihi
980 1162 1047 1190 dicis
1060 1170 1069 1191 :

283 1213 457 1249 Eleemosyme
467 1220 518 1239 non
527 1212 611 1239 sinunt
629 1211 666 1237 ire
675 1211 701 1237 in
714 1209 827 1237 tenebras
836 1209 850 1236 7
861 1208 949 1243 Quare
963 1208 1007 1235 ille
1020 1209 1070 1235 ista

283 1266 344 1287 cum
356 1258 451 1286 ﬁducia
472 1257 587 1289 dicebat,
611 1256 661 1284 nisi
673 1255 735 1291 quia
750 1255 828 1282 aliam
844 1253 930 1281 lucem
944 1253 1070 1281 videbat?

284 1304 367 1333 Filius
379 1303 446 1339 patri
459 1310 566 1330 manum
580 1301 696 1334 tenebat,
709 1305 737 1328 ut
749 1298 897 1327 ambularet
912 1307 919 1327 :
933 1298 980 1326 sed
996 1302 1070 1334 pater

285 1350 368 1378 tilium
381 1349 451 1377 viam
465 1347 586 1380 docebat,
609 1351 638 1374 ut
656 1346 768 1374 viveret.
792 1345 839 1372 Est
853 1352 916 1380 ergo
938 1344 989 1371 alia
1004 1344 1048 1371 lux
1059 1363 1068 1377 ,

283 1402 343 1430 quas
355 1394 440 1422 oritur
457 1393 530 1428 justo
544 1400 550 1419 :
567 1392 625 1419 Lux
646 1396 701 1419 orta
714 1395 749 1418 est
764 1391 844 1427 justo,
868 1396 890 1418 et
909 1390 981 1417 rectis
995 1389 1071 1416 corde

282 1439 437 1474 iucunditas.
453 1438 499 1466 Vis
520 1437 590 1465 illam
604 1436 700 1465 nosse?
714 1436 777 1463 Esto
792 1439 880 1463 rectus
893 1434 984 1463 corde.
999 1433 1069 1469 Quid

284 1491 335 1519 cst,
360 1485 424 1514 Esto
447 1489 535 1512 rectus
559 1483 660 1511 corde?
674 1482 732 1510 Noli
755 1486 824 1509 torto
845 1481 927 1509 corde
951 1488 1012 1509 esse
1036 1480 1069 1508 ad

286 1534 379 1566 Deum,
394 1531 521 1560 resistens
530 1529 658 1557 voluntati
671 1528 763 1564 ipsius,
776 1532 803 1555 et
815 1527 908 1555 volens
919 1527 992 1555 illum
1002 1534 1069 1554 cur-

285 1586 347 1606 vare
369 1577 404 1606 ad
419 1582 454 1611 te,
469 1581 562 1605 etnon
578 1580 603 1603 te
626 1575 740 1610 dirigere
764 1573 798 1601 ad
820 1573 893 1601 illum
906 1595 914 1607 ,
930 1578 956 1601 et
969 1573 1070 1602 senties

283 1625 484 1662 iucunditatem,
508 1631 586 1660 quam
613 1627 710 1650 norunt
729 1629 823 1650 omnes
844 1621 889 1657 qui
912 1626 985 1649 recto
1007 1625 1070 1648 sunt

283 1671 373 1700 corde.
393 1670 451 1698 Lua:
473 1675 577 1698 ortaest
587 1669 667 1706 justo,
681 1672 705 1695 et
729 1668 802 1696 rectis
821 1667 897 1695 corde
908 1666 1069 1703 jucundius.

319 1717 362 1744 19.
379 1715 454 1752 [νινε.
470 1714 525 1751 12.]
539 1713 729 1746 Jucundamini,
740 1713 815 1748 justi.
827 1712 886 1741 Jam
898 1712 965 1740 forte
977 1711 1069 1740 ﬁdeles

284 1761 430 1794 audientes,
443 1759 635 1791 Jucundomini,
650 1758 771 1786 convivia
784 1757 954 1790 meditantur,
972 1756 1069 1785 calices

261 1823 263 1825 -
285 1812 444 1843 prteparaut,
458 1813 579 1834 rosarum
593 1809 697 1840 tempus
709 1807 882 1839 exspectant;
897 1803 957 1839 quia
970 1803 1069 1831 dictum

284 1859 334 1887 cst,
345 1851 536 1896 Iucundamiui,
544 1851 617 1886 justi.
628 1850 694 1878 Vide
702 1849 766 1884 quid
773 1849 891 1885 sequitur
899 1858 906 1876 :
913 1848 941 1876 in
950 1848 1068 1877 Domino.

284 1892 474 1930 Iucunduniini,
485 1897 558 1932 justi,
572 1896 598 1922 in
613 1895 731 1922 Domino.
745 1895 889 1930 Exspectas
903 1898 1007 1929 tempus
1020 1900 1069 1922 ve-

285 1947 331 1979 ris,
355 1949 383 1973 ut
402 1943 555 1979 jucunderis
570 1951 577 1969 :
593 1942 733 1970 Dominum
755 1942 836 1970 habes
855 1941 1047 1977 jucunditatent
1059 1961 1070 1977 ,

285 1992 413 2019 Dominus
425 1997 531 2025 semper
541 1993 627 2017 tecum
637 1992 688 2022 est,
699 1995 751 2015 non
767 1987 846 2015 habet
856 1991 976 2023 tempus;
987 1986 1071 2016 habes

284 2037 358 2064 illum
372 2039 459 2069 nocte,
483 2035 564 2063 habes
585 2034 658 2061 illum
677 2032 730 2061 die.
754 2033 820 2060 Esto
838 2036 928 2061 rectus
940 2032 1030 2066 corde,
1043 2036 1071 2061 et

284 2091 390 2118 semper
400 2086 441 2111 est
455 2082 500 2109 tibi
513 2081 547 2109 de
557 2080 602 2108 illo
614 2079 774 2115 iucunditas.
795 2078 853 2106 Non
866 2079 937 2106 enim
948 2078 1072 2113 jucundi-

286 2135 325 2157 tas
339 2136 398 2164 qum
410 2131 450 2156 est
464 2126 608 2155 secundum
622 2126 756 2157 smeulum,
782 2132 843 2151 vera
855 2124 1006 2158 iucunditas
1018 2128 1069 2152 cst.

266 2175 270 2178 ”
286 2173 352 2201 Audi
365 2172 518 2208 prophetam
532 2171 626 2198 Isaiam
641 2179 647 2197 :
663 2170 723 2197 Non
736 2174 772 2196 est
783 2170 891 2205 gaudere
902 2169 996 2203 impiis,
1011 2169 1071 2196 dicit

285 2218 410 2245 Dominus
422 2216 497 2254 (Isai.
508 2224 599 2250 xtvm,
612 2215 647 2243 22
658 2224 666 2249 ;
679 2220 702 2242 et
717 2223 778 2248 LVII,
792 2214 849 2249 2|).
867 2213 987 2242 Gaudere
1000 2213 1071 2250 quod

285 2267 382 2291 vocant
395 2262 479 2297 impii,
494 2270 546 2289 non
558 2266 598 2289 est
612 2260 736 2296 gaudere.
751 2260 834 2294 Quale
847 2259 970 2294 gaudium
986 2265 1071 2287 nove-

286 2312 327 2335 rat
339 2308 383 2343 qui
395 2307 446 2336 hoc
458 2307 581 2342 gaudium
595 2305 779 2342 improbabat?
793 2305 939 2333 Credamus
954 2304 1003 2338 illi,
1015 2304 1070 2332 fra-

287 2358 351 2382 tres.
368 2354 452 2381 IIomo
473 2358 541 2385 erat,
561 2352 607 2380 sed
628 2353 706 2379 atnho
726 2351 820 2386 gaudia
835 2355 952 2378 noverat.
976 2350 1072 2385 Utique

286 2403 398 2428 noverat
410 2399 504 2434 gaudia
519 2398 619 2430 calicis,
635 2397 695 2433 quia
710 2397 790 2424 homo
802 2400 869 2429 erat,
884 2401 993 2423 noverat
1008 2403 1072 2431 gau-

286 2446 359 2473 dium
373 2451 482 2477 mensas,
498 2447 606 2471 noverat
618 2441 742 2478 gaudium
755 2441 826 2474 lecti,
848 2444 959 2468 noverat
977 2440 1071 2475 gaudia

287 2491 337 2519 ista
352 2490 487 2519 saecularia
499 2493 527 2517 et
539 2488 684 2516 luxuriosa.
702 2487 749 2515 Ille
771 2487 816 2522 qui
839 2490 948 2514 noverat
966 2486 1021 2518 illa,
1035 2486 1073 2512 ait

287 2544 451 2573 prtesumens
465 2545 471 2562 :
487 2535 548 2562 Non
561 2539 597 2561 est
620 2533 729 2570 gaudere
740 2533 835 2568 impiis,
858 2532 917 2559 dicit
937 2531 1071 2558 Dominus.

287 2584 339 2612 Sed
355 2591 408 2610 non
423 2582 486 2610 dicit
499 2581 599 2612 homo;
614 2580 738 2607 Dominus
757 2579 817 2605 dicit
829 2586 838 2606 :
849 2586 880 2605 ex
897 2578 1006 2605 veritate
1021 2577 1074 2604 Do-

287 2630 351 2658 mini
366 2630 386 2662 ¹,
402 2627 463 2656 Non
483 2632 518 2654 est
533 2626 640 2662 gaudere
651 2626 745 2660 impiis.
759 2624 823 2651 Natu
839 2624 874 2651 illi
889 2623 937 2651 sibi
951 2623 1074 2651 videntur

287 2674 422 2710 gaudere:
436 2672 496 2700 Non
517 2677 553 2699 est
567 2677 655 2699 autem
677 2669 785 2706 gaudere
806 2669 902 2704 impiis,
925 2668 996 2702 dicit,
1019 2676 1072 2695 non

288 2720 377 2753 homo,
394 2719 439 2747 sed
462 2718 593 2745 Dominus.
617 2715 692 2744 Unde
713 2715 757 2742 ille
778 2715 864 2750 ipsum
884 2713 1007 2749 gaudium
1031 2713 1074 2740 vi-

319 2817 328 2833 ι
341 2820 365 2841 In
372 2815 498 2850 veteribus
508 2815 576 2840 libris
583 2816 724 2839 constanter
732 2812 852 2842 saibitur,
864 2811 939 2836 Tobis.
946 2811 1011 2842 Apud
1020 2815 1075 2836 Lxx

287 2853 357 2876 vero,
372 2845 443 2872 Tobit.
808 2872 813 2877 .
843 2875 847 2877 _
941 2871 946 2876 .
1015 2871 1031 2877 ..
1049 2872 1054 2877 .

320 2879 329 2894 ⁸
339 2871 380 2903 sic
388 2882 437 2901 Am.
450 2880 486 2901 Er.
500 2879 527 2901 et
537 2880 590 2901 Mss.
603 2879 630 2900 At
641 2878 706 2904 lov.,
717 2878 752 2900 Ex
764 2872 860 2899 veritate
876 2871 991 2897 Dominus
1003 2871 1072 2902 disit,

290 2913 338 2934 Non
347 2912 382 2934 est
390 2907 505 2940 gaudere,
515 2911 562 2932 etc.

880 193 907 221 S.
927 191 1108 221 AUGUSTINI
1129 192 1280 221 EPISCOPI

1840 200 1908 228 12.32

1123 248 1191 277 dens
1201 270 1209 283 ,
1225 250 1283 278 ait:
1298 249 1333 278 Et
1350 251 1417 278 diem
1437 251 1567 280 hominum
1588 261 1641 281 non
1658 256 1799 290 concupiui,
1813 260 1841 283 tu
1860 259 1910 286 scis

1124 294 1239 330 (Jerem.
1267 303 1334 328 ut,
1363 296 1427 331 16).
1447 297 1497 331 Qui
1524 298 1588 325 mihi
1612 299 1693 327 alium
1722 300 1792 328 diem
1817 305 1910 330 osten-

1122 339 1173 372 dis,
1198 341 1244 375 qui
1263 348 1306 369 me
1328 341 1406 369 aliam
1425 342 1511 370 lucem
1539 343 1635 378 doces,
1657 345 1702 380 qui
1727 353 1769 373 me
1790 346 1842 373 alia
1866 347 1910 381 ju-

1122 385 1257 413 cunditate
1287 387 1441 421 perfundis,
1470 388 1515 423 qui
1545 389 1618 417 aliud
1645 390 1709 417 mihi
1742 391 1814 419 intus
1844 392 1911 420 insi-

1123 437 1199 462 uuas,
1221 430 1306 459 fecisti
1327 440 1371 460 me
1392 440 1444 460 non
1468 434 1657 468 concupiscere
1670 435 1739 463 diem
1760 436 1910 467 hominum.

1123 474 1219 510 Utique
1239 476 1345 505 videbat
1358 477 1438 505 Isaias
1452 478 1575 507 homines
1590 479 1616 506 in
1632 481 1776 515 potatione,
1792 482 1817 509 iu
1831 482 1912 510 luxu«

1123 520 1172 554 ria,
1187 521 1213 548 in
1233 521 1354 556 theatris,
1367 527 1395 551 et
1408 524 1576 559 spectaculis,
1592 529 1675 554 totum
1691 528 1818 556 mundum
1831 529 1911 557 luxu-

1123 566 1184 593 riari
1193 567 1274 595 variis
1286 569 1380 603 nugis;
1395 574 1422 597 et
1436 574 1523 598 tamen
1538 571 1673 606 :lamabat,
1686 572 1746 601 Non
1756 579 1792 602 est
1800 576 1913 611 gaudere

1122 611 1216 647 impiis,
1231 613 1291 640 dicit
1310 613 1443 642 Dominus.
1457 616 1485 643 Si
1498 615 1550 644 hoc
1562 624 1615 645 non
1636 622 1677 645 est
1689 618 1817 654 gaudere,
1831 620 1912 655 quale

1122 657 1247 692 gaudium
1259 658 1374 692 videbat,
1386 659 1412 687 in
1422 660 1498 695 cujus
1508 663 1772 697 comparationenon
1785 671 1843 693 erat
1860 665 1913 695 hoc

1122 703 1246 737 gaudium
1257 703 1269 731 2
1282 704 1418 740 Tanquam
1433 706 1456 733 si
1470 711 1498 734 tu
1506 715 1604 736 nosses
1616 709 1711 743 solem,
1725 715 1753 738 et
1762 711 1841 739 aheni
1854 712 1911 740 lau-

1122 750 1195 777 danti
1211 750 1345 779 lucernam
1357 752 1459 780 diceres
1473 762 1480 780 :
1496 753 1553 782 Non
1566 760 1607 782 est
1620 756 1671 783 ista
1685 756 1740 784 lux.
1756 757 1844 791 Quare
1864 759 1913 789 Iun

1123 801 1174 822 non
1188 795 1250 822 est?
1264 796 1311 824 Ille
1332 804 1381 831 pro
1394 805 1490 833 magno
1504 798 1594 833 habet,
1614 801 1721 836 gaudet,
1735 803 1869 837 exsultat;
1883 809 1913 833 et

1122 844 1150 867 tu
1164 840 1230 869 dicis
1245 850 1251 869 :
1265 842 1323 869 Non
1338 847 1379 870 est
1390 843 1438 871 ista
1446 844 1500 871 luit.
1512 846 1564 872 Ant
1575 846 1598 873 si
1608 847 1668 882 quis
1680 848 1783 876 simiam
1795 849 1911 877 mirare-ﬁ

1123 889 1174 917 tur.
1191 886 1387 915 dicereszNon
1411 893 1454 917 est
1474 890 1523 917 ista
1547 891 1723 925 pulchritudo.
1750 893 1818 921 Etsi
1841 894 1913 922 forte

1122 931 1165 959 ille
1178 938 1322 968 occupatus
1334 939 1407 962 esset
1418 935 1488 963 circa
1499 937 1717 970 compositionem
1729 940 1911 967 membrorum

1121 977 1148 1004 in
1164 978 1206 1005 illa
1222 979 1316 1012 bestia,
1331 984 1358 1007 et
1371 987 1464 1008 omnes
1478 981 1536 1008 illus
1549 984 1736 1017 congruentias
1747 985 1889 1013 miraretur
1902 996 1910 1019 ;

1122 1028 1149 1051 tu
1164 1024 1208 1059 qui
1222 1032 1335 1052 noveras
1354 1026 1433 1054 aliam
1448 1027 1680 1061 pulchritudinem.
1695 1038 1805 1065 negares
1820 1032 1910 1065 istatn,

1121 1073 1148 1096 et
1161 1068 1264 1097 diceres
1279 1078 1285 1095 :
1300 1069 1356 1097 Non
1379 1076 1429 1098 est.
1446 1073 1551 1105 Quare?
1566 1073 1633 1107 Quia
1654 1075 1733 1102 aliam
1756 1078 1835 1104 nosti.
1856 1078 1912 1107 Sed

1121 1113 1208 1141 dicis:
1224 1114 1279 1150 Ego
1301 1115 1372 1142 illaut
1394 1124 1473 1151 quam
1497 1117 1603 1146 videbat
1625 1119 1719 1153 Isaias,
1745 1128 1797 1149 non
1819 1122 1910 1150 video.

1121 1159 1217 1192 Crede,
1231 1164 1259 1187 et
1268 1161 1378 1190 videbis.
1390 1162 1470 1190 Forte
1480 1163 1552 1191 enim
1562 1172 1615 1192 non
1628 1164 1709 1194 habes
1719 1166 1789 1195 unde
1801 1167 1911 1202 videas;

1121 1209 1162 1232 est
1174 1205 1245 1233 enim
1258 1207 1350 1234 oculus
1365 1207 1434 1235 unde
1447 1207 1489 1235 illa
1512 1209 1681 1244 pulchritudo
1696 1211 1824 1239 videatur.
1840 1212 1910 1241 Nam

1120 1251 1254 1285 quomodo
1267 1256 1309 1279 est
1328 1253 1419 1280 oculus
1433 1253 1530 1286 carnis,
1554 1255 1623 1283 unde
1639 1256 1683 1283 lux
1704 1256 1754 1284 ista
1768 1257 1888 1285 videatur
1903 1267 1911 1289 ;

1121 1296 1160 1323 sic
1172 1300 1213 1324 est
1234 1297 1327 1325 oculus
1346 1298 1444 1332 cordis,
1460 1300 1529 1327 unde
1543 1301 1584 1327 illa
1598 1302 1749 1335 jucunditas
1764 1304 1885 1331 videatur
1902 1314 1910 1332 :

1121 1340 1190 1369 forte
1210 1342 1254 1370 ille
1266 1343 1358 1371 oculus
1371 1346 1475 1373 saucius
1489 1351 1538 1379 cst,
1555 1348 1705 1375 sordidatus
1719 1354 1768 1382 est,
1788 1351 1912 1378 turbatus

1120 1391 1161 1415 est
1174 1387 1207 1415 ab
1222 1388 1269 1420 ira,
1283 1388 1317 1415 ab
1336 1390 1455 1423 avaritia,
1469 1399 1483 1417 a
1495 1392 1647 1426 cupiditate,
1664 1402 1679 1420 a
1693 1395 1800 1422 libidine
1821 1396 1912 1423 insen-

1120 1437 1194 1466 sata;
1211 1433 1330 1462 turbatus
1353 1440 1395 1462 est
1417 1436 1509 1464 oculus
1534 1442 1603 1471 tuus,
1629 1447 1681 1466 non
1708 1445 1795 1475 potest
1819 1441 1913 1469 videre

1110 1477 1193 1506 illam
1214 1479 1309 1507 lucem.
1331 1480 1425 1514 Crede,
1452 1485 1593 1515 antequam
1613 1484 1703 1512 videas
1722 1493 1730 1512 :
1750 1486 1909 1520 sanaberis,

1108 1528 1148 1552 ‘et
1161 1524 1274 1553 videbis.
1294 1524 1353 1554 Lua;
1366 1531 1422 1554 orta
1436 1532 1471 1554 est
1488 1528 1560 1563 justo
1570 1548 1578 1562 ,
1599 1535 1623 1556 et
1643 1530 1717 1558 rectis
1730 1531 1804 1558 corde
1812 1532 1912 1567 jucun-

1120 1569 1196 1597 ditas.

1154 1615 1199 1644 20.
1211 1615 1403 1652 Jucundamini,
1415 1618 1461 1652 ait,
1468 1618 1534 1653 justi
1545 1619 1571 1646 in
1580 1619 1704 1649 Domino:
1713 1626 1736 1648 et
1756 1622 1912 1656 confitemini

1121 1662 1246 1689 memon
1267 1663 1405 1690 sanctitatis
1427 1664 1491 1699 ejus.
1506 1663 1564 1692 Jam
1582 1665 1718 1700 jucundati
1735 1666 1762 1693 in
1777 1666 1910 1699 Domine,

1119 1707 1174 1742 jam
1188 1708 1332 1743 gaudentes
1345 1709 1370 1736 in
1391 1709 1519 1743 Domino,
1535 1710 1570 1738 illi
1582 1711 1760 1745 conﬁtemini;
1782 1713 1843 1747 quia
1858 1713 1913 1741 nisi

1120 1753 1216 1787 vellet,
1232 1754 1320 1782 nonin
1334 1754 1378 1782 illo
1396 1755 1581 1790 gauderemus.
1596 1757 1639 1784 Ait
1651 1757 1724 1785 enim
1740 1758 1796 1793 ipse
1811 1758 1908 1786 Domi-

1120 1807 1171 1827 nus
1187 1809 1194 1827 :
1210 1799 1274 1827 Hcce
1287 1800 1382 1828 locutus
1393 1809 1448 1828 sum
1463 1802 1539 1833 vobis.
1553 1807 1580 1829 ut
1590 1803 1616 1830 in
1628 1812 1667 1830 me
1678 1812 1764 1839 pacem
1779 1804 1911 1837 habeatis,

1120 1845 1148 1873 in
1167 1846 1262 1873 mundo
1276 1850 1360 1873 autem
1373 1855 1516 1882 pressttram
1531 1847 1619 1884 (Joan.
1634 1856 1678 1876 xvi
1690 1870 1697 1882 ,
1713 1849 1771 1884 35).
1793 1850 1821 1877 Si
1835 1850 1912 1878 cliti-

1121 1891 1200 1919 stiani
1214 1891 1293 1924 estis,
1309 1899 1446 1927 pressuras
1460 1893 1486 1920 in
1497 1893 1549 1921 isto
1572 1893 1671 1921 mundo
1687 1899 1809 1929 sperate;
1836 1900 1912 1929 tran-

1121 1937 1242 1972 quilliora
1254 1942 1281 1965 et
1292 1938 1401 1966 meliora
1414 1943 1533 1974 tempora
1546 1939 1629 1967 nolite
1642 1947 1760 1975 sperare.
1777 1941 1888 1969 Fratres
1899 1963 1908 1974 ,

1121 1982 1213 2011 fallitis
1226 1990 1290 2016 vos;
1310 1983 1381 2018 quod
1402 1983 1477 2012 vobis
1498 1984 1668 2019 Evangelium
1691 1993 1744 2013 non
1759 1987 1908 2021 promittit,

1122 2030 1205 2058 nolite
1216 2030 1292 2058 vobis
1302 2030 1468 2065 promittere.
1485 2030 1552 2065 Quid
1567 2031 1638 2059 dicat
1650 2032 1822 2068 Evangelium
1834 2055 1841 2067 ,
1857 2034 1910 2061 sci-

1122 2075 1156 2104 tis
1168 2084 1175 2102 :
1189 2075 1341 2103 Christianis
1355 2076 1503 2111 loquimur;
1528 2077 1586 2105 ﬁdei
1598 2079 1813 2112 prmvarieatores
1848 2088 1910 2108 esse

1122 2128 1175 2149 non
1190 2120 1327 2149 debemus.
1344 2121 1515 2157 Evangelium
1531 2122 1581 2150 hoc
1595 2123 1676 2156 dicit,
1701 2124 1763 2159 quia
1777 2125 1802 2152 in
1817 2126 1908 2153 novis-

1122 2165 1197 2194 simis
1207 2166 1370 2201 temporibus
1384 2167 1464 2194 multa
1479 2168 1545 2194 mala
1554 2189 1561 2200 ,
1573 2169 1654 2196 multa
1670 2169 1804 2204 scandala,
1817 2172 1910 2200 multa:

1100 2217 1103 2220 '
1122 2217 1270 2245 pressurte,
1298 2211 1388 2238 multa:
1412 2211 1562 2247 iniquitates
1584 2213 1775 2242 abundabunt:
1791 2216 1838 2243 sed
1864 2218 1911 2252 qui

1122 2256 1332 2291 perseveraverit
1341 2263 1425 2291 usque
1440 2257 1465 2284 in
1479 2257 1573 2291 linem,
1588 2257 1630 2285 hic
1644 2259 1732 2287 salvus
1744 2260 1805 2288 erit.
1822 2261 1911 2297 Refri-

1123 2305 1213 2337 gescet,
1227 2301 1320 2337 inquit,
1335 2301 1444 2329 charitas
1457 2303 1591 2330 multorum
1607 2302 1713 2340 (Matth.
1728 2313 1801 2339 xxiv,
1815 2307 1907 2342 3-15).

1125 2346 1175 2380 Qui
1188 2354 1252 2382 ergo
1273 2352 1474 2382 perseveranter
1488 2348 1580 2382 spiritu
1602 2348 1746 2383 ferbuerit,
1761 2352 1909 2380 secundum

1123 2392 1296 2427 Apostolum,
1311 2392 1354 2428 qui
1367 2393 1418 2425 ait,
1434 2393 1532 2428 Spiritu
1548 2395 1667 2429 ferventes
1681 2394 1767 2433 (Rom.
1781 2405 1819 2424 ιιι
1831 2419 1838 2431 ,
1852 2399 1909 2434 II),

1124 2438 1182 2473 eius
1199 2437 1315 2466 cbaritas
1326 2446 1377 2466 non
1399 2439 1568 2474 refrigescet;
1583 2440 1643 2475 quia
1659 2441 1714 2475 ipsa
1728 2442 1845 2470 charitas
1862 2444 1908 2471 Dei

1098 2489 1100 2492 '
1122 2482 1217 2511 diffusa
1230 2487 1270 2510 est
1282 2483 1309 2510 in
1323 2482 1446 2510 cordibus
1461 2484 1560 2511 nostris
1573 2492 1622 2519 per
1638 2484 1764 2520 Spiritum
1787 2493 1910 2515 sanctum

1124 2530 1169 2564 qui
1183 2529 1259 2557 datus
1272 2533 1314 2557 est
1328 2529 1404 2557 nobis
1419 2528 1473 2565 (Id.
1489 2537 1515 2563 v,
1531 2530 1569 2566 5).
1583 2530 1668 2559 Nemo
1690 2532 1740 2560 sibi
1760 2541 1824 2568 ergo
1845 2542 1910 2569 pro-

1125 2575 1212 2602 mittat
1223 2573 1293 2610 quod
1305 2575 1475 2610 Evangelium
1489 2582 1541 2602 non
1557 2577 1694 2610 promittit.
1720 2578 1789 2606 Ecce
1802 2580 1912 2607 venient

1125 2620 1225 2648 Izetiora
1239 2625 1369 2655 tempora.
1383 2624 1410 2648 et
1426 2620 1494 2647 facio
1508 2621 1582 2655 illud,
1596 2627 1624 2649 et
1645 2630 1706 2650 emo
1719 2623 1793 2651 illud.
1809 2625 1913 2653 Bonum

1126 2671 1167 2694 est
1181 2666 1226 2694 tibi
1238 2671 1267 2694 ut
1280 2666 1401 2694 attendas
1413 2666 1486 2694 illum
1500 2667 1544 2702 qui
1558 2676 1611 2695 non
1627 2668 1727 2697 fallitur
1740 2671 1761 2702 ¹,
1773 2678 1823 2698 nec
1838 2671 1914 2699 fefelo

1126 2712 1156 2739 lit
1169 2712 1283 2747 aliquem
1294 2732 1301 2744 ,
1316 2711 1360 2745 qui
1371 2711 1418 2739 tibi
1432 2712 1554 2746 promisit
1566 2720 1618 2741 non
1632 2713 1676 2742 hic
1685 2714 1814 2748 laetitiam,
1827 2716 1874 2744 sed
1888 2718 1912 2744 in

1126 2763 1172 2788 se;
1188 2760 1286 2783 etcum
1300 2756 1452 2784 transierint
1465 2756 1513 2784 ista
1523 2778 1531 2790 ,
1553 2766 1645 2793 speres
1654 2759 1716 2793 quia
1730 2767 1792 2788 cum
1807 2761 1855 2789 illo
1870 2770 1915 2789 re-

1125 2801 1218 2836 gnabis
1233 2801 1258 2828 in
1272 2805 1417 2836 aeternum;
1439 2810 1474 2830 ne
1494 2810 1554 2830 cum
1569 2803 1612 2831 hic
1624 2804 1664 2831 vis
1678 2812 1792 2841 regnare
1803 2827 1811 2840 ,
1827 2815 1915 2843 neque

1126 2847 1170 2874 ltie
1182 2846 1282 2874 habeas
1289 2847 1480 2882 iucunditatem
1490 2869 1497 2883 ,
1513 2856 1600 2884 neque
1612 2850 1666 2878 illic
1679 2852 1782 2880 lnvenia
1792 2862 1809 2880 ς.

1159 2903 1167 2920 ¹
1182 2906 1232 2928 Am.
1242 2906 1268 2928 et
1278 2907 1342 2935 uss,
1354 2903 1425 2935 nutu.
