4058 6486
253 346 387 403 1233

252 469 1846 505 ___________________________.._.

650 535 735 597 IN
778 530 1157 597 PSALMUM
1198 527 1424 590 XCVII

818 627 1235 689 ENARRATIO.

768 738 941 781 εειιιιο
978 738 1046 777 AD
1082 731 1307 777 PLEBEI.

325 826 347 879 I
410 821 565 894 [vers.
595 817 674 892 I.]
712 816 927 875 Cantate
968 814 1183 868 Domino
1209 810 1462 865 canticum
1493 820 1695 859 navum.
1736 800 1843 857 No-

255 920 349 972 ‘vus
374 915 541 969 homo
566 911 734 977 novit,
766 917 919 963 vetus
946 920 1048 959 non
1074 903 1240 958 novit.
1270 900 1433 956 Vetus
1460 896 1619 951 homo
1642 903 1723 951 est
1755 907 1844 947 ve-

260 1021 339 1063 tus
369 1006 516 1072 vita,
571 1011 625 1059 et
651 1013 820 1057 novus
865 1000 1024 1052 homo
1073 1008 1209 1050 nova
1258 992 1362 1046 vita
1398 1008 1410 1044 :
1442 997 1595 1043 vetus
1622 985 1727 1040 vita
1777 1000 1840 1039 ex

259 1100 428 1156 Adam
462 1095 698 1152 trahitur
718 1135 735 1159 ,
766 1104 902 1145 nova
931 1088 1033 1142 vita
1063 1085 1116 1138 in
1143 1083 1359 1144 Christo
1389 1079 1669 1134 formatur.
1700 1074 1842 1130 Dici-

258 1206 340 1249 tur
366 1202 549 1248 autem
580 1190 631 1243 in
657 1186 759 1241 hoc
806 1183 1011 1255 psalmo
1052 1178 1303 1234 universo
1332 1173 1449 1230 orbi
1479 1182 1741 1228 terrarum
1788 1176 1846 1222 ut

254 1291 433 1340 cantet
462 1279 730 1335 canticum
759 1287 974 1328 novum.
1023 1268 1155 1324 Nam
1181 1265 1415 1338 apertius
1441 1262 1564 1316 alibi
1606 1261 1684 1315 sic
1708 1257 1842 1312 dici-

256 1384 357 1441 tur,
390 1372 609 1427 Cantate
635 1367 853 1422 Domino
871 1362 1121 1417 canticum
1142 1371 1356 1419 novum;
1385 1360 1582 1408 cantate
1601 1350 1841 1415 Domino,

255 1465 417 1519 omnis
447 1473 588 1517 terra
611 1458 782 1533 (Psal.
814 1470 939 1522 xcv,
968 1453 1017 1523 I)
1041 1468 1057 1516 ;
1086 1460 1146 1507 ut
1173 1448 1466 1519 intelligant
1497 1445 1586 1515 qui
1615 1458 1673 1498 se
1705 1455 1843 1512 pne-

255 1556 442 1613 cidunt
466 1568 501 1607 a
527 1548 908 1608 communione
949 1544 1112 1601 totius
1138 1541 1283 1598 orbis
1313 1549 1574 1595 terrarum
1594 1575 1610 1601 ,
1657 1550 1762 1590 non
1787 1546 1847 1587 se

252 1662 416 1744 posse
442 1654 663 1703 cantare
688 1641 951 1699 canticum
983 1652 1210 1702 novmn,
1259 1631 1699 1744 quiancanticum
1750 1641 1848 1744 po-

255 1722 380 1797 ἶτιιιτι
421 1741 479 1796 in
522 1747 671 1805 toto,
702 1751 807 1792 non
837 1735 890 1789 in
921 1740 1070 1803 parte
1095 1738 1358 1786 cantatur.
1384 1726 1453 1781 Et
1477 1724 1563 1780 hic
1588 1722 1848 1779 attendite

256 1833 511 1891 etvidete
535 1831 641 1886 hoc
675 1828 800 1883 dici.
830 1826 899 1881 Et
940 1838 1061 1881 eum
1093 1822 1287 1878 dicitur
1316 1819 1565 1875 universo
1590 1816 1704 1870 orbi
1736 1823 1847 1869 ter-

255 1939 438 1982 rarum
467 1931 526 1978 ut
565 1928 747 1976 cantet
769 1917 1040 1974 canticum
1080 1926 1278 1968 novum
1300 1952 1315 1976 ,
1344 1910 1448 1964 hoc
1492 1905 1806 1983 intelligitur
1827 1942 1844 1967 ,

256 2019 377 2090 quia
420 2032 525 2087 pax
575 2021 758 2071 cantat
798 2011 1063 2068 canticum
1104 2021 1321 2063 novum.
1376 2003 1586 2059 Cantate
1627 2000 1847 2055 Domino

255 2110 508 2164 canticum
550 2120 770 2171 novum;
823 2102 1063 2175 quoniam
1104 2097 1354 2152 mirabilia
1401 2095 1516 2168 fecit
1571 2091 1845 2147 Dominus.

255 2199 385 2269 Qua:
414 2196 721 2253 mirabilia?
750 2195 886 2251 Ecce
906 2191 1065 2247 modo
1090 2189 1365 2261 legebatur
1393 2185 1736 2257 Evangelium
1756 2226 1770 2249 ,
1792 2192 1849 2239 et

255 2293 560 2350 audivimus
578 2288 841 2345 mirabilia
859 2285 1093 2342 Domini.
1117 2281 1450 2339 [Merebatur
1470 2288 1709 2335 mortuus
1731 2276 1849 2332 uni-

256 2401 350 2442 cus
377 2383 569 2440 matris
594 2396 735 2445 suae,
763 2394 882 2449 quat
909 2386 1025 2435 erat
1054 2376 1211 2432 vidua
1243 2392 1256 2427 :
1310 2373 1561 2428 misertus
1591 2368 1848 2425 Dominus

258 2478 385 2535 fecit
410 2477 535 2533 illos
560 2484 740 2539 stare;
785 2473 1148 2543 deposuerunt
1178 2468 1362 2532 illum;
1408 2475 1464 2521 et
1493 2464 1662 2529 dixit,
1693 2461 1848 2516 Juve-

260 2572 358 2637 nis,
387 2570 479 2625 tibi
508 2569 642 2631 dico,
667 2581 834 2637 surge.
862 2562 1083 2620 Etsedit
1111 2561 1200 2616 ille
1226 2567 1487 2624 mortuus,
1506 2564 1560 2611 et
1581 2554 1744 2625 cmpit
1764 2554 1845 2607 lo-

257 2662 374 2732 qui,
405 2668 463 2717 et
479 2657 714 2715 reddidit
731 2657 877 2711 illum
894 2654 1046 2709 matri
1069 2668 1178 2708 sua:
1198 2650 1347 2724 (Luc.
1362 2666 1454 2716 vn,
1476 2646 1684 2717 1245).
1709 2646 1849 2702 Ecce

258 2752 526 2807 mirabilia
558 2749 683 2806 fecit
713 2748 1007 2812 Dominus;
1034 2744 1132 2802 sed
1159 2744 1327 2798 multo
1353 2741 1554 2812 majora
1585 2738 1847 2795 mirabilia

258 2853 415 2909 sunt,
447 2841 593 2913 quod
634 2850 802 2895 totum
832 2839 1019 2895 orbem
1052 2846 1315 2891 terrarum
1352 2849 1384 2889 a
1429 2840 1602 2889 morte
1644 2830 1847 2900 sempi-

261 2947 411 2991 terna
432 2932 637 2999 erexit,
665 2946 825 3002 quam
854 2928 994 3000 quod
1024 2928 1235 2983 unicum
1262 2925 1427 2981 filium
1458 2923 1646 2979 matris
1670 2922 1847 2979 viduae

260 3027 621 3084 resnscitavit.
662 3023 873 3080 Cantate
915 3036 1043 3093 ergo
1073 3019 1293 3075 Domino
1322 3019 1576 3073 canticum
1618 3030 1848 3080 novum;

259 3120 502 3192 quoniam
553 3114 809 3172 mirabilia
857 3114 972 3185 fecit
1029 3110 1299 3167 Dominus.
1351 3108 1483 3176 Qua:
1542 3105 1848 3162 mirabilia?

260 3213 399 3270 Audi
432 3229 449 3267 ι
484 3210 699 3266 Sanaoit
736 3208 781 3263 ei
817 3206 1022 3262 dextera
1057 3206 1168 3277 ejus
1220 3212 1267 3257 et
1321 3200 1583 3257 brachium
1619 3206 1850 3253 sanctum

259 3308 392 3379 ejus.
419 3303 576 3373 Quod
606 3310 692 3363 est
719 3299 995 3356 brachium
1030 3305 1273 3352 sanctum
1302 3293 1556 3349 Domini?
1586 3291 1849 3347 Dominus

263 3406 448 3452 noster
498 3394 656 3451 Iesus
700 3392 966 3449 Christus.
990 3389 1126 3445 Audi
1175 3386 1406 3442 Isaiam:
1465 3384 1593 3454 Quis
1633 3383 1849 3439 credidit

258 3489 460 3545 uuditui
486 3487 700 3543 nostra?
724 3494 771 3541 et
798 3483 1060 3539 brachium
1089 3480 1295 3535 Domini
1324 3479 1407 3533 cui
1459 3478 1733 3533 revelatum
1777 3482 1851 3530 est

263 3582 284 3653 (
306 3580 435 3637 Isai.
460 3596 589 3645 un,
614 3579 640 3633 I
667 3576 726 3649 )?
757 3574 1038 3631 Brachium
1082 3586 1208 3643 ergo
1246 3577 1488 3625 sanctum
1531 3575 1587 3623 et
1626 3566 1847 3622 dextera

258 3674 463 3742 ipsius,
516 3670 656 3725 idem
707 3668 821 3739 ipse
861 3677 963 3722 est.
995 3666 1136 3735 Ergo
1178 3662 1436 3718 Dominus
1483 3670 1666 3716 noster
1692 3658 1850 3714 Iesus

261 3765 509 3821 Christus
536 3760 814 3818 brachium
844 3758 969 3825 Dei,
1001 3766 1056 3812 et
1097 3756 1316 3812 dextera
1350 3753 1442 3809 Dei
1473 3771 1486 3807 :
1518 3761 1805 3823 propterea
1829 3790 1845 3817 ,

263 3857 474 3911 Sanavit
507 3854 571 3909 ei.
605 3852 722 3909 Non
753 3851 953 3907 dictum
998 3857 1083 3905 est
1126 3855 1326 3902 tantum
1349 3886 1364 3912 ,
1396 3844 1615 3900 Sanavit
1663 3841 1848 3899 orbem

264 3958 533 4002 terrarum
564 3944 783 3998 dextera
813 3940 961 4010 ejus;
993 3937 1086 3994 sed
1111 3979 1127 4005 ,
1161 3936 1373 3993 Sanavit
1404 3935 1469 3989 ei.
1512 3932 1662 3988 Multi
1703 3932 1848 3987 enim

264 4050 524 4099 sanantur
552 4038 693 4104 sibi,
725 4052 834 4092 non
864 4035 934 4091 ei.
974 4034 1115 4090 Ecce
1138 4047 1296 4102 quam
1330 4028 1480 4084 multi
1508 4027 1731 4097 cupiunt
1760 4040 1851 4080 sa-

266 4136 483 4191 nitatem
512 4132 668 4185 isL-tm
695 4128 1060 4199 corporalem,
1101 4124 1249 4179 etab
1298 4122 1389 4176 illo
1445 4118 1741 4189 accipiunt;
1782 4117 1850 4171 ab

264 4228 354 4281 illo
378 4232 659 4287 sanantur,
712 4231 766 4275 et
792 4234 899 4274 non
926 4218 999 4273 illi
1026 4214 1319 4271 sanantur?
1358 4211 1637 4281 Quomodo
1663 4209 1731 4264 ab
1758 4208 1849 4264 illo

263 4328 544 4382 sanantur,
587 4326 642 4371 et
695 4330 799 4369 non
826 4312 901 4367 illi
928 4308 1214 4366 sanantur?
1254 4309 1482 4377 Accepta
1513 4303 1740 4359 sanitate
1768 4301 1848 4356 la-

263 4412 493 4466 sciviunt
518 4426 533 4463 :
562 4407 652 4477 qui
673 4404 854 4479 aegroti
880 4403 1009 4459 casti
1031 4410 1203 4466 erant,
1232 4398 1401 4454 sanati
1418 4394 1642 4451 adulteri
1675 4394 1845 4458 fiunt;

262 4505 353 4574 qui
398 4516 523 4557 cum
558 4506 914 4568 :egrotarent,
947 4493 1215 4550 neminem
1264 4489 1568 4554 luedebant,
1615 4485 1847 4556 receptis

261 4594 466 4648 viribus
512 4588 770 4645 invadunt
814 4596 866 4642 et
914 4585 1223 4659 opprimunt
1270 4584 1583 4637 innocentes
1620 4598 1633 4633 :
1676 4578 1847 4634 sanati

262 4697 423 4755 sunt,
453 4684 550 4742 sed
582 4698 685 4739 non
714 4681 785 4738 ei.
814 4680 946 4749 Quis
972 4687 1054 4734 est
1082 4679 1170 4748 qui
1200 4685 1415 4732 sanatur
1438 4675 1532 4730 ei?
1574 4673 1676 4742 Qui
1706 4674 1848 4735 intus

262 4776 640 4845 sanatur.Qms
663 4784 747 4830 est
771 4775 859 4844 qui
891 4772 1030 4826 intus
1056 4769 1304 4825 sanatur?
1328 4767 1427 4835 Qui
1456 4765 1626 4821 credit
1651 4765 1703 4819 in
1725 4778 1845 4818 cum

222 4912 225 4913 ν
262 4882 325 4926 ut
350 4886 471 4926 cum
499 4870 517 4901 ¹
549 4867 771 4923 interius
798 4863 961 4920 fuerit
987 4870 1203 4918 sanatus
1221 4901 1235 4927 ,
1267 4859 1319 4913 in
1347 4871 1542 4912 novum
1573 4855 1843 4911 hominem

261 4964 626 5025 reformatus,
656 4966 842 5030 postea
869 4955 1051 5011 ethoc
1086 4951 1228 5024 quod
1279 4951 1495 5021 languet
1521 4949 1591 5003 ad
1636 4956 1847 5017 tempus

262 5072 389 5112 caro
418 5055 523 5110 ista
550 5049 793 5107 mortalis
815 5089 831 5117 ,
860 5046 1085 5118 recipiat
1111 5044 1163 5098 in
1192 5042 1296 5098 line
1320 5050 1374 5097 et
1402 5042 1515 5111 ipsa
1544 5053 1693 5094 suam
1723 5053 1848 5107 per-

260 5146 609 5204 fectissimam
637 5141 941 5198 sanitatem.
985 5137 1247 5194 Sanemur
1286 5147 1416 5202 ergo
1443 5131 1512 5187 ei.
1540 5129 1613 5185 Ut
1664 5138 1843 5184 autem

259 5253 515 5295 sassemur
540 5235 625 5299 ei,
658 5230 940 5288 credamus
966 5227 1018 5283 in
1042 5226 1319 5281 dexteram
1345 5222 1497 5292 ejus;
1546 5219 1669 5291 quia
1696 5236 1849 5275 sana—

256 5335 329 5387 uit
351 5326 398 5387 ei
418 5332 628 5386 dextera
656 5329 764 5393 eius
793 5333 840 5378 et
869 5320 1129 5377 brachium
1154 5326 1382 5375 sanctum
1404 5316 1537 5386 ejus.

330 5423 383 5478 9.
413 5421 576 5497 [σεῖε.
605 5416 696 5491 2.]
733 5415 928 5471 Notum
968 5411 1083 5483 fecit
1115 5408 1369 5464 Dominus
1411 5406 1633 5461 salutare
1673 5420 1841 5497 suum.

260 5517 377 5590 Ipsa
401 5496 642 5577 dextera,
664 5512 838 5581 ipsum
871 5503 1144 5561 brachium
1163 5543 1177 5566 ,
1210 5501 1381 5570 ipsum
1408 5500 1639 5553 salutare
1662 5496 1838 5551 Domi-

262 5587 365 5666 nus
409 5616 592 5663 noster
619 5603 777 5659 Iesus
807 5598 1085 5661 Christus,
1130 5594 1200 5649 de
1241 5608 1347 5663 quo
1380 5591 1580 5645 dictum
1625 5598 1743 5654 est,
1774 5587 1843 5643 Et

327 5770 343 5798 ¹
365 5768 438 5816 sic
460 5770 569 5817 Itss.
596 5767 651 5873 1:1
671 5755 809 5817 sum,
836 5760 883 5804 et
905 5762 1014 5802 cum
1042 5761 1060 5799 :
1085 5746 1227 5812 paqu
1248 5752 1373 5811 post,
1406 5742 1697 5805 reformatur
1738 5751 1755 5790 :
1797 5747 1849 5790 et

272 5829 405 5873 infra.
428 5823 602 5873 recipis
626 5856 641 5871 .

266 5830 405 5889 infra,
428 5830 641 5889 recipiet.

1319 328 1715 392 ENARRATIO
1751 327 1817 388 IN
1857 326 2181 390 PSALMUM
2220 335 2428 394 XCVII.

3391 361 3415 413 ί
3429 360 3529 415 254

1953 445 2134 543 videbit
2158 451 2320 506 omnis
2357 469 2477 509 caro
2503 456 2727 514 salutare
2755 459 2852 516 Dei
2876 461 3037 535 (Luc.
3062 481 3116 521 ιιι
3137 509 3153 535 ,
3189 467 3257 540 6)
3286 487 3299 523 :
3327 471 3394 527 de
3425 491 3533 543 quo

1950 539 2110 632 etiam
2130 543 2261 597 dixit
2288 545 2374 602 ille
2393 547 2605 605 Simeon
2630 551 2720 622 qui
2743 552 2995 610 infantem
3012 559 3218 628 accepit
3240 560 3293 615 in
3318 539 3528 632 manus,

1956 648 1975 683 ι
2004 630 2154 687 Nunc
2190 633 2445 706 dimittis,
2492 640 2748 711 Domine,
2803 659 3019 701 servum
3059 657 3207 703 tuum
3262 652 3316 706 in
3361 630 3528 723 pace;

1949 725 2197 792 quoniam
2228 728 2474 785 viderunt
2512 733 2653 789 oculi
2697 737 2803 791 mei
2848 738 3080 794 salutare
3123 750 3269 797 tuum
3300 744 3422 815 (Id.
3452 761 3489 800 ιι
3514 788 3530 807 .

1948 816 2171 891 28-50).
2216 820 2407 877 Notum
2437 824 2562 880 fecit
2588 826 2843 885 Dominus
2889 832 3121 888 salutare
3171 848 3347 889 suum.
3378 855 3398 889 s
3435 837 3532 891 Cui

1950 918 2134 964 uotum
2164 911 2323 967 fecit?
2352 917 2523 984 parti,
2555 934 2622 973 an
2666 922 2954 977 universo?
2996 924 3110 979 Non
3162 930 3296 996 parti
3346 930 3529 985 alicui.

1949 998 2117 1056 Nemo
2153 1000 2339 1073 fallat,
2387 1022 2545 1062 nemo
2580 1009 2844 1079 decipiat,
2889 1030 3047 1071 nemo
3075 1016 3247 1084 dicat,
3293 1018 3426 1075 Ecce
3450 1021 3531 1076 hic

1949 1100 2022 1145 est
2048 1091 2309 1163 Christus,
2340 1113 2453 1153 ecce
2500 1099 2606 1154 illic
2634 1101 2858 1171 (Matth.
2892 1121 3047 1171 xxuv,
3076 1107 3147 1162 23
3168 1108 3224 1179 ):
3252 1100 3531 1180 quidicit,

1952 1180 2083 1236 Ecce
2122 1184 2203 1238 hic
2240 1195 2314 1240 est
2335 1229 2350 1253 ,
2384 1205 2494 1243 ecce
2525 1190 2632 1244 illic
2655 1234 2670 1256 ,
2702 1204 2879 1261 partes
2918 1197 3171 1252 ostendit.
3202 1197 3297 1253 Cui
3354 1211 3531 1257 notum

1951 1274 2069 1343 fecit
2094 1274 2340 1332 Dominus
2366 1280 2587 1336 salutare
2610 1286 2798 1339 suum?
2814 1286 2948 1340 Audi
2974 1288 3097 1356 quid
3128 1291 3397 1359 sequitur:
3425 1294 3532 1349 An-

1951 1371 1998 1418 te
2033 1376 2355 1437 conspectum
2396 1373 2619 1441 gentium
2658 1375 2891 1429 rerelauit
2923 1377 3177 1447 justitiam
3201 1398 3363 1435 suam.
3394 1383 3534 1438 Dex-

1952 1464 2063 1509 tera
2092 1456 2205 1525 Dci,
2235 1458 2510 1516 brachium
2542 1464 2665 1529 Dei,
2692 1466 2927 1521 salutare
2954 1468 3081 1531 Dei,
3105 1478 3159 1523 et
3181 1469 3384 1539 justitia
3405 1473 3527 1543 Dei,

1952 1545 2208 1603 Dominus
2237 1560 2319 1605 est
2344 1553 2579 1608 salvator
2608 1565 2792 1612 naster
2817 1558 2974 1613 Iesus
2999 1560 3262 1617 Christus.

2020 1637 2075 1692 3.
2106 1636 2256 1711 [rem
2280 1640 2360 1715 5.]
2395 1661 2414 1694 ι
2438 1644 2639 1700 Memor
2665 1646 2761 1701 fuit
2789 1649 3168 1705 misericordiae
3197 1666 3307 1705 suae
3328 1651 3490 1710 Iacob
3513 1694 3530 1721 ,

1951 1735 2006 1782 et
2030 1730 2267 1785 veritatis
2293 1747 2404 1789 sua:
2431 1734 2610 1791 domui
2641 1738 2657 1770 ί
2686 1738 3046 1808 IsraeI.sQuid
3061 1750 3194 1810 est,s
3220 1742 3420 1799 Memor
3437 1747 3534 1801 fuit

1950 1819 2328 1879 misericordia:
2356 1835 2411 1880 et
2436 1828 2711 1884 veritatis?
2740 1849 2759 1884 ι
2793 1830 2865 1888 Ut
2891 1834 3254 1903 promitteret,
3286 1836 3536 1895 misertus

1950 1924 2064 1981 est;
2090 1917 2211 1986 quia
2242 1920 2485 1987 promisit
2506 1930 2560 1976 et
2584 1923 2826 1980 exhibuit
2851 1926 3270 1983 misericordiam
3290 1970 3306 1996 ,
3338 1930 3536 1985 veritas

1950 2019 2232 2071 consecuta
2263 2022 2381 2066 est:
2413 2013 2775 2070 misericordia
2805 2019 3059 2087 praemisit
3083 2020 3524 2088 promissionem.

1951 2100 2234 2168 promissio
2264 2102 2497 2158 reddidit
2522 2105 2821 2161 veritatem.
2841 2106 3040 2163 Memor
3055 2109 3154 2178 fuit
3177 2112 3536 2168 misericordia

1950 2207 2057 2246 sine
2091 2192 2251 2247 Iacob
2275 2235 2291 2258 ,
2339 2204 2386 2248 et
2428 2195 2650 2250 veritatis
2691 2212 2800 2252 suae
2838 2198 3012 2254 domui
3044 2199 3231 2256 Israel.
3259 2202 3325 2258 Et
3362 2203 3535 2274 quid?

1951 2291 2154 2338 tantum
2180 2283 2346 2342 Iacob
2369 2326 2385 2352 ,
2417 2294 2471 2341 et
2509 2280 2711 2343 tantum
2742 2289 2922 2344 domui
2964 2290 3171 2347 Israel?
3203 2293 3407 2350 Domus
3441 2294 3535 2350 Ju-

1951 2373 2186 2429 dmornm
2217 2384 2271 2431 et
2318 2392 2548 2450 pr0pago
2594 2378 2681 2432 illa
2711 2378 2940 2435 Abrahae
2978 2382 3269 2439 secundum
3312 2399 3531 2440 carnem

1950 2466 2087 2522 solet
2111 2466 2215 2521 dici
2253 2466 2444 2523 domus
2472 2469 2667 2538 Israel,
2695 2477 2749 2527 et
2794 2470 2959 2528 Israel
2988 2472 3172 2530 Iacob.
3200 2474 3365 2532 Iacob
3389 2478 3533 2534 enim

1952 2555 2090 2611 filius
2112 2557 2256 2613 Isaac
2277 2599 2292 2627 ,
2322 2559 2468 2615 Isaae
2497 2570 2674 2617 autem
2701 2563 2815 2633 ipse
2844 2563 2985 2619 filius
3004 2565 3253 2623 Abrahae.
3283 2567 3425 2639 Ergo
3443 2568 3533 2625 Ia-

1950 2652 2052 2707 cob
2080 2666 2248 2721 nepos
2269 2652 2497 2709 Ahrahm
2524 2653 2656 2723 fuit;
2690 2666 2745 2711 et
2782 2656 2849 2713 de
2878 2656 3042 2714 Iacob
3079 2658 3358 2715 duodecim
3399 2661 3495 2718 filii
3516 2704 3532 2728 ,

1950 2750 2006 2796 et
2050 2741 2117 2798 de
2147 2741 2429 2799 duodecim
2473 2746 2595 2801 filiis
2642 2747 2887 2804 universa
2925 2764 3161 2822 propago
3204 2750 3531 2809 Judzeorum.

1950 2833 2214 2906 Numquid
2242 2837 2348 2893 illis
2373 2846 2576 2894 tantum
2605 2840 2895 2910 promissus
2920 2851 3003 2898 est
3026 2842 3313 2901 Christus?
3336 2844 3392 2902 Si
3423 2847 3534 2903 dis-

1951 2926 2122 2980 cutias
2145 2927 2270 2997 quid
2302 2930 2369 2983 sit
2395 2927 2590 2995 Israel,
2624 2930 2805 2987 Israeli
2837 2933 3131 3002 promissus
3155 2944 3238 2990 est
3264 2930 3527 2993 Christus.

1952 3016 2119 3076 Isaael
2144 3029 2228 3075 est
2245 3020 2446 3077 Videns
2473 3023 2659 3078 Deum.
2686 3023 3001 3081 Videbimus
3026 3042 3122 3097 per
3163 3030 3398 3098 speciem
3423 3071 3441 3097 ,
3488 3031 3533 3087 si

1954 3127 2092 3166 nunc
2115 3112 2384 3168 videamus
2412 3129 2507 3184 per
2536 3114 2713 3169 fidem.
2731 3115 2933 3173 Habeat
2958 3118 3141 3174 oculos
3168 3117 3303 3175 fides
3327 3130 3531 3189 nostra,

1952 3205 2352 3261 etexhibebitur
2364 3207 2561 3262 veritas
2577 3207 2697 3263 fidei
2718 3226 2732 3261 :
2747 3208 3029 3265 credamus
3050 3210 3101 3265 in
3120 3225 3240 3266 eum
3256 3228 3412 3281 quem
3428 3229 3533 3269 non

1952 3294 2227 3363 videmus,
2255 3305 2311 3352 et
2335 3296 2627 3367 gaudentes
2651 3298 2981 3367 videbimus;
3015 3300 3383 3359 desideremus
3418 3319 3526 3360 non

1952 3385 2154 3453 visum,
2186 3397 2240 3444 et
2264 3386 2502 3443 fruemur
2523 3389 2658 3444 viso.
2690 3389 2831 3461 Ergo
2860 3399 2913 3445 et
2942 3390 3102 3445 modo
3128 3391 3293 3447 Israel
3333 3408 3429 3463 per
3472 3395 3533 3450 fi-

1951 3477 2104 3545 dem;
2132 3488 2255 3535 tunc
2270 3489 2449 3536 autem
2484 3480 2646 3537 Israel
2670 3496 2764 3550 per
2787 3482 3040 3552 speciem,
3068 3481 3201 3539 facie
3225 3483 3291 3538 ad
3319 3483 3531 3543 faciem.

1951 3571 2067 3627 Non
2091 3572 2201 3643 jam
2226 3589 2323 3645 per
2351 3574 2646 3644 speculum,
2680 3589 2784 3630 non
2805 3576 2856 3630 iu
2883 3576 3165 3647 :enigmate
3196 3577 3239 3650 (I
3261 3578 3382 3635 Cor.
3403 3596 3493 3636 xm
3512 3623 3528 3648 ,

1954 3667 2099 3740 I2);
2140 3668 2271 3737 sed,
2311 3669 2760 3740 quemadmodum
2822 3669 3022 3725 dictum
3069 3680 3152 3726 est
3196 3687 3227 3727 a
3273 3672 3519 3737 Joanne,

1959 3776 1980 3813 ι
2013 3759 2351 3816 Dilectissimi
2372 3801 2388 3828 ,
2417 3760 2511 3815 filii
2538 3760 2637 3817 Dei
2662 3775 2881 3828 sumus,
2913 3768 2967 3815 et
3005 3761 3241 3816 nondum
3288 3766 3532 3834 apparuit

1952 3853 2079 3924 quid
2099 3855 2332 3910 erimus:
2356 3854 2552 3909 scimus
2585 3854 2707 3925 quia
2726 3869 2847 3910 cum
2873 3856 3209 3925 apparuerit,
3248 3856 3449 3911 similes
3476 3859 3527 3912 ei

1954 3946 2191 4013 erimus;
2220 3947 2470 4017 quoniam
2499 3946 2796 4001 videbimus
2812 3961 2933 4001 eum
2964 3947 3115 4001 sicuti
3145 3957 3226 4002 est
3255 3966 3277 4001 ι
3306 3947 3351 4012 (ι
3371 3947 3530 4003 Joan.

1955 4052 2049 4104 ιιι,
2112 4038 2211 4107 2).
2268 4037 2345 4093 Ad
2387 4036 2524 4093 hanc
2572 4038 2829 4093 visionem
2887 4048 3070 4108 parate
3118 4038 3277 4093 corda
3331 4050 3530 4109 vestra,

1952 4128 2018 4183 ad
2070 4128 2179 4183 hoc
2222 4128 2470 4198 gaudium
2524 4138 2706 4199 parate
2767 4130 2972 4195 animas
3016 4138 3259 4185 vestras:
3305 4145 3532 4201 quomo-

1951 4218 2022 4273 do
2074 4218 2119 4274 si
2171 4218 2338 4274 solem
2389 4218 2550 4274 vellet
2612 4219 2750 4274 Deus
2812 4220 3123 4286 ostendere,
3188 4231 3430 4278 moneret
3476 4231 3533 4279 ut

1954 4311 2140 4368 oculos
2182 4313 2439 4383 pararetis
2499 4313 2709 4379 mritis;
2755 4313 2849 4369 sed
2900 4314 3023 4384 quia
3085 4314 3361 4384 sapientia:
3423 4330 3535 4372 sua:

1954 4402 2190 4472 speciem
2218 4402 2372 4458 vobis
2391 4402 2637 4474 dignatur
2664 4402 2970 4471 ostendere,
2996 4414 3179 4473 parate
3208 4406 3392 4461 oculos
3417 4421 3535 4462 eor-

1953 4493 2057 4548 dis.
2087 4495 2234 4550 Beati
2260 4494 2439 4550 mundi
2470 4494 2653 4561 corde,
2682 4496 2931 4566 quoniam
2964 4496 3061 4565 ipsi
3085 4496 3250 4552 Deum
3279 4498 3538 4555 videbunt

1956 4584 2182 4658 (Matth.
2212 4602 2265 4652 v,
2289 4586 2379 4656 8).
2408 4586 2606 4642 Memor
2629 4587 2725 4657 fuit
2746 4586 3104 4642 misericordia:
3137 4602 3244 4643 sua:
3266 4587 3452 4658 Iacob,
3485 4600 3536 4646 et

1952 4678 2175 4733 veritatis
2189 4693 2296 4732 sua:
2315 4676 2484 4731 domui
2504 4677 2691 4732 Israel.
2718 4677 2847 4744 Quis
2868 4687 2953 4733 est
2976 4678 3074 4734 iste
3090 4676 3292 4735 Israel?
3310 4679 3387 4737 Ne
3401 4679 3540 4738 forte

1954 4786 2112 4825 unam
2137 4780 2352 4841 gentem
2373 4769 2579 4841 cogites
2604 4769 2932 4838 Judazorum,
2961 4770 3083 4826 audi
3101 4772 3241 4841 quod
3263 4773 3534 4844 sequitur:

1962 4861 2210 4917 Viderunt
2253 4878 2425 4917 omnes
2454 4862 2581 4932 ﬁnes
2623 4871 2770 4918 terra:
2804 4863 3030 4919 salutare
3074 4862 3172 4920 .Dei
3217 4867 3396 4920 nostri.
3418 4865 3535 4920 Non

1951 4952 2155 5008 dictum
2195 4961 2313 5014 est,
2358 4952 2533 5008 omnis
2563 4961 2745 5020 terra;
2792 4953 2927 5020 sed,
2972 4971 3144 5011 omnes
3184 4956 3313 5025 ﬁnes
3350 4964 3535 5010 terrm:

1953 5042 2221 5114 quomodo
2243 5042 2460 5111 dicitur,
2490 5060 2520 5100 a
2552 5043 2781 5100 termino
2813 5060 2981 5117 usque
3005 5046 3072 5102 ad
3100 5047 3403 5103 terminum.
3426 5046 3535 5101 Ne—

1953 5152 2042 5190 mo
2056 5135 2322 5201 concidat,
2335 5150 2495 5192 nemo
2506 5135 2760 5207 dissipet;
2774 5136 2925 5194 fortis
2939 5146 3021 5193 est
3037 5137 3208 5193 unitas
3221 5135 3411 5191 Christi
3421 5137 3537 5193 ,Το-

1954 5237 2065 5283 tum
2096 5227 2226 5282 emit
2247 5267 2262 5291 ,
2310 5227 2403 5298 qui
2431 5235 2634 5284 tantum
2662 5229 2888 5298 pretium
2918 5227 3064 5283 dedit
3091 5244 3105 5280 :
3147 5225 3387 5281 Viderunt
3415 5244 3529 5282 om-

1954 5336 2041 5375 nes
2071 5320 2199 5388 lines
2227 5326 2376 5373 teme
2396 5318 2620 5374 salutare
2649 5318 2741 5375 Dei
2772 5320 2950 5375 nostri.

2022 5411 2077 5467 4.
2101 5410 2261 5485 [uers.
2287 5407 2370 5482 4.]
2386 5410 2518 5477 Quia
2544 5424 2673 5481 ergo
2699 5410 2975 5474 viderunt,
3015 5407 3240 5464 Jubilate
3262 5408 3400 5476 Deo,
3424 5414 3535 5467 uni-

1950 5518 2094 5558 versa
2117 5512 2269 5556 terra.
2296 5500 2415 5558 Jam
2445 5502 2614 5557 nostis
2643 5501 2769 5571 quid
2815 5501 2887 5556 sit
2923 5499 3171 5570 jubilare.
3195 5500 3435 5559 Gaudete
3480 5512 3536 5560 et

1951 5594 2248 5666 loquimini.
2264 5593 2319 5649 Si
2339 5593 2477 5663 quod
2492 5592 2732 5662 gaudetis
2744 5592 2887 5661 loqui
2910 5607 3015 5647 non
3036 5593 3274 5663 potestis,
3290 5594 3533 5665 jubilate;

1951 5687 2201 5758 gaudium
2231 5694 2466 5740 vestrum
2493 5682 2755 5751 exprimat
2784 5682 3058 5753 jubilatio,
3112 5686 3155 5739 si
3197 5698 3304 5743 non
3361 5693 3535 5755 potest

2022 5800 2035 5830 ¹
2057 5799 2128 5847 sic
2153 5795 2321 5858 [lurcs
2338 5801 2443 5845 Mss.
2468 5801 2523 5844 Αι
2544 5792 2677 5856 Edd.,
2702 5790 2888 5846 domus.
