4058 6484
567 350 708 408 1255

567 469 763 525 locutio
788 483 801 520 :
830 479 937 521 non
962 464 1029 519 εὶι
1058 473 1236 519 tamen
1262 465 1467 514 mutum
1494 454 1743 527 gaudium
1769 472 1783 521 ;
1814 469 1907 511 cor
1933 470 2038 509 non
2065 464 2149 509 ta-

562 568 686 617 ceat
717 558 884 613 Deum
927 570 1115 619 suum,
1157 566 1261 606 non
1309 555 1479 603 taceat
1524 560 1745 600 munera
1789 544 1923 615 ejus.
1956 544 2015 600 Si
2058 543 2151 598 tibi

564 651 820 723 loqueris,
846 648 937 704 tibi
966 654 1182 702 sanatus
1202 657 1293 708 es;
1320 642 1364 696 si
1387 641 1436 695 ei
1462 648 1514 694 te
1540 639 1747 693 sanavit
1772 636 1989 691 dextera
2011 635 2147 705 ejus,

565 744 616 799 ei
660 743 879 812 loquere
921 739 1005 793 cui
1050 743 1268 791 sanatus
1304 746 1386 786 es.
1431 748 1451 783 ‹
1488 728 1746 784 Viderunt
1792 742 1981 781 omnes
2020 725 2154 779 ﬁnes

564 842 723 889 terra:
770 829 1004 886 salutare
1049 826 1141 881 Dei
1186 823 1374 879 nostri.
1416 820 1646 877 Jubilate
1690 819 1802 875 Deo
1834 861 1849 885 ,
1904 818 2152 873 universa

566 935 740 985 terra;
771 928 1011 981 cantate,
1041 925 1095 970 et
1128 913 1393 970 exsultate
1415 954 1431 979 ,
1460 923 1513 967 et
1536 912 1773 983 psallite.

635 1014 688 1070 5.
719 1011 885 1087 [verm
908 1007 1001 1082 5.]
1029 1007 1246 1064 Psallite
1271 1005 1490 1059 Domino
1516 1002 1623 1057 Deo
1644 1012 1819 1056 nostro
1851 1000 1903 1055 in
1924 999 2149 1064 cithara,

562 1108 616 1161 in
643 1106 839 1161 ci;hara
864 1112 909 1158 et
936 1118 1054 1157 voce
1084 1100 1287 1171 psalmi.
1311 1096 1527 1153 Psallite
1551 1138 1563 1160 ,
1600 1110 1705 1149 non
1740 1108 1870 1149 voce
1900 1092 2049 1157 sola;
2077 1105 2155 1145 as-

565 1197 760 1253 sumite
785 1208 948 1265 Opera
970 1236 987 1258 ,
1015 1201 1073 1247 ut
1103 1206 1208 1246 non
1241 1200 1443 1245 tantum
1472 1188 1696 1242 eantelis
1714 1226 1731 1251 ,
1761 1184 1856 1240 sed
1880 1193 1932 1239 et
1961 1197 2154 1253 opere-

564 1289 716 1344 mini.
746 1287 845 1357 Qui
875 1294 1055 1342 cantat
1095 1294 1150 1340 et
1192 1292 1463 1354 operatur,
1496 1278 1675 1351 psallit
1700 1279 1755 1333 in
1781 1275 1988 1332 cithara
2014 1283 2068 1329 et
2099 1274 2151 1328 in

566 1381 839 1452 psalterio.
1426 1420 1430 1423 .

635 1474 688 1527 6.
719 1470 883 1545 [vera
908 1468 985 1542 6.]
1015 1468 1079 1522 Et
1112 1466 1235 1522 vide
1285 1465 1464 1536 qualia
1493 1477 1693 1533 organa
1738 1459 2102 1530 adjunguntur
2132 1459 2149 1489 ‘

564 1565 617 1619 in
662 1560 1096 1617 similitudiuilms
1128 1576 1141 1612 :
1176 1556 1241 1611 In
1284 1555 1415 1610 tubis
1462 1553 1730 1607 ductilibus
1775 1561 1821 1604 et
1864 1566 1978 1604 voce
2021 1549 2156 1604 tubae

563 1670 779 1711 cometa.
808 1651 944 1722 Quid
990 1651 1089 1706 sibi
1133 1650 1314 1703 volunt
1348 1647 1486 1701 tuba:
1514 1646 1738 1699 duetiles
1767 1652 1820 1698 et
1850 1641 1989 1696 tuba:
2029 1656 2153 1694 cor-

566 1746 716 1803 nea)?
749 1745 980 1799 Ductilcs
1007 1743 1147 1795 tuba:
1178 1756 1332 1795 aerea:
1362 1744 1512 1801 sunt,
1546 1732 1817 1789 tundendo
1848 1731 2151 1801 producun-

564 1851 672 1895 tur.
704 1840 761 1895 Si
791 1835 1083 1900 tundendo,
1126 1848 1253 1902 ergo
1284 1828 1600 1900 vapulando.
1631 1825 1791 1881 Eritis
1816 1824 1955 1878 tuba:
1978 1821 2151 1876 ducti-

565 1933 675 1997 les,
721 1930 786 1983 ad
829 1927 1037 1982 laudem
1080 1925 1168 1979 Dei
1218 1922 1519 1993 productas,
1563 1919 1609 1973 si
1659 1933 1779 1971 cum
1829 1912 2151 1969 tribulamini

568 2025 860 2098 proﬁciatis
885 2041 897 2077 :
930 2020 1197 2076 tribulatio
1233 2016 1428 2079 tunsio,
1457 2013 1721 2085 profectus
1748 2008 2023 2081 productio
2047 2015 2148 2062 est.

564 2120 713 2175 Tuba
761 2115 972 2171 ductilis
1010 2120 1125 2168 erat
1165 2110 1300 2176 Job,
1344 2106 1556 2178 quando
1604 2112 1823 2173 repente
1869 2113 2151 2171 percussus

565 2209 725 2266 tantis
752 2208 959 2263 damnis
988 2214 1040 2259 et
1070 2202 1297 2257 orbitate
1326 2198 1576 2262 ﬁliorum,
1610 2194 1854 2249 tunsioue
1884 2192 1970 2245 illa
1995 2198 2153 2243 tanta:

563 2298 923 2356 tribulationis
967 2296 1138 2350 factus
1183 2293 1306 2347 tuba
1349 2289 1595 2351 ductilis,
1638 2285 1862 2341 sonuit:
1906 2282 2152 2337 Dominus

561 2392 732 2458 dedit,
771 2389 1012 2443 Dominus
1054 2386 1292 2448 abstulit;
1330 2383 1458 2437 sicut
1506 2379 1722 2433 Domino
1750 2375 1939 2445 placuit
1966 2373 2038 2427 ita
2067 2376 2148 2445 fa-

562 2493 697 2536 ctum
725 2491 795 2535 est
820 2495 836 2534 :
860 2481 922 2533 sit
945 2492 1126 2532 nomen
1163 2472 1372 2528 Domini
1396 2470 1730 2525 benedictum.
1757 2463 2037 2532 Quomodo
2064 2478 2154 2519 so.

564 2573 713 2628 nuit!
746 2585 901 2641 quam
933 2582 1149 2623 suavem
1183 2577 1373 2619 sonum
1418 2560 1596 2615 dedit!
1643 2558 1747 2612 Ista
1779 2554 1988 2611 ductilis
2024 2553 2151 2609 tuba

544 2668 742 2721 adhuc
772 2663 1047 2718 tunditur:
1081 2660 1236 2714 datus
1264 2664 1347 2712 est
1385 2655 1437 2710 in
1474 2658 1818 2723 potestatem,
1850 2657 1908 2701 ut
1947 2654 2002 2701 et
2025 2660 2151 2700 caro

562 2758 679 2829 ejus
699 2762 1091 2826 percuteretur;
1113 2762 1361 2819 percussa
1381 2755 1481 2811 est,
1501 2742 1663 2813 cmpit
1683 2749 2010 2811 putrescere,
2030 2751 2150 2791 sea-

564 2858 679 2906 tere
708 2846 996 2902 vermibus.
1030 2840 1315 2912 Supposita
1344 2836 1455 2893 Eva
1483 2834 1549 2890 ad
1577 2831 1976 2894 seductionetn,
2017 2844 2152 2881 uxor

560 2942 678 3012 ejus
712 2948 917 2995 servata
946 2936 1011 2991 ad
1038 2932 1388 2989 ministerium
1417 2927 1640 2992 diaboli,
1675 2940 1783 2981 non
1810 2923 1875 2978 ad
1902 2922 2149 2977 solatium

559 3032 763 3096 inmiti,
809 3028 1042 3100 suggerit
1080 3022 1496 3094 blaSphemiam;
1534 3035 1638 3074 non
1677 3018 2012 3086 obtemperat
2036 3014 2145 3068 ille.

554 3122 957 3191 Obtemperavit
1000 3118 1171 3174 Adam
1200 3117 1324 3170 Eva:
1366 3114 1416 3168 iu
1462 3110 1707 3184 paradiso
1747 3105 1899 3177 (Gen.
1933 3120 2022 3169 nt,
2052 3104 2145 3173 6);

556 3212 768 3283 repellit
795 3210 961 3264 Adam
992 3209 1154 3262 Evam
1180 3205 1233 3259 in
1260 3211 1516 3258 stercore.
1547 3199 1601 3253 ln
1633 3208 1867 3253 stercore
1893 3194 2034 3250 enim
2065 3207 2150 3247 sc-

558 3305 719 3360 dcbat
745 3302 846 3358 Job
865 3343 879 3365 ,
908 3315 1027 3355 eum
1060 3297 1246 3352 flueret
1272 3304 1325 3348 et
1351 3296 1682 3364 putresceret
1710 3286 1997 3342 vermibus.
2029 3283 2142 3338 Me-

560 3396 661 3451 lior
683 3394 784 3450 Job
812 3392 979 3461 putris
1004 3391 1055 3443 in
1084 3397 1344 3449 stercore,
1371 3399 1529 3454 quam
1560 3382 1646 3436 ille
1676 3380 1883 3448 integer
1907 3376 1960 3430 in
1991 3389 2147 3444 para-

557 3490 694 3545 diso.
727 3485 831 3542 Sed
861 3485 1034 3538 adhuc
1074 3481 1164 3535 illa
1210 3480 1318 3534 Eva
1364 3486 1514 3541 erat,
1555 3475 1666 3545 jam
1712 3472 1804 3527 ille
1832 3469 2001 3525 Adam
2042 3484 2149 3522 non

559 3589 696 3636 erat.
732 3573 1027 3643 Respondit
1066 3571 1189 3626 Evae
1220 3575 1529 3640 prmparata:
1553 3565 1619 3620 ad
1650 3564 1805 3619 istam
1838 3560 2149 3630 supplanta-

559 3672 761 3724 tionem
793 3675 849 3722 et
878 3664 1224 3721 tentationem
1247 3702 1262 3727 ,
1306 3669 1360 3716 et
1403 3660 1477 3713 ait
1514 3658 1588 3713 illi
1615 3675 1628 3711 :
1663 3656 1825 3727 (Ecce
1850 3653 2151 3709 audivimus

557 3762 825 3833 quomodo
854 3758 1090 3813 tunditur
1114 3756 1235 3811 tuba
1264 3754 1383 3809 ista.
1414 3752 1681 3808 Percussit
1701 3765 1822 3805 eum
1846 3748 2089 3804 diabolus
2117 3761 2148 3802 a

559 3856 732 3925 capite
754 3866 922 3922 usque
942 3850 1004 3905 ad
1030 3850 1192 3920 pedes
1210 3846 1359 3918 gravi
1376 3845 1611 3911 vulnere,
1634 3853 1688 3899 et
1703 3852 2013 3913 putrescens
2033 3856 2152 3897 ver—

556 3946 750 4010 mibus,
774 3941 993 3998 sedebat
1014 3941 1064 3995 in
1089 3950 1347 3995 stercore.
1370 3935 1682 3991 Audivimus
1702 3931 2151 4004 quemadmodum

556 4048 746 4093 tunsus
766 4044 879 4099 est;
901 4033 1184 4088 audiamus
1203 4030 1475 4103 quomodo
1501 4037 1689 4085 sonet:
1718 4027 1857 4082 tuba:
1878 4025 2035 4095 hujus
2055 4024 2153 4079 du-

555 4129 694 4183 ctilis
722 4126 931 4181 dulcem
972 4139 1189 4188 vocem,
1221 4123 1264 4177 si
1292 4123 1481 4192 placet,
1512 4118 1837 4187 audiamus.)
1862 4116 2053 4171 Locuta
2075 4133 2149 4184 es,

558 4221 763 4291 inquit,
803 4230 1042 4288 tauquam
1083 4233 1187 4270 una
1232 4232 1293 4269 ea:
1333 4214 1685 4283 insipientibus
1727 4210 2034 4264 mulieribus.
2090 4194 2153 4263 Si

558 4310 688 4363 bona
706 4308 1017 4378 percepimus
1035 4306 1097 4359 de
1111 4319 1266 4358 manu
1287 4302 1507 4367 Domini,
1525 4301 1664 4354 mala
1681 4316 1782 4353 non
1798 4299 2152 4353 sustinebimus

558 4399 682 4471 (Job
704 4415 741 4463 ι,
776 4398 902 4467 ll)?
926 4395 969 4451 Ο
990 4411 1178 4450 sonum
1201 4393 1423 4449 fortem!
1449 4407 1483 4447 o
1500 4406 1688 4446 sonum
1711 4390 1955 4444 dulcem!
1981 4388 2167 4457 Quem

559 4508 665 4546 non
692 4489 1044 4544 dormientem
1068 4485 1266 4542 excitet
1291 4500 1454 4539 sonus
1479 4483 1610 4537 iste?
1637 4496 1797 4551 quem
1820 4495 1923 4534 non
1954 4478 2150 4535 excitet

559 4582 902 4654 praesumptio
921 4581 971 4634 in
994 4580 1125 4646 Deo,
1145 4587 1203 4632 ut
1223 4576 1477 4631 adversus
1496 4575 1764 4630 diabolum
1788 4587 2004 4628 securus
2026 4588 2153 4642 pro-

558 4672 713 4730 cedat
756 4674 805 4727 in
840 4672 1116 4743 praelium;
1160 4685 1269 4725 non
1312 4669 1423 4724 suis
1448 4667 1649 4722 viribus
1672 4666 2011 4732 obtenturus,
2057 4665 2152 4721 sed

559 4765 704 4821 illius
747 4765 836 4834 qui
868 4761 1091 4833 probat?
1117 4760 1249 4829 Quia
1290 4760 1404 4830 ipse
1428 4757 1589 4813 etiam
1618 4756 1821 4823 tundit;
1862 4771 1966 4812 non
2006 4757 2150 4810 enim

557 4856 757 4911 (ticeret
808 4854 1026 4908 malleus
1057 4853 1074 4885 ¹
1116 4852 1184 4907 de
1224 4850 1422 4920 seipse.
1474 4850 1550 4905 De
1589 4849 1729 4904 illius
1769 4848 1911 4904 enim
1953 4847 2150 4903 diaboli

558 4960 715 5016 paena
760 4944 939 4999 futura
972 4943 1229 5013 propheta
1270 4953 1697 4996 commemorans
1724 4939 1795 4993 ait
1839 4958 1856 4995 :
1895 4937 2153 4994 Conlritus

557 5047 632 5091 est
664 5036 875 5091 malleus
915 5035 1161 5089 universa
1198 5042 1343 5087 terra
1380 5030 1609 5105 (Jeretn.
1652 5047 1716 5092 ι..
1745 5031 1860 5102 23).
1902 5031 2150 5086 Malleum

559 5130 826 5183 universae
869 5137 1064 5190 teme,
1108 5122 1379 5179 diabolum
1422 5122 1592 5177 voluit
1635 5122 1878 5192 intelligi.
1910 5120 1990 5177 De
2036 5121 2151 5190 ipso

561 5221 753 5274 malleo
784 5220 835 5271 in
879 5232 1035 5271 manu
1065 5216 1157 5272 Dei
1203 5216 1396 5287 posito,
1435 5214 1489 5270 id
1517 5224 1602 5271 est
1642 5215 1693 5270 in
1736 5222 1994 5285 potestate
2022 5214 2148 5279 Dei,

563 5307 857 5363 tunduntur
880 5307 1112 5363 ductiles
1141 5307 1298 5373 tubte,
1324 5317 1385 5361 ut
1408 5315 1661 5362 resonent
1688 5304 1873 5361 laudes
1907 5304 2019 5360 Dei.
2051 5304 2149 5359 Vi-

562 5397 690 5452 dete
716 5398 1161 5469 quemadmodum
1189 5396 1398 5470 (audeo
1439 5396 1636 5461 dicere,
1679 5395 1868 5454 fratres
1893 5396 1996 5451 mei
2021 5393 2060 5467 ,)
2084 5395 2150 5453 de

560 5490 666 5545 isto
690 5490 882 5547 malleo
910 5492 1070 5545 etlam
1097 5488 1384 5559 Apostolus
1423 5488 1777 5543 tondebatur:
1808 5485 1873 5541 In
1898 5488 2151 5559 magnitu-

560 5584 679 5635 dine
700 5626 714 5644 .
744 5581 914 5651 inquit
939 5622 953 5643 ,
984 5582 1346 5637 revelationum
1377 5597 1439 5633 ne
1482 5577 1717 5642 extollar,
1747 5578 1896 5633 datus
1923 5589 1995 5633 est
2025 5578 2148 5633 mihi

560 5675 796 5731 stimutus
823 5673 987 5725 carnis
1010 5688 1137 5727 mea:
1162 5674 1373 5743 angelus
1397 5682 1607 5732 satanas,
1634 5672 1718 5739 qui
1750 5685 1827 5724 me
1845 5670 2143 5740 colaphizcl.

626 5811 643 5841 ⁸
674 5809 747 5856 sic
772 5809 985 5869 l-oliut‘t‘s
1010 5814 1113 5856 Mss.
1141 5806 1240 5868 alii,
1262 5805 1503 5855 malleum.
1528 5812 1576 5853 .tt
1601 5802 1730 5868 till,
1752 5802 1964 5854 mrtllt'os.

1808 338 1864 394 S.
1897 336 2265 395 AUGUSTINI
2307 338 2609 396 EPISCOPI

3713 346 3847 404 £238

2262 455 2399 512 Ecce
2426 457 2695 523 tunditur;
2720 457 2991 525 videamus
3014 459 3461 530 quemadmodum
3488 475 3643 522 sonet
3668 486 3682 521 :
3715 469 3849 525 Pro-

2260 555 2369 614 pter
2394 546 2549 615 qnod,
2577 548 2777 617 inquit,
2801 558 2876 602 ter
2899 547 3170 603 Dominum
3190 553 3384 623 rogavi,
3406 564 3463 608 ut
3484 556 3710 626 auferret
3730 576 3843 616 eum

2257 651 2290 686 a
2312 650 2413 700 me;
2435 645 2481 689 et
2515 636 2643 691 dixit
2669 638 2811 702 mihi,
2838 637 3036 711 Suﬁicit
3066 640 3153 694 tibi
3181 643 3348 712 gratia
3372 661 3521 712 mea;
3551 664 3670 703 nam
3694 652 3845 708 virtus

2258 727 2310 781 in
2339 728 2637 798 inﬁrmitate
2663 732 2945 803 perﬁcitur.
2977 732 3085 805 Ego
3111 734 3291 790 tubam
3317 778 3332 803 ,
3360 736 3533 810 inquit
3558 740 3648 797 ille
3688 741 3848 799 fabri-

2258 827 2429 885 cator,
2462 820 2723 889 perﬁcere
2749 823 2909 890 volo;
2937 839 3044 879 non
3075 824 3348 895 perﬁciam
3376 829 3481 885 nisi
3507 831 3724 887 tundam
3754 851 3769 889 :
3795 836 3849 889 in

2258 909 2552 978 inﬁrmitate
2579 914 2736 967 virtus
2763 915 3043 985 perﬁcitur.
3070 916 3138 971 Et
3175 917 3299 973 audi
3322 918 3435 989 jam
3467 921 3635 991 ipsam
3664 924 3846 980 tubam

2257 999 2505 1057 duetilem
2528 1004 2665 1061 bene
2687 1016 2962 1062 sonantem
2989 1026 3002 1063 :
3030 1007 3246 1076 Quando
3261 1010 3513 1081 inﬁrmor,
3533 1024 3651 1069 tunc
3675 1026 3850 1086 potens

2258 1110 2371 1148 sum
2411 1095 2491 1167 (Il
2519 1096 2635 1151 Cor.
2681 1113 2777 1166 xtt,
2809 1097 2982 1173 7-10).
3017 1100 3087 1155 Et
3121 1101 3234 1172 ipse
3258 1102 3564 1173 Apostolus,
3598 1115 3849 1179 tanquam

2258 1187 2529 1255 apostolus
2552 1186 2762 1243 hterens
2790 1190 3024 1258 Christo,
3056 1192 3266 1249 ἣξει-επις
3290 1194 3367 1249 illi
3392 1195 3627 1253 dexterae
3652 1198 3721 1255 de
3745 1216 3851 1271 qua

2258 1284 2468 1332 tenetur
2511 1279 2733 1335 malleus
2763 1290 2822 1336 ut
2852 1283 3108 1352 producat
3153 1284 3331 1340 tubam
3356 1328 3371 1353 ,
3405 1286 3457 1341 in
3499 1288 3585 1343 illa
3627 1288 3851 1347 dextera

2258 1368 2461 1437 positus
2490 1367 2616 1425 facit
2642 1380 2694 1425 et
2725 1371 2838 1441 ipse
2877 1372 2942 1427 de
2982 1373 3100 1443 ipso
3125 1375 3348 1441 malleo;
3380 1376 3507 1432 dicit
3532 1379 3599 1435 de
3627 1381 3851 1451 quibus-

2257 1458 2403 1524 dam,
2437 1459 2577 1525 Quos
2606 1462 2798 1515 tradidi
2826 1472 3038 1529 satante,
3072 1475 3126 1517 ut
3148 1465 3346 1521 discant
3371 1484 3469 1523 non
3499 1469 3853 1540 blasphemare

2260 1548 2315 1624 (l
2341 1549 2475 1605 Tim.
2526 1567 2564 1617 ι,
2594 1551 2712 1624 20).
2744 1553 2985 1609 Tradidit
3015 1556 3207 1611 malleo
3238 1556 3557 1614 tuudendos.
3589 1560 3727 1617 Male
3754 1578 3851 1619 so-

2260 1643 2458 1699 nabant
2489 1655 2773 1716 antequam
2821 1646 3278 1717 producerentur;
3328 1650 3465 1707 forte
3505 1653 3747 1722 producti
3797 1664 3853 1733 et

2259 1736 2381 1791 facti
2405 1737 2544 1793 tubae
2564 1737 2812 1805 ductiles,
2838 1739 3035 1795 amissa
3056 1739 3403 1811 blasphemia,
3432 1741 3615 1799 laudes
3636 1745 3851 1802 Domini

2258 1837 2575 1886 sonuerunt.
2605 1830 2698 1884 ﬂre
2726 1838 2851 1885 sunt
2874 1830 3015 1885 tuba:
3043 1831 3290 1888 ductiles.

2327 1921 2383 1975 7.
2424 1920 2536 1975 Vox
2570 1920 2710 1976 tuba:
2738 1936 2951 1978 cornea:
2977 1923 3105 1993 quid
3133 1924 3251 1978 est?
3278 1922 3457 1980 Cornu
3481 1925 3692 1982 excedit
3723 1942 3849 1983 ear-

2258 2028 2379 2068 nem
2412 2031 2425 2066 :
2458 2029 2679 2070 necesse
2717 2025 2801 2071 est
2838 2024 2897 2070 ut
2926 2031 3141 2071 carnem
3186 2018 3490 2088 superando
3532 2018 3597 2073 sit
3635 2019 3850 2076 ﬁrmum

2257 2105 2323 2158 ad
2371 2105 2785 2174 perdurandum,
2832 2116 2885 2163 et
2932 2122 3101 2180 capax
3144 2108 3313 2163 vocis.
3356 2108 3460 2164 Sed
3508 2108 3650 2165 unde
3701 2111 3852 2166 hoc?

2257 2197 2387 2265 Quia
2417 2213 2634 2254 carnem
2681 2200 2968 2269 superavit.
3017 2199 3116 2267 Qui
3160 2200 3273 2255 vult
3301 2215 3422 2256 esse
3469 2200 3593 2257 tuba
3623 2216 3849 2268 conisa,

2256 2299 2473 2360 superet
2492 2304 2729 2345 carnem.
2748 2290 2884 2359 Quid
2906 2299 3009 2355 est,
3032 2302 3246 2361 superet
3267 2292 3518 2349 carnem?
3548 2292 3853 2351 Transcen-

2257 2381 2348 2436 dat
2390 2382 2632 2438 carnales
2662 2382 2903 2449 allectus,
2932 2382 3111 2438 vincat
3137 2384 3380 2439 carnales
3408 2384 3676 2441 libidines.
3705 2387 3852 2443 Audi

2257 2474 2413 2527 tubas
2453 2487 2677 2528 eorneas
2708 2491 2720 2527 :
2756 2490 2777 2525 ι
2810 2472 2867 2528 Si
2912 2483 3090 2529 autem
3135 2474 3509 2530 resurrexistis
3537 2490 3659 2530 eum
3687 2473 3853 2532 Chri-

2254 2572 2363 2631 sto,
2402 2582 2421 2617 ι
2456 2564 2742 2634 Apostolus
2778 2564 2928 2631 dicit,
2968 2583 2988 2617 ‹
3025 2580 3143 2636 quae
3186 2580 3398 2621 sursum
3437 2575 3561 2621 sunt
3597 2568 3851 2637 quaerite,

2256 2655 2347 2711 ubi
2376 2656 2617 2710 Christus
2645 2665 2728 2712 est
2756 2656 2809 2709 in
2835 2655 3055 2711 dextera
3085 2655 3180 2711 Dei
3207 2655 3438 2722 sedens;
3480 2671 3598 2726 qua:
3628 2670 3853 2713 sursum

2256 2757 2380 2802 sunt
2401 2749 2588 2816 sapite,
2610 2762 2713 2802 non
2732 2764 2849 2818 quae
2869 2762 3031 2818 super
3057 2757 3251 2803 terram
3273 2766 3292 2800 ›
3315 2746 3531 2820 (Coloss.
3556 2765 3633 2817 tu,
3654 2751 3678 2806 ί
3702 2761 3745 2805 et
3764 2752 3851 2824 9.).

2254 2839 2390 2904 Quid
2423 2849 2524 2905 est,
2561 2858 2580 2891 ι
2620 2855 2737 2909 qua:
2763 2854 2976 2894 sursum
3002 2847 3129 2895 sunt
3156 2841 3416 2909 quaerite?
3451 2861 3466 2893 ι
3512 2841 3566 2896 Id
3595 2850 3699 2908 est,
3726 2858 3855 2900 car-

2255 2945 2379 2985 nem
2408 2930 2669 2996 excedite,
2695 2930 2859 2986 nolite
2880 2932 3115 2986 carnalia
3140 2932 3393 3001 cOgitare.
3419 2931 3667 2988 Nondum
3687 2945 3856 2991 erant

2255 3021 2397 3076 tubae
2424 3034 2657 3089 cornere,
2691 3021 2886 3093 quibus
2926 3021 3102 3077 adhuc
3131 3022 3205 3077 ita
3255 3018 3572 3092 loquebatur
3600 3042 3614 3079 :
3648 3042 3666 3077 I
3714 3024 3858 3081 Ρη-

2256 3121 2385 3179 tres,
2421 3130 2526 3168 non
2558 3115 2704 3184 potui
2747 3115 2900 3170 vobis
2946 3114 3093 3185 loqui
3134 3115 3284 3185 quasi
3319 3112 3704 3185 spiritualibu's,
3747 3118 3857 3174 sed

2254 3204 2406 3275 quasi
2435 3205 2759 3261 carnalibus.
2805 3205 3080 3277 Tanquam
3125 3205 3359 3276 parvulis
3400 3206 3452 3260 in
3483 3205 3718 3271 Christo,
3764 3207 3858 3263 lac

2254 3295 2405 3352 vobis
2435 3305 2617 3366 potum
2639 3296 2783 3363 dedi,
2805 3312 2908 3352 nou
2935 3312 3149 3364 escam;
3184 3313 3356 3369 neque
3382 3298 3523 3352 enim
3549 3299 3856 3369 poteratis:

2254 3386 2353 3473 sed
2380 3403 2480 3443 nec
2527 3387 2702 3443 adhuc
2736 3388 2951 3459 quidem
3002 3390 3261 3459 potestis;
3311 3389 3440 3444 estis
3479 3390 3621 3445 enim
3667 3390 3859 3449 adhuc

2253 3478 2518 3535 carnales.
2554 3498 2575 3533 ι
2610 3480 2748 3551 Ergo
2776 3496 2882 3535 non
2930 3490 3084 3537 erant
3128 3482 3267 3537 tuba:
3308 3496 3545 3551 cornea‘,
3572 3484 3693 3553 quia
3734 3500 3859 3542 non

2254 3579 2597 3627 excesserant
2620 3586 2858 3627 carnem.
2880 3571 3058 3628 Cornu
3085 3581 3142 3628 et
3167 3572 3313 3627 carni
3341 3573 3528 3641 lueret,
3548 3584 3601 3630 et
3623 3571 3857 3634 Carnem

2255 3662 2495 3727 excedit;
2525 3672 2579 3717 et
2602 3678 2904 3734 quanquam
2938 3663 3005 3719 de
3041 3679 3204 3721 carne
3233 3658 3455 3734 oriatur,
3483 3677 3699 3735 superat
3727 3684 3862 3726 car-

2256 3768 2401 3808 nem.
2430 3753 2485 3809 Si
2511 3755 2603 3808 es‘
2633 3769 2763 3825 ergo
2787 3770 2851 3810 ex
2881 3755 3082 3810 carnali
3111 3756 3440 3826 spiritualis;
3473 3757 3648 3813 adhuc
3680 3774 3861 3817 carne

2255 3842 2431 3897 caleas
2458 3851 2679 3909 terram,
2701 3853 2756 3899 et
2781 3845 2973 3914 spiritu
3005 3846 3245 3918 erumpis
3271 3848 3321 3901 in
3348 3846 3540 3903 coelum
3560 3867 3574 3903 :
3596 3846 3665 3903 In
3693 3867 3860 3908 carne

2254 3937 2389 3991 enim
2418 3937 2748 4004 ambulantes,
2782 3938 2969 4009 inquit,
3005 3955 3107 3992 non
3150 3940 3426 3993 secundum
3472 3957 3672 3995 carnem
3715 3947 3857 3999 mili-

2257 4036 2422 4082 tamus
2450 4026 2524 4100 (ll
2551 4026 2672 4082 Cor.
2704 4044 2763 4093 x,
2788 4028 2867 4101 5).
2898 4028 3031 4084 Nam
3072 4029 3201 4085 illud
3229 4031 3419 4100 quibus
3454 4032 3585 4087 dixit
3610 4034 3854 4103 Aposto-

2258 4116 2359 4182 lus,
2391 4116 2603 4182 fratres,
2636 4133 2739 4173 non
2766 4120 3253 4189 prmtermittamus.
3286 4119 3423 4187 Quid
3451 4122 3551 4176 illis
3580 4122 3675 4187 ait,
3702 4126 3856 4181 unde

2256 4210 2511 4279 probaret
2541 4211 2661 4265 illos
2704 4212 2948 4266 carnales
2993 4212 3224 4267 carnalia
3256 4228 3465 4283 sapere,
3496 4223 3553 4269 et
3602 4217 3855 4273 nondum

2256 4301 2424 4355 factos
2453 4301 2604 4357 tubas
2630 4302 2896 4359 corneas?
2930 4320 2948 4354 ι
2982 4302 3116 4358 Cum
3148 4304 3291 4358 enim
3321 4304 3452 4359 dicit
3476 4309 3857 4380 unusquisque

2256 4403 2516 4459 vestrum,
2549 4395 2659 4465 Ego
2689 4409 2809 4449 sum
2856 4394 3046 4461 Pauli;
3095 4395 3251 4461 alius,
3282 4395 3394 4466 Ego
3429 4398 3658 4466 Apollo;
3708 4401 3858 4457 alius

2256 4496 2458 4552 autem,
2490 4486 2603 4557 Ego
2628 4485 2859 4557 Cephte:
2895 4502 3073 4542 nonne
3107 4487 3351 4543 carnales
3377 4490 3527 4554 estis,
3567 4500 3622 4545 et
3646 4506 3853 4547 secun-

2256 4579 2383 4634 dum
2411 4578 2680 4634 hominem
2711 4580 3030 4635 ambulatis?
3071 4580 3206 4649 Quid
3250 4591 3337 4637 est
3380 4592 3557 4639 autem
3606 4585 3859 4657 Apollo?

2255 4671 2380 4740 quid
2424 4680 2601 4725 autem
2652 4670 2887 4727 Paulus?
2934 4671 3159 4727 Ministri
3206 4672 3321 4740 Dei,
3354 4690 3451 4743 per
3490 4690 3628 4745 quos
3660 4678 3856 4735 credi-

2256 4761 2430 4817 distis.
2470 4761 2582 4832 Ego
2632 4761 2884 4832 plantavi,
2936 4763 3125 4832 Apollo
3173 4764 3395 4834 rigavit;
3442 4766 3537 4821 sed
3581 4766 3729 4824 Deus
3774 4770 3831 4824 in

2255 4862 2582 4908 crementum
2604 4852 2748 4909 dedit
2777 4872 2797 4906 ι
2832 4854 2875 4925 (l
2904 4854 3021 4909 Cor.
3046 4871 3083 4919 ι,
3108 4855 3197 4922 12,
3225 4866 3274 4910 et
3301 4872 3377 4923 Ill,
3409 4858 3545 4930 1-6).
3569 4857 3698 4915 Vult
3726 4862 3861 4918 illos

2256 4958 2384 5015 ergo
2409 4942 2542 5013 erigi
2570 4945 2639 5000 ab
2658 4958 2753 5015 spe
2779 4958 2938 5014 quam
2964 4947 3015 5000 in
3057 4945 3275 5002 homine
3301 4959 3608 5018 posuerant,
3633 4959 3691 5007 et
3715 4967 3861 5009 con-

2256 5034 2461 5105 tingere
2481 5035 2777 5106 spiritualia
2802 5032 3034 5104 Christi;
3066 5046 3123 5091 ut
3149 5049 3371 5107 possent
3398 5055 3519 5096 esse
3554 5041 3699 5097 tubae
3729 5059 3865 5100 cor-

2255 5143 2393 5195 neas,
2420 5129 2465 5183 si
2504 5139 2821 5201 superarent
2846 5143 3083 5185 carnem.
3120 5131 3359 5201 Fratres,
3388 5132 3559 5190 nolite
3584 5135 3865 5195 insultare

2256 5219 2512 5277 fratribus
2537 5235 2672 5293 quos
2718 5221 2954 5277 nondum
3002 5224 3268 5278 convertit
3317 5225 3685 5282 misericordia
3717 5228 3862 5298 Dei;

2256 5312 2511 5367 noveritis
2535 5313 2658 5382 quia
2695 5310 2951 5382 quamdiu
2990 5312 3093 5367 hoc
3137 5313 3330 5381 facitis,
3371 5330 3589 5371 carnem
3636 5319 3862 5388 sapitis.

2255 5401 2405 5465 Tuba
2451 5416 2557 5457 non
2592 5410 2676 5457 est
2704 5401 2794 5456 illa
2818 5416 2937 5472 qua:
2975 5402 3208 5459 delectat
3251 5419 3411 5460 aures
3457 5405 3589 5461 Dei:
3623 5406 3866 5465 insulta-

2255 5493 2417 5551 tionis
2445 5492 2571 5547 tuba
2617 5491 3003 5548 infructuosum
3048 5493 3247 5551 bellum
3295 5495 3441 5551 facit.
3474 5496 3624 5554 Tuba
3649 5515 3863 5557 cornea

2256 5592 2309 5641 te
2327 5585 2497 5655 erigat
2524 5584 2784 5640 adversus
2808 5585 3104 5654 diabolum,
3133 5602 3237 5643 non
3282 5590 3404 5642 tuba
3431 5602 3627 5645 carnea
3655 5591 3865 5647 advcr-

2257 5740 2335 5865 rt!
2363 5738 2799 5853 ?:'C(:i1|§‘8ll.n.:tﬁdd.,
2830 5738 2935 5791 Fies
2956 5752 3088 5805 ergo,
3115 5747 3212 5791 etc.
3249 5739 3491 5803 Pauloque
3532 5751 3658 5805 post,
3679 5755 3861 5797 erum-

2276 5830 2284 5847 ι
2304 5814 2339 5849 ’δ
2622 5838 2631 5850 .

2276 5814 2339 5850 ἳεδ
2371 5815 2419 5850 ιιι
2441 5814 2631 5850 ((Ιίριηι.
