4056 6474
235 433 382 496 i257

228 579 322 619 sus
347 543 573 616 fratrem
602 565 774 610 tuum.
798 550 866 607 In
889 549 1020 605 tubis
1045 546 1312 604 ductilibus
1340 553 1386 601 et
1412 559 1530 600 voce
1553 541 1685 598 tuba:
1707 557 1820 598 cor-

228 669 341 709 nece
350 651 579 724 jubilate
606 647 658 702 in
686 653 957 717 conspectu
982 641 1115 713 regis
1138 637 1394 694 Domini‘.

297 748 354 806 8.
399 745 566 826 [υεη.
601 739 748 816 7-9.]
786 740 856 797 Et
897 735 1049 794 vobis
1072 731 1416 806 jubilantibus
1455 737 1512 786 et
1550 723 1829 791 exsultan-i

228 843 374 900 tibus
400 817 462 896 in
497 837 642 895 tubis
663 830 949 890 duetilibus
969 837 1024 886 et
1046 828 1099 883 in
1123 839 1259 882 voce
1284 824 1422 880 tubae
1446 836 1678 889 corneae,
1699 817 1828 892 quid

226 934 518 1008 sequitur?
565 930 950 988 Commoveatur
976 938 1119 978 mare
1151 928 1200 976 et
1238 916 1500 992 plenitudo
1537 917 1668 988 ejus.
1696 912 1829 969 Fra-

228 1039 360 1094 tres,
401 1021 817 1097 praedicantibus
842 1017 1124 1082 veritatem
1150 1010 1443 1083 Apostolis,
1467 1017 1715 1079 tanquam
1743 1012 1829 1060 tu-

228 1122 306 1176 bis
335 1117 635 1174 ductilibus
673 1122 729 1170 et
756 1111 896 1168 tubis
924 1107 1154 1172 corneis,
1183 1111 1510 1161 commotum
1537 1107 1621 1156 est
1655 1110 1824 1164 mare,

228 1216 587 1268 surrexerunt
609 1206 825 1271 fluctus,
839 1206 1122 1259 creverunt
1151 1201 1515 1267 tempestates,
1530 1190 1683 1247 iactae
1703 1193 1830 1244 sunt

233 1303 638 1375 persecutiones
667 1296 940 1355 Ecclesiae.
967 1293 1125 1352 Unde
1170 1297 1496 1347 commotum
1531 1293 1616 1342 est
1641 1279 1826 1339 mare?

231 1398 362 1454 Cum
398 1392 750 1467 jubilabatur,
796 1403 919 1445 cum
950 1383 1277 1458 psallebatur
1326 1381 1468 1446 Deo;
1519 1376 1618 1432 Dei
1669 1389 1826 1430 aures

233 1489 664 1554 delectabantur,
718 1483 882 1538 maris
929 1479 1121 1537 ﬂuctus
1169 1473 1558 1532 excitabantur.
1589 1467 1827 1524 Commo-

235 1591 408 1638 veatur
450 1594 592 1634 mare
632 1585 682 1632 et
729 1571 989 1647 plenitudo
1028 1570 1158 1641 ejus,
1204 1565 1338 1622 orbis
1379 1573 1527 1618 terra
1567 1568 1615 1615 et
1656 1573 1828 1613 omnes

235 1673 520 1730 habitantes
561 1670 618 1725 in
645 1684 724 1723 eo.
756 1666 1165 1722 Commoveatur
1212 1670 1362 1713 mare
1399 1655 1452 1710 in
1501 1649 1828 1724 persecutio-

235 1767 412 1824 nibus.
460 1763 709 1818 Flumina
755 1756 998 1829 plaudent
1044 1750 1276 1808 manibus
1317 1749 1372 1803 in
1430 1746 1674 1817 idipsum.
1715 1741 1829 1797 Mo-

235 1867 423 1915 ventur
469 1869 641 1920 mare,
672 1861 728 1908 et
771 1847 991 1904 ﬂumina
1039 1841 1298 1916 plaudent
1345 1835 1590 1895 manibus
1642 1834 1698 1889 in
1746 1830 1827 1888 id-

235 1953 412 2024 ipsum
455 1965 470 2002 :
519 1947 653 2003 ﬁunt
707 1938 1128 2014 persecutiones,
1181 1943 1237 1991 et
1286 1931 1517 2005 gaudent
1546 1925 1716 1984 sancti
1771 1925 1826 1979 in

237 2018 435 2118 Deum.
473 2037 627 2096 Unde
671 2033 896 2090 ﬂumina
949 2027 1205 2101 plaudent
1247 2022 1528 2080 manibus?
1554 2018 1680 2091 quid
1720 2024 1824 2086 est,

239 2114 508 2206 plaudere
557 2124 842 2184 manibus?
901 2120 1148 2180 Gaudere
1200 2115 1471 2189 operibus.
1529 2110 1822 2176 Plaudere,

235 2224 475 2296 gaudere
528 2228 641 2286 est;
707 2216 990 2281 manibus,
1041 2209 1315 2282 operibus.
1373 2205 1505 2274 Quae
1562 2201 1826 2258 ﬁumina?

234 2317 384 2384 Quos
433 2314 576 2370 Deus
621 2311 748 2367 fecit
790 2308 1030 2373 ﬂumina,
1070 2300 1248 2360 dando
1290 2298 1394 2354 illis
1444 2297 1589 2353 illam
1632 2306 1825 2363 aquam

237 2406 497 2479 Spiritum
551 2411 814 2460 sanctum.
849 2399 911 2456 Si
955 2397 1067 2469 quis
1105 2395 1231 2461 sitit,
1263 2389 1452 2462 inquit,
1481 2387 1644 2442 veniat
1670 2395 1720 2439 et
1747 2383 1826 2438 bi-

238 2475 337 2559 bat.
366 2501 473 2568 Qui
516 2499 675 2555 credit
719 2498 774 2551 in
810 2511 909 2563 me,
942 2490 1157 2563 ﬂumina
1201 2500 1346 2558 aqua:
1387 2483 1512 2543 vivas
1557 2481 1716 2552 fluent
1764 2475 1829 2531 de

236 2606 403 2651 ventre
431 2595 543 2664 ejus
587 2589 767 2665 (Joan.
798 2603 892 2656 vn,
920 2581 1131 2654 57-59).
1171 2579 1276 2635 lsta
1317 2575 1538 2632 ﬂumina
1581 2568 1826 2627 manibus

237 2685 587 2760 plaudebant,
601 2663 712 2739 ista
732 2678 952 2737 ﬁumina
967 2674 1226 2748 operibus
1245 2666 1568 2752 gaudebant,
1583 2671 1638 2720 et
1656 2663 1824 2718 Deum

236 2777 650 2837 benedicebant.

303 2874 360 2931 9.
404 2871 608 2927 Montes
654 2863 974 2923 mvltabunt
1019 2877 1054 2915 a
1103 2858 1236 2931 facie
1277 2852 1548 2918 Domini',
1585 2847 1826 2919 quoniam

238 2967 388 3030 venit,
419 2960 658 3033 quoniam
694 2955 826 3011 venit
859 2951 1097 3026 judicare
1135 2958 1340 3004 terram.
1385 2941 1579 3013 Magni,
1611 2946 1823 2993 montes.

240 3029 400 3114 Venit
427 3029 571 3110 Deus
593 3049 832 3122 judicare
873 3055 1091 3112 terram,
1132 3029 1469 3111 et'gaudent.
1519 3033 1656 3090 Sunt
1681 3029 1824 3086 enim

235 3158 473 3215 montes,
509 3143 600 3219 qui
642 3149 872 3198 venturo
901 3134 1132 3193 Domino
1156 3130 1398 3203 judicare
1441 3134 1662 3190 terram,
1693 3135 1825 3176 con-

236 3241 573 3299 tremiscent.
633 3235 774 3305 Ergo
821 3238 946 3288 sunt
986 3235 1200 3284 montes
1242 3223 1402 3289 boni,
1449 3227 1574 3275 sunt
1617 3224 1827 3290 montes

239 3334 362 3391 mali
400 3352 414 3388 :
447 3337 658 3386 montes
703 3323 853 3390 boni,
894 3317 1207 3392 magnitudo
1244 3311 1570 3385 spiritualis;
1616 3315 1829 3364 montes

234 3427 385 3492 mali,
415 3433 594 3481 tumor
620 3418 904 3492 superbiae.
935 3414 1134 3470 Montes
1163 3407 1483 3465 exsultabant
1511 3420 1545 3458 a
1572 3401 1701 3475 facie
1721 3398 1830 3454 Do-

235 3519 381 3586 mini,
429 3516 672 3590 quoniam
714 3509 868 3578 venit,
899 3507 1137 3580 quoniam
1163 3503 1311 3558 venit
1342 3498 1581 3571 judicare
1618 3505 1824 3550 terram.

235 3613 413 3680 Quare
440 3587 643 3672 veniet,
673 3615 727 3662 et
753 3599 1023 3675 quomodo
1051 3594 1267 3653 veniet?
1300 3591 1553 3662 Quoniam
1582 3587 1715 3642 venit
1733 3587 1828 3657 ju-

235 3706 410 3760 dicare
436 3713 642 3758 terram.
684 3695 943 3752 Judicabit
970 3691 1139 3748 orbem
1170 3699 1318 3744 terra:
1336 3686 1391 3739 in
1409 3682 1632 3757 justitia,
1655 3687 1702 3735 et
1731 3693 1827 3750 po-

237 3800 386 3872 pulos
432 3799 486 3851 in
516 3795 764 3866 (equitate.
792 3789 1070 3847 Gaudeant
1110 3797 1238 3854 ergo
1275 3789 1523 3845 montes;
1553 3775 1644 3830 ille
1685 3771 1830 3829 enim

237 3863 343 3947 non
374 3863 876 3960 injuste‘judicabit.
905 3879 1144 3935 Venturo
1173 3875 1311 3931 forte
1333 3871 1512 3942 aliquo
1537 3865 1715 3938 judice
1739 3863 1831 3921 ho-

237 3987 403 4049 mine,
424 3983 513 4038 cui
531 3997 633 4036 non
647 3985 823 4050 potest
838 3984 1021 4046 patere
1039 3967 1393 4032 conscientia,
1416 3959 1832 4019 contremiscant

237 4075 495 4132 homines
520 4071 680 4127 etiam
707 4070 1040 4130 innocentes,
1061 4062 1106 4118 si
1136 4063 1204 4118 ab
1233 4059 1351 4129 ipso
1369 4060 1680 4126 exspectant
1702 4063 1833 4120 prae-

239 4169 412 4224 mium
434 4163 627 4231 laudis,
649 4161 732 4216 vel
759 4160 946 4215 timent
973 4169 1186 4226 poenam
1209 4146 1596 4207 damnationis:
1619 4139 1832 4214 quando

241 4259 333 4316 ille
362 4258 548 4314 veniet
571 4255 661 4326 qui
690 4251 802 4308 falli
833 4266 941 4307 non
969 4255 1167 4322 potest,
1191 4243 1459 4317 gaudeant
1495 4244 1723 4302 montes,
1748 4248 1831 4290 se-

242 4355 358 4410 curi
404 4332 712 4423 gaudeant;
754 4342 1195 4401 illuminabuntur
1234 4338 1300 4393 ab
1338 4351 1425 4401 eo,
1457 4347 1567 4388 non
1608 4329 1833 4387 damna.

245 4448 480 4511 buntur;
512 4443 798 4516 gaudeant,
831 4440 952 4510 quia
980 4435 1158 4491 veniet
1182 4430 1442 4486 Dominus
1465 4425 1705 4498 judicare
1741 4437 1834 4477 or-

180 4537 195 4562 ⁹
245 4543 368 4598 bcm
414 4551 680 4594 terrarum
723 4536 774 4590 in
807 4533 1092 4603 :cquitate;
1137 4541 1198 4580 ac
1227 4524 1273 4580 si
1303 4529 1512 4578 montes
1549 4517 1678 4590 justi
1703 4529 1834 4586 gau-

248 4633 401 4698 dent,
429 4629 594 4700 iniqui
622 4624 1058 4683 contremiscant.
1102 4617 1208 4673 Sed
1249 4629 1375 4670 ecce
1403 4610 1636 4668 nondum
1666 4607 1835 4675 venit,

251 4723 376 4795 quid
409 4699 547 4791 opus
577 4728 659 4774 est
682 4727 740 4773 ut
770 4711 1046 4771 tremant?
1073 4707 1441 4778 Corrigantur,
1471 4711 1525 4758 et
1551 4699 1836 4771 gaudeant.

248 4815 307 4872 lu
351 4819 626 4885 potestate
669 4818 759 4864 tua
798 4815 881 4862 est
925 4800 1194 4876 quomodo
1237 4803 1514 4868 exspectes
1556 4798 1840 4847 venturum

251 4884 556 4966 Christum.
588 4901 711 4957 ideo
748 4897 925 4954 dill'ert
951 4894 1156 4959 venire,
1187 4899 1247 4946 ut
1271 4903 1392 4943 cum
1421 4884 1631 4941 venerit
1657 4896 1764 4937 non
1789 4886 1843 4934 te

251 5001 496 5055 damnet.
541 4994 683 5049 Ecce
712 4989 948 5047 nondum
972 4985 1140 5053 venit,
1174 4982 1262 5038 ille
1291 4982 1347 5035 in
1376 4978 1516 5035 coelo
1554 4983 1657 5042 est,
1689 4981 1747 5028 tu
1788 4972 1845 5027 in

254 5105 394 5150 terra
429 5108 444 5144 :
477 5089 570 5144 ille
607 5084 787 5141 dill'ert
814 5080 1122 5143 adventum,
1163 5085 1220 5130 tu
1263 5072 1372 5128 noli
1409 5069 1625 5125 differre
1668 5063 1847 5120 consi-

253 5185 405 5240 lium.
437 5179 714 5235 Adventus
743 5173 907 5244 ipsius
931 5170 1098 5227 durus
1134 5175 1219 5223 est
1239 5163 1410 5240 duris,
1438 5159 1582 5215 mitis
1612 5166 1695 5214 est
1721 5155 1842 5226 piis.

257 5276 393 5331 Vide
421 5287 554 5343 ergo
574 5268 734 5325 modo
773 5275 829 5321 tu
855 5264 946 5336 qui
971 5263 1046 5319 sis
1072 5279 1084 5316 :
1115 5261 1160 5316 si
1186 5259 1374 5325 durus,
1404 5254 1532 5309 licet
1559 5251 1654 5307 tibi
1688 5249 1847 5304 mite-

255 5381 445 5431 scere;
489 5364 535 5420 si
581 5361 746 5428 mitis,
783 5359 891 5428 jam
948 5353 1118 5426 gaude
1163 5359 1468 5406 venturum.
1511 5343 1848 5400 Christianus

257 5461 404 5516 enim
420 5471 503 5513 es.
518 5454 618 5519 lta,
633 5451 826 5523 inquis.
841 5447 1014 5505 Credo
1029 5443 1173 5517 quod
1188 5457 1330 5507 oras,
1349 5447 1403 5494 et
1420 5435 1554 5492 dicis
1571 5453 1584 5488 ε
1600 5431 1851 5488 Adveniat

267 5530 485 5622 regnum
518 5557 661 5602 tuum
690 5541 903 5617 (Matth.
930 5554 1005 5606 Vt,
1035 5536 1150 5607 10).
1177 5533 1342 5605 Optas
1367 5538 1427 5585 ut
1468 5528 1665 5592 veniat,
1693 5538 1852 5596 quem

329 5688 348 5718 ⁸
373 5693 482 5736 Mss.
503 5681 730 5746 plerique
755 5690 769 5729 2
791 5674 1002 5746 J‘uoilate
1026 5669 1225 5746 omnino
1317 5658 1855 5746 conspectu‘rzegismeg-

262 5731 730 5809 nﬁnirﬁfetfquidan}
753 5755 766 5790 :
792 5735 998 5809 .Iubilate
1035 5743 1144 5809 Rea.
1250 5733 1513 5809 conspectu‘
1536 5736 1666 5809 regias
1690 5731 1858 5809 p021:-

263 5784 526 5882 iiiiiﬂ’p‘iia
537 5784 1174 5868 ‘Cff—legitu'r'iﬁiubilate
1207 5791 1263 5846 in
1295 5784 1549 5854 conspectu
1593 5784 1724 5850 ivgis
1755 5792 1856 5836 Do-

268 5885 417 5928 nunc.

316 5938 359 6010 v'
381 5941 514 5998 198.,
535 5945 567 5982 α
589 5929 713 5994 facie
731 5927 838 5980 Dei.

557 6017 784 6084 Sancr.
829 6013 1107 6077 Avens'r.
1151 6005 1263 6072 IV.

1313 419 1710 485 ENARRATIO
1745 422 1814 482 IN
1851 423 2174 486 PSALMUM
2212 425 2440 486 XCVIII.

3380 430 3517 491 1258

1939 545 2099 600 times
2135 558 2203 601 ne
2240 547 2436 601 veniat.
2475 543 2695 616 Corrige
2732 551 2804 615 te,
2827 553 3017 603 utnon
3045 559 3168 603 ores
3207 555 3396 602 contra
3442 559 3515 604 te.
3548 589 3568 600 κ

1957 659 3488 685 *Ἣ

2339 715 2424 779 IN
2464 716 2846 781 PSALMUM
2886 716 3147 782 XCVIII

2520 815 2936 875 ENARRATIO.

2447 923 2619 967 εειωο
2655 926 2725 967 ΔΙ)
2781 925 3007 967 PLEBEI.

2006 999 2060 1056 1.
2089 998 2326 1068 Fratres,
2349 1009 2535 1057 notum
2565 1016 2685 1058 esse
2707 1002 2815 1073 jam
2837 1003 2996 1060 debet
3013 1001 3272 1061 Charitati
3297 1014 3514 1076 vestrm,

1932 1098 2185 1162 tanquam
2214 1092 2337 1147 ﬁliis
2366 1091 2639 1162 Ecclesiae,
2668 1102 2723 1149 et
2751 1094 2974 1151 eruditis
3011 1095 3063 1151 in
3089 1097 3276 1153 schola
3310 1097 3511 1154 Christi

1932 1198 2030 1255 per
2056 1199 2244 1240 omnes
2283 1184 2513 1242 Litteras
2553 1187 2890 1257 antiquorum
2920 1198 3128 1259 patrum
3173 1202 3508 1260 nostrorum,

1931 1274 2024 1345 qui
2045 1275 2378 1346 scripserunt
2403 1277 2564 1332 verba
2592 1278 2707 1346 Dei,
2730 1288 2786 1334 et
2811 1280 3073 1350 magnalia
3097 1280 3215 1349 Dei,
3238 1283 3393 1339 nobis
3415 1298 3510 1339 eos

1931 1367 2215 1425 consulere
2240 1369 2492 1435 voluisse,
2524 1371 2614 1442 qui
2660 1369 2822 1427 futuri
2863 1387 3076 1428 eramus
3124 1372 3228 1429 hoc
3273 1383 3516 1446 tempore

1926 1457 2038 1530 jam
2074 1460 2355 1517 credentes
2385 1461 2441 1516 in
2465 1460 2771 1528 Christum;
2813 1463 2903 1533 qui
2931 1470 3232 1533 opportuno
3274 1473 3516 1534 tempore

1930 1553 2077 1609 venit
2103 1553 2171 1609 ad
2200 1570 2318 1620 nos,
2342 1555 2518 1625 primo
2545 1554 2784 1623 humilis,
2811 1564 2998 1626 postea
3040 1565 3300 1612 venturus
3333 1558 3513 1613 excel-

1931 1658 2044 1702 sus.
2070 1645 2252 1702 Primo
2285 1647 2427 1703 enim
2458 1648 2605 1703 venit
2631 1657 2755 1703 ante
2775 1647 3008 1719 judicem
3034 1657 3306 1705 staturus:
3331 1657 3517 1719 postea

1931 1745 2186 1793 venturus
2213 1746 2296 1794 est
2325 1737 2492 1808 judex
2518 1751 2786 1806 sessurus,
2818 1746 2879 1793 ut
2901 1747 3025 1795 ante
3070 1739 3220 1796 illum
3261 1747 3368 1796 stet
3409 1755 3510 1810 pro

1929 1828 2124 1884 merito
2169 1843 2268 1885 suo
2312 1844 2482 1900 genus
2532 1829 2842 1885 humanum.
2893 1830 3290 1887 Praecesserunt
3335 1840 3516 1887 autem

1930 1919 2080 1975 illum
2108 1919 2263 1976 multi
2293 1936 2590 1992 praecones,
2623 1930 2872 1993 tanquam
2896 1922 3129 1993 iudicem
3157 1938 3430 1994 magnum,
3460 1931 3520 1979 et

1931 2009 2074 2066 hunc
2113 2011 2287 2067 adhuc
2329 2013 2382 2067 in
2407 2011 2708 2069 humilitate
2730 2022 3036 2069 venturum.
3064 2013 3216 2070 Multi
3240 2028 3516 2084 praecones

1930 2111 2322 2172 praecesserunt
2366 2103 2542 2158 adhuc
2592 2104 2923 2160 nasciturum
2969 2103 3036 2159 de
3074 2104 3282 2175 virgine
3325 2102 3514 2174 Maria,

1930 2190 2166 2247 futurum
2192 2192 2470 2260 infantem,
2500 2202 2556 2249 et
2581 2203 2856 2250 sucturum
2873 2193 2989 2250 ‘lac
3008 2211 3023 2260 ;
3045 2193 3281 2251 futurum
3308 2209 3513 2266 parvu-

1928 2283 2063 2352 lum,
2086 2284 2319 2341 Verbum
2341 2285 2437 2341 Dei
2458 2301 2556 2358 per
2584 2286 2726 2358 quod
2754 2287 2893 2343 facta
2913 2297 3040 2343 sunt
3066 2288 3267 2354 omnia,
3285 2302 3517 2358 praecesc

1928 2384 2119 2432 serunt
2145 2376 2296 2431 multi
2325 2391 2620 2446 praecones,
2665 2385 2721 2434 et
2742 2377 2990 2434 dixerunt
3017 2378 3192 2434 futura
3222 2379 3324 2434 ista
3373 2389 3515 2436 tem-

1929 2475 2098 2538 pera:
2127 2465 2225 2523 sed
2259 2467 2333 2521 ita
2368 2467 2633 2533 dixerunt,
2665 2476 2726 2522 ut
2763 2467 3086 2539 quibusdam
3115 2469 3299 2540 ﬁguris
3324 2483 3512 2524 rerum
3570 2490 3572 2493 ·

1931 2567 2171 2631 tegerent
2224 2560 2520 2616 sententias
2580 2575 2735 2629 suas,
2790 2561 3068 2632 ipsumque
3119 2561 3360 2618 velamen
3405 2574 3516 2632 quo

1930 2659 2072 2709 teeta
2096 2661 2180 2709 est
2211 2652 2410 2708 veritas
2443 2653 2499 2708 in
2526 2652 2701 2708 Libris
2726 2653 3088 2724 antiquorum,
3131 2660 3258 2708 tunc
3299 2652 3517 2708 tollere-

1929 2753 2038 2812 tur,
2079 2745 2290 2816 quando
2331 2744 2443 2815 jam
2470 2744 2583 2814 ipsa
2611 2745 2809 2800 veritas
2852 2743 2921 2800 de
2945 2753 3085 2799 terra
3123 2744 3374 2800 oriretur.
3424 2741 3516 2797 Sic

1929 2837 2074 2892 enim
2105 2836 2299 2892 dicitur
2325 2836 2379 2891 in
2424 2837 2667 2906 psalmo:
2707 2835 2902 2890 Veritas
2928 2835 2990 2889 de
3030 2845 3163 2889 terra
3191 2847 3303 2888 orla
3340 2841 3431 2900 est,
3463 2839 3518 2886 et

1923 2929 2125 3000 justitia
2153 2927 2216 2982 de
2260 2925 2386 2982 caelo
2415 2928 2676 2999 prospexit
2719 2926 2896 2998 (Psal.
2941 2942 3166 2993 Lxxxw,
3213 2927 3325 2991 ἃ).
3357 2923 3517 2979 Modo

1931 3036 2058 3094 ergo
2089 3029 2198 3077 tota
2227 3021 2456 3077 intentio
2484 3029 2668 3076 nostra
2695 3029 2798 3086 est,
2831 3020 3045 3091 quando
3068 3019 3337 3074 Psalmum
3365 3016 3518 3072 audi-

1932 3129 2073 3181 mus,
2097 3113 2312 3184 quando
2329 3112 2675 3184 PrOphetam,
2702 3111 2918 3182 quando
2946 3111 3166 3182 Legem,
3192 3125 3313 3180 quae
3336 3109 3518 3164 omnia

1933 3215 2219 3276 antequam
2255 3206 2466 3261 veniret
2512 3205 2568 3260 in
2616 3219 2780 3260 carne
2824 3204 3080 3259 Dominus
3128 3211 3312 3258 noster
3359 3200 3518 3258 Jesus

1931 3296 2200 3362 Christus,
2229 3295 2533 3366 conscripta
2556 3301 2702 3361 sunt,
2729 3292 3003 3350 Christum
3033 3293 3104 3348 ibi
3132 3292 3331 3358 videre,
3361 3289 3519 3346 Chri-

1931 3395 2074 3444 stum
2100 3386 2172 3443 ibi
2199 3386 2522 3457 intelligere.
2553 3384 2799 3441 Intendat
2821 3399 2948 3454 ergo
2973 3384 3249 3439 nobiscum
3273 3382 3517 3438 Charitas

1931 3489 2112 3537 vestra
2131 3479 2199 3535 ad
2222 3479 2380 3536 istum
2403 3479 2690 3550 psalmum,
2709 3485 2764 3534 et
2781 3490 3082 3548 quaeramus
3109 3477 3194 3530 hic
3211 3475 3514 3532 Christum:

1932 3574 2118 3646 utique
2137 3573 2414 3644 apparebit
2427 3571 2814 3644 quaerentibus,
2831 3571 2922 3642 qui
2945 3569 3121 3640 primo
3139 3569 3384 3639 apparuit
3407 3582 3520 3624 non

1934 3666 2332 3738 quaerentibus;
2379 3673 2436 3721 et
2476 3681 2584 3719 non
2629 3662 2846 3720 deseret
2887 3661 3256 3717 desiderantes
3297 3674 3384 3727 se,
3430 3657 3522 3728 qui

1933 3759 2162 3816 redemit
2188 3758 2524 3830 negligentes
2552 3771 2633 3813 se.
2664 3755 2805 3812 Ecce
2833 3753 2901 3811 de
2928 3753 3022 3809 illo
3058 3756 3224 3824 coepit
3251 3752 3518 3820 Psalmus,

1934 3850 2003 3907 de
2027 3850 2119 3904 illo
2144 3848 2362 3904 dicitur.
2962 3870 2964 3872 τ

2004 3943 2061 3998 2.
2114 3942 2264 4015 [vers.
2288 3939 2367 4013 1.]
2405 3939 2654 3994 Dominus
2693 3938 2940 4010 regnavit,
2985 3937 3272 3992 irascantur
3323 3934 3518 4007 populi.

1897 4061 1906 4064 -
1936 4031 2111 4102 Coepit
2133 4031 2275 4087 enim
2303 4044 2527 4101 regnare
2556 4029 2812 4084 Dominus
2855 4034 3040 4083 noster
3075 4026 3229 4082 Jesus
3253 4024 3518 4092 Christus,

1937 4128 2100 4199 ccepit
2125 4123 2404 4196 praedicari
2432 4165 2448 4190 ,
2498 4131 2778 4194 postquam
2829 4120 3124 4177 resurrexit
3149 4118 3428 4174 amortuis
3469 4127 3527 4173 et

1937 4218 2178 4276 ascendit
2224 4217 2278 4272 in
2308 4216 2526 4282 ctelum,
2557 4222 2903 4286 posteaquam
2951 4213 3189 4282 implevit
3235 4209 3527 4279 discipulos

1937 4329 2066 4372 suos
2089 4311 2281 4369 ﬁducia
2299 4309 2528 4381 Spiritus
2555 4309 2744 4374 sancti,
2771 4315 2829 4362 ut
2852 4321 2957 4361 non
2999 4305 3246 4360 timerent
3272 4309 3524 4371 mortem,

1939 4421 2100 4478 quam
2124 4405 2216 4460 ille
2239 4403 2350 4474 jam
2374 4400 2645 4458 occiderat
2665 4399 2718 4454 in
2768 4412 2846 4454 se.
2897 4395 3070 4466 Coepit
3097 4409 3224 4466 ergo
3251 4392 3532 4463 przedicari

1943 4497 2202 4554 Dominus
2222 4493 2487 4561 Christus,
2520 4500 2577 4548 ut
2604 4491 2656 4545 in
2688 4489 2836 4543 illum
2875 4486 3151 4543 crederent
3177 4486 3268 4555 qui
3303 4483 3532 4539 salutem

1944 4588 2144 4645 habere
2166 4586 2398 4651 vellent;
2429 4592 2484 4640 et
2499 4582 2616 4638 irati
2639 4589 2764 4636 sunt
2784 4579 2960 4649 p0puli
2986 4577 3076 4647 qui
3099 4577 3234 4630 idola
3262 4573 3528 4630 colebant.

1945 4679 2316 4736 lrascebantur
2363 4675 2455 4748 qui
2507 4674 2753 4731 colebant
2804 4670 2945 4741 quod
2989 4669 3248 4735 fecerant,
3281 4667 3403 4738 quia
3434 4681 3534 4719 an-

1946 4772 2288 4828 nuntiabatur
2313 4769 2405 4824 ille
2428 4782 2460 4822 a
2488 4783 2594 4837 quo
2617 4765 2739 4820 iacti
2783 4773 2925 4818 sunt.
2948 4761 3144 4832 Utique
3183 4758 3273 4814 ille
3321 4773 3536 4812 annun-

1949 4863 2114 4920 tiabat
2151 4878 2246 4933 per
2267 4858 2558 4930 discipulos
2589 4871 2716 4912 suos
2759 4855 2994 4925 seipsum
3015 4894 3031 4919 ,
3061 4852 3150 4924 qui
3177 4850 3296 4905 illos
3322 4847 3533 4904 volebat

1950 4954 2188 5012 converti
2227 4952 2294 5008 ad
2318 4967 2438 5006 eum
2466 4965 2496 5002 a
2523 4963 2630 5019 quo
2677 4946 2802 5001 facti
2851 4952 3026 5011 erant,
3057 4952 3111 4997 et
3151 4939 3317 4996 averti
3347 4938 3416 4993 ab
3460 4938 3536 4998 eis

1951 5064 2069 5121 quae
2093 5045 2194 5118 ipsi
2219 5045 2470 5100 fecerant.
2503 5039 2584 5095 llli
2603 5055 2700 5112 pro
2731 5038 2873 5094 idolo
2901 5052 2998 5092 suo
3036 5033 3401 5090 irascebantur
3430 5030 3538 5084 1)ος

1953 5141 2100 5198 mino
2129 5154 2246 5206 suo,
2273 5136 2364 5208 qui
2388 5135 2432 5192 si
2451 5148 2549 5205 pro
2574 5132 2716 5188 idolo
2739 5147 2837 5187 suo
2860 5132 3217 5184 irascerentur
3242 5137 3399 5178 servo
3420 5134 3539 5186 suo,

1955 5231 2242 5291 damnandi
2267 5236 2439 5286 erant.
2477 5226 2663 5282 Melior
2705 5224 2851 5280 enim
2902 5235 3090 5276 servus
3143 5230 3351 5280 eorum,
3379 5227 3542 5284 quam

1956 5327 2156 5383 idolum
2180 5337 2368 5380 eorum
2397 5340 2412 5378 :
2442 5334 2656 5376 servum
2681 5317 2824 5373 enim
2857 5328 3041 5372 eorum
3073 5312 3214 5366 Deus
3241 5308 3388 5375 fecit,
3421 5304 3543 5361 ido-

1959 5421 2069 5476 lum
2091 5431 2276 5474 eorum
2295 5414 2445 5471 faber
2463 5411 2608 5468 fecit.
2633 5410 2722 5466 Sic
2749 5407 3112 5464 irascebantur
3136 5418 3233 5473 pro
3256 5400 3398 5456 idolo
3423 5413 3544 5467 suo,

1958 5521 2018 5568 ut
2042 5509 2197 5566 irasci
2241 5522 2347 5564 non
2399 5505 2648 5561 timerent
2689 5501 2916 5556 Domino
2942 5511 3060 5553 suo.
3091 5495 3197 5552 Sed
3238 5495 3544 5559 irascantur,

1960 5602 2268 5676 praedictum
2301 5607 2403 5666 est,
2424 5613 2529 5652 non
2551 5595 2795 5666 iussum;
2828 5590 2882 5644 in
2931 5587 3208 5660 prophetia
3241 5585 3383 5641 enim
3411 5577 3547 5637 dici-

1960 5673 2068 5764 tur,
2091 5696 2340 5752 Dominus
2357 5691 2600 5765 regnavit,
2629 5689 2915 5742 irascantur
2943 5683 3138 5755 pepuli.
3168 5680 3266 5736 Est
3293 5675 3434 5750 quod
3459 5673 3549 5730 ﬁat

1962 5801 2019 5850 et
2053 5791 2122 5847 de
2174 5787 2383 5860 populis
2431 5779 2784 5839 irascentibus
2813 5794 2827 5831 :
2855 5777 2936 5833 illi
2959 5777 3278 5838 irascantur,
3303 5777 3358 5828 et
3384 5769 3441 5827 in
3472 5765 3552 5823 ira

2023 5910 2042 5942 ι
2077 5909 2150 5958 sic
2167 5913 2276 5958 Mss.
2293 5904 2407 5955 Edd.
2427 5913 2565 5963 vero,
2588 5895 2876 5962 sugiturum.

2811 5971 3234 6062 (Quaranth.
