  <div class='ocr_page' id='page_1' title='image "/cluster/home/n/w/nwhite01/storage/ocr_20150623/37/hvd.32044015471477/123.png"; bbox 0 0 4056 6482; ppageno 0'>
   <div class='ocr_carea' id='block_1_1' title="bbox 551 421 691 487">
    <p class='ocr_par' dir='ltr' id='par_1_1' title="bbox 551 421 691 487">
     <span class='ocr_line' id='line_1_1' title="bbox 551 421 691 487; baseline -0.007 0"><span class='ocrx_word' id='word_1_1' title='bbox 551 421 691 487; x_wconf 68' lang='lat' dir='ltr'><strong>H59</strong></span> 
     </span>
    </p>
   </div>
   <div class='ocr_carea' id='block_1_2' title="bbox 546 527 2132 616">
    <p class='ocr_par' dir='ltr' id='par_1_2' title="bbox 546 527 2132 616">
     <span class='ocr_line' id='line_1_2' title="bbox 546 527 2132 616; baseline -0.011 -15"><span class='ocrx_word' id='word_1_2' title='bbox 546 545 785 616; x_wconf 87' lang='lat' dir='ltr'><strong>ipsorum</strong></span> <span class='ocrx_word' id='word_1_3' title='bbox 810 545 1071 609; x_wconf 85' lang='lat' dir='ltr'><strong>martyres</strong></span> <span class='ocrx_word' id='word_1_4' title='bbox 1097 537 1436 593; x_wconf 79' lang='lat' dir='ltr'><strong>coronentur.</strong></span> <span class='ocrx_word' id='word_1_5' title='bbox 1462 528 1598 600; x_wconf 84' lang='lat' dir='ltr'><strong>Quid</strong></span> <span class='ocrx_word' id='word_1_6' title='bbox 1637 527 1883 588; x_wconf 86' lang='lat' dir='ltr'><strong>fecerunt</strong></span> <span class='ocrx_word' id='word_1_7' title='bbox 1923 544 2132 590; x_wconf 82' lang='lat' dir='ltr'><strong>annun-</strong></span> 
     </span>
    </p>
   </div>
   <div class='ocr_carea' id='block_1_3' title="bbox 547 623 2131 694">
    <p class='ocr_par' dir='ltr' id='par_1_3' title="bbox 547 623 2131 694">
     <span class='ocr_line' id='line_1_3' title="bbox 547 623 2131 694; baseline -0.011 -1"><span class='ocrx_word' id='word_1_8' title='bbox 547 634 827 694; x_wconf 80' lang='lat' dir='ltr'><strong>tiatoribus</strong></span> <span class='ocrx_word' id='word_1_9' title='bbox 864 633 1015 688; x_wconf 82' lang='lat' dir='ltr'><strong>verbi</strong></span> <span class='ocrx_word' id='word_1_10' title='bbox 1059 629 1335 693; x_wconf 75' lang='lat' dir='ltr'><strong>veritatis,</strong></span> <span class='ocrx_word' id='word_1_11' title='bbox 1383 625 1611 682; x_wconf 90' lang='lat' dir='ltr'><strong>nubibus</strong></span> <span class='ocrx_word' id='word_1_12' title='bbox 1655 623 1856 679; x_wconf 89' lang='lat' dir='ltr'><strong>Christi</strong></span> <span class='ocrx_word' id='word_1_13' title='bbox 1902 624 2131 678; x_wconf 83' lang='lat' dir='ltr'><strong>circum-</strong></span> 
     </span>
    </p>
   </div>
   <div class='ocr_carea' id='block_1_4' title="bbox 548 715 2132 787">
    <p class='ocr_par' dir='ltr' id='par_1_4' title="bbox 548 715 2132 787">
     <span class='ocr_line' id='line_1_4' title="bbox 548 715 2132 787; baseline -0.011 -2"><span class='ocrx_word' id='word_1_14' title='bbox 548 728 796 786; x_wconf 88' lang='lat' dir='ltr'><strong>euntibus</strong></span> <span class='ocrx_word' id='word_1_15' title='bbox 841 724 1026 780; x_wconf 89' lang='lat' dir='ltr'><strong>orbem</strong></span> <span class='ocrx_word' id='word_1_16' title='bbox 1077 732 1337 778; x_wconf 83' lang='lat' dir='ltr'><strong>terrarum</strong></span> <span class='ocrx_word' id='word_1_17' title='bbox 1381 727 1436 775; x_wconf 88' lang='lat' dir='ltr'><strong>et</strong></span> <span class='ocrx_word' id='word_1_18' title='bbox 1481 715 1906 787; x_wconf 91' lang='lat' dir='ltr'><strong>compluentibus</strong></span> <span class='ocrx_word' id='word_1_19' title='bbox 1949 729 2132 784; x_wconf 82' lang='lat' dir='ltr'><strong>agrum</strong></span> 
     </span>
    </p>
   </div>
   <div class='ocr_carea' id='block_1_5' title="bbox 550 809 2135 887">
    <p class='ocr_par' dir='ltr' id='par_1_5' title="bbox 550 809 2135 887">
     <span class='ocr_line' id='line_1_5' title="bbox 550 809 2135 887; baseline -0.009 -10"><span class='ocrx_word' id='word_1_20' title='bbox 550 819 685 878; x_wconf 91' lang='lat' dir='ltr'><strong>Dei?</strong></span> <span class='ocrx_word' id='word_1_21' title='bbox 708 816 845 887; x_wconf 85' lang='lat' dir='ltr'><strong>Quid</strong></span> <span class='ocrx_word' id='word_1_22' title='bbox 871 816 975 871; x_wconf 93' lang='lat' dir='ltr'><strong>illis</strong></span> <span class='ocrx_word' id='word_1_23' title='bbox 1002 815 1240 870; x_wconf 86' lang='lat' dir='ltr'><strong>fecerunt</strong></span> <span class='ocrx_word' id='word_1_24' title='bbox 1285 814 1373 883; x_wconf 86' lang='lat' dir='ltr'><strong>qui</strong></span> <span class='ocrx_word' id='word_1_25' title='bbox 1414 809 1800 874; x_wconf 81' lang='lat' dir='ltr'><strong>irascebantur,</strong></span> <span class='ocrx_word' id='word_1_26' title='bbox 1831 809 1933 864; x_wconf 90' lang='lat' dir='ltr'><strong>nisi</strong></span> <span class='ocrx_word' id='word_1_27' title='bbox 1967 817 2023 862; x_wconf 93' lang='lat' dir='ltr'><strong>ut</strong></span> <span class='ocrx_word' id='word_1_28' title='bbox 2054 809 2135 863; x_wconf 86' lang='lat' dir='ltr'><strong>in-</strong></span> 
     </span>
    </p>
   </div>
   <div class='ocr_carea' id='block_1_6' title="bbox 548 902 2134 978">
    <p class='ocr_par' dir='ltr' id='par_1_6' title="bbox 548 902 2134 978">
     <span class='ocr_line' id='line_1_6' title="bbox 548 902 2134 978; baseline -0.009 -8"><span class='ocrx_word' id='word_1_29' title='bbox 548 922 633 970; x_wconf 88' lang='lat' dir='ltr'><strong>ter</strong></span> <span class='ocrx_word' id='word_1_30' title='bbox 651 926 840 969; x_wconf 90' lang='lat' dir='ltr'><strong>manus</strong></span> <span class='ocrx_word' id='word_1_31' title='bbox 864 924 1049 966; x_wconf 89' lang='lat' dir='ltr'><strong>eorum</strong></span> <span class='ocrx_word' id='word_1_32' title='bbox 1075 921 1200 963; x_wconf 89' lang='lat' dir='ltr'><strong>caro</strong></span> <span class='ocrx_word' id='word_1_33' title='bbox 1216 905 1556 978; x_wconf 81' lang='lat' dir='ltr'><strong>aiﬂigeretur,</strong></span> <span class='ocrx_word' id='word_1_34' title='bbox 1571 913 1624 967; x_wconf 89' lang='lat' dir='ltr'><strong>et</strong></span> <span class='ocrx_word' id='word_1_35' title='bbox 1640 905 1692 958; x_wconf 89' lang='lat' dir='ltr'><strong>in</strong></span> <span class='ocrx_word' id='word_1_36' title='bbox 1719 903 1964 958; x_wconf 87' lang='lat' dir='ltr'><strong>manibus</strong></span> <span class='ocrx_word' id='word_1_37' title='bbox 1983 902 2134 956; x_wconf 87' lang='lat' dir='ltr'><strong>Chri-</strong></span> 
     </span>
    </p>
   </div>
   <div class='ocr_carea' id='block_1_7' title="bbox 547 999 2135 1076">
    <p class='ocr_par' dir='ltr' id='par_1_7' title="bbox 547 999 2135 1076">
     <span class='ocr_line' id='line_1_7' title="bbox 547 999 2135 1076; baseline -0.009 -13"><span class='ocrx_word' id='word_1_38' title='bbox 547 1007 616 1064; x_wconf 86' lang='lat' dir='ltr'><strong>sti</strong></span> <span class='ocrx_word' id='word_1_39' title='bbox 629 1005 844 1076; x_wconf 84' lang='lat' dir='ltr'><strong>spiritus</strong></span> <span class='ocrx_word' id='word_1_40' title='bbox 859 1000 1242 1058; x_wconf 78' lang='lat' dir='ltr'><strong>coronaretur?</strong></span> <span class='ocrx_word' id='word_1_41' title='bbox 1264 999 1371 1055; x_wconf 84' lang='lat' dir='ltr'><strong>Nec</strong></span> <span class='ocrx_word' id='word_1_42' title='bbox 1387 999 1498 1069; x_wconf 88' lang='lat' dir='ltr'><strong>ipsa</strong></span> <span class='ocrx_word' id='word_1_43' title='bbox 1513 1013 1638 1053; x_wconf 90' lang='lat' dir='ltr'><strong>caro</strong></span> <span class='ocrx_word' id='word_1_44' title='bbox 1653 1012 1810 1068; x_wconf 88' lang='lat' dir='ltr'><strong>quam</strong></span> <span class='ocrx_word' id='word_1_45' title='bbox 1829 1004 2135 1066; x_wconf 86' lang='lat' dir='ltr'><strong>persecuto-</strong></span> 
     </span>
    </p>
   </div>
   <div class='ocr_carea' id='block_1_8' title="bbox 549 1088 2131 1166">
    <p class='ocr_par' dir='ltr' id='par_1_8' title="bbox 549 1088 2131 1166">
     <span class='ocr_line' id='line_1_8' title="bbox 549 1088 2131 1166; baseline -0.007 -13"><span class='ocrx_word' id='word_1_46' title='bbox 549 1111 636 1153; x_wconf 88' lang='lat' dir='ltr'><strong>res</strong></span> <span class='ocrx_word' id='word_1_47' title='bbox 663 1094 908 1152; x_wconf 86' lang='lat' dir='ltr'><strong>occidere</strong></span> <span class='ocrx_word' id='word_1_48' title='bbox 936 1101 1242 1166; x_wconf 84' lang='lat' dir='ltr'><strong>potuerunt,</strong></span> <span class='ocrx_word' id='word_1_49' title='bbox 1267 1091 1338 1146; x_wconf 90' lang='lat' dir='ltr'><strong>ita</strong></span> <span class='ocrx_word' id='word_1_50' title='bbox 1367 1099 1576 1145; x_wconf 91' lang='lat' dir='ltr'><strong>mortua</strong></span> <span class='ocrx_word' id='word_1_51' title='bbox 1598 1097 1680 1144; x_wconf 89' lang='lat' dir='ltr'><strong>est</strong></span> <span class='ocrx_word' id='word_1_52' title='bbox 1708 1097 1766 1145; x_wconf 90' lang='lat' dir='ltr'><strong>ut</strong></span> <span class='ocrx_word' id='word_1_53' title='bbox 1793 1088 1845 1142; x_wconf 92' lang='lat' dir='ltr'><strong>in</strong></span> <span class='ocrx_word' id='word_1_54' title='bbox 1874 1095 2131 1143; x_wconf 70' lang='lat' dir='ltr'><strong>aeternum</strong></span> 
     </span>
    </p>
   </div>
   <div class='ocr_carea' id='block_1_9' title="bbox 549 1184 2134 1253">
    <p class='ocr_par' dir='ltr' id='par_1_9' title="bbox 549 1184 2134 1253">
     <span class='ocr_line' id='line_1_9' title="bbox 549 1184 2134 1253; baseline -0.005 -9"><span class='ocrx_word' id='word_1_55' title='bbox 549 1187 793 1244; x_wconf 80' lang='lat' dir='ltr'><strong>interiret</strong></span> <span class='ocrx_word' id='word_1_56' title='bbox 822 1185 1078 1241; x_wconf 82' lang='lat' dir='ltr'><strong>:babebit</strong></span> <span class='ocrx_word' id='word_1_57' title='bbox 1101 1184 1244 1240; x_wconf 90' lang='lat' dir='ltr'><strong>enim</strong></span> <span class='ocrx_word' id='word_1_58' title='bbox 1273 1193 1480 1253; x_wconf 89' lang='lat' dir='ltr'><strong>tempus</strong></span> <span class='ocrx_word' id='word_1_59' title='bbox 1505 1197 1658 1236; x_wconf 89' lang='lat' dir='ltr'><strong>suum</strong></span> <span class='ocrx_word' id='word_1_60' title='bbox 1685 1195 1790 1252; x_wconf 92' lang='lat' dir='ltr'><strong>quo</strong></span> <span class='ocrx_word' id='word_1_61' title='bbox 1819 1190 2060 1251; x_wconf 80' lang='lat' dir='ltr'><strong>resurgat</strong></span> <span class='ocrx_word' id='word_1_62' title='bbox 2079 1189 2134 1244; x_wconf 83' lang='lat' dir='ltr'><strong>et</strong></span> 
     </span>
    </p>
   </div>
   <div class='ocr_carea' id='block_1_10' title="bbox 511 1273 2134 1351">
    <p class='ocr_par' dir='ltr' id='par_1_10' title="bbox 511 1273 2134 1351">
     <span class='ocr_line' id='line_1_10' title="bbox 511 1273 2134 1351; baseline -0.007 -15"><span class='ocrx_word' id='word_1_63' title='bbox 511 1309 519 1318; x_wconf 62' lang='grc' dir='ltr'>ε</span> <span class='ocrx_word' id='word_1_64' title='bbox 548 1281 696 1351; x_wconf 86' lang='lat' dir='ltr'><strong>ipsa;</strong></span> <span class='ocrx_word' id='word_1_65' title='bbox 727 1279 850 1350; x_wconf 86' lang='lat' dir='ltr'><strong>quia</strong></span> <span class='ocrx_word' id='word_1_66' title='bbox 886 1276 1332 1334; x_wconf 84' lang='lat' dir='ltr'><strong>resurrectionem</strong></span> <span class='ocrx_word' id='word_1_67' title='bbox 1363 1275 1537 1329; x_wconf 87' lang='lat' dir='ltr'><strong>carnis</strong></span> <span class='ocrx_word' id='word_1_68' title='bbox 1559 1273 1665 1343; x_wconf 90' lang='lat' dir='ltr'><strong>jam</strong></span> <span class='ocrx_word' id='word_1_69' title='bbox 1693 1273 1924 1328; x_wconf 91' lang='lat' dir='ltr'><strong>ostendit</strong></span> <span class='ocrx_word' id='word_1_70' title='bbox 1954 1273 2134 1326; x_wconf 77' lang='lat' dir='ltr'><strong>Domi-</strong></span> 
     </span>
    </p>
   </div>
   <div class='ocr_carea' id='block_1_11' title="bbox 511 1352 2134 1441">
    <p class='ocr_par' dir='ltr' id='par_1_11' title="bbox 511 1352 2134 1441">
     <span class='ocr_line' id='line_1_11' title="bbox 511 1352 2134 1441; baseline -0.006 -13"><span class='ocrx_word' id='word_1_71' title='bbox 547 1387 648 1427; x_wconf 87' lang='lat' dir='ltr'><strong>nus</strong></span> <span class='ocrx_word' id='word_1_72' title='bbox 673 1370 728 1426; x_wconf 92' lang='lat' dir='ltr'><strong>in</strong></span> <span class='ocrx_word' id='word_1_73' title='bbox 757 1370 953 1441; x_wconf 89' lang='lat' dir='ltr'><strong>seipso.</strong></span> <span class='ocrx_word' id='word_1_74' title='bbox 988 1367 1114 1423; x_wconf 91' lang='lat' dir='ltr'><strong>Inde</strong></span> <span class='ocrx_word' id='word_1_75' title='bbox 1142 1367 1286 1422; x_wconf 89' lang='lat' dir='ltr'><strong>illam</strong></span> <span class='ocrx_word' id='word_1_76' title='bbox 1336 1365 1501 1420; x_wconf 91' lang='lat' dir='ltr'><strong>voluit</strong></span> <span class='ocrx_word' id='word_1_77' title='bbox 1527 1380 1556 1418; x_wconf 92' lang='lat' dir='ltr'><strong>a</strong></span> <span class='ocrx_word' id='word_1_78' title='bbox 1584 1365 1737 1419; x_wconf 90' lang='lat' dir='ltr'><strong>nobis</strong></span> <span class='ocrx_word' id='word_1_79' title='bbox 1784 1363 2046 1433; x_wconf 88' lang='lat' dir='ltr'><strong>accipere,</strong></span> <span class='ocrx_word' id='word_1_80' title='bbox 2075 1371 2134 1418; x_wconf 94' lang='lat' dir='ltr'><strong>ut</strong></span> 
     </span>
    </p>
   </div>
   <div class='ocr_carea' id='block_1_12' title="bbox 495 1444 2128 1533">
    <p class='ocr_par' dir='ltr' id='par_1_12' title="bbox 495 1444 2128 1533">
     <span class='ocr_line' id='line_1_12' title="bbox 495 1444 2128 1533; baseline -0.007 -13"><span class='ocrx_word' id='word_1_81' title='bbox 495 1444 521 1532; x_wconf 59' lang='lat' dir='ltr'><strong>.i</strong></span> <span class='ocrx_word' id='word_1_82' title='bbox 548 1463 620 1520; x_wconf 87' lang='lat' dir='ltr'><strong>de</strong></span> <span class='ocrx_word' id='word_1_83' title='bbox 661 1471 844 1520; x_wconf 84' lang='lat' dir='ltr'><strong>nostra</strong></span> <span class='ocrx_word' id='word_1_84' title='bbox 879 1475 1160 1533; x_wconf 85' lang='lat' dir='ltr'><strong>possemus</strong></span> <span class='ocrx_word' id='word_1_85' title='bbox 1205 1475 1312 1514; x_wconf 92' lang='lat' dir='ltr'><strong>non</strong></span> <span class='ocrx_word' id='word_1_86' title='bbox 1377 1457 1683 1529; x_wconf 87' lang='lat' dir='ltr'><strong>desperare.</strong></span> <span class='ocrx_word' id='word_1_87' title='bbox 1730 1457 1890 1526; x_wconf 87' lang='lat' dir='ltr'><strong>Ergo,</strong></span> <span class='ocrx_word' id='word_1_88' title='bbox 1919 1456 2128 1523; x_wconf 83' lang='lat' dir='ltr'><strong>fratres,</strong></span> 
     </span>
    </p>
   </div>
   <div class='ocr_carea' id='block_1_13' title="bbox 551 1549 2128 1624">
    <p class='ocr_par' dir='ltr' id='par_1_13' title="bbox 551 1549 2128 1624">
     <span class='ocr_line' id='line_1_13' title="bbox 551 1549 2128 1624; baseline -0.006 -12"><span class='ocrx_word' id='word_1_89' title='bbox 551 1570 678 1612; x_wconf 88' lang='lat' dir='ltr'><strong>caro</strong></span> <span class='ocrx_word' id='word_1_90' title='bbox 714 1569 994 1610; x_wconf 85' lang='lat' dir='ltr'><strong>servorum</strong></span> <span class='ocrx_word' id='word_1_91' title='bbox 1022 1567 1179 1624; x_wconf 88' lang='lat' dir='ltr'><strong>quam</strong></span> <span class='ocrx_word' id='word_1_92' title='bbox 1207 1551 1517 1607; x_wconf 90' lang='lat' dir='ltr'><strong>occiderunt</strong></span> <span class='ocrx_word' id='word_1_93' title='bbox 1555 1550 1787 1605; x_wconf 87' lang='lat' dir='ltr'><strong>cultores</strong></span> <span class='ocrx_word' id='word_1_94' title='bbox 1822 1549 2128 1614; x_wconf 90' lang='lat' dir='ltr'><strong>idolorum,</strong></span> 
     </span>
    </p>
   </div>
   <div class='ocr_carea' id='block_1_14' title="bbox 553 1640 2130 1718">
    <p class='ocr_par' dir='ltr' id='par_1_14' title="bbox 553 1640 2130 1718">
     <span class='ocr_line' id='line_1_14' title="bbox 553 1640 2130 1718; baseline -0.004 -16"><span class='ocrx_word' id='word_1_95' title='bbox 553 1655 789 1718; x_wconf 76' lang='lat' dir='ltr'><strong>resurget</strong></span> <span class='ocrx_word' id='word_1_96' title='bbox 821 1646 876 1700; x_wconf 90' lang='lat' dir='ltr'><strong>in</strong></span> <span class='ocrx_word' id='word_1_97' title='bbox 905 1653 1144 1714; x_wconf 89' lang='lat' dir='ltr'><strong>tempore</strong></span> <span class='ocrx_word' id='word_1_98' title='bbox 1181 1658 1278 1698; x_wconf 92' lang='lat' dir='ltr'><strong>suo</strong></span> <span class='ocrx_word' id='word_1_99' title='bbox 1308 1661 1321 1698; x_wconf 91' lang='lat'><strong>:</strong></span> <span class='ocrx_word' id='word_1_100' title='bbox 1351 1642 1487 1697; x_wconf 88' lang='lat' dir='ltr'><strong>idola</strong></span> <span class='ocrx_word' id='word_1_101' title='bbox 1517 1657 1634 1712; x_wconf 73' lang='lat' dir='ltr'><strong>quae</strong></span> <span class='ocrx_word' id='word_1_102' title='bbox 1664 1640 1819 1712; x_wconf 88' lang='lat' dir='ltr'><strong>fregit</strong></span> <span class='ocrx_word' id='word_1_103' title='bbox 1844 1640 2088 1696; x_wconf 83' lang='lat' dir='ltr'><strong>Christus</strong></span> <span class='ocrx_word' id='word_1_104' title='bbox 2113 1681 2130 1708; x_wconf 95' lang='lat'><strong>,</strong></span> 
     </span>
    </p>
   </div>
   <div class='ocr_carea' id='block_1_15' title="bbox 556 1731 2132 1809">
    <p class='ocr_par' dir='ltr' id='par_1_15' title="bbox 556 1731 2132 1809">
     <span class='ocr_line' id='line_1_15' title="bbox 556 1731 2132 1809; baseline -0.006 -15"><span class='ocrx_word' id='word_1_105' title='bbox 556 1753 825 1809; x_wconf 80' lang='lat' dir='ltr'><strong>nunquam</strong></span> <span class='ocrx_word' id='word_1_106' title='bbox 845 1737 1039 1792; x_wconf 83' lang='lat' dir='ltr'><strong>iterum</strong></span> <span class='ocrx_word' id='word_1_107' title='bbox 1064 1735 1221 1791; x_wconf 86' lang='lat' dir='ltr'><strong>faciet</strong></span> <span class='ocrx_word' id='word_1_108' title='bbox 1246 1733 1413 1790; x_wconf 84' lang='lat' dir='ltr'><strong>faber.</strong></span> <span class='ocrx_word' id='word_1_109' title='bbox 1444 1733 1704 1801; x_wconf 86' lang='lat' dir='ltr'><strong>Audistis,</strong></span> <span class='ocrx_word' id='word_1_110' title='bbox 1728 1747 1847 1786; x_wconf 92' lang='lat' dir='ltr'><strong>cum</strong></span> <span class='ocrx_word' id='word_1_111' title='bbox 1875 1731 2132 1788; x_wconf 86' lang='lat' dir='ltr'><strong>Jeremias</strong></span> 
     </span>
    </p>
   </div>
   <div class='ocr_carea' id='block_1_16' title="bbox 554 1825 2132 1901">
    <p class='ocr_par' dir='ltr' id='par_1_16' title="bbox 554 1825 2132 1901">
     <span class='ocr_line' id='line_1_16' title="bbox 554 1825 2132 1901; baseline -0.007 -15"><span class='ocrx_word' id='word_1_112' title='bbox 554 1829 820 1901; x_wconf 81' lang='lat' dir='ltr'><strong>legeretur</strong></span> <span class='ocrx_word' id='word_1_113' title='bbox 840 1837 969 1884; x_wconf 87' lang='lat' dir='ltr'><strong>ante</strong></span> <span class='ocrx_word' id='word_1_114' title='bbox 1017 1826 1362 1897; x_wconf 84' lang='lat' dir='ltr'><strong>apostolicam</strong></span> <span class='ocrx_word' id='word_1_115' title='bbox 1413 1825 1716 1889; x_wconf 86' lang='lat' dir='ltr'><strong>lectionem,</strong></span> <span class='ocrx_word' id='word_1_116' title='bbox 1747 1825 1790 1878; x_wconf 89' lang='lat' dir='ltr'><strong>si</strong></span> <span class='ocrx_word' id='word_1_117' title='bbox 1825 1837 2008 1878; x_wconf 89' lang='lat' dir='ltr'><strong>aurem</strong></span> <span class='ocrx_word' id='word_1_118' title='bbox 2034 1837 2132 1892; x_wconf 57' lang='lat' dir='ltr'><strong>ape</strong></span> 
     </span>
    </p>
   </div>
   <div class='ocr_carea' id='block_1_17' title="bbox 549 1917 2134 1996">
    <p class='ocr_par' dir='ltr' id='par_1_17' title="bbox 549 1917 2134 1996">
     <span class='ocr_line' id='line_1_17' title="bbox 549 1917 2134 1996; baseline -0.007 -15"><span class='ocrx_word' id='word_1_119' title='bbox 549 1925 840 1996; x_wconf 84' lang='lat' dir='ltr'><strong>posuistis;</strong></span> <span class='ocrx_word' id='word_1_120' title='bbox 871 1921 1080 1978; x_wconf 85' lang='lat' dir='ltr'><strong>vidistis</strong></span> <span class='ocrx_word' id='word_1_121' title='bbox 1124 1920 1197 1977; x_wconf 91' lang='lat' dir='ltr'><strong>ibi</strong></span> <span class='ocrx_word' id='word_1_122' title='bbox 1249 1929 1486 1988; x_wconf 88' lang='lat' dir='ltr'><strong>tempora</strong></span> <span class='ocrx_word' id='word_1_123' title='bbox 1531 1917 1810 1988; x_wconf 66' lang='lat' dir='ltr'><strong>praesentia</strong></span> <span class='ocrx_word' id='word_1_124' title='bbox 1848 1932 1964 1986; x_wconf 77' lang='lat' dir='ltr'><strong>qu:e</strong></span> <span class='ocrx_word' id='word_1_125' title='bbox 1993 1929 2134 1970; x_wconf 88' lang='lat' dir='ltr'><strong>nunc</strong></span> 
     </span>
    </p>
   </div>
   <div class='ocr_carea' id='block_1_18' title="bbox 553 2011 2134 2088">
    <p class='ocr_par' dir='ltr' id='par_1_18' title="bbox 553 2011 2134 2088">
     <span class='ocr_line' id='line_1_18' title="bbox 553 2011 2134 2088; baseline -0.006 -16"><span class='ocrx_word' id='word_1_126' title='bbox 553 2017 778 2088; x_wconf 77' lang='lat' dir='ltr'><strong>agimus.</strong></span> <span class='ocrx_word' id='word_1_127' title='bbox 821 2015 969 2070; x_wconf 80' lang='lat' dir='ltr'><strong>Dixit</strong></span> <span class='ocrx_word' id='word_1_128' title='bbox 1015 2015 1195 2070; x_wconf 90' lang='lat' dir='ltr'><strong>enim:</strong></span> <span class='ocrx_word' id='word_1_129' title='bbox 1228 2011 1316 2066; x_wconf 88' lang='lat' dir='ltr'><strong>Dii</strong></span> <span class='ocrx_word' id='word_1_130' title='bbox 1364 2013 1449 2080; x_wconf 81' lang='lat' dir='ltr'><strong>qui</strong></span> <span class='ocrx_word' id='word_1_131' title='bbox 1491 2013 1669 2066; x_wconf 68' lang='lat' dir='ltr'><strong>caelum</strong></span> <span class='ocrx_word' id='word_1_132' title='bbox 1718 2019 1765 2064; x_wconf 82' lang='lat' dir='ltr'><strong>et</strong></span> <span class='ocrx_word' id='word_1_133' title='bbox 1812 2020 1993 2064; x_wconf 85' lang='lat' dir='ltr'><strong>terram</strong></span> <span class='ocrx_word' id='word_1_134' title='bbox 2035 2025 2134 2063; x_wconf 88' lang='lat' dir='ltr'><strong>non</strong></span> 
     </span>
    </p>
   </div>
   <div class='ocr_carea' id='block_1_19' title="bbox 555 2100 2130 2181">
    <p class='ocr_par' dir='ltr' id='par_1_19' title="bbox 555 2100 2130 2181">
     <span class='ocr_line' id='line_1_19' title="bbox 555 2100 2130 2181; baseline -0.005 -19"><span class='ocrx_word' id='word_1_135' title='bbox 555 2111 796 2181; x_wconf 83' lang='lat' dir='ltr'><strong>fecerunt,</strong></span> <span class='ocrx_word' id='word_1_136' title='bbox 826 2116 1028 2178; x_wconf 80' lang='lat' dir='ltr'><strong>pereant</strong></span> <span class='ocrx_word' id='word_1_137' title='bbox 1053 2106 1116 2159; x_wconf 87' lang='lat' dir='ltr'><strong>de</strong></span> <span class='ocrx_word' id='word_1_138' title='bbox 1135 2114 1267 2158; x_wconf 85' lang='lat' dir='ltr'><strong>terra</strong></span> <span class='ocrx_word' id='word_1_139' title='bbox 1283 2112 1328 2157; x_wconf 88' lang='lat' dir='ltr'><strong>et</strong></span> <span class='ocrx_word' id='word_1_140' title='bbox 1354 2103 1417 2157; x_wconf 87' lang='lat' dir='ltr'><strong>de</strong></span> <span class='ocrx_word' id='word_1_141' title='bbox 1435 2103 1526 2157; x_wconf 89' lang='lat' dir='ltr'><strong>sub</strong></span> <span class='ocrx_word' id='word_1_142' title='bbox 1550 2102 1672 2156; x_wconf 76' lang='lat' dir='ltr'><strong>caelo</strong></span> <span class='ocrx_word' id='word_1_143' title='bbox 1693 2100 1901 2171; x_wconf 85' lang='lat' dir='ltr'><strong>(Jerem.</strong></span> <span class='ocrx_word' id='word_1_144' title='bbox 1935 2116 1992 2167; x_wconf 76' lang='grc' dir='ltr'><strong>κ,</strong></span> <span class='ocrx_word' id='word_1_145' title='bbox 2019 2101 2130 2170; x_wconf 76' lang='lat' dir='ltr'><strong>il).</strong></span> 
     </span>
    </p>
   </div>
   <div class='ocr_carea' id='block_1_20' title="bbox 554 2191 2133 2266">
    <p class='ocr_par' dir='ltr' id='par_1_20' title="bbox 554 2191 2133 2266">
     <span class='ocr_line' id='line_1_20' title="bbox 554 2191 2133 2266; baseline -0.007 -12"><span class='ocrx_word' id='word_1_146' title='bbox 554 2195 669 2254; x_wconf 84' lang='lat' dir='ltr'><strong>Non</strong></span> <span class='ocrx_word' id='word_1_147' title='bbox 687 2197 838 2262; x_wconf 80' lang='lat' dir='ltr'><strong>dixit,</strong></span> <span class='ocrx_word' id='word_1_148' title='bbox 863 2196 942 2250; x_wconf 91' lang='lat' dir='ltr'><strong>Dii</strong></span> <span class='ocrx_word' id='word_1_149' title='bbox 963 2197 1050 2266; x_wconf 91' lang='lat' dir='ltr'><strong>qui</strong></span> <span class='ocrx_word' id='word_1_150' title='bbox 1078 2194 1269 2250; x_wconf 70' lang='lat' dir='ltr'><strong>ctelum</strong></span> <span class='ocrx_word' id='word_1_151' title='bbox 1294 2202 1347 2248; x_wconf 91' lang='lat' dir='ltr'><strong>et</strong></span> <span class='ocrx_word' id='word_1_152' title='bbox 1372 2202 1568 2248; x_wconf 90' lang='lat' dir='ltr'><strong>terram</strong></span> <span class='ocrx_word' id='word_1_153' title='bbox 1594 2207 1698 2246; x_wconf 89' lang='lat' dir='ltr'><strong>non</strong></span> <span class='ocrx_word' id='word_1_154' title='bbox 1731 2191 1985 2256; x_wconf 90' lang='lat' dir='ltr'><strong>fecerunt,</strong></span> <span class='ocrx_word' id='word_1_155' title='bbox 2009 2205 2133 2259; x_wconf 86' lang='lat' dir='ltr'><strong>per-</strong></span> 
     </span>
    </p>
   </div>
   <div class='ocr_carea' id='block_1_21' title="bbox 549 2281 2136 2353">
    <p class='ocr_par' dir='ltr' id='par_1_21' title="bbox 549 2281 2136 2353">
     <span class='ocr_line' id='line_1_21' title="bbox 549 2281 2136 2353; baseline -0.007 -8"><span class='ocrx_word' id='word_1_156' title='bbox 549 2297 680 2346; x_wconf 73' lang='lat' dir='ltr'><strong>sant</strong></span> <span class='ocrx_word' id='word_1_157' title='bbox 719 2288 787 2344; x_wconf 88' lang='lat' dir='ltr'><strong>de</strong></span> <span class='ocrx_word' id='word_1_158' title='bbox 833 2287 973 2342; x_wconf 61' lang='lat' dir='ltr'><strong>calo</strong></span> <span class='ocrx_word' id='word_1_159' title='bbox 1001 2294 1056 2339; x_wconf 90' lang='lat' dir='ltr'><strong>et</strong></span> <span class='ocrx_word' id='word_1_160' title='bbox 1100 2286 1168 2340; x_wconf 88' lang='lat' dir='ltr'><strong>de</strong></span> <span class='ocrx_word' id='word_1_161' title='bbox 1221 2294 1392 2349; x_wconf 88' lang='lat' dir='ltr'><strong>terra;</strong></span> <span class='ocrx_word' id='word_1_162' title='bbox 1439 2283 1562 2353; x_wconf 89' lang='lat' dir='ltr'><strong>quia</strong></span> <span class='ocrx_word' id='word_1_163' title='bbox 1608 2298 1876 2352; x_wconf 88' lang='lat' dir='ltr'><strong>nunquam</strong></span> <span class='ocrx_word' id='word_1_164' title='bbox 1925 2281 2136 2335; x_wconf 80' lang='lat' dir='ltr'><strong>luerunt</strong></span> 
     </span>
    </p>
   </div>
   <div class='ocr_carea' id='block_1_22' title="bbox 549 2373 2136 2447">
    <p class='ocr_par' dir='ltr' id='par_1_22' title="bbox 549 2373 2136 2447">
     <span class='ocr_line' id='line_1_22' title="bbox 549 2373 2136 2447; baseline -0.008 -9"><span class='ocrx_word' id='word_1_165' title='bbox 549 2382 608 2438; x_wconf 63' lang='lat' dir='ltr'><strong>in</strong></span> <span class='ocrx_word' id='word_1_166' title='bbox 657 2379 796 2436; x_wconf 58' lang='lat' dir='ltr'><strong>caelo</strong></span> <span class='ocrx_word' id='word_1_167' title='bbox 820 2396 834 2434; x_wconf 90' lang='lat'><strong>:</strong></span> <span class='ocrx_word' id='word_1_168' title='bbox 861 2377 956 2434; x_wconf 88' lang='lat' dir='ltr'><strong>sed</strong></span> <span class='ocrx_word' id='word_1_169' title='bbox 977 2377 1104 2447; x_wconf 91' lang='lat' dir='ltr'><strong>quid</strong></span> <span class='ocrx_word' id='word_1_170' title='bbox 1123 2375 1296 2430; x_wconf 84' lang='lat' dir='ltr'><strong>dixit?</strong></span> <span class='ocrx_word' id='word_1_171' title='bbox 1323 2373 1411 2430; x_wconf 90' lang='lat' dir='ltr'><strong>Dii</strong></span> <span class='ocrx_word' id='word_1_172' title='bbox 1429 2375 1516 2446; x_wconf 85' lang='lat' dir='ltr'><strong>qui</strong></span> <span class='ocrx_word' id='word_1_173' title='bbox 1534 2374 1714 2428; x_wconf 71' lang='lat' dir='ltr'><strong>caelum</strong></span> <span class='ocrx_word' id='word_1_174' title='bbox 1739 2382 1784 2426; x_wconf 91' lang='lat' dir='ltr'><strong>et</strong></span> <span class='ocrx_word' id='word_1_175' title='bbox 1813 2382 2000 2426; x_wconf 86' lang='lat' dir='ltr'><strong>terram</strong></span> <span class='ocrx_word' id='word_1_176' title='bbox 2034 2387 2136 2426; x_wconf 83' lang='lat' dir='ltr'><strong>non</strong></span> 
     </span>
    </p>
   </div>
   <div class='ocr_carea' id='block_1_23' title="bbox 553 2464 2131 2543">
    <p class='ocr_par' dir='ltr' id='par_1_23' title="bbox 553 2464 2131 2543">
     <span class='ocr_line' id='line_1_23' title="bbox 553 2464 2131 2543; baseline -0.007 -15"><span class='ocrx_word' id='word_1_177' title='bbox 553 2472 796 2543; x_wconf 74' lang='lat' dir='ltr'><strong>fecerunt,</strong></span> <span class='ocrx_word' id='word_1_178' title='bbox 821 2478 1023 2542; x_wconf 81' lang='lat' dir='ltr'><strong>pereant</strong></span> <span class='ocrx_word' id='word_1_179' title='bbox 1048 2469 1110 2522; x_wconf 89' lang='lat' dir='ltr'><strong>de</strong></span> <span class='ocrx_word' id='word_1_180' title='bbox 1143 2477 1295 2523; x_wconf 83' lang='lat' dir='ltr'><strong>terra.</strong></span> <span class='ocrx_word' id='word_1_181' title='bbox 1325 2467 1486 2533; x_wconf 86' lang='lat' dir='ltr'><strong>Quasi</strong></span> <span class='ocrx_word' id='word_1_182' title='bbox 1518 2465 1789 2534; x_wconf 88' lang='lat' dir='ltr'><strong>respondit</strong></span> <span class='ocrx_word' id='word_1_183' title='bbox 1815 2464 1880 2519; x_wconf 90' lang='lat' dir='ltr'><strong>ad</strong></span> <span class='ocrx_word' id='word_1_184' title='bbox 1917 2474 2131 2530; x_wconf 89' lang='lat' dir='ltr'><strong>terram,</strong></span> 
     </span>
    </p>
   </div>
   <div class='ocr_carea' id='block_1_24' title="bbox 550 2559 2135 2637">
    <p class='ocr_par' dir='ltr' id='par_1_24' title="bbox 550 2559 2135 2637">
     <span class='ocr_line' id='line_1_24' title="bbox 550 2559 2135 2637; baseline -0.006 -14"><span class='ocrx_word' id='word_1_185' title='bbox 550 2576 608 2624; x_wconf 88' lang='lat' dir='ltr'><strong>et</strong></span> <span class='ocrx_word' id='word_1_186' title='bbox 655 2568 822 2623; x_wconf 85' lang='lat' dir='ltr'><strong>deluit</strong></span> <span class='ocrx_word' id='word_1_187' title='bbox 876 2565 1016 2637; x_wconf 90' lang='lat' dir='ltr'><strong>quod</strong></span> <span class='ocrx_word' id='word_1_188' title='bbox 1063 2563 1412 2634; x_wconf 87' lang='lat' dir='ltr'><strong>responderet</strong></span> <span class='ocrx_word' id='word_1_189' title='bbox 1458 2561 1526 2616; x_wconf 89' lang='lat' dir='ltr'><strong>de</strong></span> <span class='ocrx_word' id='word_1_190' title='bbox 1571 2562 1728 2625; x_wconf 67' lang='lat' dir='ltr'><strong>caelo,</strong></span> <span class='ocrx_word' id='word_1_191' title='bbox 1759 2559 1882 2629; x_wconf 88' lang='lat' dir='ltr'><strong>quia</strong></span> <span class='ocrx_word' id='word_1_192' title='bbox 1913 2559 1984 2613; x_wconf 89' lang='lat' dir='ltr'><strong>illi</strong></span> <span class='ocrx_word' id='word_1_193' title='bbox 2027 2573 2135 2613; x_wconf 90' lang='lat' dir='ltr'><strong>non</strong></span> 
     </span>
    </p>
   </div>
   <div class='ocr_carea' id='block_1_25' title="bbox 549 2654 2134 2727">
    <p class='ocr_par' dir='ltr' id='par_1_25' title="bbox 549 2654 2134 2727">
     <span class='ocr_line' id='line_1_25' title="bbox 549 2654 2134 2727; baseline -0.006 -11"><span class='ocrx_word' id='word_1_194' title='bbox 549 2661 766 2716; x_wconf 83' lang='lat' dir='ltr'><strong>fuerunt</strong></span> <span class='ocrx_word' id='word_1_195' title='bbox 814 2660 866 2714; x_wconf 89' lang='lat' dir='ltr'><strong>in</strong></span> <span class='ocrx_word' id='word_1_196' title='bbox 893 2659 1032 2714; x_wconf 63' lang='lat' dir='ltr'><strong>caelo</strong></span> <span class='ocrx_word' id='word_1_197' title='bbox 1065 2675 1078 2712; x_wconf 89' lang='lat'>:</span> <span class='ocrx_word' id='word_1_198' title='bbox 1113 2658 1279 2727; x_wconf 88' lang='lat' dir='ltr'><strong>ipsam</strong></span> <span class='ocrx_word' id='word_1_199' title='bbox 1311 2665 1510 2710; x_wconf 88' lang='lat' dir='ltr'><strong>terram</strong></span> <span class='ocrx_word' id='word_1_200' title='bbox 1559 2654 1640 2710; x_wconf 90' lang='lat' dir='ltr'><strong>bis</strong></span> <span class='ocrx_word' id='word_1_201' title='bbox 1683 2654 1835 2717; x_wconf 83' lang='lat' dir='ltr'><strong>dixit,</strong></span> <span class='ocrx_word' id='word_1_202' title='bbox 1867 2655 1988 2723; x_wconf 84' lang='lat' dir='ltr'><strong>quia</strong></span> <span class='ocrx_word' id='word_1_203' title='bbox 2021 2656 2134 2722; x_wconf 86' lang='lat' dir='ltr'><strong>ipsa</strong></span> 
     </span>
    </p>
   </div>
   <div class='ocr_carea' id='block_1_26' title="bbox 551 2741 2134 2812">
    <p class='ocr_par' dir='ltr' id='par_1_26' title="bbox 551 2741 2134 2812">
     <span class='ocr_line' id='line_1_26' title="bbox 551 2741 2134 2812; baseline -0.006 -4"><span class='ocrx_word' id='word_1_204' title='bbox 551 2741 648 2808; x_wconf 59' lang='lat' dir='ltr'><strong>est&#39;</strong></span> <span class='ocrx_word' id='word_1_205' title='bbox 667 2751 766 2807; x_wconf 89' lang='lat' dir='ltr'><strong>sub</strong></span> <span class='ocrx_word' id='word_1_206' title='bbox 795 2751 950 2806; x_wconf 71' lang='lat' dir='ltr'><strong>coelo.</strong></span> <span class='ocrx_word' id='word_1_207' title='bbox 982 2748 1201 2804; x_wconf 79' lang='lat' dir='ltr'><strong>Pereunt</strong></span> <span class='ocrx_word' id='word_1_208' title='bbox 1221 2750 1284 2803; x_wconf 85' lang='lat' dir='ltr'><strong>de</strong></span> <span class='ocrx_word' id='word_1_209' title='bbox 1308 2759 1440 2804; x_wconf 85' lang='lat' dir='ltr'><strong>terra</strong></span> <span class='ocrx_word' id='word_1_210' title='bbox 1461 2757 1507 2802; x_wconf 84' lang='lat' dir='ltr'><strong>et</strong></span> <span class='ocrx_word' id='word_1_211' title='bbox 1536 2747 1598 2802; x_wconf 86' lang='lat' dir='ltr'><strong>de</strong></span> <span class='ocrx_word' id='word_1_212' title='bbox 1622 2747 1713 2801; x_wconf 86' lang='lat' dir='ltr'><strong>sub</strong></span> <span class='ocrx_word' id='word_1_213' title='bbox 1740 2746 1884 2812; x_wconf 67' lang='lat' dir='ltr'><strong>corio,</strong></span> <span class='ocrx_word' id='word_1_214' title='bbox 1909 2747 1976 2800; x_wconf 91' lang='lat' dir='ltr'><strong>de</strong></span> <span class='ocrx_word' id='word_1_215' title='bbox 2001 2756 2134 2800; x_wconf 87' lang='lat' dir='ltr'><strong>tem-</strong></span> 
     </span>
    </p>
   </div>
   <div class='ocr_carea' id='block_1_27' title="bbox 551 2839 2134 2915">
    <p class='ocr_par' dir='ltr' id='par_1_27' title="bbox 551 2839 2134 2915">
     <span class='ocr_line' id='line_1_27' title="bbox 551 2839 2134 2915; baseline -0.003 -19"><span class='ocrx_word' id='word_1_216' title='bbox 551 2845 654 2915; x_wconf 87' lang='lat' dir='ltr'><strong>plis</strong></span> <span class='ocrx_word' id='word_1_217' title='bbox 683 2844 810 2899; x_wconf 89' lang='lat' dir='ltr'><strong>suis.</strong></span> <span class='ocrx_word' id='word_1_218' title='bbox 841 2843 1029 2898; x_wconf 72' lang='lat' dir='ltr'><strong>Videte</strong></span> <span class='ocrx_word' id='word_1_219' title='bbox 1072 2841 1117 2896; x_wconf 88' lang='lat' dir='ltr'><strong>si</strong></span> <span class='ocrx_word' id='word_1_220' title='bbox 1162 2856 1268 2895; x_wconf 92' lang='lat' dir='ltr'><strong>non</strong></span> <span class='ocrx_word' id='word_1_221' title='bbox 1316 2839 1392 2906; x_wconf 88' lang='lat' dir='ltr'><strong>fit,</strong></span> <span class='ocrx_word' id='word_1_222' title='bbox 1425 2841 1469 2893; x_wconf 88' lang='lat' dir='ltr'><strong>si</strong></span> <span class='ocrx_word' id='word_1_223' title='bbox 1501 2855 1606 2894; x_wconf 91' lang='lat' dir='ltr'><strong>non</strong></span> <span class='ocrx_word' id='word_1_224' title='bbox 1653 2853 1718 2892; x_wconf 87' lang='lat' dir='ltr'><strong>ex</strong></span> <span class='ocrx_word' id='word_1_225' title='bbox 1749 2852 1936 2907; x_wconf 89' lang='lat' dir='ltr'><strong>magna</strong></span> <span class='ocrx_word' id='word_1_226' title='bbox 1986 2848 2134 2906; x_wconf 89' lang='lat' dir='ltr'><strong>parte</strong></span> 
     </span>
    </p>
   </div>
   <div class='ocr_carea' id='block_1_28' title="bbox 544 2932 2133 3008">
    <p class='ocr_par' dir='ltr' id='par_1_28' title="bbox 544 2932 2133 3008">
     <span class='ocr_line' id='line_1_28' title="bbox 544 2932 2133 3008; baseline -0.005 -18"><span class='ocrx_word' id='word_1_227' title='bbox 544 2933 654 3008; x_wconf 88' lang='lat' dir='ltr'><strong>jam</strong></span> <span class='ocrx_word' id='word_1_228' title='bbox 686 2935 877 2991; x_wconf 90' lang='lat' dir='ltr'><strong>factum</strong></span> <span class='ocrx_word' id='word_1_229' title='bbox 919 2943 1000 2990; x_wconf 88' lang='lat' dir='ltr'><strong>est</strong></span> <span class='ocrx_word' id='word_1_230' title='bbox 1032 2954 1043 2988; x_wconf 93' lang='lat'>:</span> <span class='ocrx_word' id='word_1_231' title='bbox 1074 2933 1198 3004; x_wconf 91' lang='lat' dir='ltr'><strong>quid</strong></span> <span class='ocrx_word' id='word_1_232' title='bbox 1243 2933 1384 2987; x_wconf 88' lang='lat' dir='ltr'><strong>enim</strong></span> <span class='ocrx_word' id='word_1_233' title='bbox 1437 2932 1715 2997; x_wconf 88' lang='lat' dir='ltr'><strong>remansit,</strong></span> <span class='ocrx_word' id='word_1_234' title='bbox 1741 2938 1830 2984; x_wconf 85' lang='lat' dir='ltr'><strong>aut</strong></span> <span class='ocrx_word' id='word_1_235' title='bbox 1877 2939 2133 2999; x_wconf 88' lang='lat' dir='ltr'><strong>quantum</strong></span> 
     </span>
    </p>
   </div>
   <div class='ocr_carea' id='block_1_29' title="bbox 546 3024 2133 3098">
    <p class='ocr_par' dir='ltr' id='par_1_29' title="bbox 546 3024 2133 3098">
     <span class='ocr_line' id='line_1_29' title="bbox 546 3024 2133 3098; baseline -0.004 -13"><span class='ocrx_word' id='word_1_236' title='bbox 546 3027 1028 3098; x_wconf 81' lang='lat' dir='ltr'><strong>remansit?Magis</strong></span> <span class='ocrx_word' id='word_1_237' title='bbox 1055 3035 1424 3081; x_wconf 84' lang='lat' dir='ltr'><strong>remanserunt</strong></span> <span class='ocrx_word' id='word_1_238' title='bbox 1475 3025 1613 3080; x_wconf 89' lang='lat' dir='ltr'><strong>idola</strong></span> <span class='ocrx_word' id='word_1_239' title='bbox 1657 3025 1709 3079; x_wconf 92' lang='lat' dir='ltr'><strong>in</strong></span> <span class='ocrx_word' id='word_1_240' title='bbox 1754 3024 2003 3079; x_wconf 84' lang='lat' dir='ltr'><strong>cordibus</strong></span> <span class='ocrx_word' id='word_1_241' title='bbox 2035 3024 2133 3078; x_wconf 85' lang='lat' dir='ltr'><strong>Pa-</strong></span> 
     </span>
    </p>
   </div>
   <div class='ocr_carea' id='block_1_30' title="bbox 544 3118 1613 3193">
    <p class='ocr_par' dir='ltr' id='par_1_30' title="bbox 544 3118 1613 3193">
     <span class='ocr_line' id='line_1_30' title="bbox 544 3118 1613 3193; baseline -0.007 -17"><span class='ocrx_word' id='word_1_242' title='bbox 544 3137 824 3193; x_wconf 86' lang='lat' dir='ltr'><strong>ganorum,</strong></span> <span class='ocrx_word' id='word_1_243' title='bbox 850 3135 1007 3191; x_wconf 92' lang='lat' dir='ltr'><strong>quam</strong></span> <span class='ocrx_word' id='word_1_244' title='bbox 1031 3120 1082 3173; x_wconf 92' lang='lat' dir='ltr'><strong>in</strong></span> <span class='ocrx_word' id='word_1_245' title='bbox 1115 3119 1244 3174; x_wconf 90' lang='lat' dir='ltr'><strong>locis</strong></span> <span class='ocrx_word' id='word_1_246' title='bbox 1275 3118 1613 3186; x_wconf 87' lang='lat' dir='ltr'><strong>templorum.</strong></span> 
     </span>
    </p>
   </div>
   <div class='ocr_carea' id='block_1_31' title="bbox 549 3209 2132 3284">
    <p class='ocr_par' dir='ltr' id='par_1_31' title="bbox 549 3209 2132 3284">
     <span class='ocr_line' id='line_1_31' title="bbox 549 3209 2132 3284; baseline -0.004 -14"><span class='ocrx_word' id='word_1_247' title='bbox 549 3211 560 3230; x_wconf 57' lang='grc'>³</span> <span class='ocrx_word' id='word_1_248' title='bbox 615 3216 669 3271; x_wconf 79' lang='grc'><strong>5.</strong></span> <span class='ocrx_word' id='word_1_249' title='bbox 693 3214 854 3284; x_wconf 79' lang='lat' dir='ltr'><strong>Ergo,</strong></span> <span class='ocrx_word' id='word_1_250' title='bbox 905 3213 1150 3266; x_wconf 83' lang='lat' dir='ltr'><strong>Dominus</strong></span> <span class='ocrx_word' id='word_1_251' title='bbox 1189 3212 1434 3282; x_wconf 83' lang='lat' dir='ltr'><strong>regnavit,</strong></span> <span class='ocrx_word' id='word_1_252' title='bbox 1472 3211 1757 3264; x_wconf 79' lang='lat' dir='ltr'><strong>irascantur</strong></span> <span class='ocrx_word' id='word_1_253' title='bbox 1789 3209 1983 3282; x_wconf 82' lang='lat' dir='ltr'><strong>pepuli.</strong></span> <span class='ocrx_word' id='word_1_254' title='bbox 2034 3209 2132 3275; x_wconf 87' lang='lat' dir='ltr'><strong>Qui</strong></span> 
     </span>
    </p>
   </div>
   <div class='ocr_carea' id='block_1_32' title="bbox 543 3301 2132 3375">
    <p class='ocr_par' dir='ltr' id='par_1_32' title="bbox 543 3301 2132 3375">
     <span class='ocr_line' id='line_1_32' title="bbox 543 3301 2132 3375; baseline -0.004 -14"><span class='ocrx_word' id='word_1_255' title='bbox 543 3305 683 3362; x_wconf 84' lang='lat' dir='ltr'><strong>sedet</strong></span> <span class='ocrx_word' id='word_1_256' title='bbox 730 3321 882 3375; x_wconf 86' lang='lat' dir='ltr'><strong>super</strong></span> <span class='ocrx_word' id='word_1_257' title='bbox 932 3303 1200 3360; x_wconf 83' lang='lat' dir='ltr'><strong>Cherubim</strong></span> <span class='ocrx_word' id='word_1_258' title='bbox 1231 3318 1249 3357; x_wconf 90' lang='lat'><strong><em>:</em></strong></span> <span class='ocrx_word' id='word_1_259' title='bbox 1277 3301 1550 3366; x_wconf 84' lang='lat' dir='ltr'><strong>subaudis,</strong></span> <span class='ocrx_word' id='word_1_260' title='bbox 1601 3301 1848 3370; x_wconf 79' lang='lat' dir='ltr'><strong>regnavit.</strong></span> <span class='ocrx_word' id='word_1_261' title='bbox 1898 3301 2132 3355; x_wconf 78' lang='lat' dir='ltr'><strong>Conmm-</strong></span> 
     </span>
    </p>
   </div>
   <div class='ocr_carea' id='block_1_33' title="bbox 541 3391 2131 3463">
    <p class='ocr_par' dir='ltr' id='par_1_33' title="bbox 541 3391 2131 3463">
     <span class='ocr_line' id='line_1_33' title="bbox 541 3391 2131 3463; baseline -0.004 -10"><span class='ocrx_word' id='word_1_262' title='bbox 541 3408 714 3453; x_wconf 77' lang='lat' dir='ltr'><strong>veatur</strong></span> <span class='ocrx_word' id='word_1_263' title='bbox 753 3406 908 3451; x_wconf 83' lang='lat' dir='ltr'><strong>terra.</strong></span> <span class='ocrx_word' id='word_1_264' title='bbox 947 3397 1140 3450; x_wconf 87' lang='lat' dir='ltr'><strong>lterum</strong></span> <span class='ocrx_word' id='word_1_265' title='bbox 1191 3395 1343 3459; x_wconf 82' lang='lat' dir='ltr'><strong>dixit,</strong></span> <span class='ocrx_word' id='word_1_266' title='bbox 1389 3394 1694 3447; x_wconf 79' lang='lat' dir='ltr'><strong>Irasrantur</strong></span> <span class='ocrx_word' id='word_1_267' title='bbox 1739 3391 1935 3463; x_wconf 80' lang='lat' dir='ltr'><strong>pepuli.</strong></span> <span class='ocrx_word' id='word_1_268' title='bbox 1978 3391 2131 3459; x_wconf 82' lang='lat' dir='ltr'><strong>Quod</strong></span> 
     </span>
    </p>
   </div>
   <div class='ocr_carea' id='block_1_34' title="bbox 541 3485 2131 3556">
    <p class='ocr_par' dir='ltr' id='par_1_34' title="bbox 541 3485 2131 3556">
     <span class='ocr_line' id='line_1_34' title="bbox 541 3485 2131 3556; baseline -0.006 -11"><span class='ocrx_word' id='word_1_269' title='bbox 541 3489 682 3546; x_wconf 87' lang='lat' dir='ltr'><strong>enim</strong></span> <span class='ocrx_word' id='word_1_270' title='bbox 728 3489 880 3555; x_wconf 90' lang='lat' dir='ltr'><strong>dixit,</strong></span> <span class='ocrx_word' id='word_1_271' title='bbox 913 3486 1158 3541; x_wconf 82' lang='lat' dir='ltr'><strong>Dominus</strong></span> <span class='ocrx_word' id='word_1_272' title='bbox 1182 3502 1202 3551; x_wconf 87' lang='lat'><strong>;</strong></span> <span class='ocrx_word' id='word_1_273' title='bbox 1225 3486 1324 3540; x_wconf 87' lang='lat' dir='ltr'><strong>hoc</strong></span> <span class='ocrx_word' id='word_1_274' title='bbox 1350 3486 1618 3556; x_wconf 81' lang='lat' dir='ltr'><strong>repetivit,</strong></span> <span class='ocrx_word' id='word_1_275' title='bbox 1651 3485 1750 3551; x_wconf 88' lang='lat' dir='ltr'><strong>Qui</strong></span> <span class='ocrx_word' id='word_1_276' title='bbox 1797 3485 1932 3538; x_wconf 90' lang='lat' dir='ltr'><strong>sedet</strong></span> <span class='ocrx_word' id='word_1_277' title='bbox 1979 3499 2131 3554; x_wconf 83' lang='lat' dir='ltr'><strong>super</strong></span> 
     </span>
    </p>
   </div>
   <div class='ocr_carea' id='block_1_35' title="bbox 542 3575 2127 3651">
    <p class='ocr_par' dir='ltr' id='par_1_35' title="bbox 542 3575 2127 3651">
     <span class='ocr_line' id='line_1_35' title="bbox 542 3575 2127 3651; baseline -0.004 -14"><span class='ocrx_word' id='word_1_278' title='bbox 542 3581 812 3638; x_wconf 87' lang='lat' dir='ltr'><strong>Cherubim</strong></span> <span class='ocrx_word' id='word_1_279' title='bbox 839 3597 858 3635; x_wconf 92' lang='lat'><strong><em>:</em></strong></span> <span class='ocrx_word' id='word_1_280' title='bbox 884 3580 1100 3651; x_wconf 88' lang='lat' dir='ltr'><strong>etquod</strong></span> <span class='ocrx_word' id='word_1_281' title='bbox 1135 3579 1302 3644; x_wconf 93' lang='lat' dir='ltr'><strong>dixit,</strong></span> <span class='ocrx_word' id='word_1_282' title='bbox 1337 3577 1582 3648; x_wconf 84' lang='lat' dir='ltr'><strong>regnavit,</strong></span> <span class='ocrx_word' id='word_1_283' title='bbox 1605 3576 1880 3634; x_wconf 84' lang='lat' dir='ltr'><strong>subaudiri</strong></span> <span class='ocrx_word' id='word_1_284' title='bbox 1913 3575 2036 3630; x_wconf 88' lang='lat' dir='ltr'><strong>fecit</strong></span> <span class='ocrx_word' id='word_1_285' title='bbox 2075 3577 2127 3630; x_wconf 90' lang='lat' dir='ltr'><strong>in</strong></span> 
     </span>
    </p>
   </div>
   <div class='ocr_carea' id='block_1_36' title="bbox 541 3669 2124 3743">
    <p class='ocr_par' dir='ltr' id='par_1_36' title="bbox 541 3669 2124 3743">
     <span class='ocr_line' id='line_1_36' title="bbox 541 3669 2124 3743; baseline -0.004 -14"><span class='ocrx_word' id='word_1_286' title='bbox 541 3676 648 3730; x_wconf 87' lang='lat' dir='ltr'><strong>alio</strong></span> <span class='ocrx_word' id='word_1_287' title='bbox 673 3689 836 3729; x_wconf 88' lang='lat' dir='ltr'><strong>versu</strong></span> <span class='ocrx_word' id='word_1_288' title='bbox 867 3690 880 3726; x_wconf 91' lang='lat'><strong>:</strong></span> <span class='ocrx_word' id='word_1_289' title='bbox 913 3682 967 3728; x_wconf 90' lang='lat' dir='ltr'><strong>et</strong></span> <span class='ocrx_word' id='word_1_290' title='bbox 992 3671 1131 3743; x_wconf 90' lang='lat' dir='ltr'><strong>quod</strong></span> <span class='ocrx_word' id='word_1_291' title='bbox 1155 3673 1247 3735; x_wconf 86' lang='lat' dir='ltr'><strong>ait,</strong></span> <span class='ocrx_word' id='word_1_292' title='bbox 1275 3669 1574 3724; x_wconf 79' lang='lat' dir='ltr'><strong>Irascuntur</strong></span> <span class='ocrx_word' id='word_1_293' title='bbox 1600 3670 1776 3739; x_wconf 84' lang='lat' dir='ltr'><strong>pepuli</strong></span> <span class='ocrx_word' id='word_1_294' title='bbox 1799 3685 1818 3732; x_wconf 80' lang='lat'><strong>,&#39;</strong></span> <span class='ocrx_word' id='word_1_295' title='bbox 1847 3669 1948 3724; x_wconf 89' lang='lat' dir='ltr'><strong>hoc</strong></span> <span class='ocrx_word' id='word_1_296' title='bbox 1971 3669 2124 3737; x_wconf 86' lang='lat' dir='ltr'><strong>dixit,</strong></span> 
     </span>
    </p>
   </div>
   <div class='ocr_carea' id='block_1_37' title="bbox 541 3761 2127 3832">
    <p class='ocr_par' dir='ltr' id='par_1_37' title="bbox 541 3761 2127 3832">
     <span class='ocr_line' id='line_1_37' title="bbox 541 3761 2127 3832; baseline -0.005 -10"><span class='ocrx_word' id='word_1_297' title='bbox 541 3767 924 3824; x_wconf 81' lang='lat' dir='ltr'><strong>Commoveatur</strong></span> <span class='ocrx_word' id='word_1_298' title='bbox 949 3774 1100 3818; x_wconf 87' lang='lat' dir='ltr'><strong>terra.</strong></span> <span class='ocrx_word' id='word_1_299' title='bbox 1123 3764 1259 3831; x_wconf 82' lang='lat' dir='ltr'><strong>Quid</strong></span> <span class='ocrx_word' id='word_1_300' title='bbox 1287 3771 1408 3817; x_wconf 87' lang='lat' dir='ltr'><strong>sunt</strong></span> <span class='ocrx_word' id='word_1_301' title='bbox 1434 3763 1576 3817; x_wconf 88' lang='lat' dir='ltr'><strong>enim</strong></span> <span class='ocrx_word' id='word_1_302' title='bbox 1606 3761 1806 3832; x_wconf 90' lang='lat' dir='ltr'><strong>populi,</strong></span> <span class='ocrx_word' id='word_1_303' title='bbox 1831 3761 1933 3815; x_wconf 91' lang='lat' dir='ltr'><strong>nisi</strong></span> <span class='ocrx_word' id='word_1_304' title='bbox 1963 3762 2127 3816; x_wconf 85' lang='lat' dir='ltr'><strong>terra?</strong></span> 
     </span>
    </p>
   </div>
   <div class='ocr_carea' id='block_1_38' title="bbox 551 3853 2126 3930">
    <p class='ocr_par' dir='ltr' id='par_1_38' title="bbox 551 3853 2126 3930">
     <span class='ocr_line' id='line_1_38' title="bbox 551 3853 2126 3930; baseline -0.005 -14"><span class='ocrx_word' id='word_1_305' title='bbox 551 3862 818 3930; x_wconf 81' lang='lat' dir='ltr'><strong>Quantum</strong></span> <span class='ocrx_word' id='word_1_306' title='bbox 869 3866 1044 3928; x_wconf 88' lang='lat' dir='ltr'><strong>potest</strong></span> <span class='ocrx_word' id='word_1_307' title='bbox 1087 3857 1344 3910; x_wconf 89' lang='lat' dir='ltr'><strong>irascatur</strong></span> <span class='ocrx_word' id='word_1_308' title='bbox 1375 3868 1511 3910; x_wconf 88' lang='lat' dir='ltr'><strong>terra</strong></span> <span class='ocrx_word' id='word_1_309' title='bbox 1537 3855 1585 3909; x_wconf 89' lang='lat' dir='ltr'><strong>ei</strong></span> <span class='ocrx_word' id='word_1_310' title='bbox 1615 3855 1704 3923; x_wconf 92' lang='lat' dir='ltr'><strong>qui</strong></span> <span class='ocrx_word' id='word_1_311' title='bbox 1749 3854 1860 3923; x_wconf 91' lang='lat' dir='ltr'><strong>jam</strong></span> <span class='ocrx_word' id='word_1_312' title='bbox 1900 3853 2049 3908; x_wconf 80' lang='lat' dir='ltr'><strong>sedet</strong></span> <span class='ocrx_word' id='word_1_313' title='bbox 2074 3855 2126 3908; x_wconf 83' lang='lat' dir='ltr'><strong>in</strong></span> 
     </span>
    </p>
   </div>
   <div class='ocr_carea' id='block_1_39' title="bbox 541 3945 2128 4012">
    <p class='ocr_par' dir='ltr' id='par_1_39' title="bbox 541 3945 2128 4012">
     <span class='ocr_line' id='line_1_39' title="bbox 541 3945 2128 4012; baseline -0.007 -3"><span class='ocrx_word' id='word_1_314' title='bbox 541 3953 699 4010; x_wconf 64' lang='lat' dir='ltr'><strong>coelo.</strong></span> <span class='ocrx_word' id='word_1_315' title='bbox 743 3951 866 4006; x_wconf 88' lang='lat' dir='ltr'><strong>Fuit</strong></span> <span class='ocrx_word' id='word_1_316' title='bbox 907 3949 1048 4004; x_wconf 90' lang='lat' dir='ltr'><strong>enim</strong></span> <span class='ocrx_word' id='word_1_317' title='bbox 1076 3949 1333 4003; x_wconf 89' lang='lat' dir='ltr'><strong>Dominus</strong></span> <span class='ocrx_word' id='word_1_318' title='bbox 1379 3955 1434 4001; x_wconf 90' lang='lat' dir='ltr'><strong>et</strong></span> <span class='ocrx_word' id='word_1_319' title='bbox 1470 3947 1522 4000; x_wconf 92' lang='lat' dir='ltr'><strong>in</strong></span> <span class='ocrx_word' id='word_1_320' title='bbox 1555 3954 1714 4011; x_wconf 88' lang='lat' dir='ltr'><strong>terra,</strong></span> <span class='ocrx_word' id='word_1_321' title='bbox 1743 3953 1798 3999; x_wconf 89' lang='lat' dir='ltr'><strong>et</strong></span> <span class='ocrx_word' id='word_1_322' title='bbox 1840 3945 2128 4012; x_wconf 83' lang='lat' dir='ltr'><strong>assumpsit</strong></span> 
     </span>
    </p>
   </div>
   <div class='ocr_carea' id='block_1_40' title="bbox 537 4037 2126 4112">
    <p class='ocr_par' dir='ltr' id='par_1_40' title="bbox 537 4037 2126 4112">
     <span class='ocr_line' id='line_1_40' title="bbox 537 4037 2126 4112; baseline -0.006 -12"><span class='ocrx_word' id='word_1_323' title='bbox 537 4055 734 4102; x_wconf 90' lang='lat' dir='ltr'><strong>terram</strong></span> <span class='ocrx_word' id='word_1_324' title='bbox 764 4045 816 4098; x_wconf 91' lang='lat' dir='ltr'><strong>in</strong></span> <span class='ocrx_word' id='word_1_325' title='bbox 845 4058 946 4112; x_wconf 90' lang='lat' dir='ltr'><strong>qua</strong></span> <span class='ocrx_word' id='word_1_326' title='bbox 985 4050 1130 4096; x_wconf 90' lang='lat' dir='ltr'><strong>esset</strong></span> <span class='ocrx_word' id='word_1_327' title='bbox 1176 4040 1228 4094; x_wconf 92' lang='lat' dir='ltr'><strong>in</strong></span> <span class='ocrx_word' id='word_1_328' title='bbox 1275 4049 1433 4094; x_wconf 91' lang='lat' dir='ltr'><strong>terra.</strong></span> <span class='ocrx_word' id='word_1_329' title='bbox 1481 4037 1654 4092; x_wconf 83' lang='lat' dir='ltr'><strong>induit</strong></span> <span class='ocrx_word' id='word_1_330' title='bbox 1703 4051 1761 4092; x_wconf 91' lang='lat' dir='ltr'><strong>se</strong></span> <span class='ocrx_word' id='word_1_331' title='bbox 1799 4052 2038 4103; x_wconf 88' lang='lat' dir='ltr'><strong>carnem,</strong></span> <span class='ocrx_word' id='word_1_332' title='bbox 2071 4043 2126 4092; x_wconf 89' lang='lat' dir='ltr'><strong>et</strong></span> 
     </span>
    </p>
   </div>
   <div class='ocr_carea' id='block_1_41' title="bbox 541 4129 2126 4210">
    <p class='ocr_par' dir='ltr' id='par_1_41' title="bbox 541 4129 2126 4210">
     <span class='ocr_line' id='line_1_41' title="bbox 541 4129 2126 4210; baseline -0.007 -16"><span class='ocrx_word' id='word_1_333' title='bbox 541 4139 689 4210; x_wconf 79' lang='lat' dir='ltr'><strong>prior</strong></span> <span class='ocrx_word' id='word_1_334' title='bbox 717 4136 882 4192; x_wconf 90' lang='lat' dir='ltr'><strong>voluit</strong></span> <span class='ocrx_word' id='word_1_335' title='bbox 923 4136 1030 4205; x_wconf 92' lang='lat' dir='ltr'><strong>pati</strong></span> <span class='ocrx_word' id='word_1_336' title='bbox 1082 4133 1376 4188; x_wconf 87' lang='lat' dir='ltr'><strong>irascentes</strong></span> <span class='ocrx_word' id='word_1_337' title='bbox 1422 4132 1668 4201; x_wconf 91' lang='lat' dir='ltr'><strong>populos.</strong></span> <span class='ocrx_word' id='word_1_338' title='bbox 1694 4129 1772 4185; x_wconf 81' lang='lat' dir='ltr'><strong>Ne</strong></span> <span class='ocrx_word' id='word_1_339' title='bbox 1794 4130 1926 4185; x_wconf 89' lang='lat' dir='ltr'><strong>iram</strong></span> <span class='ocrx_word' id='word_1_340' title='bbox 1959 4144 2126 4200; x_wconf 45' lang='lat' dir='ltr'><strong>popus</strong></span> 
     </span>
    </p>
   </div>
   <div class='ocr_carea' id='block_1_42' title="bbox 539 4222 2127 4297">
    <p class='ocr_par' dir='ltr' id='par_1_42' title="bbox 539 4222 2127 4297">
     <span class='ocr_line' id='line_1_42' title="bbox 539 4222 2127 4297; baseline -0.008 -8"><span class='ocrx_word' id='word_1_341' title='bbox 539 4235 713 4289; x_wconf 87' lang='lat' dir='ltr'><strong>lorum</strong></span> <span class='ocrx_word' id='word_1_342' title='bbox 740 4231 991 4285; x_wconf 88' lang='lat' dir='ltr'><strong>timerent</strong></span> <span class='ocrx_word' id='word_1_343' title='bbox 1011 4228 1149 4284; x_wconf 87' lang='lat' dir='ltr'><strong>servi</strong></span> <span class='ocrx_word' id='word_1_344' title='bbox 1179 4228 1314 4297; x_wconf 87' lang='lat' dir='ltr'><strong>ejus,</strong></span> <span class='ocrx_word' id='word_1_345' title='bbox 1340 4227 1485 4297; x_wconf 92' lang='lat' dir='ltr'><strong>prior</strong></span> <span class='ocrx_word' id='word_1_346' title='bbox 1513 4226 1652 4278; x_wconf 82' lang='lat' dir='ltr'><strong>illam</strong></span> <span class='ocrx_word' id='word_1_347' title='bbox 1685 4224 1792 4295; x_wconf 90' lang='lat' dir='ltr'><strong>pati</strong></span> <span class='ocrx_word' id='word_1_348' title='bbox 1839 4222 2007 4277; x_wconf 90' lang='lat' dir='ltr'><strong>voluit</strong></span> <span class='ocrx_word' id='word_1_349' title='bbox 2035 4240 2049 4276; x_wconf 89' lang='lat'><strong>:</strong></span> <span class='ocrx_word' id='word_1_350' title='bbox 2072 4233 2127 4278; x_wconf 90' lang='lat' dir='ltr'><strong>et</strong></span> 
     </span>
    </p>
   </div>
   <div class='ocr_carea' id='block_1_43' title="bbox 539 4315 2125 4396">
    <p class='ocr_par' dir='ltr' id='par_1_43' title="bbox 539 4315 2125 4396">
     <span class='ocr_line' id='line_1_43' title="bbox 539 4315 2125 4396; baseline -0.007 -16"><span class='ocrx_word' id='word_1_351' title='bbox 539 4327 662 4396; x_wconf 84' lang='lat' dir='ltr'><strong>quia</strong></span> <span class='ocrx_word' id='word_1_352' title='bbox 684 4322 982 4379; x_wconf 89' lang='lat' dir='ltr'><strong>necessaria</strong></span> <span class='ocrx_word' id='word_1_353' title='bbox 1012 4327 1126 4375; x_wconf 89' lang='lat' dir='ltr'><strong>erat</strong></span> <span class='ocrx_word' id='word_1_354' title='bbox 1165 4319 1242 4373; x_wconf 88' lang='lat' dir='ltr'><strong>ira</strong></span> <span class='ocrx_word' id='word_1_355' title='bbox 1288 4317 1602 4388; x_wconf 92' lang='lat' dir='ltr'><strong>populorum</strong></span> <span class='ocrx_word' id='word_1_356' title='bbox 1650 4315 1820 4370; x_wconf 88' lang='lat' dir='ltr'><strong>servis</strong></span> <span class='ocrx_word' id='word_1_357' title='bbox 1847 4315 1983 4384; x_wconf 90' lang='lat' dir='ltr'><strong>ejus,</strong></span> <span class='ocrx_word' id='word_1_358' title='bbox 2013 4323 2125 4369; x_wconf 84' lang='lat' dir='ltr'><strong>uta</strong></span> 
     </span>
    </p>
   </div>
   <div class='ocr_carea' id='block_1_44' title="bbox 549 4407 2126 4488">
    <p class='ocr_par' dir='ltr' id='par_1_44' title="bbox 549 4407 2126 4488">
     <span class='ocr_line' id='line_1_44' title="bbox 549 4407 2126 4488; baseline -0.005 -16"><span class='ocrx_word' id='word_1_359' title='bbox 549 4415 784 4488; x_wconf 87' lang='lat' dir='ltr'><strong>peccatis</strong></span> <span class='ocrx_word' id='word_1_360' title='bbox 835 4413 944 4469; x_wconf 91' lang='lat' dir='ltr'><strong>suis</strong></span> <span class='ocrx_word' id='word_1_361' title='bbox 989 4410 1237 4466; x_wconf 91' lang='lat' dir='ltr'><strong>omnibus</strong></span> <span class='ocrx_word' id='word_1_362' title='bbox 1265 4425 1358 4480; x_wconf 89' lang='lat' dir='ltr'><strong>per</strong></span> <span class='ocrx_word' id='word_1_363' title='bbox 1383 4410 1524 4479; x_wconf 87' lang='lat' dir='ltr'><strong>ipsas</strong></span> <span class='ocrx_word' id='word_1_364' title='bbox 1556 4407 1924 4463; x_wconf 88' lang='lat' dir='ltr'><strong>tribulationes</strong></span> <span class='ocrx_word' id='word_1_365' title='bbox 1970 4421 2126 4464; x_wconf 88' lang='lat' dir='ltr'><strong>cura-</strong></span> 
     </span>
    </p>
   </div>
   <div class='ocr_carea' id='block_1_45' title="bbox 541 4501 2124 4574">
    <p class='ocr_par' dir='ltr' id='par_1_45' title="bbox 541 4501 2124 4574">
     <span class='ocr_line' id='line_1_45' title="bbox 541 4501 2124 4574; baseline -0.006 -11"><span class='ocrx_word' id='word_1_366' title='bbox 541 4519 744 4574; x_wconf 83' lang='lat' dir='ltr'><strong>rentur,</strong></span> <span class='ocrx_word' id='word_1_367' title='bbox 771 4516 824 4562; x_wconf 90' lang='lat' dir='ltr'><strong>et</strong></span> <span class='ocrx_word' id='word_1_368' title='bbox 847 4514 1193 4570; x_wconf 89' lang='lat' dir='ltr'><strong>sanarentur;</strong></span> <span class='ocrx_word' id='word_1_369' title='bbox 1223 4519 1460 4558; x_wconf 88' lang='lat' dir='ltr'><strong>amarum</strong></span> <span class='ocrx_word' id='word_1_370' title='bbox 1483 4502 1732 4574; x_wconf 89' lang='lat' dir='ltr'><strong>poculum</strong></span> <span class='ocrx_word' id='word_1_371' title='bbox 1774 4502 1920 4571; x_wconf 89' lang='lat' dir='ltr'><strong>prior</strong></span> <span class='ocrx_word' id='word_1_372' title='bbox 1958 4501 2124 4555; x_wconf 91' lang='lat' dir='ltr'><strong>medi-</strong></span> 
     </span>
    </p>
   </div>
   <div class='ocr_carea' id='block_1_46' title="bbox 539 4592 2125 4667">
    <p class='ocr_par' dir='ltr' id='par_1_46' title="bbox 539 4592 2125 4667">
     <span class='ocr_line' id='line_1_46' title="bbox 539 4592 2125 4667; baseline -0.007 -10"><span class='ocrx_word' id='word_1_373' title='bbox 539 4618 633 4657; x_wconf 82' lang='lat' dir='ltr'><strong>cus</strong></span> <span class='ocrx_word' id='word_1_374' title='bbox 656 4601 808 4667; x_wconf 84' lang='lat' dir='ltr'><strong>bibit,</strong></span> <span class='ocrx_word' id='word_1_375' title='bbox 837 4616 904 4654; x_wconf 90' lang='lat' dir='ltr'><strong>ne</strong></span> <span class='ocrx_word' id='word_1_376' title='bbox 934 4599 1117 4654; x_wconf 91' lang='lat' dir='ltr'><strong>bibere</strong></span> <span class='ocrx_word' id='word_1_377' title='bbox 1149 4599 1357 4652; x_wconf 88' lang='lat' dir='ltr'><strong>timeret</strong></span> <span class='ocrx_word' id='word_1_378' title='bbox 1401 4604 1650 4666; x_wconf 78' lang='lat' dir='ltr'><strong>aegrotus.</strong></span> <span class='ocrx_word' id='word_1_379' title='bbox 1683 4594 1842 4664; x_wconf 82' lang='lat' dir='ltr'><strong>Ergo,</strong></span> <span class='ocrx_word' id='word_1_380' title='bbox 1880 4592 2125 4646; x_wconf 79' lang='lat' dir='ltr'><strong>Dominus</strong></span> 
     </span>
    </p>
   </div>
   <div class='ocr_carea' id='block_1_47' title="bbox 540 4684 2122 4767">
    <p class='ocr_par' dir='ltr' id='par_1_47' title="bbox 540 4684 2122 4767">
     <span class='ocr_line' id='line_1_47' title="bbox 540 4684 2122 4767; baseline -0.007 -19"><span class='ocrx_word' id='word_1_381' title='bbox 540 4695 786 4767; x_wconf 62' lang='lat' dir='ltr'><strong>regnauit,</strong></span> <span class='ocrx_word' id='word_1_382' title='bbox 813 4695 1096 4747; x_wconf 84' lang='lat' dir='ltr'><strong>irascantur</strong></span> <span class='ocrx_word' id='word_1_383' title='bbox 1140 4688 1315 4761; x_wconf 82' lang='lat' dir='ltr'><strong>populi</strong></span> <span class='ocrx_word' id='word_1_384' title='bbox 1344 4688 1684 4742; x_wconf 85' lang='lat' dir='ltr'><strong>:irascantur</strong></span> <span class='ocrx_word' id='word_1_385' title='bbox 1735 4685 1949 4756; x_wconf 86' lang='lat' dir='ltr'><strong>populi,</strong></span> <span class='ocrx_word' id='word_1_386' title='bbox 2001 4684 2122 4754; x_wconf 87' lang='lat' dir='ltr'><strong>quia</strong></span> 
     </span>
    </p>
   </div>
   <div class='ocr_carea' id='block_1_48' title="bbox 541 4775 2119 4854">
    <p class='ocr_par' dir='ltr' id='par_1_48' title="bbox 541 4775 2119 4854">
     <span class='ocr_line' id='line_1_48' title="bbox 541 4775 2119 4854; baseline -0.009 -12"><span class='ocrx_word' id='word_1_387' title='bbox 541 4785 605 4842; x_wconf 91' lang='lat' dir='ltr'><strong>de</strong></span> <span class='ocrx_word' id='word_1_388' title='bbox 631 4785 705 4840; x_wconf 90' lang='lat' dir='ltr'><strong>ira</strong></span> <span class='ocrx_word' id='word_1_389' title='bbox 731 4785 964 4854; x_wconf 78' lang='lat' dir='ltr'><strong>ipsorum</strong></span> <span class='ocrx_word' id='word_1_390' title='bbox 991 4781 1159 4836; x_wconf 89' lang='lat' dir='ltr'><strong>multa</strong></span> <span class='ocrx_word' id='word_1_391' title='bbox 1190 4780 1326 4835; x_wconf 89' lang='lat' dir='ltr'><strong>bona</strong></span> <span class='ocrx_word' id='word_1_392' title='bbox 1354 4779 1477 4833; x_wconf 88' lang='lat' dir='ltr'><strong>facit</strong></span> <span class='ocrx_word' id='word_1_393' title='bbox 1516 4778 1677 4832; x_wconf 89' lang='lat' dir='ltr'><strong>Dens.</strong></span> <span class='ocrx_word' id='word_1_394' title='bbox 1704 4775 1778 4830; x_wconf 88' lang='lat' dir='ltr'><strong>Illi</strong></span> <span class='ocrx_word' id='word_1_395' title='bbox 1803 4777 2119 4839; x_wconf 84' lang='lat' dir='ltr'><strong>irascuntur,</strong></span> 
     </span>
    </p>
   </div>
   <div class='ocr_carea' id='block_1_49' title="bbox 539 4870 2120 4942">
    <p class='ocr_par' dir='ltr' id='par_1_49' title="bbox 539 4870 2120 4942">
     <span class='ocr_line' id='line_1_49' title="bbox 539 4870 2120 4942; baseline -0.007 -10"><span class='ocrx_word' id='word_1_396' title='bbox 539 4886 591 4932; x_wconf 92' lang='lat' dir='ltr'><strong>et</strong></span> <span class='ocrx_word' id='word_1_397' title='bbox 620 4875 760 4932; x_wconf 85' lang='lat' dir='ltr'><strong>servi</strong></span> <span class='ocrx_word' id='word_1_398' title='bbox 790 4873 882 4928; x_wconf 92' lang='lat' dir='ltr'><strong>Dei</strong></span> <span class='ocrx_word' id='word_1_399' title='bbox 907 4879 1223 4942; x_wconf 88' lang='lat' dir='ltr'><strong>purgantur;</strong></span> <span class='ocrx_word' id='word_1_400' title='bbox 1257 4870 1374 4940; x_wconf 92' lang='lat' dir='ltr'><strong>quia</strong></span> <span class='ocrx_word' id='word_1_401' title='bbox 1405 4875 1744 4931; x_wconf 87' lang='lat' dir='ltr'><strong>exercentur,</strong></span> <span class='ocrx_word' id='word_1_402' title='bbox 1779 4875 2120 4921; x_wconf 88' lang='lat' dir='ltr'><strong>coronantur.</strong></span> 
     </span>
    </p>
   </div>
   <div class='ocr_carea' id='block_1_50' title="bbox 538 4957 2119 5036">
    <p class='ocr_par' dir='ltr' id='par_1_50' title="bbox 538 4957 2119 5036">
     <span class='ocr_line' id='line_1_50' title="bbox 538 4957 2119 5036; baseline -0.008 -14"><span class='ocrx_word' id='word_1_403' title='bbox 538 4967 836 5022; x_wconf 78' lang='lat' dir='ltr'><strong>Irascuntur</strong></span> <span class='ocrx_word' id='word_1_404' title='bbox 869 4965 1064 5036; x_wconf 87' lang='lat' dir='ltr'><strong>populi.</strong></span> <span class='ocrx_word' id='word_1_405' title='bbox 1094 4962 1192 5028; x_wconf 86' lang='lat' dir='ltr'><strong>Qui</strong></span> <span class='ocrx_word' id='word_1_406' title='bbox 1218 4961 1352 5016; x_wconf 86' lang='lat' dir='ltr'><strong>sedet</strong></span> <span class='ocrx_word' id='word_1_407' title='bbox 1377 4975 1528 5030; x_wconf 87' lang='lat' dir='ltr'><strong>super</strong></span> <span class='ocrx_word' id='word_1_408' title='bbox 1554 4958 1821 5012; x_wconf 71' lang='lat' dir='ltr'><strong>Cherubin:</strong></span> <span class='ocrx_word' id='word_1_409' title='bbox 1843 4957 2119 5027; x_wconf 80' lang='lat' dir='ltr'><strong>regnavit;</strong></span> 
     </span>
    </p>
   </div>
   <div class='ocr_carea' id='block_1_51' title="bbox 535 5051 2125 5117">
    <p class='ocr_par' dir='ltr' id='par_1_51' title="bbox 535 5051 2125 5117">
     <span class='ocr_line' id='line_1_51' title="bbox 535 5051 2125 5117; baseline -0.009 0"><span class='ocrx_word' id='word_1_410' title='bbox 535 5069 908 5117; x_wconf 85' lang='lat' dir='ltr'><strong>commoveatur</strong></span> <span class='ocrx_word' id='word_1_411' title='bbox 962 5067 1113 5112; x_wconf 80' lang='lat' dir='ltr'><strong>terra.</strong></span> <span class='ocrx_word' id='word_1_412' title='bbox 1166 5054 1451 5111; x_wconf 88' lang='lat' dir='ltr'><strong>Cherubim</strong></span> <span class='ocrx_word' id='word_1_413' title='bbox 1506 5053 1660 5108; x_wconf 88' lang='lat' dir='ltr'><strong>sedes</strong></span> <span class='ocrx_word' id='word_1_414' title='bbox 1709 5052 1806 5106; x_wconf 89' lang='lat' dir='ltr'><strong>Dei</strong></span> <span class='ocrx_word' id='word_1_415' title='bbox 1845 5051 2125 5117; x_wconf 88' lang='lat' dir='ltr'><strong>est,sicut</strong></span> 
     </span>
    </p>
   </div>
   <div class='ocr_carea' id='block_1_52' title="bbox 536 5139 2120 5223">
    <p class='ocr_par' dir='ltr' id='par_1_52' title="bbox 536 5139 2120 5223">
     <span class='ocr_line' id='line_1_52' title="bbox 536 5139 2120 5223; baseline -0.008 -14"><span class='ocrx_word' id='word_1_416' title='bbox 536 5139 827 5223; x_wconf 70' lang='lat' dir='ltr'><strong>Scriptura;</strong></span> <span class='ocrx_word' id='word_1_417' title='bbox 855 5149 1091 5214; x_wconf 91' lang='lat' dir='ltr'><strong>tradunt,</strong></span> <span class='ocrx_word' id='word_1_418' title='bbox 1115 5146 1348 5202; x_wconf 72' lang='lat' dir='ltr'><strong>caelestis</strong></span> <span class='ocrx_word' id='word_1_419' title='bbox 1376 5143 1617 5215; x_wconf 80' lang='lat' dir='ltr'><strong>quaedam</strong></span> <span class='ocrx_word' id='word_1_420' title='bbox 1657 5142 1814 5198; x_wconf 89' lang='lat' dir='ltr'><strong>sedes</strong></span> <span class='ocrx_word' id='word_1_421' title='bbox 1856 5142 2120 5209; x_wconf 87' lang='lat' dir='ltr'><strong>sublimis,</strong></span> 
     </span>
    </p>
   </div>
   <div class='ocr_carea' id='block_1_53' title="bbox 535 5234 2122 5316">
    <p class='ocr_par' dir='ltr' id='par_1_53' title="bbox 535 5234 2122 5316">
     <span class='ocr_line' id='line_1_53' title="bbox 535 5234 2122 5316; baseline -0.009 -16"><span class='ocrx_word' id='word_1_422' title='bbox 535 5261 693 5316; x_wconf 92' lang='lat' dir='ltr'><strong>quam</strong></span> <span class='ocrx_word' id='word_1_423' title='bbox 721 5258 820 5298; x_wconf 91' lang='lat' dir='ltr'><strong>nos</strong></span> <span class='ocrx_word' id='word_1_424' title='bbox 845 5257 951 5297; x_wconf 93' lang='lat' dir='ltr'><strong>non</strong></span> <span class='ocrx_word' id='word_1_425' title='bbox 976 5240 1250 5304; x_wconf 85' lang='lat' dir='ltr'><strong>videmus;</strong></span> <span class='ocrx_word' id='word_1_426' title='bbox 1283 5237 1377 5292; x_wconf 90' lang='lat' dir='ltr'><strong>sed</strong></span> <span class='ocrx_word' id='word_1_427' title='bbox 1399 5237 1616 5291; x_wconf 87' lang='lat' dir='ltr'><strong>verbum</strong></span> <span class='ocrx_word' id='word_1_428' title='bbox 1647 5235 1740 5290; x_wconf 87' lang='lat' dir='ltr'><strong>Dei</strong></span> <span class='ocrx_word' id='word_1_429' title='bbox 1767 5236 1913 5288; x_wconf 92' lang='lat' dir='ltr'><strong>novit</strong></span> <span class='ocrx_word' id='word_1_430' title='bbox 1957 5234 2122 5299; x_wconf 92' lang='lat' dir='ltr'><strong>illam,</strong></span> 
     </span>
    </p>
   </div>
   <div class='ocr_carea' id='block_1_54' title="bbox 535 5326 2125 5406">
    <p class='ocr_par' dir='ltr' id='par_1_54' title="bbox 535 5326 2125 5406">
     <span class='ocr_line' id='line_1_54' title="bbox 535 5326 2125 5406; baseline -0.008 -14"><span class='ocrx_word' id='word_1_431' title='bbox 535 5337 686 5392; x_wconf 89' lang='lat' dir='ltr'><strong>novit</strong></span> <span class='ocrx_word' id='word_1_432' title='bbox 713 5346 961 5406; x_wconf 89' lang='lat' dir='ltr'><strong>tanquam</strong></span> <span class='ocrx_word' id='word_1_433' title='bbox 991 5331 1171 5388; x_wconf 89' lang='lat' dir='ltr'><strong>sedem</strong></span> <span class='ocrx_word' id='word_1_434' title='bbox 1204 5346 1375 5396; x_wconf 88' lang='lat' dir='ltr'><strong>suam,</strong></span> <span class='ocrx_word' id='word_1_435' title='bbox 1397 5338 1450 5384; x_wconf 89' lang='lat' dir='ltr'><strong>et</strong></span> <span class='ocrx_word' id='word_1_436' title='bbox 1477 5329 1651 5398; x_wconf 89' lang='lat' dir='ltr'><strong>ipsum</strong></span> <span class='ocrx_word' id='word_1_437' title='bbox 1685 5327 1922 5381; x_wconf 81' lang='lat' dir='ltr'><strong>Verbum</strong></span> <span class='ocrx_word' id='word_1_438' title='bbox 1951 5326 2044 5380; x_wconf 92' lang='lat' dir='ltr'><strong>Dei</strong></span> <span class='ocrx_word' id='word_1_439' title='bbox 2071 5334 2125 5380; x_wconf 87' lang='lat' dir='ltr'><strong>et</strong></span> 
     </span>
    </p>
   </div>
   <div class='ocr_carea' id='block_1_55' title="bbox 515 5417 2126 5500">
    <p class='ocr_par' dir='ltr' id='par_1_55' title="bbox 515 5417 2126 5500">
     <span class='ocr_line' id='line_1_55' title="bbox 515 5417 2126 5500; baseline -0.007 -16"><span class='ocrx_word' id='word_1_440' title='bbox 515 5428 767 5500; x_wconf 87' lang='lat' dir='ltr'><strong>&#39;Spiritus</strong></span> <span class='ocrx_word' id='word_1_441' title='bbox 807 5427 902 5482; x_wconf 92' lang='lat' dir='ltr'><strong>Dei</strong></span> <span class='ocrx_word' id='word_1_442' title='bbox 933 5425 1066 5481; x_wconf 86' lang='lat' dir='ltr'><strong>dixit</strong></span> <span class='ocrx_word' id='word_1_443' title='bbox 1096 5423 1267 5479; x_wconf 85' lang='lat' dir='ltr'><strong>servis</strong></span> <span class='ocrx_word' id='word_1_444' title='bbox 1293 5422 1388 5476; x_wconf 89' lang='lat' dir='ltr'><strong>Dei</strong></span> <span class='ocrx_word' id='word_1_445' title='bbox 1429 5420 1516 5474; x_wconf 90' lang='lat' dir='ltr'><strong>ubi</strong></span> <span class='ocrx_word' id='word_1_446' title='bbox 1564 5419 1747 5475; x_wconf 85' lang='lat' dir='ltr'><strong>sedeat</strong></span> <span class='ocrx_word' id='word_1_447' title='bbox 1796 5419 1956 5472; x_wconf 88' lang='lat' dir='ltr'><strong>Deus.</strong></span> <span class='ocrx_word' id='word_1_448' title='bbox 2009 5417 2126 5472; x_wconf 85' lang='lat' dir='ltr'><strong>Non</strong></span> 
     </span>
    </p>
   </div>
   <div class='ocr_carea' id='block_1_56' title="bbox 517 5509 2128 5592">
    <p class='ocr_par' dir='ltr' id='par_1_56' title="bbox 517 5509 2128 5592">
     <span class='ocr_line' id='line_1_56' title="bbox 517 5509 2128 5592; baseline -0.008 -16"><span class='ocrx_word' id='word_1_449' title='bbox 517 5521 659 5592; x_wconf 83' lang='lat' dir='ltr'><strong>quia</strong></span> <span class='ocrx_word' id='word_1_450' title='bbox 691 5520 766 5575; x_wconf 88' lang='lat' dir='ltr'><strong>sic</strong></span> <span class='ocrx_word' id='word_1_451' title='bbox 793 5511 946 5574; x_wconf 85' lang='lat' dir='ltr'><strong>sedet</strong></span> <span class='ocrx_word' id='word_1_452' title='bbox 975 5518 1132 5579; x_wconf 90' lang='lat' dir='ltr'><strong>Deus,</strong></span> <span class='ocrx_word' id='word_1_453' title='bbox 1157 5513 1425 5584; x_wconf 90' lang='lat' dir='ltr'><strong>quomodo</strong></span> <span class='ocrx_word' id='word_1_454' title='bbox 1452 5511 1610 5565; x_wconf 90' lang='lat' dir='ltr'><strong>homo</strong></span> <span class='ocrx_word' id='word_1_455' title='bbox 1636 5527 1650 5565; x_wconf 85' lang='lat'><strong>:</strong></span> <span class='ocrx_word' id='word_1_456' title='bbox 1685 5510 1777 5564; x_wconf 87' lang='lat' dir='ltr'><strong>sed</strong></span> <span class='ocrx_word' id='word_1_457' title='bbox 1801 5519 1858 5563; x_wconf 93' lang='lat' dir='ltr'><strong>tu</strong></span> <span class='ocrx_word' id='word_1_458' title='bbox 1895 5510 1940 5563; x_wconf 92' lang='lat' dir='ltr'><strong>si</strong></span> <span class='ocrx_word' id='word_1_459' title='bbox 1962 5509 2040 5563; x_wconf 91' lang='lat' dir='ltr'><strong>vis</strong></span> <span class='ocrx_word' id='word_1_460' title='bbox 2069 5518 2128 5563; x_wconf 86' lang='lat' dir='ltr'><strong>ut</strong></span> 
     </span>
    </p>
   </div>
   <div class='ocr_carea' id='block_1_57' title="bbox 535 5601 2127 5675">
    <p class='ocr_par' dir='ltr' id='par_1_57' title="bbox 535 5601 2127 5675">
     <span class='ocr_line' id='line_1_57' title="bbox 535 5601 2127 5675; baseline -0.008 -6"><span class='ocrx_word' id='word_1_461' title='bbox 535 5613 720 5669; x_wconf 88' lang='lat' dir='ltr'><strong>sedeat</strong></span> <span class='ocrx_word' id='word_1_462' title='bbox 742 5613 794 5666; x_wconf 91' lang='lat' dir='ltr'><strong>in</strong></span> <span class='ocrx_word' id='word_1_463' title='bbox 836 5621 886 5665; x_wconf 91' lang='lat' dir='ltr'><strong>te</strong></span> <span class='ocrx_word' id='word_1_464' title='bbox 909 5610 1046 5664; x_wconf 89' lang='lat' dir='ltr'><strong>Deus</strong></span> <span class='ocrx_word' id='word_1_465' title='bbox 1066 5650 1082 5675; x_wconf 95' lang='lat'><strong>,</strong></span> <span class='ocrx_word' id='word_1_466' title='bbox 1109 5607 1154 5662; x_wconf 91' lang='lat' dir='ltr'><strong>si</strong></span> <span class='ocrx_word' id='word_1_467' title='bbox 1181 5607 1352 5661; x_wconf 87' lang='lat' dir='ltr'><strong>bonus</strong></span> <span class='ocrx_word' id='word_1_468' title='bbox 1382 5605 1509 5671; x_wconf 88' lang='lat' dir='ltr'><strong>eris,</strong></span> <span class='ocrx_word' id='word_1_469' title='bbox 1541 5603 1698 5658; x_wconf 87' lang='lat' dir='ltr'><strong>sedes</strong></span> <span class='ocrx_word' id='word_1_470' title='bbox 1725 5603 1818 5656; x_wconf 87' lang='lat' dir='ltr'><strong>Dei</strong></span> <span class='ocrx_word' id='word_1_471' title='bbox 1859 5601 2001 5666; x_wconf 90' lang='lat' dir='ltr'><strong>eris;</strong></span> <span class='ocrx_word' id='word_1_472' title='bbox 2049 5601 2127 5662; x_wconf 88' lang='lat' dir='ltr'><strong>sic</strong></span> 
     </span>
    </p>
   </div>
   <div class='ocr_carea' id='block_1_58' title="bbox 536 5694 2126 5774">
    <p class='ocr_par' dir='ltr' id='par_1_58' title="bbox 536 5694 2126 5774">
     <span class='ocr_line' id='line_1_58' title="bbox 536 5694 2126 5774; baseline -0.009 -12"><span class='ocrx_word' id='word_1_473' title='bbox 536 5707 680 5762; x_wconf 89' lang='lat' dir='ltr'><strong>enim</strong></span> <span class='ocrx_word' id='word_1_474' title='bbox 698 5705 952 5774; x_wconf 88' lang='lat' dir='ltr'><strong>scriptum</strong></span> <span class='ocrx_word' id='word_1_475' title='bbox 979 5709 1080 5766; x_wconf 89' lang='lat' dir='ltr'><strong>est,</strong></span> <span class='ocrx_word' id='word_1_476' title='bbox 1103 5699 1264 5755; x_wconf 85' lang='lat' dir='ltr'><strong>Sedes</strong></span> <span class='ocrx_word' id='word_1_477' title='bbox 1279 5698 1560 5768; x_wconf 76' lang='lat' dir='ltr'><strong>sapientice,</strong></span> <span class='ocrx_word' id='word_1_478' title='bbox 1579 5697 1750 5750; x_wconf 83' lang='lat' dir='ltr'><strong>anima</strong></span> <span class='ocrx_word' id='word_1_479' title='bbox 1773 5696 1918 5766; x_wconf 80' lang='lat' dir='ltr'><strong>justi.</strong></span> <span class='ocrx_word' id='word_1_480' title='bbox 1950 5694 2126 5748; x_wconf 88' lang='lat' dir='ltr'><strong>Thro-</strong></span> 
     </span>
    </p>
   </div>
   <div class='ocr_carea' id='block_1_59' title="bbox 539 5785 2127 5863">
    <p class='ocr_par' dir='ltr' id='par_1_59' title="bbox 539 5785 2127 5863">
     <span class='ocr_line' id='line_1_59' title="bbox 539 5785 2127 5863; baseline -0.007 -10"><span class='ocrx_word' id='word_1_481' title='bbox 539 5812 642 5853; x_wconf 87' lang='lat' dir='ltr'><strong>nus</strong></span> <span class='ocrx_word' id='word_1_482' title='bbox 658 5788 821 5863; x_wconf 82' lang='lat' dir='ltr'><strong>enim,</strong></span> <span class='ocrx_word' id='word_1_483' title='bbox 843 5794 1005 5850; x_wconf 90' lang='lat' dir='ltr'><strong>latine</strong></span> <span class='ocrx_word' id='word_1_484' title='bbox 1045 5790 1199 5846; x_wconf 87' lang='lat' dir='ltr'><strong>sedes</strong></span> <span class='ocrx_word' id='word_1_485' title='bbox 1224 5790 1434 5845; x_wconf 88' lang='lat' dir='ltr'><strong>dicitur.</strong></span> <span class='ocrx_word' id='word_1_486' title='bbox 1473 5789 1604 5842; x_wconf 81' lang='lat' dir='ltr'><strong>Nam</strong></span> <span class='ocrx_word' id='word_1_487' title='bbox 1643 5798 1697 5843; x_wconf 91' lang='lat' dir='ltr'><strong>et</strong></span> <span class='ocrx_word' id='word_1_488' title='bbox 1721 5787 1893 5857; x_wconf 84' lang='lat' dir='ltr'><strong>ipsum</strong></span> <span class='ocrx_word' id='word_1_489' title='bbox 1920 5785 2127 5842; x_wconf 84' lang='lat' dir='ltr'><strong>Cheru-</strong></span> 
     </span>
    </p>
   </div>
   <div class='ocr_carea' id='block_1_60' title="bbox 542 5879 2124 5958">
    <p class='ocr_par' dir='ltr' id='par_1_60' title="bbox 542 5879 2124 5958">
     <span class='ocr_line' id='line_1_60' title="bbox 542 5879 2124 5958; baseline -0.006 -14"><span class='ocrx_word' id='word_1_490' title='bbox 542 5887 654 5944; x_wconf 90' lang='lat' dir='ltr'><strong>bim</strong></span> <span class='ocrx_word' id='word_1_491' title='bbox 679 5883 1010 5958; x_wconf 80' lang='lat' dir='ltr'><strong>interpretati</strong></span> <span class='ocrx_word' id='word_1_492' title='bbox 1048 5890 1172 5939; x_wconf 91' lang='lat' dir='ltr'><strong>sunt</strong></span> <span class='ocrx_word' id='word_1_493' title='bbox 1207 5881 1422 5953; x_wconf 81' lang='lat' dir='ltr'><strong>quidam</strong></span> <span class='ocrx_word' id='word_1_494' title='bbox 1463 5879 1592 5953; x_wconf 88' lang='lat' dir='ltr'><strong>quid</strong></span> <span class='ocrx_word' id='word_1_495' title='bbox 1629 5880 1894 5946; x_wconf 80' lang='lat' dir='ltr'><strong>diceretur</strong></span> <span class='ocrx_word' id='word_1_496' title='bbox 1943 5879 2124 5948; x_wconf 89' lang='lat' dir='ltr'><strong>latine,</strong></span> 
     </span>
    </p>
   </div>
   <div class='ocr_carea' id='block_1_61' title="bbox 1783 412 2588 475">
    <p class='ocr_par' dir='ltr' id='par_1_61' title="bbox 1783 412 2588 475">
     <span class='ocr_line' id='line_1_61' title="bbox 1783 412 2588 475; baseline 0 -1"><span class='ocrx_word' id='word_1_497' title='bbox 1783 413 1845 474; x_wconf 86' lang='lat' dir='ltr'><strong>S.</strong></span> <span class='ocrx_word' id='word_1_498' title='bbox 1885 412 2251 474; x_wconf 77' lang='lat' dir='ltr'><strong>AUGUSTlNl</strong></span> <span class='ocrx_word' id='word_1_499' title='bbox 2288 413 2588 475; x_wconf 79' lang='lat' dir='ltr'><strong>EPISCOPI</strong></span> 
     </span>
    </p>
   </div>
   <div class='ocr_carea' id='block_1_62' title="bbox 3687 422 3820 486">
    <p class='ocr_par' dir='ltr' id='par_1_62' title="bbox 3687 422 3820 486">
     <span class='ocr_line' id='line_1_62' title="bbox 3687 422 3820 486; baseline 0.023 -4"><span class='ocrx_word' id='word_1_500' title='bbox 3687 422 3820 486; x_wconf 63' lang='grc'><strong>136.</strong></span> 
     </span>
    </p>
   </div>
   <div class='ocr_carea' id='block_1_63' title="bbox 2238 529 3823 606">
    <p class='ocr_par' dir='ltr' id='par_1_63' title="bbox 2238 529 3823 606">
     <span class='ocr_line' id='line_1_63' title="bbox 2238 529 3823 606; baseline 0.008 -20"><span class='ocrx_word' id='word_1_501' title='bbox 2238 530 2328 600; x_wconf 90' lang='lat' dir='ltr'><strong>qui</strong></span> <span class='ocrx_word' id='word_1_502' title='bbox 2355 538 2615 588; x_wconf 88' lang='lat' dir='ltr'><strong>noverunt</strong></span> <span class='ocrx_word' id='word_1_503' title='bbox 2650 529 2882 600; x_wconf 74' lang='lat' dir='ltr'><strong>linguam</strong></span> <span class='ocrx_word' id='word_1_504' title='bbox 2927 531 3073 588; x_wconf 84' lang='lat' dir='ltr'><strong>illam</strong></span> <span class='ocrx_word' id='word_1_505' title='bbox 3098 531 3405 602; x_wconf 65' lang='lat' dir='ltr'><strong>hebrmam;</strong></span> <span class='ocrx_word' id='word_1_506' title='bbox 3437 536 3560 606; x_wconf 87' lang='lat' dir='ltr'><strong>quia</strong></span> <span class='ocrx_word' id='word_1_507' title='bbox 3606 539 3823 604; x_wconf 82' lang='lat' dir='ltr'><strong>hebraea</strong></span> 
     </span>
    </p>
   </div>
   <div class='ocr_carea' id='block_1_64' title="bbox 2237 622 3820 692">
    <p class='ocr_par' dir='ltr' id='par_1_64' title="bbox 2237 622 3820 692">
     <span class='ocr_line' id='line_1_64' title="bbox 2237 622 3820 692; baseline 0.009 -17"><span class='ocrx_word' id='word_1_508' title='bbox 2237 622 2412 691; x_wconf 87' lang='lat' dir='ltr'><strong>lingua</strong></span> <span class='ocrx_word' id='word_1_509' title='bbox 2440 623 2638 677; x_wconf 90' lang='lat' dir='ltr'><strong>dictum</strong></span> <span class='ocrx_word' id='word_1_510' title='bbox 2660 631 2742 680; x_wconf 91' lang='lat' dir='ltr'><strong>est</strong></span> <span class='ocrx_word' id='word_1_511' title='bbox 2760 624 3048 682; x_wconf 85' lang='lat' dir='ltr'><strong>Cherubim</strong></span> <span class='ocrx_word' id='word_1_512' title='bbox 3073 643 3088 692; x_wconf 90' lang='lat'><strong>;</strong></span> <span class='ocrx_word' id='word_1_513' title='bbox 3120 635 3174 682; x_wconf 91' lang='lat' dir='ltr'><strong>et</strong></span> <span class='ocrx_word' id='word_1_514' title='bbox 3197 627 3445 690; x_wconf 83' lang='lat' dir='ltr'><strong>dixerunt</strong></span> <span class='ocrx_word' id='word_1_515' title='bbox 3471 645 3590 690; x_wconf 83' lang='lat' dir='ltr'><strong>esse</strong></span> <span class='ocrx_word' id='word_1_516' title='bbox 3619 631 3820 688; x_wconf 88' lang='lat' dir='ltr'><strong>Cberu-</strong></span> 
     </span>
    </p>
   </div>
   <div class='ocr_carea' id='block_1_65' title="bbox 2239 713 3822 796">
    <p class='ocr_par' dir='ltr' id='par_1_65' title="bbox 2239 713 3822 796">
     <span class='ocr_line' id='line_1_65' title="bbox 2239 713 3822 796; baseline 0.009 -29"><span class='ocrx_word' id='word_1_517' title='bbox 2239 713 2348 774; x_wconf 89' lang='lat' dir='ltr'><strong>bim</strong></span> <span class='ocrx_word' id='word_1_518' title='bbox 2388 715 2776 771; x_wconf 84' lang='lat' dir='ltr'><strong>Plenitndinem</strong></span> <span class='ocrx_word' id='word_1_519' title='bbox 2808 717 3072 782; x_wconf 61' lang='lat' dir='ltr'><strong>scicntia.</strong></span> <span class='ocrx_word' id='word_1_520' title='bbox 3111 718 3253 789; x_wconf 86' lang='lat' dir='ltr'><strong>Ergo</strong></span> <span class='ocrx_word' id='word_1_521' title='bbox 3277 722 3400 790; x_wconf 84' lang='lat' dir='ltr'><strong>quia</strong></span> <span class='ocrx_word' id='word_1_522' title='bbox 3430 732 3646 796; x_wconf 87' lang='lat' dir='ltr'><strong>superat</strong></span> <span class='ocrx_word' id='word_1_523' title='bbox 3675 724 3822 780; x_wconf 84' lang='lat' dir='ltr'><strong>Deus</strong></span> 
     </span>
    </p>
   </div>
   <div class='ocr_carea' id='block_1_66' title="bbox 2237 807 3824 881">
    <p class='ocr_par' dir='ltr' id='par_1_66' title="bbox 2237 807 3824 881">
     <span class='ocr_line' id='line_1_66' title="bbox 2237 807 3824 881; baseline 0.007 -19"><span class='ocrx_word' id='word_1_524' title='bbox 2237 819 2448 870; x_wconf 87' lang='lat' dir='ltr'><strong>omnem</strong></span> <span class='ocrx_word' id='word_1_525' title='bbox 2494 807 2771 864; x_wconf 88' lang='lat' dir='ltr'><strong>scientiam</strong></span> <span class='ocrx_word' id='word_1_526' title='bbox 2795 851 2811 876; x_wconf 94' lang='lat'><strong>,</strong></span> <span class='ocrx_word' id='word_1_527' title='bbox 2843 823 3004 880; x_wconf 88' lang='lat' dir='ltr'><strong>super</strong></span> <span class='ocrx_word' id='word_1_528' title='bbox 3045 811 3427 881; x_wconf 86' lang='lat' dir='ltr'><strong>plenitudinem</strong></span> <span class='ocrx_word' id='word_1_529' title='bbox 3466 815 3705 874; x_wconf 69' lang='lat' dir='ltr'><strong>scientia:</strong></span> <span class='ocrx_word' id='word_1_530' title='bbox 3735 833 3824 873; x_wconf 87' lang='lat' dir='ltr'><strong>se-</strong></span> 
     </span>
    </p>
   </div>
   <div class='ocr_carea' id='block_1_67' title="bbox 2237 898 3827 978">
    <p class='ocr_par' dir='ltr' id='par_1_67' title="bbox 2237 898 3827 978">
     <span class='ocr_line' id='line_1_67' title="bbox 2237 898 3827 978; baseline 0.009 -25"><span class='ocrx_word' id='word_1_531' title='bbox 2237 898 2364 962; x_wconf 84' lang='lat' dir='ltr'><strong>dere</strong></span> <span class='ocrx_word' id='word_1_532' title='bbox 2400 900 2613 956; x_wconf 88' lang='lat' dir='ltr'><strong>dicitur.</strong></span> <span class='ocrx_word' id='word_1_533' title='bbox 2669 902 2750 958; x_wconf 89' lang='lat' dir='ltr'><strong>Sit</strong></span> <span class='ocrx_word' id='word_1_534' title='bbox 2798 903 2851 958; x_wconf 91' lang='lat' dir='ltr'><strong>in</strong></span> <span class='ocrx_word' id='word_1_535' title='bbox 2905 913 2958 960; x_wconf 90' lang='lat' dir='ltr'><strong>te</strong></span> <span class='ocrx_word' id='word_1_536' title='bbox 2985 919 3116 974; x_wconf 84' lang='lat' dir='ltr'><strong>ergo</strong></span> <span class='ocrx_word' id='word_1_537' title='bbox 3164 905 3440 975; x_wconf 84' lang='lat' dir='ltr'><strong>plenitudo</strong></span> <span class='ocrx_word' id='word_1_538' title='bbox 3481 908 3740 978; x_wconf 68' lang='lat' dir='ltr'><strong>Scientim,</strong></span> <span class='ocrx_word' id='word_1_539' title='bbox 3769 920 3827 968; x_wconf 88' lang='lat' dir='ltr'><strong>et</strong></span> 
     </span>
    </p>
   </div>
   <div class='ocr_carea' id='block_1_68' title="bbox 2237 994 3824 1073">
    <p class='ocr_par' dir='ltr' id='par_1_68' title="bbox 2237 994 3824 1073">
     <span class='ocr_line' id='line_1_68' title="bbox 2237 994 3824 1073; baseline 0.004 -24"><span class='ocrx_word' id='word_1_540' title='bbox 2237 994 2343 1050; x_wconf 88' lang='lat' dir='ltr'><strong>eris</strong></span> <span class='ocrx_word' id='word_1_541' title='bbox 2371 1002 2424 1050; x_wconf 92' lang='lat' dir='ltr'><strong>et</strong></span> <span class='ocrx_word' id='word_1_542' title='bbox 2446 1004 2499 1050; x_wconf 91' lang='lat' dir='ltr'><strong>tu</strong></span> <span class='ocrx_word' id='word_1_543' title='bbox 2525 995 2680 1051; x_wconf 89' lang='lat' dir='ltr'><strong>sedes</strong></span> <span class='ocrx_word' id='word_1_544' title='bbox 2712 997 2822 1052; x_wconf 92' lang='lat' dir='ltr'><strong>Dei.</strong></span> <span class='ocrx_word' id='word_1_545' title='bbox 2845 995 2949 1052; x_wconf 89' lang='lat' dir='ltr'><strong>Sed</strong></span> <span class='ocrx_word' id='word_1_546' title='bbox 2978 996 3114 1054; x_wconf 87' lang='lat' dir='ltr'><strong>forte</strong></span> <span class='ocrx_word' id='word_1_547' title='bbox 3131 997 3368 1054; x_wconf 86' lang='lat' dir='ltr'><strong>dicturus</strong></span> <span class='ocrx_word' id='word_1_548' title='bbox 3395 1015 3454 1055; x_wconf 89' lang='lat' dir='ltr'><strong>es</strong></span> <span class='ocrx_word' id='word_1_549' title='bbox 3485 1019 3497 1053; x_wconf 91' lang='lat'><strong>:</strong></span> <span class='ocrx_word' id='word_1_550' title='bbox 3521 1001 3590 1056; x_wconf 85' lang='lat' dir='ltr'><strong>Et</strong></span> <span class='ocrx_word' id='word_1_551' title='bbox 3607 1004 3824 1073; x_wconf 89' lang='lat' dir='ltr'><strong>quando</strong></span> 
     </span>
    </p>
   </div>
   <div class='ocr_carea' id='block_1_69' title="bbox 2238 1086 3822 1162">
    <p class='ocr_par' dir='ltr' id='par_1_69' title="bbox 2238 1086 3822 1162">
     <span class='ocr_line' id='line_1_69' title="bbox 2238 1086 3822 1162; baseline 0.008 -23"><span class='ocrx_word' id='word_1_552' title='bbox 2238 1086 2289 1141; x_wconf 90' lang='lat' dir='ltr'><strong>in</strong></span> <span class='ocrx_word' id='word_1_553' title='bbox 2320 1102 2406 1141; x_wconf 91' lang='lat' dir='ltr'><strong>me</strong></span> <span class='ocrx_word' id='word_1_554' title='bbox 2421 1086 2521 1142; x_wconf 89' lang='lat' dir='ltr'><strong>erit</strong></span> <span class='ocrx_word' id='word_1_555' title='bbox 2549 1087 2819 1156; x_wconf 90' lang='lat' dir='ltr'><strong>plenitudo</strong></span> <span class='ocrx_word' id='word_1_556' title='bbox 2834 1089 3107 1143; x_wconf 72' lang='lat' dir='ltr'><strong>scientiae?</strong></span> <span class='ocrx_word' id='word_1_557' title='bbox 3125 1098 3177 1146; x_wconf 89' lang='lat' dir='ltr'><strong>et</strong></span> <span class='ocrx_word' id='word_1_558' title='bbox 3198 1092 3316 1160; x_wconf 89' lang='lat' dir='ltr'><strong>quis</strong></span> <span class='ocrx_word' id='word_1_559' title='bbox 3338 1102 3510 1162; x_wconf 87' lang='lat' dir='ltr'><strong>potest</strong></span> <span class='ocrx_word' id='word_1_560' title='bbox 3529 1094 3595 1148; x_wconf 89' lang='lat' dir='ltr'><strong>ad</strong></span> <span class='ocrx_word' id='word_1_561' title='bbox 3616 1104 3822 1152; x_wconf 89' lang='lat' dir='ltr'><strong>tantum</strong></span> 
     </span>
    </p>
   </div>
   <div class='ocr_carea' id='block_1_70' title="bbox 2237 1179 3825 1253">
    <p class='ocr_par' dir='ltr' id='par_1_70' title="bbox 2237 1179 3825 1253">
     <span class='ocr_line' id='line_1_70' title="bbox 2237 1179 3825 1253; baseline 0.004 -19"><span class='ocrx_word' id='word_1_562' title='bbox 2237 1179 2443 1234; x_wconf 85' lang='lat' dir='ltr'><strong>culmen</strong></span> <span class='ocrx_word' id='word_1_563' title='bbox 2473 1179 2488 1208; x_wconf 85' lang='grc'>¹</span> <span class='ocrx_word' id='word_1_564' title='bbox 2517 1181 2816 1249; x_wconf 86' lang='lat' dir='ltr'><strong>pervenire,</strong></span> <span class='ocrx_word' id='word_1_565' title='bbox 2852 1190 2908 1235; x_wconf 91' lang='lat' dir='ltr'><strong>ut</strong></span> <span class='ocrx_word' id='word_1_566' title='bbox 2932 1181 3001 1236; x_wconf 88' lang='lat' dir='ltr'><strong>sit</strong></span> <span class='ocrx_word' id='word_1_567' title='bbox 3031 1181 3081 1236; x_wconf 91' lang='lat' dir='ltr'><strong>in</strong></span> <span class='ocrx_word' id='word_1_568' title='bbox 3114 1183 3204 1237; x_wconf 93' lang='lat' dir='ltr'><strong>illo</strong></span> <span class='ocrx_word' id='word_1_569' title='bbox 3248 1184 3518 1253; x_wconf 90' lang='lat' dir='ltr'><strong>plenitudo</strong></span> <span class='ocrx_word' id='word_1_570' title='bbox 3539 1187 3825 1242; x_wconf 67' lang='lat' dir='ltr'><strong>scientim?</strong></span> 
     </span>
    </p>
   </div>
   <div class='ocr_carea' id='block_1_71' title="bbox 2237 1273 3824 1349">
    <p class='ocr_par' dir='ltr' id='par_1_71' title="bbox 2237 1273 3824 1349">
     <span class='ocr_line' id='line_1_71' title="bbox 2237 1273 3824 1349; baseline 0.003 -22"><span class='ocrx_word' id='word_1_571' title='bbox 2237 1273 2398 1328; x_wconf 87' lang='lat' dir='ltr'><strong>Putas</strong></span> <span class='ocrx_word' id='word_1_572' title='bbox 2428 1273 2529 1328; x_wconf 91' lang='lat' dir='ltr'><strong>hoc</strong></span> <span class='ocrx_word' id='word_1_573' title='bbox 2553 1274 2686 1330; x_wconf 83' lang='lat' dir='ltr'><strong>velle</strong></span> <span class='ocrx_word' id='word_1_574' title='bbox 2717 1276 2899 1340; x_wconf 89' lang='lat' dir='ltr'><strong>Deum,</strong></span> <span class='ocrx_word' id='word_1_575' title='bbox 2929 1285 2987 1332; x_wconf 90' lang='lat' dir='ltr'><strong>ut</strong></span> <span class='ocrx_word' id='word_1_576' title='bbox 3028 1277 3097 1332; x_wconf 90' lang='lat' dir='ltr'><strong>sit</strong></span> <span class='ocrx_word' id='word_1_577' title='bbox 3146 1277 3198 1332; x_wconf 91' lang='lat' dir='ltr'><strong>in</strong></span> <span class='ocrx_word' id='word_1_578' title='bbox 3230 1279 3382 1334; x_wconf 90' lang='lat' dir='ltr'><strong>nobis</strong></span> <span class='ocrx_word' id='word_1_579' title='bbox 3418 1279 3516 1333; x_wconf 90' lang='lat' dir='ltr'><strong>ista</strong></span> <span class='ocrx_word' id='word_1_580' title='bbox 3548 1280 3824 1349; x_wconf 88' lang='lat' dir='ltr'><strong>plenitudo</strong></span> 
     </span>
    </p>
   </div>
   <div class='ocr_carea' id='block_1_72' title="bbox 2236 1367 3823 1444">
    <p class='ocr_par' dir='ltr' id='par_1_72' title="bbox 2236 1367 3823 1444">
     <span class='ocr_line' id='line_1_72' title="bbox 2236 1367 3823 1444; baseline 0.002 -22"><span class='ocrx_word' id='word_1_581' title='bbox 2236 1367 2491 1433; x_wconf 59' lang='lat' dir='ltr'><strong>scientim,</strong></span> <span class='ocrx_word' id='word_1_582' title='bbox 2524 1375 2581 1424; x_wconf 91' lang='lat' dir='ltr'><strong>ut</strong></span> <span class='ocrx_word' id='word_1_583' title='bbox 2606 1370 2912 1426; x_wconf 88' lang='lat' dir='ltr'><strong>noverimus</strong></span> <span class='ocrx_word' id='word_1_584' title='bbox 2937 1380 3028 1424; x_wconf 89' lang='lat' dir='ltr'><strong>aut</strong></span> <span class='ocrx_word' id='word_1_585' title='bbox 3068 1380 3196 1440; x_wconf 91' lang='lat' dir='ltr'><strong>quot</strong></span> <span class='ocrx_word' id='word_1_586' title='bbox 3220 1372 3327 1426; x_wconf 89' lang='lat' dir='ltr'><strong>sint</strong></span> <span class='ocrx_word' id='word_1_587' title='bbox 3353 1373 3544 1440; x_wconf 62' lang='lat' dir='ltr'><strong>stellae,</strong></span> <span class='ocrx_word' id='word_1_588' title='bbox 3575 1383 3667 1428; x_wconf 88' lang='lat' dir='ltr'><strong>aut</strong></span> <span class='ocrx_word' id='word_1_589' title='bbox 3687 1383 3823 1444; x_wconf 93' lang='lat' dir='ltr'><strong>quot</strong></span> 
     </span>
    </p>
   </div>
   <div class='ocr_carea' id='block_1_73' title="bbox 2236 1457 3824 1536">
    <p class='ocr_par' dir='ltr' id='par_1_73' title="bbox 2236 1457 3824 1536">
     <span class='ocr_line' id='line_1_73' title="bbox 2236 1457 3824 1536; baseline 0.005 -24"><span class='ocrx_word' id='word_1_590' title='bbox 2236 1457 2345 1512; x_wconf 90' lang='lat' dir='ltr'><strong>sint</strong></span> <span class='ocrx_word' id='word_1_591' title='bbox 2368 1473 2552 1527; x_wconf 85' lang='lat' dir='ltr'><strong>grana,</strong></span> <span class='ocrx_word' id='word_1_592' title='bbox 2586 1473 2690 1513; x_wconf 86' lang='lat' dir='ltr'><strong>non</strong></span> <span class='ocrx_word' id='word_1_593' title='bbox 2709 1459 2829 1513; x_wconf 92' lang='lat' dir='ltr'><strong>dico</strong></span> <span class='ocrx_word' id='word_1_594' title='bbox 2849 1476 3045 1527; x_wconf 77' lang='lat' dir='ltr'><strong>arente,</strong></span> <span class='ocrx_word' id='word_1_595' title='bbox 3069 1461 3164 1516; x_wconf 89' lang='lat' dir='ltr'><strong>sed</strong></span> <span class='ocrx_word' id='word_1_596' title='bbox 3187 1462 3368 1526; x_wconf 88' lang='lat' dir='ltr'><strong>tritici,</strong></span> <span class='ocrx_word' id='word_1_597' title='bbox 3395 1471 3484 1518; x_wconf 92' lang='lat' dir='ltr'><strong>aut</strong></span> <span class='ocrx_word' id='word_1_598' title='bbox 3512 1475 3639 1534; x_wconf 92' lang='lat' dir='ltr'><strong>quot</strong></span> <span class='ocrx_word' id='word_1_599' title='bbox 3661 1480 3824 1536; x_wconf 89' lang='lat' dir='ltr'><strong>poma</strong></span> 
     </span>
    </p>
   </div>
   <div class='ocr_carea' id='block_1_74' title="bbox 2238 1549 3826 1624">
    <p class='ocr_par' dir='ltr' id='par_1_74' title="bbox 2238 1549 3826 1624">
     <span class='ocr_line' id='line_1_74' title="bbox 2238 1549 3826 1624; baseline 0.007 -22"><span class='ocrx_word' id='word_1_600' title='bbox 2238 1549 2502 1618; x_wconf 90' lang='lat' dir='ltr'><strong>pendeant</strong></span> <span class='ocrx_word' id='word_1_601' title='bbox 2549 1550 2600 1604; x_wconf 93' lang='lat' dir='ltr'><strong>in</strong></span> <span class='ocrx_word' id='word_1_602' title='bbox 2624 1550 2852 1606; x_wconf 89' lang='lat' dir='ltr'><strong>arbore?</strong></span> <span class='ocrx_word' id='word_1_603' title='bbox 2894 1551 2985 1605; x_wconf 90' lang='lat' dir='ltr'><strong>llle</strong></span> <span class='ocrx_word' id='word_1_604' title='bbox 3014 1553 3159 1607; x_wconf 89' lang='lat' dir='ltr'><strong>novit</strong></span> <span class='ocrx_word' id='word_1_605' title='bbox 3206 1553 3423 1620; x_wconf 87' lang='lat' dir='ltr'><strong>omnia;</strong></span> <span class='ocrx_word' id='word_1_606' title='bbox 3477 1555 3598 1624; x_wconf 89' lang='lat' dir='ltr'><strong>quia</strong></span> <span class='ocrx_word' id='word_1_607' title='bbox 3643 1556 3826 1624; x_wconf 88' lang='lat' dir='ltr'><strong>capilli</strong></span> 
     </span>
    </p>
   </div>
   <div class='ocr_carea' id='block_1_75' title="bbox 2238 1641 3828 1716">
    <p class='ocr_par' dir='ltr' id='par_1_75' title="bbox 2238 1641 3828 1716">
     <span class='ocr_line' id='line_1_75' title="bbox 2238 1641 3828 1716; baseline 0.006 -22"><span class='ocrx_word' id='word_1_608' title='bbox 2238 1641 2401 1695; x_wconf 87' lang='lat' dir='ltr'><strong>nostri</strong></span> <span class='ocrx_word' id='word_1_609' title='bbox 2427 1643 2686 1698; x_wconf 88' lang='lat' dir='ltr'><strong>numerati</strong></span> <span class='ocrx_word' id='word_1_610' title='bbox 2710 1652 2834 1697; x_wconf 90' lang='lat' dir='ltr'><strong>sunt</strong></span> <span class='ocrx_word' id='word_1_611' title='bbox 2863 1643 2972 1699; x_wconf 84' lang='lat' dir='ltr'><strong>Deo</strong></span> <span class='ocrx_word' id='word_1_612' title='bbox 3005 1642 3214 1715; x_wconf 84' lang='lat' dir='ltr'><strong>(Matth.</strong></span> <span class='ocrx_word' id='word_1_613' title='bbox 3247 1661 3301 1706; x_wconf 85' lang='lat' dir='ltr'><strong>x,</strong></span> <span class='ocrx_word' id='word_1_614' title='bbox 3331 1645 3446 1716; x_wconf 76' lang='lat'><strong>30).</strong></span> <span class='ocrx_word' id='word_1_615' title='bbox 3479 1645 3583 1700; x_wconf 88' lang='lat' dir='ltr'><strong>Sed</strong></span> <span class='ocrx_word' id='word_1_616' title='bbox 3611 1647 3715 1701; x_wconf 89' lang='lat' dir='ltr'><strong>alia</strong></span> <span class='ocrx_word' id='word_1_617' title='bbox 3743 1657 3828 1704; x_wconf 85' lang='lat' dir='ltr'><strong>est</strong></span> 
     </span>
    </p>
   </div>
   <div class='ocr_carea' id='block_1_76' title="bbox 2239 1733 3828 1806">
    <p class='ocr_par' dir='ltr' id='par_1_76' title="bbox 2239 1733 3828 1806">
     <span class='ocr_line' id='line_1_76' title="bbox 2239 1733 3828 1806; baseline 0.006 -19"><span class='ocrx_word' id='word_1_618' title='bbox 2239 1733 2509 1804; x_wconf 87' lang='lat' dir='ltr'><strong>plenitudo</strong></span> <span class='ocrx_word' id='word_1_619' title='bbox 2541 1735 2775 1790; x_wconf 69' lang='lat' dir='ltr'><strong>scientia:</strong></span> <span class='ocrx_word' id='word_1_620' title='bbox 2799 1751 2958 1806; x_wconf 90' lang='lat' dir='ltr'><strong>quam</strong></span> <span class='ocrx_word' id='word_1_621' title='bbox 3002 1737 3178 1792; x_wconf 49' lang='lat' dir='ltr'><strong>voluit;</strong></span> <span class='ocrx_word' id='word_1_622' title='bbox 3199 1737 3469 1792; x_wconf 85' lang='lat' dir='ltr'><strong>hominem</strong></span> <span class='ocrx_word' id='word_1_623' title='bbox 3499 1754 3655 1794; x_wconf 89' lang='lat' dir='ltr'><strong>nosse</strong></span> <span class='ocrx_word' id='word_1_624' title='bbox 3684 1757 3700 1806; x_wconf 92' lang='lat'><strong>;</strong></span> <span class='ocrx_word' id='word_1_625' title='bbox 3757 1742 3828 1798; x_wconf 85' lang='lat' dir='ltr'><strong>ad</strong></span> 
     </span>
    </p>
   </div>
   <div class='ocr_carea' id='block_1_77' title="bbox 2239 1827 3826 1900">
    <p class='ocr_par' dir='ltr' id='par_1_77' title="bbox 2239 1827 3826 1900">
     <span class='ocr_line' id='line_1_77' title="bbox 2239 1827 3826 1900; baseline 0.006 -19"><span class='ocrx_word' id='word_1_626' title='bbox 2239 1827 2406 1896; x_wconf 89' lang='lat' dir='ltr'><strong>legem</strong></span> <span class='ocrx_word' id='word_1_627' title='bbox 2445 1828 2539 1884; x_wconf 90' lang='lat' dir='ltr'><strong>Dei</strong></span> <span class='ocrx_word' id='word_1_628' title='bbox 2584 1829 2814 1898; x_wconf 88' lang='lat' dir='ltr'><strong>pertinet</strong></span> <span class='ocrx_word' id='word_1_629' title='bbox 2861 1829 3084 1886; x_wconf 87' lang='lat' dir='ltr'><strong>scientia</strong></span> <span class='ocrx_word' id='word_1_630' title='bbox 3109 1846 3266 1900; x_wconf 88' lang='lat' dir='ltr'><strong>quam</strong></span> <span class='ocrx_word' id='word_1_631' title='bbox 3295 1840 3348 1886; x_wconf 90' lang='lat' dir='ltr'><strong>te</strong></span> <span class='ocrx_word' id='word_1_632' title='bbox 3386 1832 3550 1886; x_wconf 88' lang='lat' dir='ltr'><strong>voluit</strong></span> <span class='ocrx_word' id='word_1_633' title='bbox 3600 1832 3826 1890; x_wconf 87' lang='lat' dir='ltr'><strong>habere.</strong></span> 
     </span>
    </p>
   </div>
   <div class='ocr_carea' id='block_1_78' title="bbox 2238 1918 3828 1992">
    <p class='ocr_par' dir='ltr' id='par_1_78' title="bbox 2238 1918 3828 1992">
     <span class='ocr_line' id='line_1_78' title="bbox 2238 1918 3828 1992; baseline 0.006 -20"><span class='ocrx_word' id='word_1_634' title='bbox 2238 1918 2306 1972; x_wconf 86' lang='lat' dir='ltr'><strong>Et</strong></span> <span class='ocrx_word' id='word_1_635' title='bbox 2345 1919 2462 1988; x_wconf 90' lang='lat' dir='ltr'><strong>quis</strong></span> <span class='ocrx_word' id='word_1_636' title='bbox 2506 1929 2699 1988; x_wconf 88' lang='lat' dir='ltr'><strong>potest,</strong></span> <span class='ocrx_word' id='word_1_637' title='bbox 2729 1919 2865 1975; x_wconf 90' lang='lat' dir='ltr'><strong>forte</strong></span> <span class='ocrx_word' id='word_1_638' title='bbox 2891 1921 3037 1975; x_wconf 88' lang='lat' dir='ltr'><strong>dicas</strong></span> <span class='ocrx_word' id='word_1_639' title='bbox 3064 1922 3216 1990; x_wconf 87' lang='lat' dir='ltr'><strong>mihi,</strong></span> <span class='ocrx_word' id='word_1_640' title='bbox 3268 1923 3499 1992; x_wconf 81' lang='lat' dir='ltr'><strong>perfecte</strong></span> <span class='ocrx_word' id='word_1_641' title='bbox 3536 1940 3694 1979; x_wconf 88' lang='lat' dir='ltr'><strong>nosse</strong></span> <span class='ocrx_word' id='word_1_642' title='bbox 3715 1925 3828 1981; x_wconf 83' lang='lat' dir='ltr'><strong>Le-</strong></span> 
     </span>
    </p>
   </div>
   <div class='ocr_carea' id='block_1_79' title="bbox 2237 2011 3830 2088">
    <p class='ocr_par' dir='ltr' id='par_1_79' title="bbox 2237 2011 3830 2088">
     <span class='ocr_line' id='line_1_79' title="bbox 2237 2011 3830 2088; baseline 0.007 -25"><span class='ocrx_word' id='word_1_643' title='bbox 2237 2024 2377 2079; x_wconf 81' lang='lat' dir='ltr'><strong>gem,</strong></span> <span class='ocrx_word' id='word_1_644' title='bbox 2408 2019 2465 2064; x_wconf 93' lang='lat' dir='ltr'><strong>ut</strong></span> <span class='ocrx_word' id='word_1_645' title='bbox 2489 2011 2681 2066; x_wconf 80' lang='lat' dir='ltr'><strong>habeat</strong></span> <span class='ocrx_word' id='word_1_646' title='bbox 2711 2012 2762 2068; x_wconf 89' lang='lat' dir='ltr'><strong>in</strong></span> <span class='ocrx_word' id='word_1_647' title='bbox 2788 2028 2847 2066; x_wconf 89' lang='lat' dir='ltr'><strong>se</strong></span> <span class='ocrx_word' id='word_1_648' title='bbox 2871 2013 3256 2082; x_wconf 88' lang='lat' dir='ltr'><strong>plenitudinem</strong></span> <span class='ocrx_word' id='word_1_649' title='bbox 3286 2016 3523 2070; x_wconf 57' lang='lat' dir='ltr'><strong>scicntia</strong></span> <span class='ocrx_word' id='word_1_650' title='bbox 3562 2017 3740 2088; x_wconf 82' lang='lat' dir='ltr'><strong>Legis,</strong></span> <span class='ocrx_word' id='word_1_651' title='bbox 3773 2028 3830 2086; x_wconf 85' lang='lat' dir='ltr'><strong>et</strong></span> 
     </span>
    </p>
   </div>
   <div class='ocr_carea' id='block_1_80' title="bbox 2240 2102 3828 2172">
    <p class='ocr_par' dir='ltr' id='par_1_80' title="bbox 2240 2102 3828 2172">
     <span class='ocr_line' id='line_1_80' title="bbox 2240 2102 3828 2172; baseline 0.007 -18"><span class='ocrx_word' id='word_1_652' title='bbox 2240 2102 2407 2171; x_wconf 84' lang='lat' dir='ltr'><strong>possit</strong></span> <span class='ocrx_word' id='word_1_653' title='bbox 2438 2117 2556 2157; x_wconf 86' lang='lat' dir='ltr'><strong>esse</strong></span> <span class='ocrx_word' id='word_1_654' title='bbox 2597 2102 2752 2158; x_wconf 89' lang='lat' dir='ltr'><strong>sedes</strong></span> <span class='ocrx_word' id='word_1_655' title='bbox 2800 2104 2934 2159; x_wconf 82' lang='lat' dir='ltr'><strong>Dei?</strong></span> <span class='ocrx_word' id='word_1_656' title='bbox 2985 2104 3104 2162; x_wconf 84' lang='lat' dir='ltr'><strong>Noli</strong></span> <span class='ocrx_word' id='word_1_657' title='bbox 3155 2106 3389 2172; x_wconf 80' lang='lat' dir='ltr'><strong>turbari;</strong></span> <span class='ocrx_word' id='word_1_658' title='bbox 3447 2107 3679 2162; x_wconf 85' lang='lat' dir='ltr'><strong>breviter</strong></span> <span class='ocrx_word' id='word_1_659' title='bbox 3727 2108 3828 2170; x_wconf 89' lang='lat' dir='ltr'><strong>tibi</strong></span> 
     </span>
    </p>
   </div>
   <div class='ocr_carea' id='block_1_81' title="bbox 2239 2193 3829 2267">
    <p class='ocr_par' dir='ltr' id='par_1_81' title="bbox 2239 2193 3829 2267">
     <span class='ocr_line' id='line_1_81' title="bbox 2239 2193 3829 2267; baseline 0.006 -20"><span class='ocrx_word' id='word_1_660' title='bbox 2239 2193 2433 2248; x_wconf 91' lang='lat' dir='ltr'><strong>dicitur</strong></span> <span class='ocrx_word' id='word_1_661' title='bbox 2448 2194 2572 2264; x_wconf 90' lang='lat' dir='ltr'><strong>quid</strong></span> <span class='ocrx_word' id='word_1_662' title='bbox 2595 2194 2812 2260; x_wconf 84' lang='lat' dir='ltr'><strong>habeas,</strong></span> <span class='ocrx_word' id='word_1_663' title='bbox 2832 2197 2875 2250; x_wconf 92' lang='lat' dir='ltr'><strong>si</strong></span> <span class='ocrx_word' id='word_1_664' title='bbox 2901 2197 2979 2251; x_wconf 85' lang='lat' dir='ltr'><strong>vis</strong></span> <span class='ocrx_word' id='word_1_665' title='bbox 3011 2197 3207 2252; x_wconf 87' lang='lat' dir='ltr'><strong>habere</strong></span> <span class='ocrx_word' id='word_1_666' title='bbox 3235 2199 3619 2267; x_wconf 88' lang='lat' dir='ltr'><strong>plenitudinem</strong></span> <span class='ocrx_word' id='word_1_667' title='bbox 3645 2202 3829 2258; x_wconf 86' lang='lat' dir='ltr'><strong>scicn-</strong></span> 
     </span>
    </p>
   </div>
   <div class='ocr_carea' id='block_1_82' title="bbox 2241 2287 3830 2362">
    <p class='ocr_par' dir='ltr' id='par_1_82' title="bbox 2241 2287 3830 2362">
     <span class='ocr_line' id='line_1_82' title="bbox 2241 2287 3830 2362; baseline 0.008 -22"><span class='ocrx_word' id='word_1_668' title='bbox 2241 2287 2349 2354; x_wconf 65' lang='lat' dir='ltr'><strong>tim,</strong></span> <span class='ocrx_word' id='word_1_669' title='bbox 2376 2297 2430 2342; x_wconf 89' lang='lat' dir='ltr'><strong>et</strong></span> <span class='ocrx_word' id='word_1_670' title='bbox 2455 2304 2573 2343; x_wconf 88' lang='lat' dir='ltr'><strong>esse</strong></span> <span class='ocrx_word' id='word_1_671' title='bbox 2593 2289 2747 2344; x_wconf 89' lang='lat' dir='ltr'><strong>sedes</strong></span> <span class='ocrx_word' id='word_1_672' title='bbox 2781 2290 2873 2346; x_wconf 86' lang='lat' dir='ltr'><strong>Dei</strong></span> <span class='ocrx_word' id='word_1_673' title='bbox 2905 2308 2918 2344; x_wconf 88' lang='lat'><strong>:</strong></span> <span class='ocrx_word' id='word_1_674' title='bbox 2947 2291 3020 2346; x_wconf 90' lang='lat' dir='ltr'><strong>ait</strong></span> <span class='ocrx_word' id='word_1_675' title='bbox 3045 2292 3184 2346; x_wconf 89' lang='lat' dir='ltr'><strong>enim</strong></span> <span class='ocrx_word' id='word_1_676' title='bbox 3210 2293 3518 2362; x_wconf 81' lang='lat' dir='ltr'><strong>Apostolus,</strong></span> <span class='ocrx_word' id='word_1_677' title='bbox 3548 2292 3830 2352; x_wconf 83' lang='lat' dir='ltr'><strong>Plenitudo</strong></span> 
     </span>
    </p>
   </div>
   <div class='ocr_carea' id='block_1_83' title="bbox 2238 2378 3830 2457">
    <p class='ocr_par' dir='ltr' id='par_1_83' title="bbox 2238 2378 3830 2457">
     <span class='ocr_line' id='line_1_83' title="bbox 2238 2378 3830 2457; baseline 0.007 -26"><span class='ocrx_word' id='word_1_678' title='bbox 2238 2389 2402 2432; x_wconf 84' lang='lat' dir='ltr'><strong>autem</strong></span> <span class='ocrx_word' id='word_1_679' title='bbox 2427 2378 2576 2449; x_wconf 83' lang='lat' dir='ltr'><strong>Legis</strong></span> <span class='ocrx_word' id='word_1_680' title='bbox 2605 2381 2823 2436; x_wconf 81' lang='lat' dir='ltr'><strong>charitas</strong></span> <span class='ocrx_word' id='word_1_681' title='bbox 2847 2380 3020 2451; x_wconf 87' lang='lat' dir='ltr'><strong>(Rom.</strong></span> <span class='ocrx_word' id='word_1_682' title='bbox 3065 2398 3180 2449; x_wconf 90' lang='lat' dir='ltr'><strong>xm,</strong></span> <span class='ocrx_word' id='word_1_683' title='bbox 3216 2383 3326 2455; x_wconf 76' lang='grc'><strong>10).</strong></span> <span class='ocrx_word' id='word_1_684' title='bbox 3361 2384 3497 2451; x_wconf 84' lang='lat' dir='ltr'><strong>Quid</strong></span> <span class='ocrx_word' id='word_1_685' title='bbox 3535 2401 3663 2457; x_wconf 86' lang='lat' dir='ltr'><strong>ergo</strong></span> <span class='ocrx_word' id='word_1_686' title='bbox 3701 2387 3830 2457; x_wconf 72' lang='lat' dir='ltr'><strong>est?</strong></span> 
     </span>
    </p>
   </div>
   <div class='ocr_carea' id='block_1_84' title="bbox 2240 2469 3825 2548">
    <p class='ocr_par' dir='ltr' id='par_1_84' title="bbox 2240 2469 3825 2548">
     <span class='ocr_line' id='line_1_84' title="bbox 2240 2469 3825 2548; baseline 0.005 -24"><span class='ocrx_word' id='word_1_687' title='bbox 2240 2469 2519 2526; x_wconf 79' lang='lat' dir='ltr'><strong>Perdidisti</strong></span> <span class='ocrx_word' id='word_1_688' title='bbox 2551 2480 2712 2526; x_wconf 89' lang='lat' dir='ltr'><strong>totam</strong></span> <span class='ocrx_word' id='word_1_689' title='bbox 2756 2473 3175 2530; x_wconf 87' lang='lat' dir='ltr'><strong>excusationem.</strong></span> <span class='ocrx_word' id='word_1_690' title='bbox 3221 2474 3494 2547; x_wconf 84' lang='lat' dir='ltr'><strong>Interroga</strong></span> <span class='ocrx_word' id='word_1_691' title='bbox 3521 2492 3614 2534; x_wconf 90' lang='lat' dir='ltr'><strong>cor</strong></span> <span class='ocrx_word' id='word_1_692' title='bbox 3647 2489 3825 2548; x_wconf 85' lang='lat' dir='ltr'><strong>tuum,</strong></span> 
     </span>
    </p>
   </div>
   <div class='ocr_carea' id='block_1_85' title="bbox 2238 2563 3832 2638">
    <p class='ocr_par' dir='ltr' id='par_1_85' title="bbox 2238 2563 3832 2638">
     <span class='ocr_line' id='line_1_85' title="bbox 2238 2563 3832 2638; baseline 0.007 -22"><span class='ocrx_word' id='word_1_693' title='bbox 2238 2563 2359 2617; x_wconf 88' lang='lat' dir='ltr'><strong>vide</strong></span> <span class='ocrx_word' id='word_1_694' title='bbox 2401 2573 2574 2618; x_wconf 90' lang='lat' dir='ltr'><strong>utrum</strong></span> <span class='ocrx_word' id='word_1_695' title='bbox 2607 2565 2797 2620; x_wconf 90' lang='lat' dir='ltr'><strong>habeat</strong></span> <span class='ocrx_word' id='word_1_696' title='bbox 2825 2566 3158 2624; x_wconf 86' lang='lat' dir='ltr'><strong>charitatem.</strong></span> <span class='ocrx_word' id='word_1_697' title='bbox 3177 2567 3232 2623; x_wconf 86' lang='lat' dir='ltr'><strong>Si</strong></span> <span class='ocrx_word' id='word_1_698' title='bbox 3250 2578 3333 2626; x_wconf 88' lang='lat' dir='ltr'><strong>est</strong></span> <span class='ocrx_word' id='word_1_699' title='bbox 3373 2571 3442 2624; x_wconf 91' lang='lat' dir='ltr'><strong>ibi</strong></span> <span class='ocrx_word' id='word_1_700' title='bbox 3463 2570 3714 2638; x_wconf 82' lang='lat' dir='ltr'><strong>Charitas,</strong></span> <span class='ocrx_word' id='word_1_701' title='bbox 3743 2580 3832 2638; x_wconf 76' lang='lat' dir='ltr'><strong>est</strong></span> 
     </span>
    </p>
   </div>
   <div class='ocr_carea' id='block_1_86' title="bbox 2239 2655 3832 2730">
    <p class='ocr_par' dir='ltr' id='par_1_86' title="bbox 2239 2655 3832 2730">
     <span class='ocr_line' id='line_1_86' title="bbox 2239 2655 3832 2730; baseline 0.006 -22"><span class='ocrx_word' id='word_1_702' title='bbox 2239 2655 2308 2708; x_wconf 91' lang='lat' dir='ltr'><strong>ibi</strong></span> <span class='ocrx_word' id='word_1_703' title='bbox 2334 2655 2605 2723; x_wconf 89' lang='lat' dir='ltr'><strong>plenitudo</strong></span> <span class='ocrx_word' id='word_1_704' title='bbox 2632 2655 2826 2725; x_wconf 87' lang='lat' dir='ltr'><strong>Legis;</strong></span> <span class='ocrx_word' id='word_1_705' title='bbox 2854 2658 2965 2726; x_wconf 91' lang='lat' dir='ltr'><strong>jam</strong></span> <span class='ocrx_word' id='word_1_706' title='bbox 2997 2657 3050 2713; x_wconf 88' lang='lat' dir='ltr'><strong>in</strong></span> <span class='ocrx_word' id='word_1_707' title='bbox 3096 2667 3146 2714; x_wconf 90' lang='lat' dir='ltr'><strong>te</strong></span> <span class='ocrx_word' id='word_1_708' title='bbox 3190 2658 3392 2716; x_wconf 85' lang='lat' dir='ltr'><strong>habitat</strong></span> <span class='ocrx_word' id='word_1_709' title='bbox 3441 2660 3613 2730; x_wconf 88' lang='lat' dir='ltr'><strong>Deus,</strong></span> <span class='ocrx_word' id='word_1_710' title='bbox 3667 2662 3832 2718; x_wconf 84' lang='lat' dir='ltr'><strong>sedes</strong></span> 
     </span>
    </p>
   </div>
   <div class='ocr_carea' id='block_1_87' title="bbox 2243 2746 3831 2820">
    <p class='ocr_par' dir='ltr' id='par_1_87' title="bbox 2243 2746 3831 2820">
     <span class='ocr_line' id='line_1_87' title="bbox 2243 2746 3831 2820; baseline 0.006 -22"><span class='ocrx_word' id='word_1_711' title='bbox 2243 2746 2333 2800; x_wconf 87' lang='lat' dir='ltr'><strong>Dei</strong></span> <span class='ocrx_word' id='word_1_712' title='bbox 2386 2746 2554 2801; x_wconf 88' lang='lat' dir='ltr'><strong>factus</strong></span> <span class='ocrx_word' id='word_1_713' title='bbox 2582 2763 2659 2802; x_wconf 88' lang='lat' dir='ltr'><strong>es.</strong></span> <span class='ocrx_word' id='word_1_714' title='bbox 2713 2747 3015 2802; x_wconf 79' lang='lat' dir='ltr'><strong>Irascuntur</strong></span> <span class='ocrx_word' id='word_1_715' title='bbox 3063 2752 3433 2820; x_wconf 85' lang='lat' dir='ltr'><strong>populi;quid</strong></span> <span class='ocrx_word' id='word_1_716' title='bbox 3483 2752 3678 2808; x_wconf 81' lang='lat' dir='ltr'><strong>facient</strong></span> <span class='ocrx_word' id='word_1_717' title='bbox 3721 2753 3831 2808; x_wconf 81' lang='lat' dir='ltr'><strong>ira-</strong></span> 
     </span>
    </p>
   </div>
   <div class='ocr_carea' id='block_1_88' title="bbox 2237 2839 3829 2911">
    <p class='ocr_par' dir='ltr' id='par_1_88' title="bbox 2237 2839 3829 2911">
     <span class='ocr_line' id='line_1_88' title="bbox 2237 2839 3829 2911; baseline 0.007 -21"><span class='ocrx_word' id='word_1_718' title='bbox 2237 2848 2446 2892; x_wconf 77' lang='lat' dir='ltr'><strong>scentes</strong></span> <span class='ocrx_word' id='word_1_719' title='bbox 2475 2839 2650 2908; x_wconf 83' lang='lat' dir='ltr'><strong>populi</strong></span> <span class='ocrx_word' id='word_1_720' title='bbox 2681 2840 2729 2894; x_wconf 90' lang='lat' dir='ltr'><strong>ei</strong></span> <span class='ocrx_word' id='word_1_721' title='bbox 2760 2841 2848 2910; x_wconf 86' lang='lat' dir='ltr'><strong>qui</strong></span> <span class='ocrx_word' id='word_1_722' title='bbox 2881 2840 3049 2900; x_wconf 88' lang='lat' dir='ltr'><strong>factus</strong></span> <span class='ocrx_word' id='word_1_723' title='bbox 3078 2851 3159 2898; x_wconf 89' lang='lat' dir='ltr'><strong>est</strong></span> <span class='ocrx_word' id='word_1_724' title='bbox 3185 2842 3342 2898; x_wconf 87' lang='lat' dir='ltr'><strong>sedes</strong></span> <span class='ocrx_word' id='word_1_725' title='bbox 3370 2843 3496 2898; x_wconf 88' lang='lat' dir='ltr'><strong>Dei?</strong></span> <span class='ocrx_word' id='word_1_726' title='bbox 3519 2844 3616 2911; x_wconf 85' lang='lat' dir='ltr'><strong>Qui</strong></span> <span class='ocrx_word' id='word_1_727' title='bbox 3636 2855 3829 2901; x_wconf 85' lang='lat' dir='ltr'><strong>contra</strong></span> 
     </span>
    </p>
   </div>
   <div class='ocr_carea' id='block_1_89' title="bbox 2239 2931 3826 3003">
    <p class='ocr_par' dir='ltr' id='par_1_89' title="bbox 2239 2931 3826 3003">
     <span class='ocr_line' id='line_1_89' title="bbox 2239 2931 3826 3003; baseline 0.008 -21"><span class='ocrx_word' id='word_1_728' title='bbox 2239 2937 2289 2982; x_wconf 90' lang='lat' dir='ltr'><strong>te</strong></span> <span class='ocrx_word' id='word_1_729' title='bbox 2333 2940 2574 2995; x_wconf 78' lang='lat' dir='ltr'><strong>s:eviant,</strong></span> <span class='ocrx_word' id='word_1_730' title='bbox 2605 2931 2870 2997; x_wconf 89' lang='lat' dir='ltr'><strong>attendis;</strong></span> <span class='ocrx_word' id='word_1_731' title='bbox 2899 2934 2986 3003; x_wconf 89' lang='lat' dir='ltr'><strong>qui</strong></span> <span class='ocrx_word' id='word_1_732' title='bbox 3029 2934 3079 2988; x_wconf 92' lang='lat' dir='ltr'><strong>in</strong></span> <span class='ocrx_word' id='word_1_733' title='bbox 3110 2943 3162 2989; x_wconf 90' lang='lat' dir='ltr'><strong>te</strong></span> <span class='ocrx_word' id='word_1_734' title='bbox 3189 2935 3391 3002; x_wconf 83' lang='lat' dir='ltr'><strong>sedeat,</strong></span> <span class='ocrx_word' id='word_1_735' title='bbox 3423 2951 3526 2998; x_wconf 87' lang='lat' dir='ltr'><strong>non</strong></span> <span class='ocrx_word' id='word_1_736' title='bbox 3567 2938 3826 2994; x_wconf 89' lang='lat' dir='ltr'><strong>attendis.</strong></span> 
     </span>
    </p>
   </div>
   <div class='ocr_carea' id='block_1_90' title="bbox 2235 3021 3829 3090">
    <p class='ocr_par' dir='ltr' id='par_1_90' title="bbox 2235 3021 3829 3090">
     <span class='ocr_line' id='line_1_90' title="bbox 2235 3021 3829 3090; baseline 0.007 -14"><span class='ocrx_word' id='word_1_737' title='bbox 2235 3021 2440 3077; x_wconf 68' lang='lat' dir='ltr'><strong>Caelum</strong></span> <span class='ocrx_word' id='word_1_738' title='bbox 2492 3026 2658 3080; x_wconf 88' lang='lat' dir='ltr'><strong>factus</strong></span> <span class='ocrx_word' id='word_1_739' title='bbox 2688 3042 2746 3080; x_wconf 87' lang='lat' dir='ltr'><strong>es</strong></span> <span class='ocrx_word' id='word_1_740' title='bbox 2770 3065 2784 3090; x_wconf 91' lang='lat'><strong>,</strong></span> <span class='ocrx_word' id='word_1_741' title='bbox 2828 3035 2879 3080; x_wconf 91' lang='lat' dir='ltr'><strong>et</strong></span> <span class='ocrx_word' id='word_1_742' title='bbox 2928 3036 3121 3084; x_wconf 89' lang='lat' dir='ltr'><strong>terram</strong></span> <span class='ocrx_word' id='word_1_743' title='bbox 3168 3029 3362 3084; x_wconf 87' lang='lat' dir='ltr'><strong>times?</strong></span> <span class='ocrx_word' id='word_1_744' title='bbox 3391 3030 3523 3085; x_wconf 90' lang='lat' dir='ltr'><strong>Dicit</strong></span> <span class='ocrx_word' id='word_1_745' title='bbox 3546 3031 3689 3086; x_wconf 89' lang='lat' dir='ltr'><strong>enim</strong></span> <span class='ocrx_word' id='word_1_746' title='bbox 3718 3032 3829 3087; x_wconf 89' lang='lat' dir='ltr'><strong>alio</strong></span> 
     </span>
    </p>
   </div>
   <div class='ocr_carea' id='block_1_91' title="bbox 2238 3111 3826 3190">
    <p class='ocr_par' dir='ltr' id='par_1_91' title="bbox 2238 3111 3826 3190">
     <span class='ocr_line' id='line_1_91' title="bbox 2238 3111 3826 3190; baseline 0.006 -22"><span class='ocrx_word' id='word_1_747' title='bbox 2238 3115 2354 3168; x_wconf 89' lang='lat' dir='ltr'><strong>loco</strong></span> <span class='ocrx_word' id='word_1_748' title='bbox 2383 3116 2650 3182; x_wconf 84' lang='lat' dir='ltr'><strong>Scriptura</strong></span> <span class='ocrx_word' id='word_1_749' title='bbox 2683 3118 2961 3176; x_wconf 88' lang='lat' dir='ltr'><strong>Dominum</strong></span> <span class='ocrx_word' id='word_1_750' title='bbox 3006 3120 3168 3176; x_wconf 89' lang='lat' dir='ltr'><strong>Demn</strong></span> <span class='ocrx_word' id='word_1_751' title='bbox 3201 3111 3438 3176; x_wconf 85' lang='lat' dir='ltr'><strong>nostrum</strong></span> <span class='ocrx_word' id='word_1_752' title='bbox 3479 3121 3678 3190; x_wconf 88' lang='lat' dir='ltr'><strong>dicere,</strong></span> <span class='ocrx_word' id='word_1_753' title='bbox 3707 3122 3826 3178; x_wconf 74' lang='lat' dir='ltr'><strong>Cas-</strong></span> 
     </span>
    </p>
   </div>
   <div class='ocr_carea' id='block_1_92' title="bbox 2234 3205 3828 3284">
    <p class='ocr_par' dir='ltr' id='par_1_92' title="bbox 2234 3205 3828 3284">
     <span class='ocr_line' id='line_1_92' title="bbox 2234 3205 3828 3284; baseline 0.004 -23"><span class='ocrx_word' id='word_1_754' title='bbox 2234 3205 2345 3284; x_wconf 2' lang='lat' dir='ltr'><strong>lum,</strong></span> <span class='ocrx_word' id='word_1_755' title='bbox 2369 3207 2492 3261; x_wconf 83' lang='lat' dir='ltr'><strong>mihi</strong></span> <span class='ocrx_word' id='word_1_756' title='bbox 2535 3209 2677 3264; x_wconf 85' lang='lat' dir='ltr'><strong>sedes</strong></span> <span class='ocrx_word' id='word_1_757' title='bbox 2703 3208 2945 3280; x_wconf 85' lang='lat' dir='ltr'><strong>est(Isai.</strong></span> <span class='ocrx_word' id='word_1_758' title='bbox 2974 3226 3121 3279; x_wconf 80' lang='lat' dir='ltr'><strong>LxVI,</strong></span> <span class='ocrx_word' id='word_1_759' title='bbox 3151 3212 3227 3282; x_wconf 77' lang='grc'><strong>1).</strong></span> <span class='ocrx_word' id='word_1_760' title='bbox 3272 3213 3326 3267; x_wconf 83' lang='lat' dir='ltr'><strong>Si</strong></span> <span class='ocrx_word' id='word_1_761' title='bbox 3370 3227 3496 3282; x_wconf 84' lang='lat' dir='ltr'><strong>ergo</strong></span> <span class='ocrx_word' id='word_1_762' title='bbox 3530 3223 3583 3268; x_wconf 87' lang='lat' dir='ltr'><strong>et</strong></span> <span class='ocrx_word' id='word_1_763' title='bbox 3635 3223 3689 3268; x_wconf 92' lang='lat' dir='ltr'><strong>tu</strong></span> <span class='ocrx_word' id='word_1_764' title='bbox 3732 3214 3828 3268; x_wconf 81' lang='lat' dir='ltr'><strong>ba-</strong></span> 
     </span>
    </p>
   </div>
   <div class='ocr_carea' id='block_1_93' title="bbox 2233 3297 3823 3373">
    <p class='ocr_par' dir='ltr' id='par_1_93' title="bbox 2233 3297 3823 3373">
     <span class='ocr_line' id='line_1_93' title="bbox 2233 3297 3823 3373; baseline 0.006 -21"><span class='ocrx_word' id='word_1_765' title='bbox 2233 3297 2408 3352; x_wconf 87' lang='lat' dir='ltr'><strong>bendo</strong></span> <span class='ocrx_word' id='word_1_766' title='bbox 2434 3299 2810 3367; x_wconf 75' lang='lat' dir='ltr'><strong>plenitudinem</strong></span> <span class='ocrx_word' id='word_1_767' title='bbox 2843 3302 3098 3369; x_wconf 73' lang='lat' dir='ltr'><strong>scientice,</strong></span> <span class='ocrx_word' id='word_1_768' title='bbox 3132 3313 3183 3357; x_wconf 88' lang='lat' dir='ltr'><strong>et</strong></span> <span class='ocrx_word' id='word_1_769' title='bbox 3215 3303 3456 3360; x_wconf 88' lang='lat' dir='ltr'><strong>habendo</strong></span> <span class='ocrx_word' id='word_1_770' title='bbox 3483 3305 3823 3373; x_wconf 90' lang='lat' dir='ltr'><strong>charitatem,</strong></span> 
     </span>
    </p>
   </div>
   <div class='ocr_carea' id='block_1_94' title="bbox 2229 3381 3826 3461">
    <p class='ocr_par' dir='ltr' id='par_1_94' title="bbox 2229 3381 3826 3461">
     <span class='ocr_line' id='line_1_94' title="bbox 2229 3381 3826 3461; baseline 0.006 -19"><span class='ocrx_word' id='word_1_771' title='bbox 2229 3389 2412 3458; x_wconf 83' lang='lat' dir='ltr'><strong>utique</strong></span> <span class='ocrx_word' id='word_1_772' title='bbox 2435 3391 2588 3445; x_wconf 84' lang='lat' dir='ltr'><strong>sedes</strong></span> <span class='ocrx_word' id='word_1_773' title='bbox 2616 3391 2707 3447; x_wconf 89' lang='lat' dir='ltr'><strong>Dei</strong></span> <span class='ocrx_word' id='word_1_774' title='bbox 2731 3391 2900 3448; x_wconf 88' lang='lat' dir='ltr'><strong>factus</strong></span> <span class='ocrx_word' id='word_1_775' title='bbox 2919 3409 2998 3461; x_wconf 89' lang='lat' dir='ltr'><strong>es,</strong></span> <span class='ocrx_word' id='word_1_776' title='bbox 3024 3394 3216 3450; x_wconf 68' lang='lat' dir='ltr'><strong>(mlum</strong></span> <span class='ocrx_word' id='word_1_777' title='bbox 3236 3396 3402 3450; x_wconf 84' lang='lat' dir='ltr'><strong>factus</strong></span> <span class='ocrx_word' id='word_1_778' title='bbox 3427 3412 3506 3450; x_wconf 90' lang='lat' dir='ltr'><strong>es.</strong></span> <span class='ocrx_word' id='word_1_779' title='bbox 3533 3381 3649 3450; x_wconf 83' lang='lat' dir='ltr'><strong>Non</strong></span> <span class='ocrx_word' id='word_1_780' title='bbox 3675 3397 3826 3452; x_wconf 91' lang='lat' dir='ltr'><strong>enim</strong></span> 
     </span>
    </p>
   </div>
   <div class='ocr_carea' id='block_1_95' title="bbox 2235 3482 3827 3558">
    <p class='ocr_par' dir='ltr' id='par_1_95' title="bbox 2235 3482 3827 3558">
     <span class='ocr_line' id='line_1_95' title="bbox 2235 3482 3827 3558; baseline 0.006 -22"><span class='ocrx_word' id='word_1_781' title='bbox 2235 3482 2336 3538; x_wconf 89' lang='lat' dir='ltr'><strong>hoc</strong></span> <span class='ocrx_word' id='word_1_782' title='bbox 2363 3483 2556 3538; x_wconf 74' lang='lat' dir='ltr'><strong>coelum</strong></span> <span class='ocrx_word' id='word_1_783' title='bbox 2578 3485 2744 3540; x_wconf 89' lang='lat' dir='ltr'><strong>oculis</strong></span> <span class='ocrx_word' id='word_1_784' title='bbox 2786 3486 2866 3540; x_wconf 90' lang='lat' dir='ltr'><strong>his</strong></span> <span class='ocrx_word' id='word_1_785' title='bbox 2890 3487 3083 3542; x_wconf 86' lang='lat' dir='ltr'><strong>nostris</strong></span> <span class='ocrx_word' id='word_1_786' title='bbox 3109 3487 3250 3556; x_wconf 89' lang='lat' dir='ltr'><strong>quod</strong></span> <span class='ocrx_word' id='word_1_787' title='bbox 3299 3487 3636 3558; x_wconf 81' lang='lat' dir='ltr'><strong>StISpicimus,</strong></span> <span class='ocrx_word' id='word_1_788' title='bbox 3668 3488 3827 3545; x_wconf 85' lang='lat' dir='ltr'><strong>valde</strong></span> 
     </span>
    </p>
   </div>
   <div class='ocr_carea' id='block_1_96' title="bbox 2233 3577 3823 3650">
    <p class='ocr_par' dir='ltr' id='par_1_96' title="bbox 2233 3577 3823 3650">
     <span class='ocr_line' id='line_1_96' title="bbox 2233 3577 3823 3650; baseline 0.004 -21"><span class='ocrx_word' id='word_1_789' title='bbox 2233 3577 2521 3645; x_wconf 85' lang='lat' dir='ltr'><strong>pretiosum</strong></span> <span class='ocrx_word' id='word_1_790' title='bbox 2553 3587 2633 3633; x_wconf 85' lang='lat' dir='ltr'><strong>est</strong></span> <span class='ocrx_word' id='word_1_791' title='bbox 2661 3579 2790 3634; x_wconf 85' lang='lat' dir='ltr'><strong>Deo.</strong></span> <span class='ocrx_word' id='word_1_792' title='bbox 2823 3578 3029 3636; x_wconf 75' lang='lat' dir='ltr'><strong>Caelum</strong></span> <span class='ocrx_word' id='word_1_793' title='bbox 3063 3581 3175 3645; x_wconf 90' lang='lat' dir='ltr'><strong>Dei,</strong></span> <span class='ocrx_word' id='word_1_794' title='bbox 3206 3581 3397 3635; x_wconf 70' lang='lat' dir='ltr'><strong>anima:</strong></span> <span class='ocrx_word' id='word_1_795' title='bbox 3429 3591 3626 3636; x_wconf 74' lang='lat' dir='ltr'><strong>sancta:</strong></span> <span class='ocrx_word' id='word_1_796' title='bbox 3654 3591 3783 3636; x_wconf 89' lang='lat' dir='ltr'><strong>sunt</strong></span> <span class='ocrx_word' id='word_1_797' title='bbox 3809 3599 3823 3650; x_wconf 90' lang='lat'><strong>;</strong></span> 
     </span>
    </p>
   </div>
   <div class='ocr_carea' id='block_1_97' title="bbox 2233 3669 3825 3739">
    <p class='ocr_par' dir='ltr' id='par_1_97' title="bbox 2233 3669 3825 3739">
     <span class='ocr_line' id='line_1_97' title="bbox 2233 3669 3825 3739; baseline 0.005 -17"><span class='ocrx_word' id='word_1_798' title='bbox 2233 3669 2423 3725; x_wconf 74' lang='lat' dir='ltr'><strong>cmlum</strong></span> <span class='ocrx_word' id='word_1_799' title='bbox 2448 3669 2561 3734; x_wconf 86' lang='lat' dir='ltr'><strong>Dei,</strong></span> <span class='ocrx_word' id='word_1_800' title='bbox 2586 3680 2790 3726; x_wconf 89' lang='lat' dir='ltr'><strong>mentes</strong></span> <span class='ocrx_word' id='word_1_801' title='bbox 2808 3671 3128 3739; x_wconf 83' lang='lat' dir='ltr'><strong>Angelorum</strong></span> <span class='ocrx_word' id='word_1_802' title='bbox 3157 3681 3298 3735; x_wconf 90' lang='lat' dir='ltr'><strong>sunt,</strong></span> <span class='ocrx_word' id='word_1_803' title='bbox 3323 3680 3376 3727; x_wconf 89' lang='lat' dir='ltr'><strong>et</strong></span> <span class='ocrx_word' id='word_1_804' title='bbox 3401 3687 3588 3726; x_wconf 88' lang='lat' dir='ltr'><strong>omnes</strong></span> <span class='ocrx_word' id='word_1_805' title='bbox 3613 3681 3825 3730; x_wconf 88' lang='lat' dir='ltr'><strong>mentes</strong></span> 
     </span>
    </p>
   </div>
   <div class='ocr_carea' id='block_1_98' title="bbox 2231 3762 3826 3834">
    <p class='ocr_par' dir='ltr' id='par_1_98' title="bbox 2231 3762 3826 3834">
     <span class='ocr_line' id='line_1_98' title="bbox 2231 3762 3826 3834; baseline -0.001 -16"><span class='ocrx_word' id='word_1_806' title='bbox 2231 3775 2508 3819; x_wconf 79' lang='lat' dir='ltr'><strong>servorum</strong></span> <span class='ocrx_word' id='word_1_807' title='bbox 2536 3762 2670 3831; x_wconf 81' lang='lat' dir='ltr'><strong>eius.</strong></span> <span class='ocrx_word' id='word_1_808' title='bbox 2714 3763 2852 3831; x_wconf 81' lang='lat' dir='ltr'><strong>Ergo</strong></span> <span class='ocrx_word' id='word_1_809' title='bbox 2895 3764 3178 3817; x_wconf 85' lang='lat' dir='ltr'><strong>irascantur</strong></span> <span class='ocrx_word' id='word_1_810' title='bbox 3209 3765 3402 3834; x_wconf 87' lang='lat' dir='ltr'><strong>populi,</strong></span> <span class='ocrx_word' id='word_1_811' title='bbox 3451 3774 3826 3817; x_wconf 88' lang='lat' dir='ltr'><strong>commoveatur</strong></span> 
     </span>
    </p>
   </div>
   <div class='ocr_carea' id='block_1_99' title="bbox 2231 3853 3823 3924">
    <p class='ocr_par' dir='ltr' id='par_1_99' title="bbox 2231 3853 3823 3924">
     <span class='ocr_line' id='line_1_99' title="bbox 2231 3853 3823 3924; baseline 0.003 -18"><span class='ocrx_word' id='word_1_812' title='bbox 2231 3862 2364 3910; x_wconf 82' lang='lat' dir='ltr'><strong>terra</strong></span> <span class='ocrx_word' id='word_1_813' title='bbox 2381 3869 2402 3917; x_wconf 79' lang='lat'><strong>,&#39;</strong></span> <span class='ocrx_word' id='word_1_814' title='bbox 2427 3854 2554 3923; x_wconf 90' lang='lat' dir='ltr'><strong>quid</strong></span> <span class='ocrx_word' id='word_1_815' title='bbox 2582 3853 2791 3922; x_wconf 82' lang='lat' dir='ltr'><strong>facturi,</strong></span> <span class='ocrx_word' id='word_1_816' title='bbox 2819 3863 2911 3909; x_wconf 90' lang='lat' dir='ltr'><strong>aut</strong></span> <span class='ocrx_word' id='word_1_817' title='bbox 2929 3854 3054 3924; x_wconf 88' lang='lat' dir='ltr'><strong>quid</strong></span> <span class='ocrx_word' id='word_1_818' title='bbox 3081 3854 3278 3909; x_wconf 86' lang='lat' dir='ltr'><strong>factura</strong></span> <span class='ocrx_word' id='word_1_819' title='bbox 3302 3855 3416 3910; x_wconf 89' lang='lat' dir='ltr'><strong>sedi</strong></span> <span class='ocrx_word' id='word_1_820' title='bbox 3453 3855 3565 3919; x_wconf 88' lang='lat' dir='ltr'><strong>Dei,</strong></span> <span class='ocrx_word' id='word_1_821' title='bbox 3594 3864 3650 3910; x_wconf 90' lang='lat' dir='ltr'><strong>et</strong></span> <span class='ocrx_word' id='word_1_822' title='bbox 3679 3853 3823 3910; x_wconf 64' lang='lat' dir='ltr'><strong>caelo</strong></span> 
     </span>
    </p>
   </div>
   <div class='ocr_carea' id='block_1_100' title="bbox 2229 3943 2703 4014">
    <p class='ocr_par' dir='ltr' id='par_1_100' title="bbox 2229 3943 2703 4014">
     <span class='ocr_line' id='line_1_100' title="bbox 2229 3943 2703 4014; baseline -0.006 -14"><span class='ocrx_word' id='word_1_823' title='bbox 2229 3943 2319 4000; x_wconf 85' lang='lat' dir='ltr'><strong>ubi</strong></span> <span class='ocrx_word' id='word_1_824' title='bbox 2350 3944 2500 3998; x_wconf 86' lang='lat' dir='ltr'><strong>sedet</strong></span> <span class='ocrx_word' id='word_1_825' title='bbox 2531 3945 2703 4014; x_wconf 76' lang='lat' dir='ltr'><strong>Deus?</strong></span> 
     </span>
    </p>
   </div>
   <div class='ocr_carea' id='block_1_101' title="bbox 2301 4036 3821 4110">
    <p class='ocr_par' dir='ltr' id='par_1_101' title="bbox 2301 4036 3821 4110">
     <span class='ocr_line' id='line_1_101' title="bbox 2301 4036 3821 4110; baseline 0.001 -17"><span class='ocrx_word' id='word_1_826' title='bbox 2301 4037 2355 4093; x_wconf 67' lang='grc'>4.</span> <span class='ocrx_word' id='word_1_827' title='bbox 2389 4036 2535 4108; x_wconf 57' lang='lat' dir='ltr'><strong>[verm</strong></span> <span class='ocrx_word' id='word_1_828' title='bbox 2561 4037 2641 4110; x_wconf 77' lang='grc'><strong>2.]</strong></span> <span class='ocrx_word' id='word_1_829' title='bbox 2673 4037 2915 4093; x_wconf 87' lang='lat' dir='ltr'><strong>Dominus</strong></span> <span class='ocrx_word' id='word_1_830' title='bbox 2943 4038 2995 4092; x_wconf 91' lang='lat' dir='ltr'><strong>in</strong></span> <span class='ocrx_word' id='word_1_831' title='bbox 3023 4038 3150 4094; x_wconf 89' lang='lat' dir='ltr'><strong>Sion</strong></span> <span class='ocrx_word' id='word_1_832' title='bbox 3171 4055 3403 4110; x_wconf 86' lang='lat' dir='ltr'><strong>magnus,</strong></span> <span class='ocrx_word' id='word_1_833' title='bbox 3433 4048 3480 4093; x_wconf 89' lang='lat' dir='ltr'><strong>et</strong></span> <span class='ocrx_word' id='word_1_834' title='bbox 3502 4039 3729 4094; x_wconf 71' lang='lat' dir='ltr'><strong>excelsus</strong></span> <span class='ocrx_word' id='word_1_835' title='bbox 3745 4046 3821 4096; x_wconf 82' lang='lat' dir='ltr'><strong>est</strong></span> 
     </span>
    </p>
   </div>
   <div class='ocr_carea' id='block_1_102' title="bbox 2228 4129 3821 4199">
    <p class='ocr_par' dir='ltr' id='par_1_102' title="bbox 2228 4129 3821 4199">
     <span class='ocr_line' id='line_1_102' title="bbox 2228 4129 3821 4199; baseline 0.003 -17"><span class='ocrx_word' id='word_1_836' title='bbox 2228 4143 2382 4197; x_wconf 81' lang='lat' dir='ltr'><strong>super</strong></span> <span class='ocrx_word' id='word_1_837' title='bbox 2430 4144 2604 4182; x_wconf 83' lang='lat' dir='ltr'><strong>omnes</strong></span> <span class='ocrx_word' id='word_1_838' title='bbox 2655 4130 2889 4199; x_wconf 85' lang='lat' dir='ltr'><strong>populos.</strong></span> <span class='ocrx_word' id='word_1_839' title='bbox 2937 4129 3188 4185; x_wconf 90' lang='lat' dir='ltr'><strong>Dominus</strong></span> <span class='ocrx_word' id='word_1_840' title='bbox 3231 4131 3282 4184; x_wconf 93' lang='lat' dir='ltr'><strong>in</strong></span> <span class='ocrx_word' id='word_1_841' title='bbox 3313 4131 3436 4198; x_wconf 86' lang='lat' dir='ltr'><strong>Sion</strong></span> <span class='ocrx_word' id='word_1_842' title='bbox 3483 4145 3709 4199; x_wconf 82' lang='lat' dir='ltr'><strong>magnus</strong></span> <span class='ocrx_word' id='word_1_843' title='bbox 3765 4137 3821 4187; x_wconf 80' lang='lat' dir='ltr'><strong>et</strong></span> 
     </span>
    </p>
   </div>
   <div class='ocr_carea' id='block_1_103' title="bbox 2232 4219 3818 4291">
    <p class='ocr_par' dir='ltr' id='par_1_103' title="bbox 2232 4219 3818 4291">
     <span class='ocr_line' id='line_1_103' title="bbox 2232 4219 3818 4291; baseline 0.004 -19"><span class='ocrx_word' id='word_1_844' title='bbox 2232 4219 2476 4274; x_wconf 83' lang='lat' dir='ltr'><strong>excelsus</strong></span> <span class='ocrx_word' id='word_1_845' title='bbox 2491 4229 2589 4274; x_wconf 87' lang='lat' dir='ltr'><strong>est.</strong></span> <span class='ocrx_word' id='word_1_846' title='bbox 2626 4220 2781 4287; x_wconf 83' lang='lat' dir='ltr'><strong>Ecce,</strong></span> <span class='ocrx_word' id='word_1_847' title='bbox 2805 4221 2848 4276; x_wconf 91' lang='lat' dir='ltr'><strong>si</strong></span> <span class='ocrx_word' id='word_1_848' title='bbox 2878 4221 3159 4276; x_wconf 86' lang='lat' dir='ltr'><strong>obscurum</strong></span> <span class='ocrx_word' id='word_1_849' title='bbox 3186 4223 3273 4290; x_wconf 83' lang='lat' dir='ltr'><strong>tibi</strong></span> <span class='ocrx_word' id='word_1_850' title='bbox 3304 4232 3438 4284; x_wconf 89' lang='lat' dir='ltr'><strong>erat,</strong></span> <span class='ocrx_word' id='word_1_851' title='bbox 3468 4222 3587 4291; x_wconf 88' lang='lat' dir='ltr'><strong>quia</strong></span> <span class='ocrx_word' id='word_1_852' title='bbox 3616 4221 3818 4278; x_wconf 90' lang='lat' dir='ltr'><strong>dictum</strong></span> 
     </span>
    </p>
   </div>
   <div class='ocr_carea' id='block_1_104' title="bbox 2229 4309 3821 4385">
    <p class='ocr_par' dir='ltr' id='par_1_104' title="bbox 2229 4309 3821 4385">
     <span class='ocr_line' id='line_1_104' title="bbox 2229 4309 3821 4385; baseline 0.006 -23"><span class='ocrx_word' id='word_1_853' title='bbox 2229 4319 2332 4374; x_wconf 78' lang='lat' dir='ltr'><strong>est,</strong></span> <span class='ocrx_word' id='word_1_854' title='bbox 2358 4309 2456 4374; x_wconf 86' lang='lat' dir='ltr'><strong>Qui</strong></span> <span class='ocrx_word' id='word_1_855' title='bbox 2482 4311 2616 4366; x_wconf 82' lang='lat' dir='ltr'><strong>sedet</strong></span> <span class='ocrx_word' id='word_1_856' title='bbox 2641 4328 2791 4380; x_wconf 87' lang='lat' dir='ltr'><strong>super</strong></span> <span class='ocrx_word' id='word_1_857' title='bbox 2816 4311 3100 4378; x_wconf 81' lang='lat' dir='ltr'><strong>Cherubim,</strong></span> <span class='ocrx_word' id='word_1_858' title='bbox 3129 4314 3400 4369; x_wconf 88' lang='lat' dir='ltr'><strong>nesciebas</strong></span> <span class='ocrx_word' id='word_1_859' title='bbox 3422 4315 3546 4385; x_wconf 86' lang='lat' dir='ltr'><strong>quid</strong></span> <span class='ocrx_word' id='word_1_860' title='bbox 3575 4324 3661 4369; x_wconf 89' lang='lat' dir='ltr'><strong>est</strong></span> <span class='ocrx_word' id='word_1_861' title='bbox 3682 4314 3821 4371; x_wconf 84' lang='lat' dir='ltr'><strong>Che-</strong></span> 
     </span>
    </p>
   </div>
   <div class='ocr_carea' id='block_1_105' title="bbox 2229 4401 3818 4484">
    <p class='ocr_par' dir='ltr' id='par_1_105' title="bbox 2229 4401 3818 4484">
     <span class='ocr_line' id='line_1_105' title="bbox 2229 4401 3818 4484; baseline 0.004 -29"><span class='ocrx_word' id='word_1_862' title='bbox 2229 4401 2434 4467; x_wconf 80' lang='lat' dir='ltr'><strong>rubint;</strong></span> <span class='ocrx_word' id='word_1_863' title='bbox 2458 4413 2509 4456; x_wconf 88' lang='lat' dir='ltr'><strong>et</strong></span> <span class='ocrx_word' id='word_1_864' title='bbox 2534 4403 2668 4458; x_wconf 88' lang='lat' dir='ltr'><strong>forte</strong></span> <span class='ocrx_word' id='word_1_865' title='bbox 2691 4403 2778 4457; x_wconf 91' lang='lat' dir='ltr'><strong>tibi</strong></span> <span class='ocrx_word' id='word_1_866' title='bbox 2811 4404 3070 4484; x_wconf 71' lang='lat' dir='ltr'><strong>ligqrabas</strong></span> <span class='ocrx_word' id='word_1_867' title='bbox 3114 4406 3291 4459; x_wconf 89' lang='lat' dir='ltr'><strong>animo</strong></span> <span class='ocrx_word' id='word_1_868' title='bbox 3317 4405 3596 4475; x_wconf 85' lang='lat' dir='ltr'><strong>quamdam</strong></span> <span class='ocrx_word' id='word_1_869' title='bbox 3628 4406 3818 4462; x_wconf 88' lang='lat' dir='ltr'><strong>cathe-</strong></span> 
     </span>
    </p>
   </div>
   <div class='ocr_carea' id='block_1_106' title="bbox 2227 4493 3818 4568">
    <p class='ocr_par' dir='ltr' id='par_1_106' title="bbox 2227 4493 3818 4568">
     <span class='ocr_line' id='line_1_106' title="bbox 2227 4493 3818 4568; baseline 0.003 -22"><span class='ocrx_word' id='word_1_870' title='bbox 2227 4493 2380 4546; x_wconf 87' lang='lat' dir='ltr'><strong>dram</strong></span> <span class='ocrx_word' id='word_1_871' title='bbox 2406 4494 2700 4561; x_wconf 70' lang='lat' dir='ltr'><strong>caelestem,</strong></span> <span class='ocrx_word' id='word_1_872' title='bbox 2735 4494 3020 4564; x_wconf 81' lang='lat' dir='ltr'><strong>ingentem,</strong></span> <span class='ocrx_word' id='word_1_873' title='bbox 3047 4505 3386 4566; x_wconf 85' lang='lat' dir='ltr'><strong>gemmatam,</strong></span> <span class='ocrx_word' id='word_1_874' title='bbox 3419 4507 3471 4552; x_wconf 93' lang='lat' dir='ltr'><strong>et</strong></span> <span class='ocrx_word' id='word_1_875' title='bbox 3513 4497 3681 4568; x_wconf 84' lang='lat' dir='ltr'><strong>ipsam</strong></span> <span class='ocrx_word' id='word_1_876' title='bbox 3731 4497 3818 4553; x_wconf 88' lang='lat' dir='ltr'><strong>di-</strong></span> 
     </span>
    </p>
   </div>
   <div class='ocr_carea' id='block_1_107' title="bbox 2230 4583 3820 4660">
    <p class='ocr_par' dir='ltr' id='par_1_107' title="bbox 2230 4583 3820 4660">
     <span class='ocr_line' id='line_1_107' title="bbox 2230 4583 3820 4660; baseline 0.004 -23"><span class='ocrx_word' id='word_1_877' title='bbox 2230 4584 2389 4640; x_wconf 88' lang='lat' dir='ltr'><strong>cebas</strong></span> <span class='ocrx_word' id='word_1_878' title='bbox 2442 4583 2754 4650; x_wconf 87' lang='lat' dir='ltr'><strong>Cberubim,</strong></span> <span class='ocrx_word' id='word_1_879' title='bbox 2783 4588 2980 4641; x_wconf 87' lang='lat' dir='ltr'><strong>carnali</strong></span> <span class='ocrx_word' id='word_1_880' title='bbox 3029 4603 3188 4642; x_wconf 84' lang='lat' dir='ltr'><strong>sensu</strong></span> <span class='ocrx_word' id='word_1_881' title='bbox 3218 4589 3443 4644; x_wconf 87' lang='lat' dir='ltr'><strong>volitans</strong></span> <span class='ocrx_word' id='word_1_882' title='bbox 3474 4605 3565 4660; x_wconf 89' lang='lat' dir='ltr'><strong>per</strong></span> <span class='ocrx_word' id='word_1_883' title='bbox 3593 4589 3820 4658; x_wconf 84' lang='lat' dir='ltr'><strong>phanta-</strong></span> 
     </span>
    </p>
   </div>
   <div class='ocr_carea' id='block_1_108' title="bbox 2223 4674 3817 4748">
    <p class='ocr_par' dir='ltr' id='par_1_108' title="bbox 2223 4674 3817 4748">
     <span class='ocr_line' id='line_1_108' title="bbox 2223 4674 3817 4748; baseline 0.003 -20"><span class='ocrx_word' id='word_1_884' title='bbox 2223 4684 2398 4740; x_wconf 82' lang='lat' dir='ltr'><strong>smata</strong></span> <span class='ocrx_word' id='word_1_885' title='bbox 2425 4693 2436 4728; x_wconf 95' lang='lat'>:</span> <span class='ocrx_word' id='word_1_886' title='bbox 2469 4674 2666 4730; x_wconf 89' lang='lat' dir='ltr'><strong>dictum</strong></span> <span class='ocrx_word' id='word_1_887' title='bbox 2684 4677 2869 4730; x_wconf 90' lang='lat' dir='ltr'><strong>esttibi</strong></span> <span class='ocrx_word' id='word_1_888' title='bbox 2887 4676 3008 4748; x_wconf 89' lang='lat' dir='ltr'><strong>quia</strong></span> <span class='ocrx_word' id='word_1_889' title='bbox 3038 4678 3321 4732; x_wconf 80' lang='lat' dir='ltr'><strong>Cherubim</strong></span> <span class='ocrx_word' id='word_1_890' title='bbox 3349 4679 3618 4748; x_wconf 88' lang='lat' dir='ltr'><strong>plenitudo</strong></span> <span class='ocrx_word' id='word_1_891' title='bbox 3639 4679 3817 4733; x_wconf 87' lang='lat' dir='ltr'><strong>scien-</strong></span> 
     </span>
    </p>
   </div>
   <div class='ocr_carea' id='block_1_109' title="bbox 2232 4767 3816 4839">
    <p class='ocr_par' dir='ltr' id='par_1_109' title="bbox 2232 4767 3816 4839">
     <span class='ocr_line' id='line_1_109' title="bbox 2232 4767 3816 4839; baseline 0.003 -19"><span class='ocrx_word' id='word_1_892' title='bbox 2232 4767 2316 4820; x_wconf 71' lang='lat' dir='ltr'><strong>tiae</strong></span> <span class='ocrx_word' id='word_1_893' title='bbox 2341 4776 2456 4832; x_wconf 84' lang='lat' dir='ltr'><strong>est;</strong></span> <span class='ocrx_word' id='word_1_894' title='bbox 2485 4775 2540 4822; x_wconf 90' lang='lat' dir='ltr'><strong>et</strong></span> <span class='ocrx_word' id='word_1_895' title='bbox 2567 4767 2766 4830; x_wconf 86' lang='lat' dir='ltr'><strong>dictum</strong></span> <span class='ocrx_word' id='word_1_896' title='bbox 2809 4775 2891 4822; x_wconf 87' lang='lat' dir='ltr'><strong>est</strong></span> <span class='ocrx_word' id='word_1_897' title='bbox 2925 4768 3046 4838; x_wconf 82' lang='lat' dir='ltr'><strong>quia</strong></span> <span class='ocrx_word' id='word_1_898' title='bbox 3098 4768 3368 4839; x_wconf 85' lang='lat' dir='ltr'><strong>plenitudo</strong></span> <span class='ocrx_word' id='word_1_899' title='bbox 3395 4769 3629 4824; x_wconf 80' lang='lat' dir='ltr'><strong>scienti:e</strong></span> <span class='ocrx_word' id='word_1_900' title='bbox 3649 4812 3664 4836; x_wconf 96' lang='lat'><strong>,</strong></span> <span class='ocrx_word' id='word_1_901' title='bbox 3710 4787 3816 4825; x_wconf 91' lang='lat' dir='ltr'><strong>non</strong></span> 
     </span>
    </p>
   </div>
   <div class='ocr_carea' id='block_1_110' title="bbox 2230 4857 3815 4930">
    <p class='ocr_par' dir='ltr' id='par_1_110' title="bbox 2230 4857 3815 4930">
     <span class='ocr_line' id='line_1_110' title="bbox 2230 4857 3815 4930; baseline 0.001 -18"><span class='ocrx_word' id='word_1_902' title='bbox 2230 4857 2515 4926; x_wconf 85' lang='lat' dir='ltr'><strong>cujuslibet</strong></span> <span class='ocrx_word' id='word_1_903' title='bbox 2543 4858 2804 4923; x_wconf 66' lang='lat' dir='ltr'><strong>scientiae,</strong></span> <span class='ocrx_word' id='word_1_904' title='bbox 2831 4857 2925 4912; x_wconf 82' lang='lat' dir='ltr'><strong>sed</strong></span> <span class='ocrx_word' id='word_1_905' title='bbox 2956 4858 3224 4927; x_wconf 88' lang='lat' dir='ltr'><strong>plenitudo</strong></span> <span class='ocrx_word' id='word_1_906' title='bbox 3253 4859 3486 4912; x_wconf 84' lang='lat' dir='ltr'><strong>scientiae</strong></span> <span class='ocrx_word' id='word_1_907' title='bbox 3509 4859 3665 4930; x_wconf 80' lang='lat' dir='ltr'><strong>Legis</strong></span> <span class='ocrx_word' id='word_1_908' title='bbox 3714 4861 3815 4914; x_wconf 89' lang='lat' dir='ltr'><strong>uti-</strong></span> 
     </span>
    </p>
   </div>
   <div class='ocr_carea' id='block_1_111' title="bbox 2231 4950 3815 5022">
    <p class='ocr_par' dir='ltr' id='par_1_111' title="bbox 2231 4950 3815 5022">
     <span class='ocr_line' id='line_1_111' title="bbox 2231 4950 3815 5022; baseline -0.003 -16"><span class='ocrx_word' id='word_1_909' title='bbox 2231 4951 2294 5006; x_wconf 91' lang='lat' dir='ltr'><strong>lis</strong></span> <span class='ocrx_word' id='word_1_910' title='bbox 2311 4959 2392 5006; x_wconf 84' lang='lat' dir='ltr'><strong>est</strong></span> <span class='ocrx_word' id='word_1_911' title='bbox 2408 4951 2637 5015; x_wconf 85' lang='lat' dir='ltr'><strong>homini;</strong></span> <span class='ocrx_word' id='word_1_912' title='bbox 2665 4960 2806 5006; x_wconf 90' lang='lat' dir='ltr'><strong>etne</strong></span> <span class='ocrx_word' id='word_1_913' title='bbox 2831 4951 3142 5022; x_wconf 81' lang='lat' dir='ltr'><strong>tleSperarcs</strong></span> <span class='ocrx_word' id='word_1_914' title='bbox 3163 4951 3227 5005; x_wconf 91' lang='lat' dir='ltr'><strong>de</strong></span> <span class='ocrx_word' id='word_1_915' title='bbox 3250 4952 3360 5022; x_wconf 83' lang='lat' dir='ltr'><strong>ipsa</strong></span> <span class='ocrx_word' id='word_1_916' title='bbox 3390 4953 3608 5022; x_wconf 82' lang='lat' dir='ltr'><strong>scientia</strong></span> <span class='ocrx_word' id='word_1_917' title='bbox 3636 4950 3815 5021; x_wconf 73' lang='lat' dir='ltr'><strong>Legis,</strong></span> 
     </span>
    </p>
   </div>
   <div class='ocr_carea' id='block_1_112' title="bbox 2232 5041 3812 5114">
    <p class='ocr_par' dir='ltr' id='par_1_112' title="bbox 2232 5041 3812 5114">
     <span class='ocr_line' id='line_1_112' title="bbox 2232 5041 3812 5114; baseline -0.001 -16"><span class='ocrx_word' id='word_1_918' title='bbox 2232 5042 2463 5098; x_wconf 83' lang='lat' dir='ltr'><strong>breviter</strong></span> <span class='ocrx_word' id='word_1_919' title='bbox 2492 5043 2583 5098; x_wconf 87' lang='lat' dir='ltr'><strong>tibi</strong></span> <span class='ocrx_word' id='word_1_920' title='bbox 2605 5043 2804 5098; x_wconf 87' lang='lat' dir='ltr'><strong>dictum</strong></span> <span class='ocrx_word' id='word_1_921' title='bbox 2834 5053 2936 5114; x_wconf 74' lang='lat' dir='ltr'><strong>est,</strong></span> <span class='ocrx_word' id='word_1_922' title='bbox 2969 5041 3241 5112; x_wconf 82' lang='lat' dir='ltr'><strong>Plenitudo</strong></span> <span class='ocrx_word' id='word_1_923' title='bbox 3269 5042 3417 5112; x_wconf 84' lang='lat' dir='ltr'><strong>Legis</strong></span> <span class='ocrx_word' id='word_1_924' title='bbox 3441 5044 3682 5099; x_wconf 83' lang='lat' dir='ltr'><strong>charitas.</strong></span> <span class='ocrx_word' id='word_1_925' title='bbox 3710 5042 3812 5097; x_wconf 83' lang='lat' dir='ltr'><strong>Ha-</strong></span> 
     </span>
    </p>
   </div>
   <div class='ocr_carea' id='block_1_113' title="bbox 2230 5135 3822 5214">
    <p class='ocr_par' dir='ltr' id='par_1_113' title="bbox 2230 5135 3822 5214">
     <span class='ocr_line' id='line_1_113' title="bbox 2230 5135 3822 5214; baseline -0.001 -22"><span class='ocrx_word' id='word_1_926' title='bbox 2230 5135 2355 5192; x_wconf 88' lang='lat' dir='ltr'><strong>beto</strong></span> <span class='ocrx_word' id='word_1_927' title='bbox 2401 5153 2528 5208; x_wconf 79' lang='lat' dir='ltr'><strong>ergo</strong></span> <span class='ocrx_word' id='word_1_928' title='bbox 2574 5137 2886 5192; x_wconf 86' lang='lat' dir='ltr'><strong>charitatem</strong></span> <span class='ocrx_word' id='word_1_929' title='bbox 2929 5136 2980 5189; x_wconf 91' lang='lat' dir='ltr'><strong>in</strong></span> <span class='ocrx_word' id='word_1_930' title='bbox 3012 5136 3176 5191; x_wconf 90' lang='lat' dir='ltr'><strong>Deum</strong></span> <span class='ocrx_word' id='word_1_931' title='bbox 3209 5146 3260 5191; x_wconf 90' lang='lat' dir='ltr'><strong>et</strong></span> <span class='ocrx_word' id='word_1_932' title='bbox 3290 5137 3341 5191; x_wconf 91' lang='lat' dir='ltr'><strong>in</strong></span> <span class='ocrx_word' id='word_1_933' title='bbox 3374 5139 3675 5214; x_wconf 83' lang='lat' dir='ltr'><strong>proximum</strong></span> <span class='ocrx_word' id='word_1_934' title='bbox 3696 5179 3712 5202; x_wconf 93' lang='lat'><strong>,</strong></span> <span class='ocrx_word' id='word_1_935' title='bbox 3766 5145 3822 5192; x_wconf 84' lang='lat' dir='ltr'><strong>et.</strong></span> 
     </span>
    </p>
   </div>
   <div class='ocr_carea' id='block_1_114' title="bbox 2231 5229 3820 5308">
    <p class='ocr_par' dir='ltr' id='par_1_114' title="bbox 2231 5229 3820 5308">
     <span class='ocr_line' id='line_1_114' title="bbox 2231 5229 3820 5308; baseline 0 -24"><span class='ocrx_word' id='word_1_936' title='bbox 2231 5232 2339 5285; x_wconf 87' lang='lat' dir='ltr'><strong>eris</strong></span> <span class='ocrx_word' id='word_1_937' title='bbox 2368 5230 2521 5284; x_wconf 88' lang='lat' dir='ltr'><strong>sedes</strong></span> <span class='ocrx_word' id='word_1_938' title='bbox 2545 5231 2634 5286; x_wconf 90' lang='lat' dir='ltr'><strong>Dei</strong></span> <span class='ocrx_word' id='word_1_939' title='bbox 2661 5247 2675 5295; x_wconf 91' lang='lat'><strong>;</strong></span> <span class='ocrx_word' id='word_1_940' title='bbox 2708 5229 2998 5298; x_wconf 86' lang='lat' dir='ltr'><strong>pertinebis</strong></span> <span class='ocrx_word' id='word_1_941' title='bbox 3022 5230 3088 5288; x_wconf 88' lang='lat' dir='ltr'><strong>ad</strong></span> <span class='ocrx_word' id='word_1_942' title='bbox 3111 5230 3415 5286; x_wconf 90' lang='lat' dir='ltr'><strong>Cberubim.</strong></span> <span class='ocrx_word' id='word_1_943' title='bbox 3445 5231 3549 5308; x_wconf 79' lang='lat' dir='ltr'><strong>Sed</strong></span> <span class='ocrx_word' id='word_1_944' title='bbox 3577 5231 3621 5284; x_wconf 89' lang='lat' dir='ltr'><strong>si</strong></span> <span class='ocrx_word' id='word_1_945' title='bbox 3643 5230 3820 5285; x_wconf 88' lang='lat' dir='ltr'><strong>adhuc</strong></span> 
     </span>
    </p>
   </div>
   <div class='ocr_carea' id='block_1_115' title="bbox 2233 5323 3818 5394">
    <p class='ocr_par' dir='ltr' id='par_1_115' title="bbox 2233 5323 3818 5394">
     <span class='ocr_line' id='line_1_115' title="bbox 2233 5323 3818 5394; baseline 0.001 -16"><span class='ocrx_word' id='word_1_946' title='bbox 2233 5339 2338 5378; x_wconf 92' lang='lat' dir='ltr'><strong>non</strong></span> <span class='ocrx_word' id='word_1_947' title='bbox 2363 5323 2608 5392; x_wconf 84' lang='lat' dir='ltr'><strong>intelligis</strong></span> <span class='ocrx_word' id='word_1_948' title='bbox 2631 5363 2645 5387; x_wconf 91' lang='lat'><strong>,</strong></span> <span class='ocrx_word' id='word_1_949' title='bbox 2675 5323 2797 5378; x_wconf 87' lang='lat' dir='ltr'><strong>audi</strong></span> <span class='ocrx_word' id='word_1_950' title='bbox 2824 5323 2949 5393; x_wconf 91' lang='lat' dir='ltr'><strong>quid</strong></span> <span class='ocrx_word' id='word_1_951' title='bbox 2978 5335 3230 5394; x_wconf 90' lang='lat' dir='ltr'><strong>sequatur</strong></span> <span class='ocrx_word' id='word_1_952' title='bbox 3261 5325 3549 5380; x_wconf 81' lang='lat' dir='ltr'><strong>:Dominus</strong></span> <span class='ocrx_word' id='word_1_953' title='bbox 3585 5325 3639 5389; x_wconf 88' lang='lat' dir='ltr'><strong>in</strong></span> <span class='ocrx_word' id='word_1_954' title='bbox 3687 5325 3818 5379; x_wconf 89' lang='lat' dir='ltr'><strong>Sion</strong></span> 
     </span>
    </p>
   </div>
   <div class='ocr_carea' id='block_1_116' title="bbox 2234 5409 3818 5485">
    <p class='ocr_par' dir='ltr' id='par_1_116' title="bbox 2234 5409 3818 5485">
     <span class='ocr_line' id='line_1_116' title="bbox 2234 5409 3818 5485; baseline 0.001 -17"><span class='ocrx_word' id='word_1_955' title='bbox 2234 5431 2467 5485; x_wconf 87' lang='lat' dir='ltr'><strong>magnus.</strong></span> <span class='ocrx_word' id='word_1_956' title='bbox 2497 5416 2665 5481; x_wconf 87' lang='lat' dir='ltr'><strong>Quem</strong></span> <span class='ocrx_word' id='word_1_957' title='bbox 2695 5415 2785 5469; x_wconf 91' lang='lat' dir='ltr'><strong>tibi</strong></span> <span class='ocrx_word' id='word_1_958' title='bbox 2808 5415 2915 5469; x_wconf 86' lang='lat' dir='ltr'><strong>dixi</strong></span> <span class='ocrx_word' id='word_1_959' title='bbox 2948 5432 3107 5485; x_wconf 84' lang='lat' dir='ltr'><strong>super</strong></span> <span class='ocrx_word' id='word_1_960' title='bbox 3127 5416 3432 5482; x_wconf 40' lang='lat' dir='ltr'><strong>‘Ch‘rubim,</strong></span> <span class='ocrx_word' id='word_1_961' title='bbox 3462 5419 3512 5471; x_wconf 92' lang='lat' dir='ltr'><strong>in</strong></span> <span class='ocrx_word' id='word_1_962' title='bbox 3541 5409 3669 5471; x_wconf 87' lang='lat' dir='ltr'><strong>Sion</strong></span> <span class='ocrx_word' id='word_1_963' title='bbox 3699 5432 3818 5470; x_wconf 87' lang='lat' dir='ltr'><strong>ma-</strong></span> 
     </span>
    </p>
   </div>
   <div class='ocr_carea' id='block_1_117' title="bbox 2231 5505 3819 5577">
    <p class='ocr_par' dir='ltr' id='par_1_117' title="bbox 2231 5505 3819 5577">
     <span class='ocr_line' id='line_1_117' title="bbox 2231 5505 3819 5577; baseline 0.001 -18"><span class='ocrx_word' id='word_1_964' title='bbox 2231 5521 2366 5575; x_wconf 83' lang='lat' dir='ltr'><strong>gnus</strong></span> <span class='ocrx_word' id='word_1_965' title='bbox 2395 5519 2494 5560; x_wconf 82' lang='lat' dir='ltr'><strong>est.</strong></span> <span class='ocrx_word' id='word_1_966' title='bbox 2526 5505 2644 5560; x_wconf 82' lang='lat' dir='ltr'><strong>Jam</strong></span> <span class='ocrx_word' id='word_1_967' title='bbox 2691 5523 2869 5577; x_wconf 69' lang='lat' dir='ltr'><strong>qua-re</strong></span> <span class='ocrx_word' id='word_1_968' title='bbox 2913 5507 3036 5577; x_wconf 91' lang='lat' dir='ltr'><strong>quid</strong></span> <span class='ocrx_word' id='word_1_969' title='bbox 3069 5517 3150 5563; x_wconf 91' lang='lat' dir='ltr'><strong>cst</strong></span> <span class='ocrx_word' id='word_1_970' title='bbox 3192 5508 3362 5563; x_wconf 90' lang='lat' dir='ltr'><strong>Sion?</strong></span> <span class='ocrx_word' id='word_1_971' title='bbox 3393 5509 3519 5564; x_wconf 88' lang='lat' dir='ltr'><strong>Sion</strong></span> <span class='ocrx_word' id='word_1_972' title='bbox 3569 5507 3819 5562; x_wconf 89' lang='lat' dir='ltr'><strong>novimus</strong></span> 
     </span>
    </p>
   </div>
   <div class='ocr_carea' id='block_1_118' title="bbox 2233 5597 3818 5668">
    <p class='ocr_par' dir='ltr' id='par_1_118' title="bbox 2233 5597 3818 5668">
     <span class='ocr_line' id='line_1_118' title="bbox 2233 5597 3818 5668; baseline 0.001 -17"><span class='ocrx_word' id='word_1_973' title='bbox 2233 5599 2499 5652; x_wconf 88' lang='lat' dir='ltr'><strong>civitatem</strong></span> <span class='ocrx_word' id='word_1_974' title='bbox 2524 5597 2614 5651; x_wconf 89' lang='lat' dir='ltr'><strong>Dei</strong></span> <span class='ocrx_word' id='word_1_975' title='bbox 2644 5613 2781 5652; x_wconf 87' lang='lat' dir='ltr'><strong>esse.</strong></span> <span class='ocrx_word' id='word_1_976' title='bbox 2813 5597 2938 5652; x_wconf 90' lang='lat' dir='ltr'><strong>Sion</strong></span> <span class='ocrx_word' id='word_1_977' title='bbox 2967 5599 3103 5651; x_wconf 89' lang='lat' dir='ltr'><strong>dicta</strong></span> <span class='ocrx_word' id='word_1_978' title='bbox 3125 5601 3404 5653; x_wconf 88' lang='lat' dir='ltr'><strong>estcivitas</strong></span> <span class='ocrx_word' id='word_1_979' title='bbox 3425 5617 3543 5668; x_wconf 70' lang='grc' dir='ltr'><strong>(μιιὲ</strong></span> <span class='ocrx_word' id='word_1_980' title='bbox 3560 5598 3818 5654; x_wconf 83' lang='lat' dir='ltr'><strong>estJeru-</strong></span> 
     </span>
    </p>
   </div>
   <div class='ocr_carea' id='block_1_119' title="bbox 2233 5687 3816 5760">
    <p class='ocr_par' dir='ltr' id='par_1_119' title="bbox 2233 5687 3816 5760">
     <span class='ocr_line' id='line_1_119' title="bbox 2233 5687 3816 5760; baseline 0.003 -18"><span class='ocrx_word' id='word_1_981' title='bbox 2233 5687 2433 5754; x_wconf 85' lang='lat' dir='ltr'><strong>salem;</strong></span> <span class='ocrx_word' id='word_1_982' title='bbox 2461 5687 2600 5743; x_wconf 89' lang='lat' dir='ltr'><strong>dicta</strong></span> <span class='ocrx_word' id='word_1_983' title='bbox 2631 5697 2807 5744; x_wconf 90' lang='lat' dir='ltr'><strong>autem</strong></span> <span class='ocrx_word' id='word_1_984' title='bbox 2833 5703 2897 5744; x_wconf 81' lang='lat' dir='ltr'><strong>ex</strong></span> <span class='ocrx_word' id='word_1_985' title='bbox 2921 5688 3356 5759; x_wconf 88' lang='lat' dir='ltr'><strong>interpretatione</strong></span> <span class='ocrx_word' id='word_1_986' title='bbox 3376 5689 3600 5760; x_wconf 88' lang='lat' dir='ltr'><strong>quadam</strong></span> <span class='ocrx_word' id='word_1_987' title='bbox 3619 5703 3816 5746; x_wconf 87' lang='lat' dir='ltr'><strong>nomen</strong></span> 
     </span>
    </p>
   </div>
   <div class='ocr_carea' id='block_1_120' title="bbox 2297 5820 3819 5888">
    <p class='ocr_par' dir='ltr' id='par_1_120' title="bbox 2297 5820 3819 5888">
     <span class='ocr_line' id='line_1_120' title="bbox 2297 5820 3819 5888; baseline 0.005 -17"><span class='ocrx_word' id='word_1_988' title='bbox 2297 5825 2315 5856; x_wconf 74' lang='grc' dir='ltr'>ί</span> <span class='ocrx_word' id='word_1_989' title='bbox 2340 5830 2460 5883; x_wconf 81' lang='lat' dir='ltr'><strong>Vox,</strong></span> <span class='ocrx_word' id='word_1_990' title='bbox 2499 5820 2705 5888; x_wconf 81' lang='lat' dir='ltr'><strong>culmen,</strong></span> <span class='ocrx_word' id='word_1_991' title='bbox 2744 5824 2884 5874; x_wconf 81' lang='lat' dir='ltr'><strong>abest</strong></span> <span class='ocrx_word' id='word_1_992' title='bbox 2906 5829 3057 5873; x_wconf 82' lang='lat' dir='ltr'><strong>aMss.</strong></span> <span class='ocrx_word' id='word_1_993' title='bbox 3084 5828 3136 5874; x_wconf 85' lang='lat' dir='ltr'><strong>et</strong></span> <span class='ocrx_word' id='word_1_994' title='bbox 3157 5821 3282 5884; x_wconf 82' lang='lat' dir='ltr'><strong>loco,</strong></span> <span class='ocrx_word' id='word_1_995' title='bbox 3304 5823 3370 5874; x_wconf 86' lang='lat' dir='ltr'><strong>ad</strong></span> <span class='ocrx_word' id='word_1_996' title='bbox 3393 5829 3596 5887; x_wconf 82' lang='lat' dir='ltr'><strong>tantum,</strong></span> <span class='ocrx_word' id='word_1_997' title='bbox 3619 5823 3819 5888; x_wconf 80' lang='lat' dir='ltr'><strong>quidam</strong></span> 
     </span>
    </p>
   </div>
   <div class='ocr_carea' id='block_1_121' title="bbox 2233 5886 3778 5948">
    <p class='ocr_par' dir='ltr' id='par_1_121' title="bbox 2233 5886 3778 5948">
     <span class='ocr_line' id='line_1_121' title="bbox 2233 5886 3778 5948; baseline -0.002 -11"><span class='ocrx_word' id='word_1_998' title='bbox 2233 5886 2436 5948; x_wconf 84' lang='lat' dir='ltr'><strong>habent,</strong></span> <span class='ocrx_word' id='word_1_999' title='bbox 2461 5887 2526 5937; x_wconf 80' lang='lat' dir='ltr'><strong>ad</strong></span> <span class='ocrx_word' id='word_1_1000' title='bbox 2549 5891 2748 5937; x_wconf 84' lang='lat' dir='ltr'><strong>tantum.</strong></span> <span class='ocrx_word' id='word_1_1001' title='bbox 3582 5886 3586 5887; x_wconf 64' lang='grc'><strong><em>⁷</em></strong></span> <span class='ocrx_word' id='word_1_1002' title='bbox 3640 5886 3656 5888; x_wconf 18' lang='grc' dir='ltr'>ἡ</span> <span class='ocrx_word' id='word_1_1003' title='bbox 3772 5891 3778 5896; x_wconf 83' lang='grc'><strong><em>“</em></strong></span> 
     </span>
    </p>
   </div>
  </div>
