4056 6486
311 297 449 360 1261

305 399 603 484 accipiens,
631 413 905 486 quia'Sion
932 413 1240 488 Speculatio
1266 413 1479 483 dicitur,
1511 413 1563 470 id
1588 424 1671 470 est
1695 397 1832 470 visio
1851 423 1906 470 et

300 507 720 576 contemplatio.
771 506 1043 578 Speculari
1101 503 1244 564 enim
1301 507 1605 577 prospicere
1654 514 1776 575 est,
1820 506 1908 563 vel

311 599 655 670 conspicere,
681 600 766 655 vel
792 600 1070 655 intendere
1097 609 1153 654 ut
1181 599 1383 655 videas.
1431 599 1526 654 Est
1562 607 1740 654 autem
1777 597 1907 670 Sion

315 693 494 750 omnis
520 695 719 760 anima,
752 694 796 750 si
823 694 1050 750 intendit
1094 693 1275 750 videre
1302 693 1476 748 lucem
1517 707 1637 764 quas
1678 690 1908 751 videnda

323 797 406 844 est
433 788 473 842 ¹.
507 787 641 844 Nam
669 788 714 843 si
741 788 806 844 ad
838 804 988 844 suam
1035 787 1339 854 attenderit,
1372 786 1680 844 teuebratur
1710 804 1723 841 :
1753 786 1800 842 si
1839 784 1908 842 ad

319 881 500 937 lucem
527 882 672 937 illius
698 881 1006 950 attenderit,
1040 883 1384 940 illuminatur.
1407 881 1540 950 Quia
1579 890 1757 936 tamen
1791 894 1908 935 ma-

320 974 582 1030 nifestum
612 983 694 1032 est
720 975 848 1032 Sion
879 976 1143 1030 civitatem
1176 975 1272 1030 Dei
1299 989 1448 1040 esse;
1473 989 1590 1045 quae
1615 982 1700 1029 est
1723 973 1910 1028 civitas

321 1069 440 1135 Dei,
473 1069 576 1123 nisi
604 1077 786 1124 sancta
815 1069 1094 1124 Ecclesia?
1120 1069 1374 1124 Homines
1394 1067 1538 1124 enim
1567 1075 1811 1123 amantes
1851 1081 1911 1122 se

320 1159 574 1226 invicem,
609 1170 662 1216 et
689 1171 928 1216 amantes
958 1161 1127 1217 Deum
1175 1175 1328 1217 suum
1367 1161 1457 1232 qui
1483 1161 1534 1215 iu
1562 1161 1664 1215 illis
1686 1158 1906 1226 habitat,

322 1251 526 1307 faciunt
546 1253 813 1308 civitatem
843 1253 971 1308 Deo.
1000 1254 1134 1321 Quia
1155 1255 1268 1324 lege
1297 1254 1523 1324 quadam
1551 1253 1741 1308 civitas
1777 1267 1910 1307 con-

322 1345 556 1408 tinetur;
588 1346 678 1401 lex
706 1347 818 1416 ipsa
847 1363 1053 1414 eorum,
1087 1348 1322 1403 charitas
1364 1356 1478 1412 est;
1504 1355 1559 1402 et
1594 1347 1707 1417 ipsa
1734 1345 1911 1400 chari-

320 1446 422 1503 tas,
450 1437 592 1493 Deus
612 1447 694 1493 est
718 1455 731 1491 :
754 1447 937 1509 aperte
958 1439 1102 1495 enim
1125 1439 1378 1509 scriptum
1399 1446 1500 1503 est,
1525 1437 1666 1492 Detts
1688 1437 1910 1492 charitas

318 1539 390 1584 est
419 1529 465 1601 (Ι
483 1530 643 1586 Joan.
673 1547 745 1599 tv,
772 1531 846 1603 8).
870 1533 970 1599 Qui
996 1547 1124 1601 ergo
1151 1533 1339 1602 plenus
1378 1541 1460 1586 est
1487 1530 1767 1598 charitate,
1797 1529 1910 1600 ple-

319 1635 422 1677 nus
447 1632 531 1677 est
565 1623 712 1688 Deo;
741 1632 796 1678 et
838 1624 992 1680 multi
1037 1623 1180 1694 pleni
1223 1623 1502 1690 charitate,
1530 1621 1797 1678 civitatem
1828 1621 1910 1677 fa-

318 1715 461 1768 ciunt
490 1715 621 1770 Deo.
655 1715 756 1770 Ista
784 1715 972 1771 civitas
996 1715 1089 1770 Dei
1110 1722 1331 1770 vocatur
1374 1714 1502 1770 Sion
1533 1731 1548 1769 :
1572 1729 1698 1783 ergo
1719 1713 1908 1769 Eccle-

315 1809 394 1862 sia
416 1819 500 1864 est
525 1809 677 1864 Sion.
712 1809 769 1865 In
791 1810 880 1864 illa
919 1818 1003 1866 est
1027 1824 1250 1880 magnus
1280 1809 1442 1865 Deus.
1475 1807 1531 1862 In
1570 1807 1662 1863 illa
1689 1816 1826 1873 esto,
1857 1814 1912 1863 et

317 1915 422 1956 nou
439 1902 756 1972 eritprazter
773 1911 824 1958 te
847 1903 1006 1958 Deus.
1039 1895 1170 1958 Cum
1196 1911 1374 1958 autem
1402 1899 1560 1956 fuerit
1583 1900 1637 1955 in
1663 1908 1717 1956 te
1747 1901 1907 1968 Deus,

315 1994 442 2063 quia
467 2005 524 2050 tu
552 1995 720 2050 factus
743 2011 802 2051 es
825 1995 892 2051 de
915 1995 1063 2062 Sion,
1090 1996 1387 2051 membrum
1416 1995 1484 2050 de
1511 1995 1656 2060 Sion,
1687 1995 1819 2049 civis
1842 1993 1911 2050 de

322 2086 472 2153 Sion,
504 2090 773 2158 pertinens
793 2087 861 2143 ad
887 2089 1196 2144 societatem
1224 2089 1404 2159 populi
1428 2088 1520 2143 Dei
1545 2105 1560 2155 ;
1584 2088 1828 2144 excelsus
1856 2087 1909 2142 in

323 2187 377 2234 te
417 2181 520 2235 erit
554 2182 690 2237 Deus
731 2197 893 2252 super
933 2198 1120 2239 omnes
1159 2184 1418 2254 populos,
1459 2196 1622 2252 super
1659 2182 1778 2237 illos
1821 2183 1908 2253 qui

295 2273 650 2343 irascuntur,
697 2285 787 2330 aut
813 2291 972 2347 super
998 2277 1117 2331 illos
1147 2276 1235 2347 qui
1266 2275 1653 2331 irascebantur.
1705 2275 1909 2330 Putatis

311 2365 454 2420 enim
477 2367 600 2436 quia
621 2373 748 2423 tunc
789 2368 1171 2435 irascebantur,
1195 2376 1248 2422 et
1267 2367 1426 2422 modo
1449 2383 1553 2422 non
1576 2366 1908 2422 irascuntur?

313 2458 688 2516 Irascebantur
713 2469 838 2517 tunc
861 2480 874 2516 :
901 2461 1001 2519 sed
1027 2463 1148 2531 quia
1176 2463 1352 2532 plures
1377 2469 1548 2525 erant,
1582 2468 1767 2530 aperte
1805 2461 1909 2515 ira-

311 2550 628 2618 scebantur;
657 2553 816 2608 modo
839 2553 959 2624 quia
979 2552 1130 2623 pauci
1152 2552 1272 2608 facti
1290 2553 1654 2619 sunt,occulte
1673 2553 1910 2610 iraseum

310 2649 417 2699 tur.
451 2643 672 2699 Interim
707 2645 869 2700 fracta
900 2655 981 2701 est
1007 2645 1253 2711 audacia;
1304 2645 1516 2699 ﬁnietur
1535 2655 1590 2701 et
1612 2645 1903 2700 iracundia.

385 2737 438 2792 5.
461 2737 672 2792 Putatis
702 2739 866 2803 enim,
897 2738 1112 2805 fratres,
1139 2737 1262 2809 quia
1285 2737 1360 2792 illi
1390 2752 1617 2808 quorum
1657 2737 1905 2793 hesterno

311 2828 402 2884 die
427 2844 629 2900 organa
674 2831 1088 2901 concrepabant,
1125 2845 1229 2886 non
1258 2831 1558 2885 irascuntur
1585 2830 1653 2885 de
1687 2829 1906 2900 jejuniis

310 2922 551 2977 nostris?
573 2923 689 2977 Non
722 2933 896 2978 autem
928 2925 1008 2980 eis
1056 2923 1369 2988 irascamur,
1400 2922 1493 2978 sed
1524 2937 1624 2993 pro
1649 2922 1729 2978 eis
1761 2922 1904 2993 jeju-

310 3031 523 3071 nemus.
558 3017 700 3071 Dixit
728 3017 872 3072 enim
912 3017 1064 3071 nobis
1095 3017 1347 3071 Dominus
1392 3017 1535 3071 Deus
1586 3025 1769 3070 noster
1813 3015 1906 3084 qui

313 3107 464 3164 sedet
496 3109 548 3163 in
587 3108 761 3174 nobis,
790 3110 906 3179 ipse
934 3109 1088 3164 nobis
1125 3107 1396 3164 mandavit
1440 3117 1498 3163 ut
1548 3123 1765 3164 oremus
1805 3123 1904 3178 pro

288 3199 546 3256 inimicis
611 3202 845 3268 nostris,
874 3216 1089 3257 oremus
1140 3216 1238 3272 pro
1299 3201 1740 3272 persequentibus
1803 3215 1904 3256 nos

317 3292 532 3364 (Matth.
573 3310 624 3359 v,
668 3293 804 3366 44):
844 3302 898 3349 et
946 3311 1068 3350 eum
1116 3293 1220 3350 hoc
1267 3293 1391 3349 facit
1442 3294 1703 3362 Ecclesia,
1735 3308 1904 3365 prope

313 3383 448 3439 tiniti
479 3394 606 3440 sunt
631 3395 1024 3456 persecutores.
1053 3386 1310 3442 Exandita
1339 3395 1421 3442 est
1443 3385 1587 3441 enim
1628 3401 1748 3440 cum
1799 3386 1902 3442 hoc

311 3475 537 3544 faceret,
560 3469 907 3533 etexau'ditur
929 3493 1049 3534 cum
1071 3477 1172 3532 hoc
1200 3478 1324 3532 facit
1347 3495 1361 3533 :
1386 3477 1743 3548 praevalebant
1760 3477 1902 3533 malo

311 3582 430 3638 suo,
464 3570 599 3626 ﬁniti
621 3580 746 3627 sunt
763 3573 905 3627 bono
939 3586 1056 3627 suo.
1086 3570 1364 3640 Quomodo
1408 3571 1552 3627 enim
1590 3571 1725 3625 ﬁniti
1754 3578 1898 3640 sunt,

306 3663 476 3736 vultis
502 3666 699 3720 nosse?
719 3665 1012 3720 Manducati
1040 3674 1164 3720 sunt
1186 3666 1253 3720 ab
1273 3666 1531 3721 Ecclesia.
1553 3665 1760 3735 Quaeris
1784 3666 1902 3722 illos

314 3755 368 3810 in
397 3770 478 3824 se,
504 3765 561 3812 et
586 3772 693 3812 non
719 3757 963 3824 invenis;
994 3771 1175 3828 qumre
1198 3758 1250 3812 in
1280 3773 1342 3811 ea
1369 3773 1488 3828 qute
1517 3758 1636 3812 illos
1679 3757 1902 3813 mandu-

315 3851 476 3916 cavit,
507 3862 563 3905 et
588 3850 640 3905 in
671 3851 968 3907 visceribus
993 3850 1110 3919 ejus
1151 3851 1510 3906 inveniuntur.
1541 3850 1902 3907 Transeuntes

315 3944 459 3998 enim
501 3943 566 3997 ad
595 3944 886 4000 Ecclesiam
908 3986 923 4010 ,
955 3942 1230 3998 christiani
1272 3942 1395 3997 facti
1445 3951 1595 4008 sunt;
1628 3944 1904 4014 perierunt

287 4044 708 4103 persecutores,
737 4043 1026 4090 creverunt
1067 4034 1461 4105 prmdieatores.
1503 4034 1627 4089 Ideo
1654 4050 1750 4104 per
1785 4027 1902 4091 dies

286 4123 482 4178 ‘festos
517 4124 777 4194 ipsorum,
809 4126 930 4196 quia
966 4126 1209 4182 videmus
1250 4139 1344 4180 eos
1399 4126 1724 4196 qui.reliqui
1778 4127 1902 4184 facti

285 4224 460 4284 'sunt,
495 4217 730 4273 insanire
772 4218 946 4274 adhuc
989 4219 1041 4273 in
1084 4219 1442 4289 voluptatibus
1469 4220 1622 4274 'suis
1666 4221 1819 4275 malis
1849 4228 1904 4276 et

291 4312 607 4382 perversis,
629 4327 878 4384 rogamus
902 4298 998 4390 pro
1023 4315 1126 4369 illis
1151 4314 1342 4375 Deum.
1375 4322 1434 4368 ut
1473 4313 1565 4383 qui
1613 4313 1904 4371 delectabi-

286 4409 290 4412 ’
316 4403 440 4460 liter
485 4405 707 4460 attdiunt
752 4421 1008 4475 organum
1036 4449 1051 4473 ,
1079 4405 1446 4471 delectabilins
1473 4405 1691 4461 audiant
1717 4421 1902 4463 vocem

283 4511 288 4514 '
317 4494 436 4550 Dei.
451 4496 568 4551 Non
591 4498 732 4553 enim
754 4498 897 4569 quod
917 4499 1201 4554 sonatsine
1223 4498 1426 4553 ratione
1443 4498 1674 4553 delectat
1693 4514 1900 4566 aurem,

315 4600 368 4644 et
394 4591 617 4645 verbum
643 4591 735 4646 Dei
781 4607 886 4645 non
919 4590 1148 4645 delectat
1194 4607 1307 4646 cor.
1333 4589 1438 4646 Sed
1492 4589 1615 4646 ideo
1657 4605 1754 4660 pro
1797 4590 1904 4646 illis

315 4698 552 4748 oramus,
575 4685 786 4755 quando
815 4685 1002 4740 diebus
1029 4684 1238 4740 illorum
1267 4684 1416 4740 festis
1440 4701 1546 4740 non
1572 4684 1900 4756 jejunamus,

316 4785 373 4831 ut
398 4777 528 4831 ﬁant
567 4775 666 4830 sibi
698 4778 796 4847 ipsi
827 4778 1204 4847 spectaculum.
1232 4776 1456 4844 Quando
1498 4779 1640 4831 enim
1673 4766 1906 4832 viderint

314 4886 391 4938 se,
427 4869 790 4941 displicebunt
833 4871 968 4936 sibi;
999 4871 1090 4925 sed
1142 4870 1262 4925 ideo
1306 4886 1410 4925 non
1440 4871 1539 4926 sibi
1582 4870 1901 4940 displicent,

314 4963 437 5032 quia
461 4978 568 5017 non
605 4978 663 5018 se
691 4963 988 5018 attendunt.
1026 4963 1217 5018 Ebrius
1249 4978 1354 5018 non
1381 4963 1483 5018 sibi
1513 4963 1777 5033 displicet,
1811 4963 1904 5019 sed

317 5055 501 5110 sobrio
531 5055 798 5126 displicet.
830 5056 904 5111 Da
935 5056 1202 5112 hominem
1231 5058 1317 5127 qui
1359 5057 1466 5127 jam
1491 5056 1822 5136 jucundatut;
1850 5057 1903 5112 in

317 5145 445 5214 Deo,
476 5147 612 5201 vivit
637 5149 887 5218 graviter,
920 5149 1149 5219 suspirat
1175 5149 1226 5203 in
1259 5147 1400 5203 illam
1434 5164 1618 5218 pacem
1649 5157 1902 5204 teternam

313 5255 473 5310 quam
499 5241 572 5296 illi
601 5243 844 5312 promisit
866 5243 1003 5299 Deus
1024 5261 1039 5310 ;
1060 5253 1112 5299 et
1131 5245 1252 5300 vide
1277 5245 1396 5315 quia
1415 5245 1626 5316 quando
1651 5260 1903 5316 respexe-

316 5334 677 5391 rithomiuem
707 5337 987 5392 saltantem
1011 5339 1074 5394 ad
1103 5354 1382 5411 organum,
1417 5340 1532 5410 plus
1577 5339 1722 5394 illum
1761 5341 1907 5397 dolet

316 5424 692 5493 insanientem,
735 5445 893 5498 quam
923 5429 1288 5500 phreneticum
1322 5431 1654 5487 febrientem.
1691 5432 1829 5503 Ergo
1858 5433 1905 5488 si

315 5519 562 5575 novimus
589 5519 728 5573 mala
760 5520 992 5586 illorum,
1012 5524 1131 5592 quia
1164 5523 1230 5579 de
1277 5523 1404 5594 ipsis
1433 5525 1585 5579 malis
1629 5534 1680 5580 et
1712 5541 1808 5580 nos
1837 5525 1903 5579 li-

315 5609 486 5666 berati
527 5627 712 5667 sumus
735 5654 750 5682 ,
792 5611 1067 5669 doleamus
1105 5614 1265 5682 illos;
1306 5624 1361 5671 et
1398 5617 1443 5671 si
1482 5616 1724 5676 dolemus
1761 5617 1901 5690 illos,

378 5749 398 5814 3
422 5755 636 5814 veteres
657 5755 789 5814 Mss,
810 5745 978 5814 piderc
1013 5751 1141 5814 quod
1165 5750 1424 5804 videndum
1440 5759 1528 5806 est.

280 5879 282 5882 ν
375 5812 399 5845 ί
419 5812 494 5863 Sic
514 5818 623 5864 Mss.
650 5819 710 5866 At
729 5811 866 5874 mo,
885 5810 1214 5866 voluntatibus.

1416 298 1817 394 ENAVRRATIO
1852 297 1922 358 IN
1956 296 2280 377 PSALMUM
2303 300 2534 361 XCVIII.

3463 310 3602 370 1262

2016 427 2230 470 oremus
2274 432 2370 486 pro
2399 419 2533 486 illis;
2578 425 2632 474 et
2661 427 2717 474 ut
2746 420 3090 477 exaudiamur
3110 463 3128 491 ,
3172 424 3476 496 jejunemus
3502 447 3603 502 pro

2016 505 2140 566 illis.
2164 506 2276 564 Non
2299 509 2441 564 enim
2460 524 2558 566 nos
2583 521 2764 576 nostra
2786 513 2989 583 jejunia
3018 516 3354 576 celebramus
3375 536 3469 592 per
3484 522 3600 580 dies

2007 594 2185 658 festos
2205 598 2438 676 illorum.
2458 601 2574 656 Alia
2603 613 2728 658 sunt
2754 603 2954 674 jejunia
2981 616 3159 674 nostra
3191 625 3310 680 quae
3361 612 3601 673 celebra-

2015 705 2136 750 mus
2165 707 2259 762 per
2281 692 2398 756 dies
2425 694 2642 756 Pascha:
2668 696 2900 768 futuros,
2929 715 3021 770 per
3045 701 3150 762 alia
3175 713 3334 777 atque
3354 707 3456 764 alia
3481 724 3601 780 quae

2009 784 2278 850 solemnia
2307 787 2466 849 nobis
2491 791 2692 850 suntin
2718 791 2932 852 Christo
2961 810 2976 849 :
3004 811 3100 870 per
3125 796 3258 854 istos
3282 810 3458 858 autem
3487 801 3602 859 dies

2006 874 2083 932 .ad
2106 875 2206 934 hoc
2227 875 2552 947 jejunamus,
2582 892 2640 937 ut
2681 884 2894 953 quando
2936 885 3038 957 ipsi
3064 888 3313 946 laetamur
3334 933 3350 960 ,
3377 907 3476 948 nos
3505 909 3604 966 pro

2002 967 2120 1026 illis
2142 983 2438 1039 gemamus.
2468 973 2671 1032 Laetitia
2692 978 2834 1032 enim
2859 994 2952 1036 sua
2982 981 3272 1038 admonent
3296 988 3312 1016 ι
3354 985 3600 1042 dolorem

2007 1069 2258 1132 nostrum
2279 1102 2292 1128 ,
2318 1071 2374 1117 et
2401 1061 2604 1126 faciunt
2629 1081 2727 1122 nos
2776 1070 3046 1125 recordari
3076 1088 3234 1143 quam
3266 1075 3448 1131 miseri
3493 1077 3603 1132 sint

2017 1149 2211 1206 adhuc.
2236 1151 2341 1208 Sed
2363 1154 2486 1224 quia
2510 1156 2748 1213 videmus
2777 1161 2976 1228 multos
3001 1163 3410 1234 indeliberatos,
3435 1169 3524 1224 ubi
3551 1177 3607 1226 et

2017 1256 2116 1298 nos
2133 1242 2346 1312 fuimus,
2362 1262 2461 1312 nec
2477 1246 2542 1304 de
2559 1248 2660 1308 illis
2683 1249 2970 1321 desperare
2990 1254 3270 1313 debemus.
3293 1258 3420 1314 Etsi
3433 1259 3608 1316 adhuc

2019 1334 2338 1421 irascuntur,
2363 1354 2461 1396 nos
2481 1355 2694 1398 oremus
2711 1361 2725 1412 ;
2745 1345 2851 1399 etsi
2864 1345 3038 1406 adhuc
3065 1361 3430 1425 commovetur
3451 1355 3608 1425 parti-

2016 1426 2137 1482 cula
2161 1417 2316 1484 terrae
2341 1445 2459 1501 qua:
2485 1434 2761 1503 remansit,
2785 1450 2881 1491 nos
2904 1417 3308 1506 permaneamus
3331 1443 3382 1497 in
3408 1417 3607 1515 gemitu

2019 1534 2116 1586 pro
2162 1520 2313 1590 ipsis,
2346 1529 2404 1580 ut
2430 1531 2487 1579 et
2522 1524 2627 1580 illis
2653 1526 2790 1582 Deus
2821 1527 3014 1584 tribuat
3040 1529 3392 1601 intellectum,
3423 1543 3477 1590 et
3505 1551 3608 1594 no-

2017 1609 2222 1670 biseum
2238 1614 2455 1672 audiant
2473 1632 2632 1674 voces
2647 1618 2791 1687 istas,
2808 1619 2876 1676 de
2888 1621 3082 1691 quibus
3102 1623 3262 1681 modo
3291 1627 3605 1696 gaudemus.

2003 1701 2267 1762 Dominus
2293 1708 2347 1762 in
2377 1708 2507 1772 Sion
2535 1727 2770 1782 magnus,
2817 1720 2866 1769 et
2890 1714 3116 1784 excelsus
3158 1725 3231 1773 est
3259 1734 3410 1792 super
3436 1737 3609 1778 omnes

2017 1798 2250 1868 papulas.

1999 1931 2002 1936 .
2088 1889 2141 1944 6.
2175 1888 2322 1962 [vers
2356 1893 2410 1959 5.
2441 1892 2521 1967 4.]
2550 1894 2897 1966 Conﬁteantur
2925 1901 3122 1958 nomini
3159 1911 3245 1959 tuo
3272 1921 3478 1978 magno.
3507 1906 3606 1983 lps

2017 1996 2204 2040 omnes
2242 1985 2459 2055 populi,
2504 2002 2663 2057 super
2690 2005 2826 2060 quos
2855 2007 3080 2063 magnus
3101 2009 3161 2051 es
3191 1996 3244 2050 in
3287 1995 3415 2066 Sion
3436 2039 3450 2065 ,
3495 1998 3609 2070 jam

2015 2076 2353 2144 conﬁteantur
2395 2081 2588 2135 nomini
2611 2091 2696 2137 tuo
2744 2100 2946 2156 magno.
2992 2087 3220 2144 Parvum
3264 2089 3362 2156 fuit
3408 2107 3610 2150 nomen

2017 2173 2182 2232 tuum,
2214 2170 2426 2239 quando
2451 2173 2846 2236 irascebantur:
2872 2178 3065 2236 factum
3091 2190 3474 2254 estmagnum;
3495 2187 3609 2256 jam

2015 2259 2388 2320 conﬁteantur.
2419 2264 2698 2330 Quomodo
2722 2268 2948 2327 dicimus
2974 2288 3193 2342 parvum
3224 2275 3387 2334 fuisse
3409 2293 3607 2338 nomen

2015 2351 2211 2410 Christi
2236 2393 2252 2421 ,
2295 2365 2578 2426 antequam
2617 2360 2872 2428 praeclare
2912 2361 3275 2422 diﬁ‘amaretur
3320 2365 3608 2432 Christus?

2015 2443 2148 2510 Quia
2183 2461 2376 2502 nomen
2417 2449 2582 2518 ipsius
2615 2449 2755 2516 fama
2791 2453 2960 2523 ipsius
3002 2457 3215 2511 dicitur.
3249 2459 3477 2520 Parvum
3510 2477 3608 2518 uo-

1994 2551 2134 2592 .meu
2157 2546 2290 2605 erat;
2314 2540 2425 2608 jam
2450 2541 2610 2598 modo
2640 2559 2835 2602 nomen
2860 2562 3108 2618 magnum
3131 2548 3325 2606 factum
3351 2562 3452 2608 est.
3476 2555 3608 2622 Quae

2011 2643 2145 2700 gens
2169 2639 2251 2688 est
2279 2648 2398 2703 quae
2423 2651 2528 2694 non
2573 2636 2772 2692 audivit
2811 2654 3008 2696 nomen
3047 2640 3280 2698 Christi?
3321 2644 3436 2700 iam
3479 2661 3608 2718 ergo

2011 2737 2206 2793 magno
2229 2727 2430 2780 nomini
2454 2735 2544 2783 tuo
2568 2729 2923 2786 conﬁteantur
2955 2733 3129 2802 pepuli
3164 2735 3252 2804 qtti
3284 2745 3409 2792 ante
3445 2752 3608 2808 parvo

2011 2816 2211 2872 nomini
2240 2826 2328 2873 tuo
2355 2819 2754 2878 irascebantur:
2779 2822 3128 2894 Conﬁteantur
3164 2828 3352 2882 nomini
3379 2838 3462 2882 tuo
3489 2847 3603 2885 ma-

1987 2925 2130 2979 gno.
2155 2909 2330 2977 Quare
2349 2914 2744 2973 conﬁteantur?
2776 2917 3028 2982 Quoniam
3053 2920 3272 2990 terribile
3303 2930 3350 2974 et
3378 2931 3610 2980 sanctum

2009 3011 2102 3060 est.
2132 3003 2311 3074 Ipsum
2340 3020 2533 3062 nomen
2565 3015 2712 3064 tuum
2741 3008 2978 3067 terribile
3016 3019 3070 3066 et
3097 3019 3337 3070 sanctum
3369 3023 3470 3070 est.
3518 3015 3609 3073 Sic

2010 3097 2330 3166 praedicatur
2354 3100 2671 3168 cruciﬁxus,
2701 3102 2778 3158 sic
2808 3105 3124 3173 praedicatur
3163 3107 3499 3176 humiliatus,
3529 3109 3609 3166 sic

2009 3189 2332 3259 praedicatur
2361 3192 2664 3261 judicatus,
2711 3203 2768 3250 ut
2796 3197 2972 3252 veniat
3009 3206 3063 3254 et
3105 3200 3387 3270 excelsus,
3425 3203 3606 3259 veniat

2009 3281 2163 3338 vivus
2181 3325 2197 3350 ,
2237 3284 2287 3339 in
2316 3286 2512 3341 virtute
2540 3288 2718 3344 veniat
2741 3290 3097 3358 judicaturus.
3127 3293 3283 3348 Modo
3309 3298 3479 3365 parcit
3505 3314 3605 3369 po-

2008 3377 2148 3447 pulis
2191 3377 2681 3448 blasphemantibus
2701 3424 2716 3449 ,
2750 3384 2872 3454 quia
2899 3385 3150 3454 patientia
3195 3387 3290 3444 Dei
3335 3389 3402 3446 ad
3434 3392 3609 3461 patui-

1993 3469 2229 3526 .tentiam
2244 3470 2457 3526 adducit
2478 3473 2656 3542 (Rom.
2680 3489 2736 3542 ιι,
2766 3475 2844 3545 4).
2863 3475 2979 3531 Non
3006 3477 3149 3532 enim
3171 3480 3260 3554 qui
3290 3481 3448 3537 modo
3475 3497 3602 3552 par-

2008 3560 2082 3614 cit
2103 3601 2118 3628 ,
2149 3576 2360 3631 semper
2389 3561 2549 3619 habet
2576 3579 2827 3636 parcere;
2863 3575 2952 3622 aut
2977 3569 3062 3638 qui
3093 3569 3250 3625 modo
3284 3573 3605 3642 praedicatur

1987 3661 2070 3707 'ut
2112 3653 2392 3721 timeatur,
2437 3671 2544 3711 non
2581 3665 2665 3711 est
2699 3665 2951 3715 venturus
2991 3668 3048 3714 ut
3084 3659 3305 3730 judicet.
3333 3663 3604 3722 Venturus

2007 3754 2123 3810 est,
2149 3744 2343 3801 fratres
2382 3747 2524 3814 mei,
2566 3757 2824 3804 venturus
2862 3758 2944 3806 est
2972 3768 2985 3805 :
3014 3752 3297 3811 timeamus
3326 3756 3474 3814 illum
3499 3799 3515 3825 ,
3545 3768 3602 3816 et

2016 3837 2100 3893 sic
2126 3839 2400 3906 vivamus,
2432 3849 2491 3894 ut
2526 3841 2593 3896 ad
2617 3841 2891 3898 dexteram
2917 3843 3056 3900 illius
3079 3846 3430 3905 inveniamur.
3462 3850 3609 3908 Ven-

1985 3938 2159 3987 -turus
2188 3938 2270 3985 est
2293 3931 2434 3985 enim
2457 3972 2473 3998 ,
2505 3941 2560 3987 et
2595 3932 2924 4002 judicaturus
2944 3976 2959 4000 ,
3000 3945 3060 3991 ut
3085 3937 3220 3993 alios
3245 3949 3411 4008 ponat
3437 3942 3505 3997 ad
3532 3944 3608 3998 si-

1983 4023 2226 4078 nistram
2248 4063 2262 4088 ,
2291 4024 2426 4079 alios
2451 4025 2521 4080 ad
2550 4025 2822 4082 dexteram
2851 4027 3060 4098 (Matth.
3103 4047 3242 4097 xxv,
3274 4033 3488 4106 31-55).
3538 4037 3609 4092 Et

1986 4131 2115 4172 non
2144 4117 2274 4172 illud
2302 4116 2427 4174 facit
2457 4119 2568 4188 ipse
2592 4119 3106 4192 quomodocumque,
3136 4131 3195 4180 ut
3213 4134 3356 4181 erret
3384 4127 3522 4184 forte
3548 4129 3606 4184 in

2008 4209 2331 4275 hominibus,
2355 4219 2413 4265 ut
2435 4211 2526 4281 qui
2555 4212 2619 4266 ad
2645 4212 2916 4268 dexteram
2944 4216 3222 4284 ponendus
3247 4227 3350 4282 est,
3375 4220 3442 4273 ad
3473 4221 3603 4276 sini-

2009 4311 2172 4358 stram
2203 4311 2462 4374 pouatur;
2492 4315 2583 4360 aut
2604 4305 2695 4375 qui
2723 4305 2790 4360 ad
2817 4306 3090 4364 sinistram
3114 4309 3273 4366 debet
3297 4318 3441 4367 stare
3462 4353 3478 4379 ,
3517 4328 3607 4369 cr-

2007 4405 2161 4451 rante
2195 4395 2307 4450 Deo
2332 4394 2398 4450 ad
2432 4394 2705 4452 dexteram
2737 4407 2966 4466 ponatur
2998 4417 3011 4453 :
3045 4414 3150 4456 nou
3181 4410 3357 4470 potest
3380 4418 3564 4460 errare
3585 4448 3600 4473 ,

1987 4493 2069 4545 ‘ut
2093 4491 2164 4546 ibi
2197 4498 2359 4560 ponat
2395 4490 2590 4546 malum
2614 4533 2627 4556 ,
2658 4493 2744 4546 ubi
2786 4507 2988 4562 ponere
3025 4494 3186 4550 debet
3226 4495 3459 4566 bonum;
3507 4515 3606 4556 nec

2009 4585 2082 4642 ibi
2111 4593 2272 4655 ponet
2301 4584 2496 4640 bonum
2521 4627 2535 4652 ,
2566 4585 2656 4640 ubi
2683 4585 2840 4642 debet
2866 4603 3067 4657 ponere
3101 4589 3318 4646 malum.
3345 4590 3400 4647 Si
3423 4607 3606 4650 errare

2010 4695 2117 4735 non
2146 4691 2354 4750 potest,
2401 4698 2498 4737 nos
2521 4691 2793 4749 erramus,
2834 4684 2878 4738 si
2903 4700 3009 4738 non
3039 4685 3318 4752 timemus;
3351 4688 3398 4742 si
3424 4698 3604 4744 autem

2013 4773 2345 4828 timuerimns
2371 4776 2534 4830 modo
2554 4817 2568 4841 ,
2603 4786 2727 4830 tunc
2755 4776 2896 4846 quod
2927 4777 3206 4833 timeamus
3232 4794 3338 4832 non
3384 4779 3606 4835 habebi-

2015 4881 2151 4921 mus.
2187 4867 2438 4934 Quoniam
2469 4870 2688 4923 terribife
2725 4879 2770 4923 et
2799 4878 3027 4925 sanctum
3050 4880 3160 4938 est;
3197 4882 3244 4925 et
3274 4873 3436 4926 honor
3473 4875 3605 4943 regis

2007 4959 2258 5029 judicium
2284 4960 2469 5032 diligit.
2492 4961 2581 5017 Sic
2606 4977 2737 5032 ergo
2759 4963 2977 5018 timeant
3001 4979 3122 5019 eum
3151 4965 3367 5036 populi,
3401 4972 3457 5020 ut
3481 4981 3604 5021 cor-

2015 5052 2187 5122 rigant
2211 5067 2270 5108 se
2293 5071 2306 5108 :
2330 5069 2434 5108 non
2457 5055 2605 5125 quasi
2629 5056 2856 5111 multum
2885 5067 3270 5125 praesumentes
3294 5057 3361 5112 de
3388 5059 3603 5114 miseri-

2012 5146 2193 5201 cordia
2227 5147 2426 5217 ipsius,
2467 5147 2734 5203 dimittant
2772 5165 2863 5214 se,
2911 5159 2965 5204 et
3007 5151 3144 5204 male
3180 5150 3387 5214 vivant;
3431 5151 3605 5221 diligit

2011 5237 2154 5293 enim
2182 5240 2598 5294 misericordiam
2620 5284 2634 5308 ,
2664 5241 2759 5297 sed
2791 5241 2960 5311 diligit
2982 5251 3035 5296 et
3055 5241 3332 5311 judicium.
3365 5243 3496 5311 Quae
3523 5253 3607 5299 est

2011 5329 2416 5385 misericordia?
2448 5332 2516 5388 Ut
2559 5331 2720 5387 modo
2757 5332 3012 5402 przcdicet
3047 5332 3144 5387 tibi
3183 5334 3499 5404 veritatem,
3546 5345 3605 5392 ut

2014 5422 2175 5478 modo
2193 5423 2388 5479 clamet
2413 5424 2478 5480 ad
2508 5433 2562 5481 te
2582 5436 2642 5481 ut
2665 5426 3013 5482 converteris.
3045 5425 3214 5483 Parva
3235 5430 3606 5488 misericordia

2012 5523 2130 5581 est,
2161 5516 2283 5587 quia
2313 5517 2490 5572 vixisti
2519 5517 2572 5572 in
2602 5519 2757 5572 malis
2783 5517 2937 5573 factis
2961 5560 2975 5585 ,
2998 5528 3052 5575 et
3076 5519 3249 5576 adhuc
3270 5537 3378 5578 non
3400 5531 3453 5580 te
3481 5523 3603 5578 tulit

1967 5617 1976 5625 '
2012 5624 2133 5663 cum
2172 5623 2457 5678 peccares,
2493 5618 2553 5665 ut
2585 5610 2821 5666 credenti
2868 5613 3169 5682 ignosceret
3207 5621 3422 5682 peccata
3470 5613 3603 5668 tua?

2013 5717 2175 5773 parva
2212 5701 2575 5758 misericordia
2612 5705 2732 5761 est?
2771 5705 2934 5762 Putas
2977 5707 3098 5777 quia
3127 5707 3204 5764 sic
3248 5722 3459 5777 semper
3498 5707 3603 5766 erit

2077 5816 2097 5848 ί
2117 5796 2218 5867 Duo
2235 5821 2365 5876 Mss,
2379 5819 2580 5866 movent.
