4058 6482
490 417 633 474 1265

482 525 849 594 misericordia
867 566 882 594 ,
912 531 970 580 ut
998 518 1262 579 neminem
1291 512 1511 589 puniat?
1543 510 1663 569 Noli
1687 512 1765 568 sic
1803 518 1989 583 putare
2018 510 2062 567 ί.

484 624 751 685 Terribile
777 630 832 678 et
851 624 1095 675 sanctum
1119 625 1313 669 nomen
1346 606 1492 678 ejus;
1519 613 1565 661 et
1592 606 1754 659 honor
1774 603 1906 675 regis
1923 600 2072 674 judi-

485 722 624 781 cium
662 715 845 787 diligit.
878 710 1133 783 lnjustum
1163 712 1245 761 est
1275 701 1417 759 enim
1447 698 1704 772 judicium
1726 738 1743 767 ,
1770 705 1827 753 et
1850 694 2071 752 omnino

487 830 597 871 non
631 821 715 870 est
734 806 990 881 judicium
1010 844 1027 871 ,
1056 800 1159 857 nisi
1183 798 1373 854 merita
1402 793 1691 852 reddantur
1715 805 1811 848 sua
1838 790 2029 860 cuique
2050 828 2069 855 ,

488 898 935 977 quemadmodum
962 893 1185 966 quisque
1212 888 1378 961 gessit
1416 888 1470 943 in
1505 898 1731 956 corpore
1752 922 1769 950 ,
1814 881 2070 977 sivebo-

481 972 615 1055 num
634 1039 649 1065 ,
678 995 791 1051 sive
812 990 1010 1046 malum
1041 986 1107 1058 (ll
1126 982 1242 1041 Cor.
1267 999 1322 1050 v,
1351 981 1440 1054 10)
1470 997 1483 1034 :
1513 987 1559 1035 et
1591 979 1752 1033 honor
1776 975 1910 1046 regis
1925 972 2073 1045 judi-

457 1094 461 1099 ‘
491 1091 621 1144 rium
641 1084 823 1156 diligit.
850 1081 991 1152 Ergo
1017 1079 1319 1143 timeamus,
1346 1087 1474 1145 ergo
1501 1070 1757 1127 faciamus
1776 1066 2070 1139 justitiam,

465 1162 612 1251 ἰιι-ευ
634 1177 889 1232 faciamus
914 1171 1237 1243 aequitatem.

462 1269 471 1327 5
549 1247 607 1324 ἦ.
639 1266 745 1326 Sed
785 1265 904 1336 quis
929 1262 1053 1319 facit
1082 1258 1427 1333 aequitatem?
1460 1255 1581 1328 quis
1623 1253 1753 1311 facit
1773 1247 2072 1324 justitiam?

487 1363 659 1418 Homo
714 1366 993 1433 peccator,
1044 1354 1207 1411 homo
1250 1351 1495 1423 iniquus,
1541 1348 1704 1404 homo
1752 1357 2071 1418 perversus,

485 1456 648 1511 homo
694 1466 914 1509 aversus
954 1465 987 1505 a
1031 1449 1149 1505 luce
1192 1444 1469 1502 veritatis?
1508 1441 1645 1509 Quid
1688 1438 1849 1495 debet
1897 1436 2073 1491 facere

484 1545 685 1603 homo?
710 1544 1033 1601 Convertere
1059 1553 1119 1594 se
1142 1546 1344 1593 tantum
1371 1534 1438 1590 ad
1459 1533 1648 1599 Deum,
1669 1538 1731 1585 ut
1757 1530 1871 1600 ipse
1899 1528 1951 1583 in
1979 1525 2075 1580 illo

485 1638 683 1695 formet
709 1635 1029 1705 aequitatem,
1048 1644 1204 1701 quam
1228 1627 1342 1700 ipse
1368 1625 1598 1681 formare
1618 1637 1725 1687 non
1757 1627 1949 1692 potest,
1979 1615 2075 1673 sed

488 1730 807 1787 deformare.
837 1726 1063 1780 ldoneus
1106 1731 1188 1777 est
1230 1721 1391 1774 homo
1434 1716 1501 1771 ad
1542 1711 1929 1771 vulnerandum
1974 1723 2070 1775 se;

488 1820 741 1892 numquid
768 1818 992 1875 idoneus
1019 1824 1103 1871 est
1140 1812 1205 1868 ad
1237 1810 1531 1867 sanandum
1559 1808 1657 1864 se?
1702 1803 1924 1874 Quando
1961 1800 2073 1856 vult

487 1922 707 1989 aegrotat
726 1955 741 1982 ,
768 1926 875 1967 non
901 1908 1114 1981 quando
1132 1905 1245 1961 vult
1268 1904 1454 1975 surgit.
1480 1902 1538 1957 Si
1563 1900 1693 1965 vult,
1715 1898 1861 1953 vivat
1884 1896 2073 1951 intem-

486 2014 736 2078 peranter
760 2002 845 2058 vel
871 2002 922 2056 in
954 1999 1149 2071 frigore
1174 1996 1259 2052 vel
1286 1996 1340 2050 iu
1365 1994 1577 2059 calore;
1611 2006 1676 2047 eo
1704 1989 1791 2045 die
1813 1994 2069 2060 aegrotat,

485 2114 593 2171 quo
624 2096 847 2152 voluerit
879 2112 893 2151 :
918 2108 1039 2149 cum
1066 2098 1243 2145 autem
1268 2085 1495 2142 vivendo
1520 2086 1939 2152 intemperanter
1959 2092 2074 2134 cce-

486 2191 627 2262 perit
648 2196 923 2260 aegrotare,
953 2192 1135 2255 surgat
1160 2180 1371 2253 quando
1398 2178 1531 2245 vult;
1560 2177 1650 2247 qui
1672 2174 1838 2246 jacuit
1856 2171 2071 2244 quando

484 2284 673 2351 voluit,
702 2288 903 2352 surgat,
929 2279 973 2335 si
990 2284 1185 2349 potest,
1212 2272 1425 2346 quando
1448 2272 1579 2326 vult.
1605 2268 1674 2325 Ut
1685 2268 1888 2338 jaceret
1904 2279 2076 2336 aegro-

485 2388 573 2435 tus
597 2419 613 2445 ,
658 2371 1120 2444 intemperantiam
1166 2382 1315 2423 suam
1358 2363 1542 2419 habuit
1584 2359 1939 2417 necessariam
1972 2373 1987 2410 :
2016 2364 2074 2411 ut

486 2479 667 2543 surgat
696 2477 893 2532 autem,
923 2461 1279 2521 necessariam
1305 2458 1465 2514 habet
1492 2455 1709 2510 artificis
1730 2452 2070 2543 medicinam.

486 2563 578 2620 Sic
594 2542 735 2633 ergo
762 2568 819 2615 ut
841 2564 1024 2630 peccet
1045 2554 1227 2620 homo,
1259 2552 1374 2621 ipse
1394 2547 1495 2603 sibi
1524 2544 1720 2601 sufficit
1745 2542 1811 2597 ad
1842 2557 2071 2614 peccan-

486 2657 612 2712 dum
639 2673 653 2708 :
682 2662 738 2709 ut
761 2649 1109 2723 iustificetur,
1133 2658 1241 2700 non
1267 2642 1367 2698 sibi
1392 2638 1619 2705 sufficit,
1652 2637 1753 2692 nisi
1778 2635 1845 2691 ab
1870 2635 1959 2690 illo
1980 2633 2071 2703 ju-

485 2748 767 2813 stificetur,
795 2743 887 2814 qui
908 2742 1053 2797 solus
1078 2746 1160 2795 est
1179 2737 1372 2807 justus.
1398 2732 1467 2789 Ut
1491 2744 1619 2801 ergo
1638 2730 1712 2784 illi
1742 2744 1801 2784 se
1825 2727 2071 2783 homines

484 2842 613 2898 dent
640 2834 945 2895 formandos
973 2831 1039 2887 ad
1073 2828 1362 2901 justitiam,
1395 2838 1517 2880 cum
1543 2821 1824 2877 terruisset
1849 2817 2073 2889 populos

484 2936 725 3010 psalmus
748 2933 847 2988 iste
865 2970 880 2997 ,
912 2939 963 2984 et
994 2925 1243 2986 dixisset,
1269 2919 1616 2983 Conﬁteantur
1640 2913 1830 2969 nomini
1853 2919 1939 2965 tuo
1964 2926 2075 2964 ma-

485 3006 586 3102 gno
605 3071 620 3096 ,
648 3025 886 3099 quoniam
904 3020 1120 3076 terribile
1142 3026 1188 3070 et
1207 3021 1435 3070 sanctum
1460 3020 1555 3077 est;
1577 3018 1622 3063 et
1644 3009 1805 3102 honor
1829 3006 1962 3102 regis
1981 3006 2073 3102 ju:

484 3097 673 3175 diciuni
697 3115 886 3185 diligit;
911 3110 1073 3167 veluti
1099 3114 1396 3178 quaerentes
1415 3102 1523 3173 jam
1555 3099 1779 3171 populos
1807 3097 2022 3153 territos
2048 3097 2070 3127 ³

482 3207 752 3283 quomodo
776 3204 906 3277 justi
948 3202 1127 3256 vivere
1154 3196 1417 3260 debeant,
1463 3192 1587 3263 quia
1626 3190 1679 3245 in
1726 3189 1916 3283 seipsis
1962 3201 2069 3283 non

485 3279 713 3374 possunt
753 3296 950 3352 habere
988 3290 1245 3364 justitiam
1267 3329 1283 3357 ,
1314 3283 1706 3342 commendavit
1730 3281 1833 3374 illis
1858 3288 1914 3337 et
1953 3279 2069 3374 pla-ﬁ

486 3370 774 3450 smatorem
803 3384 1018 3460 iustitia:
1048 3384 1280 3447 illorum,
1312 3388 1365 3434 et
1389 3386 1604 3433 secutus
1627 3374 1702 3429 ait
1732 3391 1746 3427 :
1781 3372 1857 3427 Tu
1878 3370 2071 3443 parasti

486 3483 771 3553 (equitatem
794 3496 813 3545 ;
849 3477 1102 3549 judicium
1144 3482 1190 3527 et
1210 3471 1462 3541 justitiam
1508 3468 1559 3522 in
1606 3466 1765 3521 Iacob
1804 3476 1858 3519 tu
1886 3464 2067 3536 fecisti.

488 3575 757 3631 Debemus
782 3570 923 3626 enim
952 3577 1007 3623 et
1032 3580 1130 3621 nos
1158 3563 1356 3618 habere
1377 3561 1633 3632 judicium
1651 3599 1665 3623 ,
1695 3558 1951 3613 debemus
1977 3556 2073 3611 ha-

487 3670 615 3727 bere
632 3664 912 3737 justitiam;
941 3658 1033 3716 sed
1056 3658 1145 3714 ille
1173 3657 1226 3711 in
1251 3654 1404 3710 nobis
1429 3653 1551 3707 facit
1565 3650 1833 3722 judicium
1848 3657 1903 3704 et
1914 3648 2072 3719 justi-

487 3763 651 3827 tiam,
681 3758 770 3829 qui
811 3770 909 3811 nos
953 3751 1079 3808 fecit
1106 3751 1159 3805 in
1201 3747 1394 3818 quibus
1440 3744 1662 3800 faceret.
1702 3740 1981 3809 Quomodo
2017 3747 2073 3796 et

486 3868 586 3909 nos
615 3851 870 3907 debemus
894 3845 1093 3901 habere
1112 3839 1368 3911 judicium
1399 3844 1454 3891 et
1475 3833 1779 3905 justitiam?
1803 3832 2071 3889 iudicium

488 3946 673 4013 habes,
696 3940 907 4015 quando
931 3936 1192 3993 discernis
1221 3932 1421 3987 malum
1446 3946 1477 3983 a
1504 3927 1664 3993 bono;
1690 3925 1949 3997 justitiam
1971 3940 2071 3979 au-

492 4050 620 4105 tem,
640 4014 852 4108 quando
875 4027 1115 4101 sequeris
1138 4026 1356 4089 bonum,
1380 4029 1433 4075 et
1458 4019 1695 4075 declinas
1710 4033 1741 4071 a
1765 4018 1925 4072 malo.
1951 4014 2072 4108 Dis-

486 4127 789 4191 ceruendo,
828 4122 1083 4195 judicium
1126 4116 1329 4181 habes;
1360 4110 1635 4175 faciendo,
1672 4109 1931 4180 justitiam
1971 4107 2071 4163 ha-

486 4221 600 4275 bes.
630 4215 841 4270 Declina
863 4229 895 4265 a
918 4209 1073 4274 malo,
1097 4206 1203 4272 ait,
1233 4214 1279 4258 et
1306 4207 1387 4274 {ac
1415 4202 1633 4264 bonum;
1657 4214 1825 4269 qua're
1863 4214 2068 4269 pacem,

488 4319 535 4365 et
563 4322 762 4377 sequere
785 4319 896 4358 eam
925 4298 1099 4371 (Psal.
1125 4309 1287 4351 χχχιιι
1306 4334 1319 4357 ,
1349 4292 1460 4363 15).
1484 4292 1663 4346 Primo
1686 4288 1851 4345 debes
1875 4289 2073 4345 habere

484 4401 777 4474 judicium,
819 4404 873 4451 et
914 4401 1099 4464 postea
1133 4386 1417 4459 justitiam.
1459 4384 1610 4451 Quod
1655 4380 1958 4453 judicium?
2002 4381 2073 4474 Ut

489 4473 663 4568 primo
684 4491 888 4563 judices
912 4484 1037 4558 quid
1065 4483 1135 4539 sit
1160 4479 1355 4535 malum
1376 4520 1390 4546 ,
1418 4486 1473 4532 et
1506 4475 1634 4547 quid
1653 4474 1738 4568 sit
1757 4474 1975 4568 bonum.
2004 4473 2073 4529 Et

488 4565 645 4657 quam
684 4577 978 4653 justitiam?
1009 4573 1252 4630 Declines
1277 4585 1307 4624 a
1346 4569 1486 4624 malo
1509 4608 1524 4636 ,
1558 4577 1613 4623 et
1641 4566 1805 4622 facias
1848 4565 2069 4623 bonum.

488 4679 604 4735 Hoc
644 4683 819 4730 autem
863 4686 970 4726 non
1011 4684 1043 4722 a
1070 4676 1122 4721 te
1152 4662 1405 4727 habebis;
1436 4661 1557 4732 quia
1583 4660 1705 4717 vide
1732 4658 1859 4730 quid
1896 4658 2068 4715 dixit:

487 4769 521 4824 J
529 4768 749 4823 udicium
771 4775 818 4818 et
840 4760 1094 4833 justitiam
1113 4757 1167 4811 in
1193 4752 1352 4809 Iacob
1380 4762 1433 4806 tu
1466 4752 1647 4823 fecisti.

560 4863 616 4918 8.
649 4860 796 4933 [vers.
813 4852 892 4928 5.]
914 4852 1149 4908 Exaltate
1175 4846 1449 4903 Dominum
1471 4844 1637 4899 Deum
1662 4852 1904 4899 nostrum.
1932 4842 2073 4899 Vere

488 4954 753 5017 exaltate,
788 4949 927 5003 bene
962 4943 1207 5000 exaltate.
1236 4938 1537 4994 Laudemus
1567 4935 1748 5003 illum,
1780 4935 2073 4990 exaltemus

489 5049 637 5104 illum
664 5044 754 5116 qui
781 5042 904 5098 fecit
925 5042 1089 5110 ipsam
1107 5034 1365 5106 justitiam
1386 5046 1543 5102 quam
1568 5029 1845 5095 habemus;
1878 5028 1991 5098 ipse
2017 5027 2074 5082 in

493 5141 645 5197 nobis
668 5139 812 5194 fecit.
837 5135 966 5203 Quis
987 5131 1126 5187 enim
1154 5129 1206 5182 in
1235 5126 1386 5181 nobis
1416 5123 1832 5191 fecitjustitiam,
1861 5121 1963 5175 nisi
1982 5119 2073 5190 qui

493 5249 595 5289 nos
611 5226 954 5301 justificavit?
980 5224 1054 5279 De
1077 5220 1289 5277 Christo
1314 5226 1490 5272 autem
1518 5214 1712 5269 dictum
1735 5221 1836 5278 est,
1864 5212 1963 5278 Qui
1978 5212 2074 5283 ju-

492 5325 675 5394 stiﬁcat
701 5322 912 5392 impium
942 5316 1115 5390 (Rom.
1146 5329 1220 5378 tv,
1363 5309 1469 5363 Nos
1500 5322 1627 5378 ergo
1656 5305 1843 5375 impii,
1875 5304 1966 5358 ille
1984 5303 2073 5372 ju-

494 5417 770 5475 stificator,
798 5410 1008 5482 quando
1038 5417 1091 5463 et
1117 5405 1285 5477 ipsam
1312 5400 1571 5473 justitiam
1599 5399 1713 5467 ipse
1739 5397 1792 5451 in
1818 5394 1972 5449 nobis
1998 5394 2075 5449 fe-

493 5510 568 5564 cit
591 5518 694 5579 qua
721 5505 795 5559 illi
826 5505 1155 5573 placeamus,
1186 5506 1243 5551 ut
1269 5494 1335 5549 ad
1373 5494 1649 5548 dexteram
1674 5503 1773 5544 nos
1802 5494 2077 5579 ponatLet

494 5578 615 5656 non
639 5597 705 5652 ad
732 5594 1001 5651 sinistram
1026 5610 1039 5647 :
1064 5599 1123 5645 ut
1151 5589 1292 5645 dicat
1319 5585 1385 5641 ad
1412 5584 1688 5640 dexteram
1713 5580 1933 5652 positis,
1977 5578 2077 5635 Ve-

560 5799 579 5831 ⁸
604 5804 671 5862 εκ
692 5803 767 5862 Er.
805 5803 925 5862 ven.
948 5800 1017 5842 et.
1037 5790 1504 5862 t_ov._restituimus,
1538 5793 1725 5853 putare,
1760 5785 1890 5852 quod
1928 5785 1979 5838 in
2021 5788 2072 5837 Β.

495 5860 816 5961 supplendum
842 5861 891 5907 in
913 5859 1130 5927 margine
1149 5853 1339 5905 dicitur.
1406 5860 1461 5902 Μ.

599 5932 715 5961 'n-nc
736 5933 824 5961 λιες
850 5957 860 5961 -
887 5926 1068 5961 ιριυνιηι-

608 5932 715 5980 ﬂes
736 5933 861 5977 διεδ..
886 5926 1068 5974 terruit.

1728 392 1788 457 S.
1826 389 2195 456 AUGUSTINI
2229 388 2536 451 EPISCOPI

3622 391 3769 451 1264

2172 506 2274 561 nite
2291 548 2309 575 ,
2338 502 2584 560 benedicti
2608 500 2781 556 Patris
2808 499 2934 566 mei,
2964 501 3205 573 percipite
3234 518 3443 575 regnum
3471 504 3604 575 quod
3629 509 3768 565 nobis

2174 608 2412 671 paratum
2440 606 2512 653 est
2536 596 2598 650 ab
2623 594 2816 667 origine
2845 595 3022 649 mundi
3046 612 3065 661 ,'
3089 611 3194 652 non
3213 607 3391 653 autem
3418 607 3577 669 ponat
3606 601 3672 655 ad
3695 604 3770 657 si-

2174 693 2428 759 nistram,
2461 691 2601 747 inter
2628 704 2722 746 eos
2748 689 2940 761 quibus
2970 689 3208 746 dicturus
3242 699 3353 759 est,
3381 690 3465 747 Ite
3504 692 3560 747 in
3597 694 3767 766 ignem

2174 791 2451 851 teternum,
2477 782 2565 855 qui
2610 791 2926 853 prteparatus
2968 790 3043 837 est
3090 783 3292 838 diabolo
3331 792 3378 838 et
3420 786 3614 857 angelis
3658 788 3769 858 ejus

2176 873 2392 948 (Matth.
2433 890 2538 929 xxv
2559 914 2574 940 ,
2619 874 2687 929 54
2706 914 2722 941 ,
2753 873 2868 944 ll).
2899 872 3000 940 Qui
3028 873 3083 928 in
3114 874 3267 929 nobis
3292 885 3641 931 coronaturus
3686 885 3773 933 est

2176 982 2285 1024 non
2323 967 2512 1023 merita
2556 976 2772 1034 nostra,
2817 966 2912 1022 sed
2950 965 3091 1022 dona
3129 982 3259 1033 sua,
3303 978 3562 1038 quantum
3608 968 3773 1026 debet

2176 1059 2440 1117 exaltari?
2463 1059 2702 1114 Exaltate
2721 1057 3001 1114 Dominum
3026 1058 3191 1113 Deum
3219 1068 3463 1114 nostrum.

2247 1154 2301 1210 9.
2332 1152 2400 1207 Et
2440 1153 2649 1207 adorate
2676 1151 2948 1207 scabellum
2978 1152 3161 1223 pedum
3189 1152 3300 1223 ejus
3319 1193 3333 1219 ,
3366 1153 3605 1222 quoniam
3644 1170 3771 1209 san-

2185 1256 2296 1301 ctus
2322 1253 2393 1299 est
2427 1245 2466 1298 ¹.
2497 1244 2633 1313 Quid
2664 1243 2923 1300 habemus
2961 1243 3222 1300 adorare?
3251 1244 3540 1299 Scabellum
3585 1246 3774 1315 pedum

2178 1340 2306 1409 ejus.
2351 1335 2761 1408 Suppcdaneum
2807 1335 3002 1392 dicitur
3042 1335 3356 1392 scabellum.
3396 1336 3546 1404 Quod
3587 1337 3778 1394 dicunt

2178 1430 2349 1487 Grazci
2392 1434 2674 1496 ὑποπόδιον,
2715 1430 2968 1486 dixerunt
3017 1429 3195 1485 Latini
3240 1429 3548 1496 scabellum;
3582 1439 3639 1486 et
3677 1431 3772 1487 alii

2177 1522 2466 1590 dixerunt,
2498 1523 2900 1594 suppedaneum.
2922 1520 3028 1578 Sed
3056 1523 3252 1591 videte,
3282 1522 3495 1588 fratres,
3519 1523 3646 1594 quid
3669 1540 3773 1580 nos

2172 1616 2359 1687 jubeat
2387 1616 2630 1671 adorare.
2658 1616 2776 1671 Alio
2804 1616 2923 1671 loco
2949 1615 3342 1686 Scripturarum
3382 1615 3577 1671 dicitur
3611 1635 3623 1670 :
3654 1616 3775 1671 Cae-

2178 1708 2284 1763 lum
2312 1709 2435 1762 mihi
2464 1708 2605 1763 sedes
2636 1716 2709 1763 est
2727 1750 2742 1776 ,
2767 1718 2901 1763 terra
2924 1718 3092 1763 autem
3120 1707 3396 1763 scabellum
3422 1709 3605 1780 pedum
3634 1727 3777 1766 meo-

2176 1817 2291 1855 rum
2328 1800 2483 1871 (Isai.
2511 1816 2667 1867 va1,
2699 1802 2775 1871 1).
2803 1802 2942 1871 Ergo
2973 1810 3166 1857 terram
3198 1814 3298 1855 nos
3332 1800 3485 1870 jubet
3505 1800 3734 1857 adorare
3755 1843 3772 1867 ,

2176 1894 2299 1963 quia
2339 1892 2472 1948 dixit
2499 1893 2602 1950 alio
2631 1894 2750 1949 loco
2787 1892 2931 1964 quod
2959 1893 3028 1949 sit
3068 1893 3361 1949 scabellum
3392 1892 3586 1963 pedum
3629 1894 3774 1950 Dei?

2176 1985 2245 2041 Et
2280 1986 2549 2057 quomodo
2588 1986 2930 2041 adorabimus
2973 1994 3209 2053 terram,
3250 2000 3371 2040 cum
3401 1984 3545 2040 dicat
3583 1994 3777 2057 aperte

2175 2077 2448 2147 Scriptura
2482 2096 2495 2132 :
2524 2076 2801 2132 Dominum
2829 2077 2991 2132 Deum
3017 2088 3161 2132 tuum
3187 2078 3422 2131 adorabis
3453 2076 3628 2150 (Deut.
3676 2094 3732 2134 vr
3754 2120 3779 2148 ,

2177 2168 2310 2239 15)?
2340 2168 2407 2223 Et
2432 2168 2516 2224 hic
2544 2169 2708 2235 dicit,
2737 2170 2956 2224 Adorate
2982 2169 3255 2225 scabellum
3283 2169 3466 2239 pedum
3494 2172 3643 2240 ejus;
3673 2186 3781 2227 ex-

2180 2276 2381 2331 ponens
2411 2271 2589 2317 autem
2629 2262 2758 2317 mihi
2788 2262 2931 2333 quod
2961 2262 3031 2317 sit
3070 2262 3360 2319 scabellum
3390 2263 3585 2333 pedum
3611 2264 3729 2334 ejus
3754 2307 3779 2335 ,

2177 2355 2337 2425 dicit,
2386 2355 2543 2410 Terra
2564 2366 2729 2411 autem
2770 2357 3043 2411 scabellum
3071 2357 3256 2427 pedum
3280 2372 3525 2412 meorum.
3555 2358 3784 2429 Anceps

2177 2445 2347 2504 factus
2377 2462 2497 2503 sum
2542 2466 2553 2500 :
2602 2448 2765 2504 timeo
2807 2448 3031 2503 adorare
3067 2457 3298 2516 terram,
3330 2464 3399 2505 ne
3436 2448 3653 2506 damnet
3677 2466 3780 2509 me

2176 2539 2267 2610 qui
2297 2537 2421 2595 fecit
2449 2538 2642 2596 coelum
2669 2548 2723 2595 et
2746 2548 2978 2605 terram;
3007 2555 3190 2596 rursus
3220 2540 3385 2596 timeo
3410 2556 3516 2596 non
3542 2542 3785 2599 adorare

2178 2630 2469 2686 scabellum
2499 2630 2691 2702 pedum
2716 2631 2924 2685 Domini
2952 2632 3091 2696 mei,
3116 2631 3239 2702 quia
3266 2631 3511 2687 Psalmus
3534 2632 3663 2687 mihi
3688 2632 3786 2688 di-

2176 2722 2278 2787 cit,
2320 2721 2543 2777 Adorate
2586 2722 2860 2776 scabellum
2903 2722 3086 2792 pedum
3132 2724 3263 2793 ejus.
3313 2722 3506 2791 Quaero
3532 2723 3674 2795 quod
3701 2724 3788 2780 sit

2177 2811 2465 2890 scabellum
2490 2813 2684 2883 pedum
2704 2813 2846 2883 ejus;
2876 2822 2930 2869 et
2952 2813 3078 2868 dicit
3102 2813 3231 2868 mihi
3258 2813 3528 2884 Scriptura
3562 2833 3576 2866 :
3608 2814 3649 2869 T
3652 2832 3787 2871 erres

2176 2904 2447 2958 scabellum
2484 2904 2670 2975 pedum
2700 2922 2943 2959 meorum.
2984 2905 3272 2962 Fluctuans
3301 2916 3554 2962 converto
3584 2923 3670 2963 me
3699 2908 3785 2966 ad

2175 2996 2465 3063 Christum,
2482 2999 2604 3068 quia
2629 2998 2802 3069 ipsum
2829 3013 3011 3069 quaero
3035 2999 3149 3065 hic;
3177 3007 3233 3055 et
3255 2999 3473 3055 invenio
3498 3000 3784 3070 quomodo

2176 3090 2293 3146 sine
2319 3091 2591 3162 impietate
2615 3092 2866 3148 adoretur
2891 3102 3051 3160 terra,
3076 3093 3192 3149 sine
3217 3094 3489 3164 impietate
3517 3093 3783 3151 adoretur

2175 3187 2464 3243 scabellum
2494 3188 2687 3259 pedum
2725 3188 2862 3259 ejus.
2906 3188 3156 3260 Suscepit
3195 3190 3337 3247 enim
3368 3190 3436 3247 de
3477 3200 3618 3247 terra
3660 3200 3783 3250 ter-

2175 3294 2324 3362 ram';
2356 3280 2479 3351 quia
2507 3296 2632 3337 caro
2656 3280 2724 3337 de
2762 3290 2904 3338 terra
2930 3290 3014 3339 est
3036 3323 3051 3349 ,
3078 3291 3132 3338 et
3156 3281 3224 3338 de
3252 3297 3412 3339 carne
3438 3284 3617 3339 Maria:
3645 3298 3782 3341 car-

2176 3386 2301 3428 nem
2332 3373 2558 3444 accepit.
2584 3373 2653 3428 Et
2676 3373 2799 3444 quia
2826 3374 2879 3429 in
2909 3374 3021 3445 ipsa
3051 3389 3212 3430 carne
3242 3374 3328 3429 hic
3358 3376 3647 3432 ambulavit
3668 3418 3686 3445 ,
3719 3387 3780 3435 et

2176 3465 2345 3535 ipsam
2371 3480 2586 3521 carnem
2615 3466 2769 3523 nobis
2790 3467 3212 3524 manducandam
3233 3467 3301 3523 ad
3328 3468 3551 3524 salutem
3579 3469 3778 3539 dedit;

2175 3574 2335 3616 nemo
2363 3569 2540 3617 autem
2574 3562 2715 3616 illam
2739 3577 2956 3618 carnem
2983 3562 3300 3627 manducat,
3329 3563 3430 3619 nisi
3464 3563 3613 3633 prius
3638 3564 3784 3620 ado-

2176 3652 2417 3707 raverit:
2456 3653 2728 3709 inventum
2767 3662 2851 3709 est
2889 3654 3334 3724 quemadmodum
3376 3655 3627 3711 adoretur
3666 3658 3784 3715 tale

2175 3743 2467 3799 scabellum
2498 3743 2694 3813 pedum
2735 3744 2984 3809 Domini,
3018 3754 3074 3801 et
3111 3760 3215 3800 non
3247 3744 3419 3800 solum
3447 3760 3553 3801 non
3582 3761 3783 3816 pecce-

2175 3850 2296 3890 mus
2337 3834 2643 3902 adorando,
2688 3836 2783 3891 scd
2815 3851 3097 3907 peCcemus
3122 3853 3228 3893 non
3266 3838 3561 3893 adorando.
3598 3838 3782 3895 Num.

2176 3926 2302 3997 quid
2330 3936 2508 3983 autem
2548 3942 2673 3982 caro
2700 3928 2968 3983 vivificat?
2991 3928 3109 3998 Ipse
3154 3928 3411 3984 Dominus
3440 3929 3602 3995 dixit,
3646 3945 3781 3988 cum

2175 4017 2243 4073 de
2271 4019 2384 4089 ipsa
2410 4018 2874 4075 commendatione
2920 4019 3158 4088 ejusdem
3207 4028 3365 4075 terrae.
3408 4020 3728 4091 loqueretur
3759 4038 3780 4081 s

2176 4111 2403 4184 Spiritus
2430 4122 2501 4168 est
2524 4114 2609 4184 qui
2636 4114 2877 4183 uiviﬁcat;
2904 4129 3022 4167 caro
3047 4120 3213 4168 autem
3234 4114 3362 4168 nihil
3391 4116 3612 4183 prodest.
3643 4116 3783 4174 ideo

2175 4211 2231 4259 et
2257 4203 2325 4259 ad
2353 4213 2545 4260 terram
2571 4204 2862 4275 quamlibet
2883 4219 3005 4260 cum
3028 4213 3079 4260 te
3100 4204 3321 4260 iuclinas
3344 4215 3505 4277 atque
3530 4217 3783 4277 proster-

2175 4297 2259 4352 nis
2277 4337 2293 4364 ,
2334 4311 2441 4352 non
2486 4299 2639 4369 quasi
2670 4307 2867 4354 terram
2892 4298 3145 4354 intuearis
3166 4340 3181 4365 ,
3210 4299 3305 4354 sed
3334 4299 3484 4355 illum
3510 4300 3780 4360 Sanctum

2175 4389 2326 4459 cujus
2363 4388 2559 4459 pedum
2616 4390 2905 4447 scabellum
2950 4400 3032 4446 est
3072 4390 3212 4462 quod
3267 4389 3497 4457 adoras;
3549 4402 3782 4463 promer

2176 4480 2351 4551 ipsum
2378 4481 2519 4537 enim
2547 4481 2738 4538 adoras
2760 4500 2772 4535 :
2794 4481 2915 4538 ideo
2938 4490 2993 4537 et
3018 4481 3107 4537 hic
3132 4482 3380 4552 subjecit,
3410 4482 3630 4537 Adorate
3655 4500 3783 4539 sca-

2176 4572 2359 4627 bellum
2392 4573 2575 4643 pedum
2601 4575 2709 4644 ejus
2727 4613 2743 4641 ,
2782 4575 3023 4645 quoniam
3048 4582 3252 4628 sanctus
3278 4584 3372 4627 est.
3397 4573 3527 4640 Quis
3551 4584 3781 4632 sanctus

2176 4664 2296 4719 est?
2334 4664 2392 4719 In
2420 4665 2573 4734 cujus
2612 4664 2817 4720 honore
2851 4664 3043 4723 adoras
3072 4664 3362 4720 scabellum
3394 4666 3593 4735 pedum
3626 4668 3778 4736 ejus.

2178 4756 2249 4812 Et
2288 4772 2412 4812 cum
2439 4757 2632 4813 adoras
2676 4758 2824 4813 illum
2851 4798 2867 4824 ,
2913 4772 2980 4813 ne
3021 4758 3343 4828 cogitatione
3387 4774 3666 4815 remaneas
3721 4762 3781 4818 in

2177 4864 2338 4906 carne
2356 4891 2371 4916 ,
2399 4860 2453 4906 et
2490 4866 2521 4905 a
2560 4850 2746 4920 spiritu
2776 4866 2882 4905 non
2906 4850 3228 4906 vivificaris:
3262 4849 3488 4922 Spiritus
3513 4861 3583 4907 est
3609 4853 3780 4923 enim,

2178 4940 2366 5011 inquit,
2393 4942 2480 5011 qui
2503 4942 2744 5011 viviﬁcat;
2767 4958 2889 4996 caro
2909 4950 3078 4995 autem
3098 4942 3227 4995 nihil
3249 4943 3472 5011 prodest.
3496 4943 3647 4998 Tunc
3673 4960 3783 4999 au-

2179 5040 2284 5088 tem
2307 5073 2322 5098 ,
2367 5032 2579 5103 quando
2613 5033 2715 5089 hoc
2753 5034 3010 5089 Dominus
3051 5033 3476 5100 commendavit,
3504 5033 3570 5089 de
3609 5051 3785 5092 carne

2178 5142 2274 5183 sua
2305 5127 2514 5183 locutus
2541 5136 2656 5184 erat
2677 5169 2693 5195 ,
2722 5137 2777 5183 et
2805 5128 3013 5183 dixerat
3049 5146 3061 5181 :
3089 5126 3205 5181 Nisi
3246 5129 3355 5197 quis
3396 5128 3788 5184 manducauerit

2177 5238 2380 5275 carnem
2405 5238 2567 5276 meam
2589 5262 2603 5285 ,
2636 5238 2736 5275 non
2757 5221 2953 5275 habebit
2976 5222 3027 5274 in
3054 5238 3107 5275 se
3134 5222 3285 5274 vitam
3308 5232 3568 5276 (uernam.
3598 5220 3784 5277 Scan-

2178 5311 2392 5366 dalizati
2408 5321 2532 5366 sunt
2555 5311 2796 5380 discipuli
2820 5312 2936 5382 ejus
2957 5312 3195 5381 quidam,
3215 5313 3547 5383 septuaginta
3577 5311 3782 5381 ferme,

2179 5412 2234 5458 et
2262 5403 2513 5458 dixerunt
2542 5420 2555 5455 :
2583 5400 2759 5458 Durus
2798 5412 2871 5457 est
2897 5403 2977 5457 hic
3001 5420 3201 5468 sermo;
3225 5406 3337 5475 quis
3365 5414 3526 5475 potest
3550 5422 3663 5459 eum
3693 5406 3789 5459 in-

2180 5496 2441 5565 telligere?
2470 5494 2540 5548 Et
2586 5504 2925 5550 recesserunt
2969 5496 3037 5551 ab
3063 5512 3126 5551 eo
3150 5537 3166 5563 ,
3199 5505 3253 5551 et
3292 5496 3518 5565 amplius
3553 5513 3675 5551 cum
3706 5514 3790 5554 co

2179 5602 2285 5642 non
2314 5585 2735 5641 ambulaverunt.
2781 5586 2982 5642 Durum
3019 5588 3123 5643 illis
3150 5588 3319 5643 visum
3357 5598 3439 5643 est
3473 5589 3615 5659 quod
3659 5589 3740 5643 ait
3764 5632 3782 5655 ,

2181 5678 2301 5734 Nisi
2328 5679 2439 5750 quis
2463 5678 2839 5734 manducauerit
2867 5698 3069 5735 carnem
3096 5697 3257 5736 meam
3279 5722 3293 5750 ,
3330 5698 3433 5738 non
3470 5681 3667 5735 habebit
3696 5685 3787 5737 vi-

2246 5842 2261 5873 ¹
2288 5840 2665 5958 [indagandum
2693 5847 2779 5894 est.
2812 5848 2865 5895 At
2900 5841 3117 5893 melioris
3161 5849 3288 5893 notae
3326 5849 3431 5892 MSS.
3464 5843 3601 5908 juxta
3637 5849 3786 5906 txx.

2246 5919 2296 5957 nc
2320 5919 2374 5958 us
2396 5919 2421 5957 ρ
2469 5940 2481 5954 .

2183 5919 2374 5964 sanctus
2396 5919 2481 5958 ρει.
