4056 6476
305 347 447 405 ηδε

301 473 410 518 tam
453 466 734 520 ωιενηαηιε
763 464 1082 531 acceperunt
1110 453 1241 514 illud
1284 455 1475 524 stulte,
1508 453 1795 509 carnaliter
1817 451 1887 508 il-

299 555 396 610 Iud
427 553 798 626 cogitaverunt
819 592 834 618 ,
863 560 918 607 et
943 558 1262 623 putaverunt
1288 549 1428 620 quo‘tl
1457 547 1776 618 praecisurus
1800 560 1889 602 es-

299 656 385 703 set
410 646 669 701 Dominus
711 645 998 715 particulas
1023 643 1278 716 quasdam
1323 641 1389 698 de
1414 655 1640 712 corpore
1682 655 1809 708 suo,
1837 648 1894 696 et

296 735 527 791 daturus
564 735 666 791 illis
689 778 706 804 ,
737 743 792 790 et
817 735 1104 802 dixerunt,
1134 731 1308 787 Durus
1343 740 1415 787 est
1455 731 1536 785 hic
1560 747 1743 786 sermo.
1786 731 1892 800 Ipsi

298 837 461 885 erant
486 828 639 894 duri,
683 843 790 883 non
829 842 1027 883 sermo.
1059 827 1270 882 Etenim
1298 827 1345 880 si
1376 824 1494 880 duri
1524 839 1631 880 non
1673 833 1889 890 essent,

298 922 399 979 sed
426 923 584 978 miles
625 932 822 985 essent,
851 920 1093 976 dicerent
1121 919 1219 975 sibi
1251 937 1262 974 :
1293 917 1406 974 Non
1433 919 1548 974 sine
1575 932 1732 973 causa
1763 917 1894 973 dicit

301 1013 445 1082 hoc,
477 1013 580 1068 nisi
611 1012 735 1084 quia
785 1021 866 1068 est
905 1012 976 1066 ibi
1021 1011 1233 1082 aliquod
1278 1018 1668 1066 sacramentum
1698 1009 1888 1064 latens.

300 1106 581 1162 Manerent
608 1120 730 1160 cum
762 1103 852 1158 illo
881 1104 1029 1159 lenes
1051 1147 1066 1170 ,
1099 1118 1207 1158 non
1247 1103 1401 1169 duri;
1434 1111 1487 1157 et
1533 1102 1798 1157 discerent
1825 1102 1893 1157 ab

301 1197 416 1264 illo,
439 1196 582 1268 quod
602 1238 616 1262 ,
650 1196 755 1251 illis
773 1195 1186 1261 discedentibus,
1213 1194 1302 1266 qui
1328 1201 1717 1256 remanserunt,
1751 1191 1893 1247 didi-

301 1298 514 1345 nerunt.
531 1288 667 1344 Nam
691 1302 811 1342 cum
834 1287 1220 1343 remansissent
1239 1302 1357 1342 cum
1377 1287 1467 1340 illo
1493 1284 1735 1357 discipuli
1763 1283 1894 1340 duo-

302 1382 476 1436 decim
495 1419 511 1446 ,
536 1381 644 1435 illis
668 1379 1041 1436 recedentibus
1058 1420 1074 1447 ,
1098 1388 1473 1450 suggesseruut
1498 1377 1610 1442 illi,
1641 1387 1892 1447 tanquam

303 1471 550 1528 dolentes
576 1471 790 1527 illorum
818 1479 1041 1526 mortem
1066 1511 1082 1538 ,
1122 1468 1265 1540 quod
1307 1469 1648 1526 scandalizati
1692 1469 1892 1524 suntin

300 1565 470 1620 verbo
488 1564 608 1634 ejus
633 1572 687 1620 et
711 1572 1069 1619 recesserunt.
1101 1561 1192 1617 Ille
1214 1571 1390 1618 autem
1417 1562 1665 1617 instruxit
1695 1576 1808 1628 eos,
1838 1568 1893 1617 et

304 1659 378 1714 ait
413 1659 556 1723 illis,
608 1658 833 1728 Spiritus
878 1658 1057 1726 estqui
1093 1656 1346 1726 vivi/icat;
1392 1671 1510 1710 caro
1553 1665 1718 1710 autent
1764 1654 1893 1709 nihil

306 1751 510 1820 prodest
534 1767 553 1806 :
585 1751 732 1804 verba
759 1764 872 1820 qua:
911 1748 1108 1803 locutus
1132 1764 1243 1802 sttut
1281 1747 1418 1801 vobis
1441 1788 1457 1813 ,
1500 1747 1709 1812 spiritus
1733 1753 1805 1800 est
1846 1753 1894 1800 et

305 1843 408 1896 m'la
436 1841 616 1914 (Joan.
661 1857 748 1908 vt,
781 1840 994 1912 54-64).
1036 1839 1394 1910 Spiritualiter
1431 1838 1709 1910 intelligite
1749 1837 1892 1909 quod

305 1933 515 1988 locutus
542 1949 658 1988 sum
691 1951 706 1985 :
734 1948 842 1988 non
870 1932 972 1988 hoc
1007 1946 1202 2002 corpus
1239 1930 1382 2002 quod
1410 1930 1603 1987 videtis
1622 1972 1637 1999 ,
1668 1931 1895 1986 mandu-

305 2025 479 2079 caturi
503 2025 650 2089 estis;
678 2032 735 2080 et
755 2023 971 2080 bibituri
992 2023 1143 2078 illum
1164 2022 1474 2093 sanguinem
1494 2064 1510 2088 ,
1541 2036 1698 2091 quem
1725 2020 1890 2076 fusuri

310 2124 440 2188 sunt
467 2115 556 2184 qui
590 2129 672 2170 me
703 2113 1029 2184 crucifigent.
1059 2112 1461 2169 Sacramentum
1490 2110 1703 2183 aliquod
1741 2111 1892 2167 vobis

309 2204 707 2271 commendavi;
738 2205 1084 2274 spiritualiter
1104 2203 1430 2260 intellectum
1463 2202 1750 2258 vivificabit
1773 2218 1888 2259 vos.

302 2295 418 2353 Etsi
443 2311 661 2351 necesse
689 2305 772 2351 est
795 2295 922 2350 illud
946 2295 1227 2351 visibiliter
1255 2294 1543 2361 celebrari,
1571 2303 1780 2363 oportet
1810 2302 1890 2348 ta-

299 2402 427 2443 men
476 2388 812 2442 invisibiliter
840 2387 1082 2458 intelligi.
1126 2385 1366 2440 Exaltate
1405 2377 1678 2439 Dominum
1725 2383 1890 2438 Deum

300 2491 570 2547 nostrum,
617 2492 663 2537 et
702 2481 909 2538 adorate
945 2479 1217 2535 scabellum
1257 2479 1440 2551 pedum
1468 2480 1606 2551 ejus,
1651 2479 1892 2549 quoniam

301 2581 508 2630 sanctus
537 2585 629 2629 est.

370 2666 458 2721 10.
505 2663 678 2738 [vers.
707 2665 864 2738 6-8.]
907 2665 1108 2736 Moyses
1150 2673 1196 2719 et
1239 2663 1412 2719 Aaron
1447 2664 1500 2718 in
1547 2663 1891 2720 sacerdotibus

298 2775 406 2830 qus
429 2799 445 2822 ,
479 2768 528 2813 et
558 2756 767 2813 Samuel
789 2758 841 2811 in
868 2757 948 2811 Itis
973 2757 1059 2828 qui
1095 2756 1327 2810 invocant
1355 2770 1537 2809 nomen
1563 2757 1694 2826 ejus.
1728 2753 1888 2810 Invo-

297 2850 482 2904 cabant
508 2849 782 2903 Dominum
805 2889 820 2914 ,
848 2857 894 2902 et
921 2847 1030 2917 ipse
1063 2845 1361 2901 exaudiebat
1399 2861 1484 2900 eos
1503 2861 1524 2911 ,°
1566 2845 1619 2900 in
1653 2845 1890 2900 columna

297 2942 444 2996 nubis
473 2941 770 3011 loquebatur
799 2940 866 2994 ad
895 2956 998 2995 eos.
1027 2938 1117 2994 Isti
1142 2937 1343 3008 antiqui
1367 2937 1581 3010 Moyses
1619 2945 1675 2992 et
1709 2935 1906 2993 Aaron‘

295 3045 350 3093 et
395 3036 634 3105 Samuel,
661 3035 806 3091 servi
845 3035 981 3101 Dei,
1010 3033 1188 3104 magni
1227 3032 1367 3103 apud
1408 3031 1680 3101 antiquos.
1709 3030 1888 3086 Nostis

298 3129 420 3200 quia
452 3129 664 3201 Moyses
690 3126 874 3184 eduxit
901 3127 957 3181 in
986 3127 1181 3180 virtute
1205 3124 1301 3180 Dei
1335 3123 1589 3193 populum
1622 3121 1784 3177 Israel
1821 3137 1885 3179 ex

297 3218 531 3292 Egypto
571 3236 668 3291 per
705 3218 942 3274 Rubrum
982 3231 1167 3283 mare;
1204 3223 1260 3271 et
1295 3215 1449 3270 duxit
1490 3215 1545 3270 in
1585 3229 1804 3280 eremo;
1834 3224 1889 3270 et

299 3325 497 3386 quanta
521 3313 785 3369 mirabilia
806 3311 995 3368 fecerit
1019 3310 1111 3365 illo
1132 3319 1371 3380 tempore
1396 3308 1536 3363 Deus
1557 3323 1651 3377 per
1671 3322 1885 3362 manum

297 3405 467 3478 Moysi
493 3447 508 3472 ,
542 3411 807 3459 noverunt
831 3415 1018 3457 omnes
1043 3401 1132 3470 qui
1162 3401 1288 3455 istas
1323 3399 1624 3469 Scripturas
1662 3398 1888 3454 libenter

296 3497 523 3554 audiunt
551 3497 604 3551 in
629 3493 867 3551 Ecclesia
893 3535 909 3560 ,
941 3493 1026 3548 vel
1051 3491 1194 3562 apud
1219 3506 1278 3547 se
1301 3491 1523 3562 legunt,
1556 3489 1640 3545 vel
1668 3504 1883 3560 quoquo

297 3588 459 3645 modo
487 3587 809 3643 didicerunt.
839 3584 1017 3639 Aaron
1049 3581 1216 3639 frater
1245 3581 1412 3651 ipsius
1438 3579 1535 3635 fuit
1556 3621 1572 3646 ,
1601 3593 1760 3650 quem
1791 3594 1884 3635 or-

298 3681 502 3738 dinavit
530 3679 692 3734 etiam
722 3676 1075 3733 sacerdotem.
1107 3676 1174 3731 Et
1201 3674 1274 3731 ibi
1299 3674 1514 3746 quidem
1543 3688 1650 3729 non
1677 3673 1888 3728 videtur

299 3772 549 3829 sacerdos
575 3785 694 3826 esse
718 3811 731 3836 ,
763 3769 866 3825 nisi
889 3770 1088 3825 Aaron.
1119 3769 1316 3838 Aperte
1338 3767 1481 3822 enim
1507 3767 1561 3822 in
1587 3766 1693 3830 illis
1717 3766 1884 3822 Litte-

301 3863 376 3918 ris
419 3864 600 3918 Aaron
643 3861 946 3917 nominatur
991 3859 1240 3915 sacerdos
1284 3858 1379 3914 Dei
1429 3857 1645 3929 (Exod.
1673 3873 1840 3913 xxvnt
1867 3897 1885 3925 ,

302 3954 330 4011 I
356 3994 374 4020 ,
401 3951 543 4025 etc.)
574 3971 588 4007 :
629 3951 699 4008 de
731 3951 912 4023 Moyse
954 3966 1063 4006 non
1102 3950 1175 4006 ibi
1219 3949 1413 4006 dicitur
1457 3948 1599 4019 quod
1638 3948 1888 4005 sacerdos

303 4055 439 4103 erat.
466 4044 573 4102 Sed
601 4045 647 4099 si
675 4044 777 4100 hoc
797 4059 903 4098 non
925 4051 1041 4099 erat
1064 4083 1078 4109 ,
1107 4030 1233 4112 quid
1255 4042 1412 4097 erat?
1434 4040 1690 4111 numquid
1716 4040 1888 4112 major

303 4136 580 4194 sacerdote
608 4150 726 4190 esse
755 4135 1005 4206 poterat?
1035 4133 1300 4204 Exprimit
1326 4133 1343 4164 ί
1371 4132 1608 4202 psalmus
1638 4132 1738 4187 iste
1764 4131 1888 4202 quia

304 4241 358 4287 et
383 4231 498 4301 ipse
525 4228 777 4284 sacerdos
803 4235 918 4283 erat
943 4244 958 4281 :
992 4226 1194 4297 Moyses
1211 4267 1225 4291 ,
1254 4234 1300 4280 et
1328 4223 1498 4278 Aaron
1534 4224 1589 4278 in
1611 4223 1887 4278 sacerdoti-

314 4323 403 4379 bus
427 4324 560 4395 ejus.
588 4321 728 4392 Ergo
756 4328 908 4376 crant
935 4318 1011 4374 illi
1055 4317 1263 4373 Domini
1301 4315 1626 4373 sacerdotes.
1672 4315 1888 4373 Samuel

302 4423 489 4487 postea
515 4413 623 4483 jam
652 4413 709 4468 in
736 4411 874 4467 libro
897 4410 1200 4481 Regnorum
1245 4408 1475 4480 legitur:
1523 4407 1624 4464 iste
1664 4416 1746 4463 est
1791 4405 1889 4464 Sa-

301 4507 446 4565 muel
491 4505 821 4576 temporibus
869 4502 1073 4569 David;
1121 4517 1244 4557 nam
1286 4502 1399 4572 ipse
1447 4500 1601 4556 unxit
1643 4508 1888 4556 sanctum

310 4597 501 4657 David.
529 4597 748 4653 Samuel
773 4595 840 4651 ab
865 4594 1015 4650 initio
1039 4594 1208 4650 aetatis
1235 4607 1344 4648 sum
1388 4593 1442 4648 in
1479 4591 1676 4661 templo
1699 4591 1886 4649 crevit.

304 4688 470 4746 Mater
493 4688 610 4758 ejus
635 4686 830 4743 sterilis
855 4685 954 4742 fuit
983 4703 998 4742 :
1030 4685 1218 4740 volens
1250 4684 1446 4739 habere
1472 4683 1638 4738 lilium
1662 4723 1678 4749 ,
1711 4683 1887 4738 oravit

307 4780 372 4838 ad
398 4780 686 4837 Dominum
711 4794 832 4834 cum
855 4777 1050 4849 gemitu
1078 4791 1269 4847 magno
1291 4815 1307 4841 ,
1335 4783 1389 4830 et
1412 4783 1600 4845 petens
1639 4781 1698 4828 ut
1738 4772 1891 4828 daret

305 4871 354 4928 ei
382 4871 528 4928 Deus
573 4868 770 4936 ﬁlium,
802 4868 1036 4924 ostendit
1060 4867 1182 4938 quia
1222 4881 1326 4921 non
1369 4864 1650 4920 carnaliter
1694 4864 1891 4921 habere

303 4963 512 5030 voluit,
544 4977 701 5033 quem
731 4969 911 5017 natum
940 4960 1012 5015 illi
1039 4959 1218 5025 dedit,
1250 4959 1339 5028 qui
1377 4972 1497 5012 eum
1537 4970 1656 5011 esse
1699 4955 1886 5012 voluit.

305 5055 466 5112 Vovit
495 5056 638 5114 enim
666 5071 790 5112 eum
817 5053 1040 5109 Domino
1069 5052 1179 5107 Deo
1202 5093 1218 5118 ,
1249 5060 1304 5106 et
1320 5051 1396 5104 ait
1417 5091 1433 5117 ,
1461 5048 1523 5104 Si
1548 5048 1672 5101 mihi
1693 5063 1891 5102 mascu-

305 5150 382 5206 lus
408 5158 561 5205 natus
587 5149 735 5220 fuerit
759 5190 774 5216 ,
806 5145 992 5217 templo
1021 5155 1105 5200 tuo
1132 5144 1308 5198 serviet
1327 5159 1346 5198 :
1375 5150 1430 5198 et
1451 5141 1522 5196 ita
1549 5139 1688 5194 fecit.
1722 5139 1888 5196 Natus

305 5256 524 5300 sanctus
547 5241 766 5299 Samuel
814 5241 912 5295 fuit
955 5239 1093 5310 apud
1141 5245 1365 5294 matrem
1411 5243 1650 5304 tempore
1694 5231 1884 5300 lactis;

306 5352 432 5395 mox
458 5347 518 5392 ut
556 5351 679 5392 eum
721 5332 1040 5400 ablactavit,
1087 5329 1234 5386 dedit
1274 5330 1329 5384 in
1375 5327 1630 5397 templum
1657 5364 1673 5391 ,
1717 5331 1775 5380 ut
1816 5323 1889 5380 ibi

308 5438 612 5498 cresceret,
637 5429 708 5484 ibi
738 5427 1080 5484 roboraretur
1101 5427 1121 5457 ¹
1149 5424 1203 5479 in
1227 5421 1415 5494 spiritu
1439 5461 1455 5488 ,
1481 5419 1554 5475 ibi
1581 5419 1690 5473 Deo
1717 5415 1888 5472 servi-

304 5538 387 5582 ret
415 5544 430 5581 :
461 5522 634 5580 factus
670 5528 753 5578 est
791 5518 1042 5576 sacerdos
1075 5530 1299 5588 magnus
1321 5555 1338 5582 ,
1380 5511 1628 5570 sacerdos
1669 5516 1886 5566 sanctus

364 5661 384 5693 ⁸
411 5667 510 5710 Am.
534 5664 610 5708 Er.
637 5664 690 5708 et
720 5661 928 5720 quatuor
970 5661 1100 5713 Mss,
1145 5647 1428 5720 expropriat
1455 5658 1474 5698 :
1673 5642 1888 5720 verbum

303 5720 396 5774 iam
625 5704 689 5770 et
713 5704 839 5780 apud
864 5704 965 5780 Ant.
990 5704 1198 5780 occurrit
1211 5704 1359 5764 nobis
1381 5704 1788 5775 super'Psalmnm
1803 5704 1888 5767 73.

303 5797 334 5833 ει
376 5785 424 5842 5,
449 5796 612 5846 supra,
629 5781 719 5832 col.
743 5778 855 5838 95¢,
876 5779 929 5846 Im
952 5783 1052 5846 not.
1081 5778 1118 5827 ⁸.

369 5848 390 5879 ⁸
413 5840 606 5910 Aliquot
626 5851 757 5907 lllss.,
781 5840 1080 5907 probaretur.

1407 336 1803 400 BNARRA'I‘IO
1831 335 1898 396 IN
1935 336 2260 400 PSALMUM
2294 337 2525 399 XCVIII.

3441 338 3583 400 H66

1997 444 2094 510 illo
2121 462 2360 526 tempore
2389 454 2410 528 (
2433 455 2455 510 I
2483 454 2610 527 Reg.
2633 467 2654 510 ι
2674 493 2692 523 ,
2715 459 2810 511 etc.
2833 451 2877 526 ).
2906 453 3302 512 Commemorat
3324 453 3457 512 istos
3475 497 3490 522 ,
3521 465 3582 515 et

1996 563 2092 619 per
2117 549 2250 604 istos
2287 563 2474 604 omnes
2513 559 2726 606 sanctos
2767 563 2866 605 nos
2907 549 3021 604 vult
3060 549 3374 620 intelligere.
3402 549 3583 619 Quare

1996 649 2173 698 autem
2203 643 2291 698 hic
2316 643 2434 699 illos
2463 642 2799 698 nominavit?
2835 642 3097 711 Quoniam
3137 641 3374 698 diximus
3419 641 3587 698 Chri-

1996 741 2136 789 stum
2167 733 2252 788 ltic
2282 749 2379 789 nos
2418 733 2617 790 debere
2658 734 2974 805 intelligere.
3015 733 3272 789 Advertet
3312 733 3584 793 Sanctitas

1997 834 2192 880 vestra.
2222 824 2362 879 Dixit
2386 826 2627 896 superius
2651 868 2665 892 ,
2696 824 2932 881 Exaltate
2958 825 3234 881 Dominum
3271 825 3440 881 Deum
3481 843 3583 882 no-

1996 924 2154 971 stram
2177 956 2192 981 ,
2243 923 2292 970 et
2342 916 2550 970 adorate
2594 917 2864 972 scabellum
2914 918 3101 989 pedum
3146 919 3256 990 ejus
3277 960 3296 984 ,
3341 920 3584 988 quoniam

1996 1017 2198 1064 sanctus
2226 1017 2300 1064 est
2325 1024 2345 1064 :
2369 1009 2748 1065 commendans
2774 1011 3056 1081 quemdam
3079 1052 3094 1078 ,
3117 1010 3170 1066 id
3194 1020 3278 1068 est
3298 1011 3584 1069 Dominum

1997 1111 2236 1158 nostrum
2280 1101 2461 1158 Jesum
2501 1100 2772 1157 Christum
2797 1143 2812 1168 ,
2857 1103 3011 1173 cujus
3050 1103 3341 1161 scabellum
3385 1103 3585 1174 pedum

1999 1194 2328 1250 adorandum
2354 1203 2437 1251 est
2459 1235 2474 1259 ,
2506 1193 2628 1265 quia
2657 1209 2871 1250 carnem
2898 1200 3230 1266 assumpsit,
3277 1196 3331 1251 in
3358 1210 3463 1266 qua
3487 1210 3587 1266 ap-

1998 1296 2207 1360 pareret
2233 1288 2417 1358 generi
2444 1287 2677 1342 humano
2701 1304 2715 1353 ;
2748 1295 2803 1342 et
2824 1287 3010 1343 volens
3038 1290 3194 1344 nobis
3220 1288 3504 1346 ostendere
3528 1297 3587 1346 et

1994 1379 2240 1450 antiquos
2271 1387 2448 1450 patres
2474 1380 2646 1450 ipsum
2671 1378 2992 1450 praedicasse
3014 1420 3030 1448 ,
3063 1381 3186 1451 quia
3224 1381 3341 1452 ipse
3379 1389 3464 1437 est
3491 1396 3587 1438 ve-

1995 1485 2087 1526 rus
2111 1470 2360 1526 sacerdos
2383 1472 2636 1526 Dominus
2663 1479 2845 1527 noster
2864 1471 3020 1527 Jesus
3042 1470 3285 1528 Christus
3307 1514 3324 1540 ,
3345 1487 3587 1529 comme-

1996 1561 2222 1616 moravit
2250 1561 2379 1616 istos
2403 1604 2417 1630 ,
2443 1562 2566 1634 quia
2591 1561 2647 1617 in
2674 1563 2920 1618 columna
2946 1562 3101 1619 nubis
3127 1561 3193 1618 ad
3233 1563 3353 1619 illos
3391 1565 3560 1635 quue

1996 1651 2151 1707 batur
2181 1652 2339 1708 Deus.
2368 1653 2504 1720 Quid
2533 1663 2619 1709 est
2640 1697 2655 1722 ,
2683 1655 2738 1709 in
2763 1654 3000 1709 columna
3023 1654 3168 1709 nubis
3190 1655 3216 1709 ?
3243 1655 3587 1726 Loquebatur

1995 1758 2092 1813 per
2117 1743 2331 1815 figuras.
2362 1745 2418 1800 Si
2447 1746 2588 1800 enim
2611 1745 2663 1800 in
2685 1746 2914 1817 quadam
2936 1746 3195 1801 nubecula
3221 1747 3582 1820 loquebatur;

1996 1836 2220 1892 obscura
2250 1837 2339 1891 illa
2363 1837 2501 1892 dicta
2531 1838 2714 1894 nescio
2739 1853 2900 1909 quem
2931 1839 3269 1894 manifestum
3299 1840 3585 1911 praesigne-

1995 1926 2142 1983 bant.
2174 1929 2264 1985 Ille
2287 1937 2462 1984 autem
2485 1931 2664 1986 nescio
2685 1931 2803 2000 quis
2826 1971 2840 1996 ,
2861 1931 2970 2001 jam
2994 1945 3099 1986 non
3121 1939 3203 1987 est
3229 1931 3410 1987 nescio
3430 1932 3580 2003 quis;

1995 2020 2118 2090 quia
2146 2023 2311 2076 scitur
2338 2037 2368 2076 a
2396 2022 2550 2078 nobis
2575 2064 2589 2089 ,
2633 2023 2890 2078 Dominus
2921 2031 3106 2079 noster
3130 2023 3287 2079 Iesus
3309 2023 3580 2082 Christus.

2003 2130 2022 2164 ι
2055 2112 2263 2183 Moyses
2311 2124 2365 2168 et
2409 2116 2589 2170 Aaron
2644 2116 2696 2169 in
2748 2116 3115 2171 sacerdotibus
3175 2117 3330 2186 ejus,
3381 2126 3436 2174 et
3481 2117 3585 2176 Sao-

1994 2203 2140 2258 muel
2209 2204 2263 2258 in
2339 2204 2421 2258 bis
2485 2206 2576 2275 qui
2625 2206 2874 2260 invocant
2924 2221 3119 2261 nomen
3166 2207 3302 2277 ejus.
3357 2206 3583 2264 Invoca-

1994 2294 2124 2351 bant
2181 2297 2502 2364 Dominum,
2565 2307 2619 2354 ct
2676 2299 2791 2368 ipse
2836 2299 3152 2355 exaudiebat
3195 2315 3327 2367 eos;
3378 2301 3430 2356 in
3485 2316 3582 2358 co-

1993 2385 2172 2442 lumna
2219 2387 2373 2445 nubis
2428 2389 2744 2460 loquebatur
2785 2390 2852 2446 ad
2873 2405 2985 2446 eos.
3019 2409 3037 2442 ›
3067 2390 3169 2459 Qui
3193 2392 3366 2462 primo
3391 2392 3580 2464 loque-

1993 2478 2150 2535 batur
2177 2481 2230 2535 in
2271 2481 2518 2536 columna
2561 2482 2752 2550 nubis,
2798 2482 2913 2552 ipse
2957 2482 3110 2537 nobis
3155 2483 3362 2538 locutus
3409 2492 3494 2538 est
3526 2464 3610 2539 in.

1993 2574 2227 2630 scabello
2255 2574 2448 2645 pedum
2479 2589 2694 2630 suorum
2721 2591 2736 2641 ;
2768 2573 2821 2630 id
2851 2583 2934 2630 est
2958 2616 2973 2642 ,
3016 2575 3071 2629 in
3119 2583 3258 2630 terra
3307 2582 3583 2645 assumpta

1994 2678 2155 2720 carne
2179 2705 2194 2732 ,
2221 2665 2364 2722 unde
2391 2665 2678 2722 adoramus
2703 2665 2992 2722 scabellum
3032 2667 3225 2736 pedum
3262 2666 3379 2738 ejus
3405 2708 3420 2732 ,
3449 2682 3586 2737 quo-

1993 2757 2135 2812 niam
2165 2769 2378 2814 sanctus
2399 2769 2499 2814 est.
2534 2758 2653 2829 Ipse
2677 2758 2746 2814 de
2774 2759 2915 2812 nube
2941 2759 3258 2829 loquebatur
3282 2758 3422 2830 quod
3451 2767 3580 2815 tunc

1990 2865 2098 2906 non
2140 2851 2572 2922 intelligebatur;
2631 2851 2854 2908 locutus
2883 2859 2966 2906 est
3004 2851 3058 2904 in
3107 2850 3340 2907 scabello
3380 2850 3578 2921 pedum

1991 2957 2209 3000 suorum
2232 2986 2248 3013 ,
2279 2954 2333 3000 et
2360 2945 2625 3000 intellecta
2656 2952 2780 2999 sunt
2805 2943 2967 2999 verba
2997 2943 3156 2998 nubis
3183 2942 3318 3014 ejus.
3367 2941 3437 2998 In
3486 2959 3578 2999 co-

1991 3037 2166 3092 lumna
2193 3037 2336 3091 nubis
2361 3036 2653 3107 loquebatur
2673 3036 2740 3090 ad
2761 3051 2862 3090 eos.

2064 3132 2150 3186 11.
2191 3130 2544 3186 Attendamus
2597 3145 2766 3201 ergo,
2826 3130 3056 3185 fratres:
3113 3128 3287 3185 videte
3339 3142 3474 3200 quos
3523 3137 3580 3184 et

1991 3220 2176 3292 quales
2203 3230 2416 3276 sanctos
2447 3221 2819 3276 nominaverit.
2873 3239 2892 3273 ι
2923 3219 3306 3276 Custodiebant
3330 3219 3578 3276 testimo-

1995 3330 2017 3365 ι
2054 3313 2141 3367 nia
2171 3313 2285 3382 ejus
2307 3353 2322 3379 ,
2355 3322 2409 3368 et
2436 3320 2701 3382 praecepta
2732 3311 2848 3382 ejus
2874 3326 2992 3382 quae
3015 3311 3162 3365 dedit
3191 3312 3289 3367 eis.
3329 3331 3348 3364 ι
3380 3310 3576 3368 Custo-

1989 3404 2207 3460 diebant
2235 3415 2383 3460 certe
2407 3447 2422 3470 ,
2463 3404 2745 3460 intendite.
2795 3422 2814 3455 t
2847 3402 3229 3458 Custodiebant
3273 3394 3591 3459 testimonia

1996 3514 2017 3548 t
2051 3496 2166 3566 ejus
2190 3537 2204 3562 ,
2237 3503 2291 3551 et
2319 3504 2583 3566 przecepta
2609 3495 2724 3564 ejus
2747 3511 2865 3564 qua:
2889 3494 3036 3549 dedit
3061 3494 3158 3549 eis.
3190 3513 3209 3546 ι
3254 3494 3367 3549 Hoc
3405 3495 3574 3563 dicit,

1989 3597 2045 3645 et
2071 3588 2252 3659 negari
2276 3603 2380 3643 non
2410 3595 2603 3658 potest.
2631 3586 2843 3641 Nihilne
2868 3585 3136 3641 habebant
3161 3586 3363 3655 peccati
3383 3586 3408 3639 Ἰ
3425 3585 3576 3652 Quo-

1989 3679 2193 3735 modo?
2222 3679 2443 3748 Quando
2481 3676 2854 3734 custodiebant
2894 3685 3162 3747 praecepta
3202 3677 3318 3746 ejus
3343 3718 3360 3744 ,
3391 3685 3577 3732 custo-

1990 3772 2206 3828 diebant
2236 3773 2539 3828 testimonia
2568 3771 2702 3841 ejus.
2735 3769 2923 3825 Videte
2947 3769 3132 3840 quales
3176 3784 3276 3824 nos
3305 3770 3433 3824 velit
3456 3768 3572 3824 for-

1989 3865 2164 3929 mari,
2217 3879 2285 3918 ne
2327 3863 2480 3933 quasi
2527 3862 2594 3916 de
2640 3860 2872 3931 perfecta
2911 3859 3114 3929 justitia
3161 3875 3572 3928 prmsumamus.

1990 3955 2129 4011 Ecce
2157 3953 2367 4026 Moyses
2396 3963 2450 4008 et
2492 3953 2670 4008 Aaron
2711 3952 2763 4005 in
2811 3949 3178 4005 sacerdotibus
3211 3950 3363 4019 ejus,
3397 3959 3454 4005 et
3478 3950 3578 4006 Sa-

1990 4048 2133 4104 muel
2161 4048 2214 4103 in
2240 4047 2324 4102 Itis
2359 4049 2451 4117 qui
2498 4046 2747 4101 invocant
2785 4058 2980 4098 nomen
3023 4042 3138 4114 ejus
3161 4082 3176 4108 ,
3223 4041 3291 4096 ad
3329 4056 3464 4112 quos
3506 4041 3578 4098 de

1993 4143 2241 4198 columna
2263 4140 2419 4196 nubis
2447 4138 2762 4210 loquebatur
2784 4179 2799 4206 ,
2827 4147 2933 4192 tam
2963 4144 3147 4206 aperte
3170 4135 3291 4190 illos
3317 4135 3575 4191 exaudie-

1990 4235 2119 4302 bat,
2165 4233 2256 4305 qui
2304 4231 2674 4287 custodiebant
2722 4229 3025 4286 testimonia
3066 4237 3120 4284 et
3151 4237 3416 4299 praecepta
3458 4230 3578 4300 ejus

1990 4344 2109 4400 quae
2135 4326 2283 4383 dedit
2309 4325 2410 4381 eis.
2433 4324 2648 4379 Domine
2669 4366 2685 4391 ,
2713 4323 2919 4394 inquit,
2950 4321 3089 4376 Deus
3113 4331 3282 4376 noster
3303 4363 3318 4388 ,
3343 4331 3397 4376 tu
3418 4338 3579 4376 exau-

1992 4422 2110 4477 disti
2136 4435 2257 4485 eos;
2278 4417 2414 4472 Deus
2435 4457 2452 4483 ,
2477 4425 2531 4470 tu
2556 4415 2805 4487 propitius
2834 4415 2974 4484 fuisti
3002 4413 3126 4466 illis.
3163 4412 3434 4482 Propitius
3467 4427 3578 4470 non

1991 4513 2184 4570 dicitur
2225 4510 2404 4575 Deus,
2451 4506 2554 4562 nisi
2602 4505 2833 4576 peccatis
2874 4523 2887 4559 :
2931 4503 3142 4573 quando
3187 4503 3278 4558 dat
3323 4504 3575 4574 veniam,

1992 4612 2119 4660 tunc
2145 4602 2337 4658 dicitur
2365 4598 2646 4670 propitius.
2678 4595 2747 4650 Et
2772 4594 2896 4666 quid
2923 4595 3151 4650 habebat
3192 4595 3245 4649 in
3281 4594 3396 4650 istis
3434 4595 3578 4666 quod

1991 4695 2320 4756 vindicaret,
2354 4701 2412 4746 ut
2437 4700 2580 4746 esset
2605 4687 2864 4759 propitius
2903 4684 3266 4757 ignoscendo?
3309 4686 3579 4755 Pr0pitius

1992 4797 2109 4846 erat
2133 4785 2382 4842 donando
2412 4791 2627 4854 peccata
2653 4822 2668 4846 ,
2698 4781 2958 4853 propitius
2987 4788 3103 4834 erat
3139 4788 3194 4834 et
3234 4777 3575 4834 vindicando.

1993 4879 2129 4950 Quid
2155 4879 2298 4935 enim
2325 4873 2606 4946 sequitur?
2638 4871 2715 4926 Tu
2740 4871 2987 4942 prapitius
3013 4870 3153 4940 fuisti
3176 4869 3280 4924 illis
3301 4910 3315 4934 ,
3341 4879 3387 4924 et
3407 4870 3587 4932 uindi-g

1993 4988 2114 5028 cans
2137 4971 2191 5024 in
2211 4983 2380 5023 omnes
2405 4964 2696 5033 affectiones
2725 4979 2916 5018 eorum.
2948 4962 3121 5017 Etiam
3149 4961 3422 5015 vindicans
3449 4975 3574 5030 pro-

1991 5063 2153 5135 pitius
2181 5059 2367 5115 fuisti:
2409 5071 2514 5113 non
2549 5055 2724 5111 solum
2768 5053 2972 5109 donans
3011 5059 3229 5123 peccata
3251 5050 3394 5122 ,_sed
3417 5051 3580 5107 etiam

1993 5153 2268 5210 vindicans
2290 5149 2550 5221 prepitius
2576 5146 2741 5202 fuisti.
2774 5144 2962 5200 Videte
2988 5184 3006 5212 ,
3043 5143 3232 5199 fratres
3269 5141 3413 5207 mei,
3451 5141 3580 5212 quid

1993 5247 2081 5303 hic
2135 5240 2564 5306 commendavit;
2621 5237 2900 5292 advertite.
2959 5235 3040 5290 Illi
3094 5235 3236 5289 Deus
3289 5232 3574 5301 irascitur,

1993 5354 2152 5411 quem
2177 5342 2485 5408 peccantem
2515 5346 2621 5388 non
2645 5329 2916 5400 ﬂagellat:
2949 5341 3074 5382 nam
3109 5326 3194 5381 cui
3235 5341 3360 5382 vere
3398 5326 3579 5397 propi-

1992 5435 2099 5490 tius
2126 5439 2210 5488 est
2233 5472 2249 5500 ,
2275 5444 2380 5484 non
2410 5427 2583 5483 solum
2625 5424 2792 5480 donat
2830 5429 3046 5493 peccata
3071 5461 3086 5488 ,
3138 5435 3207 5476 ne
3242 5430 3472 5476 noceant
3508 5421 3579 5477 ad

1991 5529 2225 5595 futurum
2263 5522 2555 5587 saeculum;
2607 5517 2702 5575 sed
2754 5515 2915 5572 etiam
2965 5515 3225 5586 castigat,
3261 5529 3331 5571 ne
3366 5529 3581 5585 semper

1991 5633 2216 5692 peccare
2241 5616 2490 5672 delectet.

2067 5710 2158 5767 12.
2197 5707 2351 5779 Agite
2373 5746 2390 5774 ,
2423 5703 2657 5768 fratres;
2701 5697 2970 5773 quomodo
3016 5697 3071 5754 in
3110 5697 3215 5755 illis
3250 5695 3574 5752 vindicatum

1993 5812 2078 5866 est
2101 5805 2148 5863 si
2172 5809 2475 5876 queramus
2497 5835 2516 5867 ,
2538 5793 2714 5853 aderit
2744 5793 3000 5876 Dominus
3032 5799 3093 5878 ut
3132 5792 3328 5850 dicam.
3353 5791 3576 5860 Quaera-
