4058 6480
400 347 553 443 me

402 484 527 555 mus
552 491 696 552 enim
729 499 840 550 tres
864 489 995 548 istas
1015 498 1274 563 personas
1295 529 1312 555 ,
1340 483 1559 558 Moysen
1582 523 1598 551 ,
1624 487 1680 540 et
1702 482 1882 538 Aaron
1904 523 1920 551 ,
1943 487 1998 536 et

403 577 713 646 Samuelem
738 629 753 654 ,
781 591 836 641 et
860 580 1128 655 quomodo
1157 581 1210 635 in
1253 577 1330 635 eis
1373 577 1695 636 vindicatum
1739 577 1851 646 sit,
1875 578 1999 652 quia

405 680 542 739 dixit
571 723 585 747 ,
637 677 915 734 Vindicans
959 676 1014 731 in
1049 689 1218 729 omnes
1257 670 1549 739 affectiones
1580 688 1751 726 eorum
1775 687 1794 726 :
1820 672 2001 742 utique

405 791 504 834 eas
532 773 843 830 affectiones
871 769 1051 824 dicens
1082 782 1267 823 eorum
1294 807 1308 832 ,
1336 781 1468 838 quas
1493 765 1751 822 Dominus
1780 773 2003 820 noverat

406 869 466 926 in
505 865 754 923 cordibus
793 863 1000 919 illorum
1027 902 1042 928 ,
1095 876 1227 932 quas
1267 859 1510 915 homines
1562 875 1669 916 non
1722 868 1998 916 noverant.

409 959 626 1016 Etenim
659 957 772 1010 sine
798 952 1010 1024 querela
1043 951 1318 1006 hominum
1346 951 1694 1006 versabantur
1729 947 1782 1006 in
1826 952 2004 1007 medio

409 1051 583 1123 plebis
625 1037 738 1102 Dei.
784 1044 888 1101 Sed
929 1044 1056 1115 quid
1103 1043 1372 1098 dicimus?
1399 1043 1519 1113 quia
1561 1043 1768 1115 Moyses
1818 1043 2005 1099 habuit

413 1145 638 1215 primam
668 1140 828 1193 vitam
855 1137 1079 1192 fortasse
1106 1136 1456 1207 peccatricem
1477 1135 1499 1190 ζ’
1524 1137 1653 1191 Nam
1680 1147 1733 1191 et
1753 1153 2006 1208 percusso

413 1235 630 1291 homine
651 1273 664 1297 ,
700 1231 828 1301 fuglt
855 1229 921 1284 dc
946 1228 1174 1300 XEgypto
1199 1229 1217 1299 (
1243 1228 1409 1282 Exod.
1438 1245 1472 1283 11
1499 1230 1601 1291 ,12
1620 1272 1634 1294 ,
1661 1229 1727 1284 15
1752 1228 1790 1299 ).
1817 1228 2008 1283 Habuit

413 1335 468 1385 et
508 1328 682 1381 Aaron
724 1324 948 1394 primam
987 1311 1148 1378 vitam
1189 1339 1307 1394 quae
1345 1322 1652 1394 displiceret
1691 1323 1820 1379 Deo.
1876 1324 2005 1378 Nam

415 1407 530 1493 ipse
561 1423 843 1478 insanienti
873 1421 1069 1495 populo
1101 1434 1154 1479 et
1182 1422 1377 1477 furenti
1421 1421 1620 1476 idolum
1664 1422 1908 1494 permisit
1954 1433 2012 1478 ut

416 1513 572 1571 ﬁeret
596 1557 628 1588 ,ι
657 1524 712 1571 et
748 1516 942 1572 factum
975 1527 1056 1572 est
1079 1515 1276 1587 populo
1307 1515 1399 1569 Dei
1432 1514 1630 1570 idolum
1661 1514 1804 1587 quod
1831 1514 2012 1569 adora-

415 1594 498 1664 ret
527 1606 653 1680 (Id.
684 1625 835 1663 xxx"
861 1651 876 1677 ,
907 1610 1000 1664 1-ι1
1024 1608 1067 1681 ).
1116 1608 1330 1665 Samuel
1372 1609 1498 1679 quid
1539 1609 1700 1674 fecit,
1730 1609 1902 1664 infans
1944 1608 2011 1663 ad

417 1699 677 1769 templum
707 1700 906 1754 datus
930 1701 1128 1756 Omnes
1154 1709 1338 1756 :etates
1364 1716 1489 1755 suas
1531 1701 1671 1756 inter
1707 1709 1890 1756 sancta
1929 1716 2013 1754 sa-

419 1775 694 1846 cramenta
726 1793 814 1847 Dei
847 1794 1050 1864 peregit
1073 1836 1089 1864 ,
1124 1793 1191 1848 ab
1218 1795 1437 1848 ineunte
1463 1802 1619 1849 mtate
1640 1794 1868 1848 famulus
1896 1795 2011 1849 Dei.

419 1877 561 1960 Nihil
591 1901 820 1954 unquam
849 1885 1048 1940 dictum
1074 1894 1157 1942 est
1182 1886 1248 1942 de
1273 1886 1522 1942 Samuele
1545 1928 1560 1954 ,
1591 1886 1721 1940 nihil
1747 1887 1814 1941 ab
1839 1885 2018 1941 homi-

421 1973 603 2030 nibus.
631 1974 865 2031 Noverat
893 1977 965 2032 ibi
994 1976 1129 2033 forte
1163 1977 1300 2034 Deus
1326 1978 1526 2048 aliquid
1556 1977 1698 2049 quod
1725 1987 2013 2048 purgaret;

425 2067 548 2137 quia
576 2077 629 2123 et
657 2069 796 2138 quod
833 2070 1122 2138 perfectum
1159 2071 1269 2140 jam
1318 2071 1527 2127 videtur
1573 2071 1875 2127 hominibus
1898 2111 1914 2137 ,
1944 2072 2020 2126 illi

425 2161 743 2230 perfectioni
771 2162 944 2218 adhuc
976 2164 1341 2235 imperfectum
1372 2176 1474 2222 est.
1511 2166 1772 2237 Pleraque
1819 2166 2020 2221 faciunt

425 2252 658 2308 artiﬁces
685 2296 698 2319 ,
728 2262 782 2308 et
809 2256 1096 2310 ostendunt
1124 2258 1383 2326 imperitis
1408 2275 1422 2324 ;
1455 2269 1508 2312 et
1536 2273 1656 2314 cum
1677 2259 1786 2329 jam
1808 2259 2020 2329 judica-

426 2343 604 2397 verint
635 2343 866 2415 imperiti
894 2360 1012 2399 esse
1036 2348 1267 2416 perfecta
1295 2391 1309 2414 ,
1343 2349 1618 2420 expoliunt
1639 2351 1728 2404 illa
1751 2350 1982 2404 artiﬁces
2001 2391 2016 2416 ,

428 2433 522 2504 qni
548 2446 812 2490 noverunt
835 2438 1010 2492 adhuc
1034 2441 1158 2508 quid
1190 2441 1290 2495 illis
1320 2442 1504 2509 desit,
1540 2451 1597 2496 ut
1635 2443 1896 2496 mirentur
1928 2441 2025 2496 ho-

431 2526 604 2581 mines
653 2537 854 2583 tantam
903 2531 1290 2602 expolitionem
1334 2535 1493 2589 rebus
1536 2535 1836 2600 accidisse,
1891 2551 2025 2604 quas

426 2617 536 2688 jam
563 2620 822 2689 perfectas
845 2624 1338 2693 pronuntiaverant.
1368 2627 1451 2680 Fit
1474 2626 1574 2682 hoc
1593 2637 1647 2682 et
1673 2629 1724 2682 in
1749 2627 2021 2695 aediﬁciis,

431 2718 488 2765 et
515 2709 565 2764 in
595 2713 814 2782 picturis
839 2756 853 2782 ,
882 2717 1011 2770 etin
1039 2717 1275 2772 vestibus
1301 2760 1315 2784 ,
1357 2729 1411 2774 et
1451 2735 1619 2790 prope
1656 2719 1709 2774 in
1745 2721 1890 2774 omni
1933 2735 2028 2790 ge-

433 2817 567 2858 nere
596 2804 810 2861 artium.
844 2807 1025 2862 Primo
1060 2810 1300 2880 judicant
1347 2810 1480 2866 illud
1513 2812 1622 2881 jam
1661 2813 1811 2882 quasi
1853 2815 2028 2882 perfe-

435 2902 580 2950 ctum
609 2913 730 2953 esse
752 2939 768 2967 ,
802 2909 860 2953 nt
884 2901 1023 2955 oculi
1052 2917 1236 2957 eorum
1263 2904 1492 2974 amplius
1524 2905 1657 2959 nihil
1683 2905 1988 2961 desiderent
2013 2926 2027 2962 :

435 2989 535 3047 sed
564 2991 705 3045 aliud
728 2989 932 3058 judicat
954 2997 1140 3051 oculus
1163 2998 1442 3067 imperitus
1464 3038 1481 3066 ,
1508 2999 1876 3069 aliudjudicat
1897 3001 2031 3056 artis

441 3083 648 3154 regula.
677 3083 766 3140 Sic
791 3096 843 3141 et
870 3087 943 3141 illi
974 3090 1144 3144 sancti
1166 3090 1516 3146 versabantur
1541 3101 1662 3147 ante
1686 3093 1870 3147 oculos
1894 3093 1987 3147 Dei
2012 3135 2029 3160 ,

440 3183 698 3247 tanquam
749 3178 864 3234 sine
910 3181 1102 3251 culpa,
1165 3191 1414 3252 tanquam
1465 3183 1728 3256 perfecti,
1781 3195 2033 3256 tanquam

443 3267 619 3337 angeli
651 3288 663 3323 ε
694 3281 916 3326 noverat
940 3283 1116 3328 autem
1142 3275 1269 3345 quid
1296 3276 1398 3331 illis
1436 3277 1688 3344 deesset,
1733 3279 1821 3349 qui
1861 3279 2036 3334 vindi-

443 3361 601 3416 cabat
630 3363 680 3416 in
713 3380 902 3421 omnes
927 3368 1237 3424 affectiones
1268 3386 1475 3426 eorum.
1516 3372 1827 3428 Vindicabat
1857 3384 2034 3428 autem

444 3466 554 3506 non
585 3453 822 3509 irascens
846 3499 860 3523 ,
892 3459 984 3512 sed
1015 3461 1279 3530 pr0pitius
1318 3481 1329 3515 :
1379 3463 1447 3516 ad
1483 3461 1585 3517 hoc
1631 3463 1936 3519 vindicabat
1980 3473 2040 3519 ttt

447 3543 734 3614 perﬁceret
761 3558 994 3618 emptum
1020 3592 1034 3616 ,
1067 3567 1171 3606 non
1201 3561 1258 3606 ut
1281 3553 1564 3610 damnaret
1587 3556 1818 3626 ejectum
1843 3559 1882 3612 ί.
1913 3556 2042 3611 Vin-

449 3634 637 3690 dicans
664 3654 793 3709 ergo
822 3641 872 3694 in
912 3656 1099 3698 omnes
1131 3643 1440 3701 affectiones
1481 3663 1668 3703 eorum
1712 3657 1828 3703 erat
1875 3650 2038 3706 Deus.

451 3727 733 3794 Quomodo
763 3731 1051 3788 vindicavit
1080 3736 1131 3789 in
1165 3735 1514 3793 Samuelem?
1553 3740 1648 3795 ubi
1686 3750 1769 3797 est
1807 3742 2043 3798 vindicta

452 3818 568 3891 ipsa
592 3821 616 3875 ?
641 3821 753 3878 Hoc
778 3824 898 3880 dico
919 3869 933 3891 ,
965 3837 1024 3882 ut
1051 3830 1299 3886 noverint
1322 3829 1610 3890 Christiani
1637 3874 1652 3901 ,
1681 3836 1770 3906 qui
1806 3837 1916 3904 jam
1959 3836 2046 3893 hic

453 3926 824 3984 cognoverunt
853 3919 1119 3976 Christum
1143 3964 1158 3990 ,
1187 3923 1254 3979 ad
1274 3940 1410 3994 quos
1432 3928 1579 3982 venit
1610 3928 1660 3982 in
1684 3929 1918 3984 scabello
1949 3944 2044 3998 pe-

455 4004 584 4062 dum
614 4023 830 4064 suorum
857 4053 871 4077 ,
895 4027 1030 4082 quos
1059 4015 1131 4068 ita
1157 4015 1380 4082 dilexit,
1405 4034 1503 4088 pro
1522 4020 1712 4090 quibus
1736 4022 2046 4092 sanguinem

455 4095 628 4172 fudit;
672 4103 915 4158 noverint
971 4107 1237 4176 quomodo
1291 4112 1582 4180 vapulent,
1641 4128 1763 4169 cum
1820 4115 2047 4170 multum

456 4190 802 4260 profecerint.
854 4195 1153 4264 Quaerimus
1192 4201 1475 4256 vindictam
1518 4203 1571 4257 in
1608 4205 1828 4276 Moyse;
1883 4221 2050 4276 prope

459 4283 658 4338 nullam
691 4286 887 4352 habet,
929 4290 1030 4344 nisi
1059 4292 1202 4362 quod
1230 4293 1297 4348 ad
1327 4304 1626 4350 extremum
1656 4299 1730 4351 ait
1757 4297 1834 4352 illi
1865 4299 2004 4354 Dens
2031 4317 2046 4353 :

457 4371 690 4428 Ascende
721 4377 773 4431 in
813 4387 1068 4452 montem,
1117 4389 1163 4435 et
1207 4399 1415 4438 ntorere.
1463 4386 1555 4439 Ait
1602 4387 1755 4452 seni,
1813 4387 2054 4444 Morere:

458 4464 570 4536 jam
601 4479 876 4539 peregerat
904 4479 1086 4529 aetates
1114 4487 1237 4528 suas
1275 4477 1599 4546 :‘numquid
1634 4493 1902 4550 nunquam
1938 4489 2056 4536 erat

463 4559 800 4616 moriturus?
830 4561 1014 4633 Qualis
1044 4565 1132 4620 illa
1169 4566 1444 4623 vindicta?
1479 4569 1725 4626 Ostendit
1767 4572 1840 4627 ibi
1885 4574 2055 4629 vindi-

467 4657 606 4706 ctam
637 4666 785 4707 suam
811 4693 829 4721 ,
859 4664 917 4710 ut
945 4655 1182 4724 diceret,
1216 4657 1340 4713 Non
1368 4661 1578 4717 intrabis
1618 4663 1670 4718 in
1719 4671 1903 4718 terram
1931 4683 2052 4736 pro-

469 4746 721 4829 missionis
750 4749 768 4817 (
792 4747 948 4804 Deut.
977 4767 1122 4807 xxm
1147 4793 1161 4819 ,
1185 4754 1272 4820 49,
1305 4754 1376 4810 52
1401 4756 1442 4826 ),
1470 4772 1576 4827 quo
1612 4758 1903 4816 intraturus
1940 4771 2058 4819 erat

469 4839 749 4911 populus?
809 4843 1104 4912 Quamdam
1159 4847 1384 4919 ﬁguram
1435 4852 1785 4920 quorumdam
1837 4855 2057 4926 gerebat

469 4933 697 5009 Moyses.
730 4939 862 4996 Nam
892 4943 982 5012 qui
1008 4944 1062 4999 in
1088 4959 1310 5016 regnum
1339 4948 1597 5004 caelorum
1637 4951 1891 5018 intravit,
1938 4968 2056 5007 ma-

469 5045 572 5100 gna
602 5031 675 5086 illi
701 5047 858 5103 paena
887 5045 1003 5096 erat
1027 5037 1093 5093 ad
1123 5046 1318 5094 terram
1353 5041 1499 5096 illam
1539 5057 1647 5098 non
1693 5045 1875 5099 venire
1897 5084 1913 5112 ,
1938 5060 2058 5115 qua:

470 5120 540 5176 ad
570 5130 781 5195 tempus
806 5137 922 5182 erat
949 5130 1210 5198 promissa
1233 5172 1250 5196 ,
1281 5141 1342 5188 ut
1367 5134 1609 5189 umbram
1654 5135 1965 5191 ostenderet
2003 5143 2062 5191 et

473 5215 768 5271 transiret?
791 5217 980 5275 Nonne
1009 5221 1163 5277 multi
1191 5223 1378 5293 perﬁdi
1405 5227 1670 5283 intrarunt
1697 5228 1751 5282 in
1774 5228 1917 5283 illam
1947 5236 2058 5284 ter-

471 5309 636 5363 ram?
664 5326 844 5368 nonne
868 5315 922 5369 in
946 5315 1034 5372 illa
1062 5326 1202 5373 terra
1233 5319 1474 5376 viventes
1521 5323 1686 5376 multa
1732 5323 1871 5376 mala
1918 5320 2062 5377 fece-

475 5410 644 5471 runt,
673 5415 728 5460 et
772 5408 936 5466 Deum
973 5412 1350 5470 offenderunt?
1389 5431 1570 5472 nonne
1612 5425 1668 5472 et
1703 5415 2061 5471 idololatriam

475 5497 644 5549 secuti
672 5507 796 5553 sunt
823 5501 876 5554 in
905 5503 1017 5571 ipsa
1046 5507 1231 5561 terra?
1254 5505 1498 5578 Magnum
1540 5518 1657 5564 erat
1698 5521 1805 5562 non
1847 5507 2063 5564 dedisse

475 5593 676 5640 terram
703 5587 858 5645 istam
885 5592 1092 5666 Moysi?
1123 5597 1231 5653 Sed
1260 5599 1478 5671 Moysen
1502 5599 1665 5654 voluit
1691 5608 1906 5670 gestare
1931 5600 2064 5670 ﬁgu-

476 5691 592 5738 ram
621 5693 806 5734 eorum
833 5685 921 5753 qui
964 5688 1076 5742 sub
1102 5689 1246 5759 Lege
1285 5699 1440 5746 erant
1468 5733 1484 5758 ,
1533 5691 1657 5762 quia
1706 5705 1803 5760 per
1845 5689 2063 5762 Moysen

457 5767 599 5856 ‘data
628 5779 710 5824 est
740 5772 848 5831 Lex
874 5797 886 5833 :
916 5788 969 5836 et
997 5783 1231 5839 ostendit
1263 5797 1355 5840 eos
1383 5785 1473 5856 qui
1501 5784 1602 5840 sub
1627 5784 1767 5857 Lege
1798 5797 1922 5842 esse
1953 5783 2068 5842 vei-

460 5871 464 5886 ’
531 5884 551 5914 ⁸
578 5887 694 5946 Reg-
723 5891 825 5952 Μεσ,
857 5898 1074 5952 electum.

1589 371 1594 376 π
1644 363 1706 424 s.
1745 337 2117 423 sucusrtrtt
2153 347 2455 425 EPISCOPI

3539 372 3677 431 1268

2107 483 2256 553 ient,
2284 495 2339 542 et
2365 486 2464 542 sub
2491 487 2658 557 gratia
2705 501 2827 544 esse
2867 488 3107 556 nollent,
3148 501 3258 546 non
3297 489 3585 547 intraturos
3626 491 3681 549 in

2104 587 2306 636 terram
2359 581 2748 650 promissionis.
2789 582 2930 655 Ergo
2985 583 3114 638 illud
3149 583 3292 655 quod
3345 583 3546 640 dictum
3600 595 3687 642 est

2105 670 2270 742 Moysi
2297 715 2312 740 ,
2337 672 2502 741 ﬁgura
2524 682 2677 743 erat,
2700 689 2807 729 non
2834 689 3009 745 poena.
3037 674 3162 732 Seni
3184 690 3326 730 mors
3347 691 3465 746 quae
3490 677 3684 746 pana?

2106 762 2223 819 Non
2253 763 2455 820 intrare
2480 765 2534 820 in
2558 765 2702 821 illam
2736 775 2932 822 terram
2957 783 3075 837 quae
3103 782 3258 838 paena
3283 808 3298 832 ,
3323 782 3430 845 quo
3458 768 3689 824 intrave-

2107 866 2235 912 runt
2273 857 2518 928 indigni?
2556 859 2631 914 De
2671 859 2850 914 Aaron
2907 869 3084 914 autem
3138 859 3264 930 quid
3308 859 3507 915 dictum
3563 861 3691 918 est?

2112 949 2350 1005 Mortuus
2376 959 2460 1006 est
2486 961 2540 1006 et
2568 953 2680 1021 ipse
2709 967 2870 1024 senex
2894 992 2910 1020 ,
2938 951 3030 1006 ﬁlii
3057 951 3140 1007 sui
3169 959 3540 1008 successerunt
3563 951 3614 1008 ei
3639 953 3696 1008 in

2112 1042 2452 1108 sacerdotio;
2505 1043 2646 1097 ﬁlius
2681 1043 2796 1113 ejus
2834 1053 3016 1114 postea
3062 1043 3418 1099 sacerdotium
3463 1042 3696 1098 admini-

2113 1135 2302 1189 stravit
2333 1135 2352 1206 (
2376 1133 2536 1188 Num.
2569 1151 2648 1190 xx
2672 1177 2689 1203 ,
2711 1135 2877 1192 24-28
2901 1153 2915 1201 ;
2943 1145 2989 1190 et
3013 1152 3179 1191 xxxni
3205 1177 3220 1202 ,
3249 1135 3355 1207 58)
3385 1155 3399 1191 :
3428 1137 3702 1206 quomodo

2115 1237 2168 1282 ct
2194 1228 2245 1282 in
2274 1229 2430 1282 istum
2463 1228 2792 1283 vindicavit?
2818 1227 3034 1284 Samuel
3063 1239 3118 1284 et
3141 1229 3255 1299 ipse
3281 1237 3496 1286 sanctus
3534 1244 3703 1286 senex

2116 1330 2358 1378 mortuus
2387 1331 2469 1378 est
2494 1365 2508 1388 ,
2540 1323 2740 1378 relictis
2772 1323 2894 1379 ﬁliis
2920 1323 3318 1394 successoribus
3341 1323 3451 1379 suis
3481 1323 3500 1394 (
3523 1323 3539 1377 1
3567 1324 3701 1394 Reg.

2116 1431 2209 1470 vnt
2235 1456 2248 1479 ,
2278 1416 2302 1469 1
2337 1432 2350 1480 ;
2381 1425 2426 1470 ct
2452 1432 2580 1481 xxv,
2615 1416 2641 1471 1
2670 1417 2710 1488 ).
2743 1415 2878 1485 Quid
2910 1423 2994 1471 est
3030 1415 3172 1486 quod
3217 1417 3270 1470 in
3313 1416 3432 1472 illos
3467 1415 3708 1473 vindica-

2120 1517 2230 1563 tum
2257 1516 2340 1564 est
2369 1524 2552 1579 quaero
2579 1550 2593 1574 ,
2624 1517 2679 1564 et
2706 1508 2999 1564 secundum
3027 1508 3270 1564 homines
3298 1523 3404 1564 non
3447 1509 3662 1564 invenio
3688 1526 3705 1564 :

2121 1601 2414 1657 secundum
2441 1611 2618 1656 autem
2647 1601 2788 1670 quod
2821 1602 2933 1655 scio
2964 1603 3068 1670 pati
3097 1616 3286 1656 servos
3307 1601 3400 1656 Dei
3428 1643 3441 1667 ,
3470 1601 3714 1671 quotidie

2123 1693 2176 1749 in
2206 1695 2329 1750 illos
2355 1694 2746 1749 vindicabatur.
2777 1694 2960 1764 Legite
2983 1736 2997 1759 ,
3025 1703 3079 1750 et
3115 1695 3291 1750 videte
3332 1694 3592 1750 vindictas
3616 1736 3632 1762 ,
3655 1704 3714 1751 et

2123 1789 2214 1860 qui
2241 1788 2500 1858 proﬁcitis
2545 1789 2675 1843 ferte
2713 1788 2989 1844 vindictas.
3038 1789 3284 1858 Quotidie
3312 1790 3330 1822 ¹
3376 1789 3716 1859 patiebantur

2124 1881 2348 1951 populos
2375 1880 2799 1936 contradicentes
2821 1923 2837 1946 ,
2882 1880 3117 1950 quotidie
3156 1881 3492 1950 patiebantur
3527 1882 3714 1953 inique

2125 1976 2406 2040 viventes;
2436 1984 2490 2030 et
2532 1975 2668 2030 inter
2715 1975 2834 2029 illos
2870 1974 3050 2030 vivere
3087 1975 3412 2044 cogebantur
3437 2016 3453 2042 ,
3485 1989 3726 2045 quorum

2128 2069 2296 2124 vitam
2340 2069 2574 2139 quotidie
2620 2067 3100 2137 reprehendebant.
3143 2068 3270 2122 Haec
3309 2077 3424 2123 erat
3459 2067 3715 2123 vindicta.

2128 2162 2372 2218 Nondum
2403 2162 2650 2231 proﬁcit,
2680 2161 2764 2216 cui
2793 2175 2952 2230 parva
2982 2168 3084 2215 est.
3116 2159 3343 2215 Tantum
3367 2167 3418 2215 te
3437 2163 3578 2216 enim
3605 2168 3723 2215 tor-

2129 2264 2258 2326 quet
2312 2255 2567 2324 injustitia
2615 2254 2830 2320 aliena,
2870 2263 3128 2324 quantum
3178 2253 3470 2308 recesseris
3522 2268 3554 2307 a
3606 2261 3718 2307 tua.

2131 2347 2264 2403 Cum
2295 2347 2439 2404 enim
2469 2346 2635 2402 fueris
2666 2346 2987 2402 frumentum
3010 2387 3026 2413 ,
3060 2345 3112 2400 id
3155 2354 3236 2400 est
3258 2344 3422 2400 herba
3469 2346 3607 2401 bona
3653 2345 3728 2403 de

2132 2443 2337 2497 semine
2379 2441 2562 2510 bono,
2620 2441 2761 2495 ﬁlius
2809 2439 3000 2510 regni,
3057 2454 3178 2494 cum
3218 2440 3463 2510 coeperis;
3493 2439 3725 2494 fructum

2132 2533 2264 2588 dare
2288 2576 2304 2600 ,
2333 2541 2458 2588 tunc
2489 2533 2583 2587 tibi
2614 2533 2947 2602 apparebunt
2977 2533 3176 2587 zizania
3201 2551 3214 2587 :
3242 2550 3355 2586 cum
3378 2533 3517 2588 enim
3541 2534 3732 2588 crevis-

2134 2636 2208 2682 set
2234 2627 2386 2682 herba
2411 2668 2426 2693 ,
2455 2637 2501 2681 et
2541 2627 2763 2696 fructum
2793 2627 3024 2696 fecisset,
3055 2637 3174 2680 tunc
3208 2636 3554 2698 apparuerunt
3591 2629 3735 2681 ziza-

2136 2719 2244 2773 nia.
2278 2719 2409 2773 Cum
2437 2719 2696 2787 coeperint
2724 2733 2985 2788 apparere
3007 2718 3207 2772 zizania
3234 2760 3249 2786 ,
3275 2717 3482 2773 videbis
3509 2727 3561 2774 te
3587 2719 3734 2774 inter

2137 2811 2328 2866 malos.
2358 2810 2508 2866 Velle
2535 2810 2701 2865 habes
2727 2811 2880 2881 quasi
2918 2825 3168 2880 separare
3196 2824 3226 2863 a
3256 2819 3307 2864 te
3330 2811 3530 2876 malos,
3560 2819 3615 2866 et
3638 2825 3733 2866 se-

2138 2917 2329 2973 parare
2367 2902 2434 2956 ab
2474 2902 2714 2957 Ecclesia
2759 2917 2948 2960 omnes
2993 2902 3202 2969 malos;
3248 2903 3593 2974 respondebit
3634 2903 3731 2959 tibi

2141 2996 2350 3052 Domini
2377 2997 2642 3052 sententia
2683 3014 2699 3052 :
2745 2995 2910 3052 Sinite
2946 3007 3158 3065 utraque
3194 3013 3414 3052 crescere
3459 3014 3616 3068 usque
3661 2998 3736 3053 ad

2140 3105 2350 3144 messem
2373 3126 2389 3154 ,
2417 3103 2478 3142 ne
2498 3089 2628 3157 forte
2647 3105 2762 3142 cum
2781 3089 2928 3142 vultis
2953 3089 3212 3144 eradicare
3228 3090 3428 3144 simnia
3447 3133 3462 3158 ,
3499 3092 3747 3147 eradice-

2143 3181 2207 3235 tis
2225 3180 2376 3234 simul
2397 3189 2442 3234 et
2463 3180 2686 3234 triticum
2713 3181 2732 3251 (
2756 3180 2943 3235 Matth.
2973 3196 3070 3236 xm
3093 3223 3106 3247 ,
3132 3181 3301 3238 26-29
3321 3182 3365 3253 ).
3405 3182 3484 3238 Ex
3519 3191 3749 3240 senten-

2143 3275 2215 3330 tia
2241 3275 2450 3330 Domini
2477 3288 2698 3330 necesse
2720 3275 2822 3330 erit
2841 3289 3061 3346 parcere
3086 3275 3303 3331 zizaniis
3327 3317 3342 3340 ,
3375 3292 3440 3332 ex
3466 3276 3751 3333 conditio.

2143 3383 2214 3422 ne
2242 3367 2380 3422 servi
2412 3382 2630 3422 necesse
2653 3367 2756 3421 erit
2782 3367 2963 3422 vivere
3007 3368 3148 3422 inter
3189 3369 3388 3422 zizania
3419 3386 3432 3422 :
3485 3383 3752 3444 separare

2145 3473 2209 3514 ea
2236 3474 2342 3513 non
2370 3467 2524 3528 potes
2547 3500 2562 3524 ,
2595 3459 2830 3514 tolerare
2860 3459 2954 3513 tibi
2979 3474 3200 3516 necesse
3221 3469 3322 3516 est.
3349 3461 3482 3517 Vide
3510 3471 3753 3532 quantas

2145 3551 2330 3622 plagas
2359 3551 2413 3605 in
2436 3550 2600 3606 corde
2637 3550 2855 3620 patiaris
2881 3592 2896 3618 ,
2944 3553 3034 3624 qui
3079 3567 3306 3622 corpore
3352 3555 3562 3624 integro
3602 3556 3755 3612 inter

2149 3649 2324 3703 malos
2353 3647 2606 3704 versaris.
2655 3646 2958 3703 Probabitis
3003 3648 3323 3718 quicumque
3369 3648 3705 3719 profeceritis
3731 3694 3752 3722 ,

2148 3741 2390 3811 probatis
2439 3739 2529 3810 qui
2571 3739 2680 3809 jam
2731 3739 3053 3809 profecistis.
3107 3739 3402 3794 Toleranda
3450 3750 3573 3796 sunt
3615 3757 3758 3814 ergo

2151 3831 2292 3897 ista;
2324 3840 2377 3887 et
2404 3831 2542 3886 forte
2567 3828 2668 3885 1100
2696 3833 2924 3900 pertinet
2951 3830 3016 3886 ad
3041 3831 3206 3885 illud:
3261 3831 3450 3886 Servus
3488 3835 3572 3900 qui
3608 3836 3757 3890 novit

2151 3927 2458 3980 voluntatem
2477 3925 2670 3978 domini
2690 3925 2768 3978 sui
2791 3964 2805 3990 ,
2829 3932 2874 3978 et
2904 3940 3005 3977 non
3027 3925 3046 3956 ¹
3070 3925 3191 3995 facit
3221 3923 3375 3995 digna
3394 3965 3409 3989 ,
3451 3926 3614 3994 plagis
3656 3940 3758 3980 va-

2155 4019 2350 4090 putabit
2375 4017 2546 4071 multis
2575 4015 2594 4088 (
2621 4015 2747 4069 Luc.
2792 4031 2902 4081 xu,
2953 4016 3060 4080 47,
3101 4015 3170 4070 48
3195 4016 3233 4084 ).
3278 4015 3335 4069 ln
3378 4015 3560 4071 multis
3601 3999 3756 4072 enim

2155 4118 2412 4180 quantum
2441 4108 2596 4162 nobis
2628 4107 2915 4162 innotescit
2945 4106 3187 4161 voluntas
3215 4106 3309 4163 Dei
3333 4149 3348 4174 ,
3376 4109 3534 4162 etiam
3564 4115 3756 4166 reatus

2156 4213 2342 4256 neSter
2367 4200 2653 4255 innotescit
2681 4199 2836 4253 nobis
2860 4215 2874 4263 ;
2901 4205 2953 4253 et
2977 4207 3175 4267 quanto
3215 4198 3306 4255 ille
3346 4199 3499 4255 nobis
3538 4201 3759 4258 innote-

2157 4295 2258 4351 scit
2283 4336 2297 4362 ,
2331 4302 2480 4348 tanto
2509 4293 2626 4363 plus
2657 4293 2794 4347 imus
2821 4292 2873 4346 in
2904 4291 3061 4347 fletus
3091 4299 3147 4347 et
3173 4291 3454 4365 lacrymas.
3492 4292 3758 4353 Videmus

2160 4386 2302 4442 enim
2328 4399 2486 4456 quam
2518 4384 2810 4454 sitjustum
2853 4382 2998 4453 quod
3038 4382 3104 4438 de
3148 4383 3301 4438 nobis
3343 4384 3520 4455 exigat
3564 4385 3708 4439 Deus
3735 4428 3757 4456 ,

2158 4481 2212 4536 in
2259 4487 2456 4550 quanta
2493 4477 2667 4532 adhuc
2709 4476 3110 4546 lmperfectione
3138 4476 3450 4545 iaceamus;
3496 4483 3550 4532 et
3588 4476 3647 4531 ﬁt
3693 4477 3757 4535 in

2160 4572 2316 4628 nobis
2341 4570 2484 4642 quod
2512 4569 2713 4625 dictum
2741 4576 2824 4625 est
2855 4587 2868 4623 :
2904 4568 3005 4635 Qui
3025 4569 3234 4639 apponit
3253 4569 3513 4622 scientiam
3539 4609 3553 4634 ,
3582 4585 3754 4641 appo.

2162 4663 2236 4718 nit
2262 4662 2487 4717 dolorem
2513 4660 2531 4731 (
2562 4659 2730 4714 Eccfe.
2761 4675 2818 4724 1,
2848 4659 2915 4714 18
2940 4657 2980 4730 ).
3020 4659 3156 4713 Ecce
3197 4657 3430 4714 abundet
3459 4659 3512 4713 in
3544 4667 3596 4714 te
3625 4659 3756 4713 cha-

2161 4755 2292 4811 ritas
2317 4794 2330 4817 ,
2373 4753 2492 4824 plus
2520 4752 2724 4807 dolebis
2757 4759 3084 4822 peccantem.
3129 4750 3342 4818 Quanto
3383 4751 3436 4805 in
3487 4755 3540 4806 te
3580 4751 3760 4821 major

2163 4847 2398 4904 Charitas
2427 4855 2546 4914 est,
2577 4852 2724 4901 tanto
2749 4844 2976 4914 amplius
3013 4851 3065 4898 te
3111 4844 3377 4914 torquebit
3415 4855 3572 4917 quem
3618 4835 3758 4899 1010-

2163 4954 2250 4997 ras
2282 4960 2295 4996 :
2327 4955 2431 4996 non
2465 4939 2730 5010 torquebit
2761 4945 3011 5007 tanquam
3044 4936 3359 4991 irascentem
3381 4932 3456 4991 illi
3481 4977 3496 5003 ,
3521 4934 3615 4990 Sed
3645 4937 3756 4990 tati-

2164 5049 2322 5105 qnam
2347 5033 2616 5088 dolentem
2643 5045 2740 5100 pro
2766 5029 2876 5084 illo.

2237 5126 2324 5181 15.
2371 5125 2500 5179 Vide
2521 5123 2740 5179 Paulum
2759 5119 3079 5190 apostolum,
3099 5119 3224 5190 quid
3247 5119 3572 5190 patiebatur;
3597 5117 3719 5174 vide
3735 5120 3760 5152 ³

2165 5219 2285 5290 quis
2312 5217 2437 5288 quid
2468 5217 2806 5286 patiebatur:
2835 5211 3032 5268 Prwter
3061 5211 3174 5280 illa,
3210 5212 3395 5282 inquit,
3429 5217 3541 5281 qua:
3565 5213 3764 5265 extrin-

2167 5330 2306 5370 secus
2329 5321 2445 5367 snnt
2470 5311 2626 5382 (dixit
2649 5310 2790 5364 enim
2817 5307 2979 5362 multa
3015 5323 3134 5378 quze
3165 5306 3484 5377 patiebatur,
3513 5315 3568 5360 et
3592 5308 3764 5376 erepit

2169 5408 2347 5464 dicere
2389 5404 2666 5472 interiora,
2695 5407 2890 5474 prater
2917 5400 3009 5457 illa
3047 5413 3168 5472 quae
3203 5399 3536 5458 extrinsecus
3577 5405 3757 5468 erant,

2227 5586 2260 5659 ᾗ
2276 5587 2477 5659 SieMss.
2501 5582 2711 5645 111Εοοη
2736 5580 2823 5633 sed
2847 5581 2930 5645 qui
2944 5577 3194 5646 proﬁcitis.
3221 5587 3364 5632 Forte
3386 5577 3623 5630 vindictas
3637 5589 3755 5642 quo-

2167 5647 2457 5771 Μξθ
2485 5715 2564 5757 Ms.
2585 5705 3006 5771 caretgparticula,
3031 5718 3170 5771 non;
3193 5705 3282 5771 sed
3315 5717 3428 5771 eam
3469 5703 3546 5771 hic
3568 5702 3759 5752 habent

2170 5775 2338 5823 cwteri
2363 5765 2490 5829 litiri,
2517 5773 2660 5819 etiam
2687 5765 2833 5829 editi;
2865 5765 3064 5831 jamque
3087 5767 3193 5820 allis
3235 5768 3353 5820 locis
3397 5765 3620 5817 eamdem
3639 5777 3760 5816 sen-

2173 5838 2375 5887 tentiam
2399 5835 2460 5882 ita
2479 5834 2618 5881 nobis
2641 5832 2972 5881 exhibuerunt
2996 5833 3100 5880 MSS.

2241 5900 2262 5932 ³
2283 5901 2354 5947 sic
2378 5905 2473 5962 Iteg
2518 5903 2596 5944 Ms.
2623 5903 2680 5946 Αι
2701 5893 2833 5957 add,
2860 5891 2993 5944 vidit.
