4056 6482
287 374 447 441 seu

287 500 426 573 tum
445 486 751 568 astutiam
772 496 802 547 ε
822 489 976 548 malis
1002 480 1443 562 persecutoribus
1457 482 1698 557 Christi),
1722 470 1893 539 incuri

292 572 394 646 sats
421 589 475 644 in
500 602 581 642 me
605 578 949 656 quotidianus,
971 578 1257 637 sollicitudo
1285 572 1507 634 omnium
1534 574 1894 634 Ecclesiarum.

296 682 378 738 Et
401 680 524 737 vide
558 678 731 752 qualis
770 673 1089 742 sollicitudo,
1124 670 1281 744 quam
1313 662 1553 744 paterna,
1591 678 1749 743 quam
1786 682 1900 752 ma-

300 782 497 839 terna;
525 740 702 827 videte
721 762 987 840 quomodo
1015 740 1351 831 caedebatur,
1376 773 1436 819 ut
1461 740 1814 817 vindicaretur
1844 740 1898 816 in

301 880 502 923 omnes
530 864 840 919 affectiones
879 862 996 931 ejus
1024 878 1036 913 :
1065 858 1303 915 dicemus
1348 865 1402 914 et
1428 856 1736 912 affectiones
1763 855 1898 927 ejus,

300 957 370 1013 in
408 970 545 1028 quas
572 942 877 1010 vindicabat
919 946 1081 1007 Deus.
1109 951 1233 1019 Quis
1271 944 1578 1021 inﬁrmatur,
1626 949 1816 1020 inquit,
1857 954 1903 1003 et

302 1064 417 1103 non
442 1062 537 1119 ego
562 1045 837 1116 inﬁrmor?
874 1032 986 1114 quis
1013 1041 1407 1107 scandalizatur,
1459 1048 1504 1095 et
1539 1057 1627 1111 ego
1658 1056 1757 1094 non
1786 1036 1905 1094 uroi‘

311 1138 389 1211 (ll
409 1116 529 1193 Cor.
560 1153 638 1205 ιι,
682 1136 772 1201 Ξ8,
810 1134 942 1208 99)?
986 1136 1196 1202 Quanto
1243 1133 1413 1205 major
1450 1131 1702 1200 charitas,
1758 1116 1905 1186 tanto

308 1234 551 1301 majores
574 1231 743 1301 plagae
770 1228 838 1284 de
865 1228 1094 1298 peccatis
1132 1227 1339 1281 alienis.
1371 1225 1663 1296 Acceperat
1692 1223 1906 1295 quidem

309 1324 410 1379 ille
438 1331 494 1379 et
513 1321 785 1377 stimulum
817 1319 1014 1384 carnis,
1042 1318 1288 1388 angelum
1325 1323 1545 1382 satanas,
1569 1330 1598 1370 a
1628 1329 1733 1385 quo
1759 1312 1902 1369 cola-

312 1416 645 1488 phizaretur.
678 1414 818 1469 Ecce
840 1411 1107 1483 quomodo
1126 1410 1384 1482 propitius
1409 1419 1524 1466 erat
1549 1407 1709 1476 Deus,
1739 1404 1909 1463 vindi-

310 1522 451 1563 cans
478 1507 529 1560 in
567 1519 755 1561 omnes
786 1504 1095 1560 affectiones
1122 1502 1260 1573 ejus.
1291 1502 1419 1570 Qua:
1448 1502 1575 1556 sunt
1602 1496 1910 1556 affectiones

313 1600 538 1671 inquas
572 1599 651 1653 sic
685 1594 1021 1652 vindicabat?
1057 1595 1176 1667 Ipse
1202 1594 1470 1665 exposuit,
1508 1593 1620 1664 ipse
1645 1592 1815 1648 dixit:
1845 1588 1912 1646 In

314 1689 694 1761 magnitudine,
723 1688 914 1757 inquit,
942 1687 1303 1741 reuelationum
1328 1702 1391 1740 ne
1410 1685 1643 1752 extollar,
1668 1684 1816 1738 datus
1842 1693 1912 1739 est

316 1783 450 1837 sui/ii
468 1781 704 1838 stimulus
732 1780 899 1834 cumis
923 1794 1066 1845 mete,
1095 1777 1304 1850 angelus
1329 1786 1540 1842 satanaa,
1570 1776 1653 1847 qui
1682 1791 1759 1829 me
1777 1774 1916 1829 cola-

321 1875 517 1948 pliiset.
539 1874 672 1931 Tam
700 1872 968 1945 perfectus
997 1878 1134 1939 erat,
1165 1879 1226 1926 ut
1250 1876 1430 1925 tamen
1458 1868 1749 1924 timendum
1774 1876 1917 1923 esset

321 1987 398 2029 ne
435 1970 817 2028 extolleretur:
846 1981 967 2023 nam
1004 1981 1109 2022 non
1136 1974 1359 2038 poneret
1385 1965 1530 2020 Deus
1557 1962 1917 2018 medicamen-

324 2071 476 2129 tum,
506 2062 593 2117 ubi
621 2059 815 2115 vulnus
855 2074 962 2114 non
993 2065 1154 2113 esset.
1179 2057 1248 2111 Et
1288 2056 1493 2127 rogavit
1520 2062 1578 2109 ut
1605 2052 1914 2120 tolleretur;

332 2170 485 2226 eger
509 2154 595 2210 ille
618 2151 819 2223 rogavit
846 2158 905 2206 ut
929 2148 1231 2204 auferretur
1258 2142 1704 2203 medicamentum
1733 2162 1747 2199 :
1781 2141 1917 2197 Pro-

333 2253 455 2316 pter
476 2243 609 2315 quod
631 2253 703 2297 ter
722 2241 997 2297 Dominum
1024 2240 1216 2312 rogavi,
1250 2239 1439 2309 inquit,
1470 2244 1523 2291 ut
1551 2240 1773 2308 auferret
1807 2246 1921 2289 eum

326 2350 366 2392 tt
390 2352 495 2404 me,
531 2335 585 2392 id
611 2344 715 2403 est,
759 2334 1033 2391 stimulum
1071 2333 1245 2388 carnis
1269 2346 1300 2386 a
1329 2342 1435 2402 quo
1468 2328 1918 2400 colaphizabatur,

329 2430 565 2501 aliquem
592 2429 730 2485 forte
747 2428 987 2485 dolorem
1014 2426 1253 2498 corporis
1279 2443 1293 2480 :
1316 2425 1509 2497 rogavi,
1541 2425 1729 2494 inquit,
1755 2432 1809 2477 ut
1831 2438 1924 2476 au-

334 2526 489 2597 ferret
513 2538 627 2578 eum
651 2539 684 2577 a
706 2537 820 2588 me;
848 2528 895 2577 et
923 2521 1052 2575 dixit
1069 2519 1219 2585 ’milti,
1256 2517 1453 2590 Suﬂicit
1482 2517 1568 2572 tibi
1588 2517 1752 2589 gratia
1776 2532 1924 2583 mea;

335 2633 461 2674 nam
509 2619 670 2672 uirtus
719 2615 774 2670 in
822 2614 1118 2685 inﬁmitate
1172 2613 1430 2686 perﬁcitur
1470 2609 1580 2683 (Id.
1626 2622 1734 2676 xu,
1780 2608 1924 2681 7-9).

336 2708 453 2780 Ego
478 2708 603 2763 novi
622 2721 781 2778 quem
802 2714 963 2772 curo;
994 2714 1101 2759 non
1128 2702 1259 2758 mihi
1282 2703 1372 2758 det
1390 2702 1481 2772 qui
1501 2704 1722 2773 aegrotat
1748 2697 1925 2755 consi-

338 2799 494 2856 lium.
523 2800 799 2870 Tanquam
813 2797 1160 2868 emplastrum
1182 2793 1405 2849 mordax
1431 2793 1535 2848 urit
1565 2800 1635 2858 te,
1662 2788 1760 2846 sed
1780 2797 1932 2844 sanat

340 2892 608 2963 te.Rogat
634 2889 901 2947 medicum
927 2896 987 2945 ut
1024 2887 1176 2944 tollat
1211 2886 1595 2957 emplastrum;
1624 2892 1810 2940 etnon
1840 2874 1935 2939 tol-

341 2986 426 3053 lit,
457 2985 560 3041 nisi
601 2999 722 3041 cum
764 2981 924 3039 fuerit
966 2990 1207 3037 satiatum
1235 2994 1341 3050 quo
1369 2985 1637 3050 posuerat.
1684 2976 1853 3031 Virtus
1880 2976 1935 3032 in

342 3078 644 3149 infirmitate
685 3076 970 3149 perﬁcitur.
1023 3073 1202 3145 Ergo,
1248 3071 1461 3139 fratres,
1514 3071 1835 3142 quicumque
1879 3069 1934 3124 ιιι

346 3169 565 3228 Christo
604 3169 933 3240 proficimus,
974 3174 1082 3221 non
1127 3178 1226 3221 nos
1273 3173 1519 3235 putemus
1570 3163 1686 3218 sine
1724 3156 1936 3233 ﬂagello

348 3265 558 3321 futuros
583 3280 598 3320 :
628 3263 752 3334 quia
800 3258 1189 3333 quantumlibet
1232 3258 1589 3329 proficiamus,
1636 3256 1784 3311 novit
1824 3256 1939 3326 ipse

347 3363 573 3429 peccata
600 3362 815 3420 nostra;
850 3351 1136 3423 aliquando
1178 3360 1239 3406 et
1277 3350 1430 3405 nobis
1469 3347 1705 3404 ostendit
1746 3348 1857 3415 illa,
1886 3356 1942 3404 et

349 3447 599 3504 videmus
636 3454 690 3502 et
737 3460 833 3501 nos
876 3452 1092 3516 peccata
1136 3451 1338 3499 nostra.
1375 3441 1444 3496 Et
1479 3454 1599 3496 cum
1637 3441 1777 3496 inter
1810 3439 1942 3496 tales

351 3536 604 3595 homines
632 3536 832 3593 versari
855 3535 1195 3605 coeperimus,
1236 3542 1294 3587 ut
1315 3532 1425 3603 jam
1466 3531 1710 3587 homines
1733 3530 1862 3602 quid
1888 3530 1943 3585 in

353 3628 517 3689 nobis
560 3626 960 3699 reprehendant
994 3640 1101 3682 non
1143 3625 1449 3691 inveniant;
1480 3620 1827 3694 reprehendit
1855 3622 1946 3677 ille

355 3719 538 3777 adhuc
563 3720 653 3790 qui
676 3718 855 3774 omnia
882 3718 1052 3784 novit,
1082 3725 1137 3772 et
1159 3714 1395 3771 vindicat
1419 3715 1473 3769 in
1498 3722 1686 3770 omnes
1714 3711 1948 3767 aﬂ'ectio-

357 3825 483 3877 nes,
512 3810 634 3882 quia
663 3808 920 3881 propitius
940 3816 1025 3863 est
1045 3807 1219 3862 nobis.
1244 3806 1377 3861 Nam
1399 3804 1445 3861 sl
1477 3819 1581 3859 non
1611 3802 1863 3869 vindicet,
1894 3811 1951 3858 et

360 3904 601 3972 deserat,
627 3903 883 3973 perimhs.
911 3901 1071 3969 Deus,
1103 3911 1157 3955 tu
1181 3900 1429 3973 propitius
1450 3899 1589 3970 fuisti
1619 3898 1741 3965 illis,
1769 3906 1816 3951 et
1835 3897 1949 3951 vin-

360 3999 545 4055 dicans
570 3999 626 4052 in
643 4013 813 4053 ontnes
839 3995 1129 4064 electiones
1156 4006 1349 4049 eorum.

441 4094 534 4149 ιιι.
572 4089 723 4165 [item
764 4089 843 4163 9.]
884 4089 1121 4144 Exultate
1174 4086 1446 4141 Dominum
1487 4084 1651 4141 Deum
1702 4092 1950 4139 nostrum.

364 4184 569 4243 lterum
587 4184 882 4240 exaltamus
906 4180 1056 4235 illum
1086 4196 1100 4236 :
1133 4179 1223 4250 qui
1249 4177 1420 4234 bonus
1446 4187 1530 4234 est
1552 4186 1749 4233 etcum
1774 4170 1951 4242 ferit',

367 4273 644 4348 quomodo
690 4272 986 4329 laudandus
1023 4272 1126 4339 est,
1167 4269 1436 4342 quomodo
1478 4269 1792 4324 exaltandus
1839 4268 1957 4324 est?

371 4368 453 4426 Tu
483 4377 637 4439 potes
664 4366 767 4423 hoc
797 4365 1053 4422 exhibere
1093 4363 1204 4420 (ilio
1231 4372 1343 4430 tuo,
1370 4372 1425 4417 et
1449 4362 1591 4417 Dens
1620 4375 1726 4416 non
1749 4360 1959 4432 potest?

370 4461 491 4520 Non
522 4460 668 4517 enim
692 4459 864 4515 bonus
890 4474 949 4513 es
975 4456 1189 4529 quando
1219 4455 1473 4510 blandiris
1505 4454 1612 4509 ﬁlio
1642 4463 1752 4522 tuo,
1775 4462 1830 4510 et
1855 4469 1961 4509 ma-

373 4555 461 4612 lus
500 4571 623 4611 cum
649 4554 812 4611 caedis
847 4552 1014 4608 tilium
1042 4561 1210 4607 tuum.
1247 4550 1312 4606 Et
1349 4564 1470 4605 cum
1506 4548 1779 4616 blandiris,
1812 4556 1963 4620 pater

375 4660 466 4713 es;
489 4655 547 4703 et
568 4660 691 4702 cum
725 4643 909 4710 caedis,
947 4651 1098 4713 pater
1123 4656 1183 4698 es
1206 4658 1222 4696 :
1249 4641 1372 4696 ideo
1415 4634 1691 4707 blandiris,
1731 4654 1799 4694 ne
1827 4637 1963 4694 deﬂ-

377 4740 513 4806 ciat;
540 4739 665 4794 ideo
692 4736 877 4801 eatdis,
906 4751 974 4791 ne
1009 4743 1214 4806 pereat.
1245 4731 1480 4788 Exattate
1505 4731 1777 4787 Dominum
1804 4732 1966 4787 Deum

377 4840 632 4896 nostrum,
660 4839 705 4883 et
725 4828 936 4883 adorate
952 4827 1009 4882 in
1028 4835 1196 4881 monte
1212 4833 1386 4880 sancto
1411 4825 1522 4896 ejus
1551 4837 1573 4879 :
1589 4824 1827 4895 quoniam
1850 4820 1968 4878 san-

377 4933 489 4979 ctus
528 4923 779 4979 Dominus
818 4920 956 4976 Deus
999 4920 1186 4975 noster.
1225 4917 1506 4985 Quomodo
1533 4918 1777 4987 superius
1812 4912 1965 4986 dixit,

381 5016 628 5073 Exaltate
651 5014 929 5069 Dominum
966 5010 1132 5065 Deum
1160 5018 1410 5075 nostrum,
1455 5015 1503 5063 et
1525 5008 1736 5062 adorata
1772 5007 1969 5062 scabel-

382 5109 488 5163 lum
514 5106 703 5177 peditur
731 5107 880 5177 ejus;
905 5101 1266 5160 intelleximus
1294 5108 1472 5156 autem
1499 5098 1628 5170 quid
1654 5098 1725 5155 sit
1749 5097 1974 5153 adorare

383 5202 682 5261 scabellum
711 5199 908 5272 pedum
948 5197 1066 5270 ejus
1094 5213 1111 5252 :
1139 5197 1216 5252 sic
1257 5202 1315 5251 et
1350 5192 1513 5250 modo
1538 5200 1658 5263 post
1692 5188 1973 5247 exaltatio-

386 5312 513 5356 nem
537 5294 751 5352 Domini
776 5293 872 5350 Dei
892 5290 1083 5359 nostri,
1108 5304 1181 5346 ne
1196 5288 1318 5361 quis
1346 5285 1495 5343 illum
1520 5291 1717 5356 prater
1737 5291 1973 5339 montem

386 5389 506 5460 ejus
534 5386 755 5453 exultet,
809 5381 1202 5441 commendavit
1242 5388 1300 5437 et
1320 5387 1561 5435 montem
1598 5375 1786 5446 ipsius.
1825 5372 1977 5429 Mons

388 5482 560 5554 ipsius
586 5477 710 5551 quis
735 5477 856 5534 est?
883 5476 1133 5547 Legimus
1159 5473 1283 5528 alibi
1308 5472 1376 5527 de
1405 5470 1509 5526 hoc
1533 5476 1715 5524 monte
1743 5466 1865 5537 quia
1897 5464 1977 5521 la-

390 5573 477 5645 pis
501 5571 605 5628 fuit
626 5569 883 5642 pracisus
905 5568 975 5625 de
994 5573 1176 5623 monte
1199 5564 1318 5621 sine
1344 5561 1613 5628 manibus,
1636 5566 1693 5616 et
1715 5556 1982 5629 centregit

459 5774 479 5806 ¹
506 5780 609 5823 Am.
636 5777 689 5822 et
706 5777 803 5834 Ειῃ,
827 5833 830 5834 ν
845 5764 1007 5834 fuerit.
1031 5771 1164 5825 Lov.,
1190 5759 1414 5834 stetierit.
1447 5758 1621 5834 stelius
1656 5755 2000 5834 Mss-feritqe

502 5817 942 5886 {Eanﬂedam
962 5835 1035 5879 Er.
1057 5817 1176 5877 ven.
1196 5833 1250 5876 et.
1263 5832 1393 5877 ωινά
1436 5830 1617 5877 lterum
1636 5817 1902 5887 emuénuts
1922 5817 1984 5873 il-

427 5908 503 5947 um
519 5890 634 5963 Quid
654 5892 801 5949 bonus
814 5898 885 5947 est
913 5894 994 5948 :et
1016 5901 1142 5954 cson,
1169 5895 1261 5941 etc.
1359 5894 1415 5937 st.

1372 356 1771 427 ENARBATIO
1806 340 2237 427 IN'PSA'LMUM
2274 342 2504 451 xcvm.

2686 444 2813 471 ,,_l
2862 358 2907 465 ψ’
3022 446 3028 450 ,
3136 372 3137 375 ‘
3224 444 3231 451 ,
3300 442 3307 449 ,
3438 358 3577 436 ιξτο

2004 482 2182 565 omnia
2206 502 2368 559 regna
2399 496 2574 556 terrae,
2603 495 2656 544 ct
2676 484 3006 565 crevit'lapis
3032 489 3165 563 ipse.
3192 474 3424 551 Danielis
3444 495 3580 554 visio

2003 564 2083 665 'est
2108 578 2206 635 ista
2231 596 2388 650 quam
2417 596 2593 636 narro.
2618 582 2800 637 Crevit
2828 583 2961 654 lapis
2989 586 3090 641 iste
3110 586 3200 665 qui
3226 588 3476 657 prmeisus
3498 596 3585 645 est

2004 658 2071 726 de
2107 678 2288 726 monte
2328 672 2442 727 sine
2481 673 2743 742 manibus,
2767 684 2836 739 ,et
2873 680 3038 748 [actus
3076 658 3168 745 est,
3206 679 3394 751 inquit,
3436 697 3581 737 mons

2004 780 2237 835 magnus,
2259 764 2331 819 ita
2356 774 2408 819 ut
2428 766 2655 844 impleret
2670 769 2953 824 universam
2966 772 3156 849 [aciem
3174 782 3320 828 terra:
3340 770 3499 847 (Dan.
3522 790 3582 842 ιι,

2005 852 2096 925 54,
2129 854 2242 929 35).
2264 855 2321 912 In
2352 858 2466 929 ipso
2493 867 2674 915 monte
2703 848 2899 930 magno
2928 856 3231 930 adoremus,
3276 865 3323 920 si
3344 865 3581 920 exaudiri

2007 946 2270 1002 volumus.
2314 942 2558 1004 [heretici
2589 965 2695 1029 non
2731 951 2954 1007 adorant
2983 953 3034 1009 in
3081 954 3183 1010 isto
3210 964 3431 1023 monte;
3461 956 3585 1031 quia

2007 1052 2160 1092 mons
2204 1039 2303 1095 iste
2334 1036 2572 1110 implevit
2612 1043 2912 1098 universam
2956 1044 3143 1101 faciem
3185 1055 3383 1107 teme:
3416 1047 3587 1105 litesc-

2007 1142 2131 1186 runt
2152 1135 2202 1187 in
2225 1141 2390 1202 parte,
2416 1141 2468 1188 et
2497 1142 2662 1189 totum
2686 1136 2994 1191 amiserunt.
3014 1136 3069 1193 Si
3087 1148 3377 1208 agnoscant
3396 1139 3587 1195 Eccle-

2010 1225 2140 1278 sium
2173 1224 2510 1293 catholicam,
2542 1226 2839 1283 adorabunt
2869 1228 2919 1283 in
2950 1229 3051 1284 isto
3079 1238 3259 1287 monte
3286 1231 3588 1288 nobiscum.

2011 1310 2217 1371 Etenim
2249 1315 2380 1387 lapis
2416 1316 2504 1372 ille
2530 1318 2616 1389 qui
2646 1319 2897 1389 prmcisus
2928 1328 3011 1375 est
3036 1320 3103 1375 de
3126 1331 3305 1378 monte
3339 1322 3455 1377 sine
3479 1316 3591 1377 ma;

2010 1415 2186 1482 nibus,
2227 1417 2337 1486 jam
2385 1413 2627 1471 videmus
2668 1412 2923 1487 quantum
2970 1417 3219 1485 creverit,
3266 1426 3321 1474 et
3363 1426 3588 1489 quantas

2010 1512 2169 1563 terra:
2198 1508 2443 1579 'regio‘rcs
2470 1510 2833 1587 occupaverit,
2875 1517 2930 1565 et
2959 1526 3127 1585 usque
3161 1508 3227 1566 ad
3254 1527 3385 1582 quas
3405 1506 3588 1582 gentes

2016 1600 2334 1669 pervenerit.
2368 1601 2505 1670 Quid
2549 1606 2631 1657 est
2669 1608 2823 1657 mons
2871 1601 3013 1658 unde
3050 1594 3306 1673 praecisus
3351 1612 3431 1657 est
3460 1603 3594 1672 lapis

2015 1693 2130 1747 sine
2147 1694 2428 1750 manibus?
2455 1694 2696 1765 Regnum
2719 1694 3023 1751 Judteorum
3055 1713 3068 1749 :
3097 1696 3270 1767 primo
3296 1695 3434 1766 quod
3456 1694 3596 1753 cole-

2015 1785 2141 1840 bant
2170 1802 2332 1841 unum
2374 1787 2575 1847 Deum..
2612 1788 2738 1847 lude
2774 1789 3031 1863 praecisus
3056 1798 3141 1847 est
3163 1788 3298 1859 lapis
3339 1788 3594 1844 Dominus

2017 1889 2199 1933 noster
2225 1879 2379 1935 Jesus
2398 1879 2658 1935 Christus.
2684 1881 2799 1951 Ipse
2829 1883 2995 1936 dictus
3030 1890 3131 1945 est.
3162 1879 3320 1952 Lapis
3336 1896 3492 1952 quem
3512 1895 3599 1933 re-

2021 1967 2351 2039 probaverunt
2377 1969 2703 2039 testiﬁcantes,
2738 1972 2818 2026 hic
2856 1976 3016 2044 [actus
3046 1981 3115 2027 est
3143 1973 3195 2027 in
3239 1981 3389 2045 caput
3425 1971 3601 2043 anguls

2023 2056 2193 2131 (Psal.
2222 2075 2387 2126 cxvn,
2413 2052 2522 2125 Ὧς
2556 2063 2665 2116 Act.
2691 2077 2764 2128 ιν,
2800 2058 2910 2131 ll).
2944 2062 3104 2133 Lapis
3132 2064 3231 2118 iste
3260 2056 3513 2134 prmcisus
3536 2054 3605 2123 de

2019 2160 2202 2207 monte
2240 2153 2355 2207 sine
2396 2152 2675 2220 manibus,
2714 2155 2974 2224 confregit
3016 2155 3191 2208 omnia
3228 2169 3389 2222 regna
3433 2162 3604 2209 terra-

2018 2252 2139 2298 rum
2169 2259 2182 2296 :
2212 2242 2455 2299 videmus
2490 2244 2755 2299 confracta
2800 2245 2866 2299 ab
2905 2245 2994 2299 illo
3020 2244 3193 2315 lapide
3220 2245 3395 2300 omnia
3440 2258 3603 2315 regna

2018 2338 2202 2390 terra).
2235 2335 2366 2403 Quae
2391 2344 2539 2391 erant
2568 2351 2729 2408 regna
2756 2337 2951 2391 terra}?
2974 2326 3154 2408 Regna
3196 2336 3481 2402 idolorum,
3513 2352 3603 2393 re-

2022 2444 2127 2500 gna
2167 2425 2553 2483 daemoniortIm
2598 2427 2764 2483 fracta
2791 2432 2933 2483 sunt.
2966 2422 3237 2499 Regnabat
3262 2427 3522 2483 Saturnus
3552 2425 3605 2481 in

2028 2521 2210 2577 multis
2247 2520 2551 2576 hominibus
2585 2539 2597 2576 :
2629 2519 2719 2575 ubi
2764 2529 2847 2575 est
2884 2514 3102 2591 regnum
3149 2519 3302 2590 ejus?
3330 2512 3610 2590 Regnabat

2029 2615 2320 2672 Mercurius
2341 2615 2392 2669 in
2418 2614 2598 2670 multis
2626 2608 2929 2670 numinibus
2955 2633 2966 2668 :
2998 2602 3192 2669 ulti'est
3216 2629 3437 2685 regnum
3459 2604 3610 2685 ejus?

2032 2706 2278 2762 Fracmm
2318 2715 2418 2773 est,
2452 2706 2655 2761 redacti
2685 2716 2809 2761 sunt
2848 2702 2923 2760 illi
2955 2704 3006 2760 in
3048 2696 3269 2775 regnum
3307 2692 3527 2771 Christi,
3555 2696 3611 2759 ili

2032 2802 2223 2873 quibus
2268 2799 2356 2855 ille
2392 2800 2664 2869 regnabat.
2699 2798 2938 2875 Regnum
2978 2795 3265 2873 Ctelestisf
3304 2788 3459 2866 quale
3498 2790 3614 2849 erat

2032 2891 2371 2962 Carthagini!
2404 2886 2493 2947 ubi
2524 2905 2663 2945 nunc
2688 2897 2770 2945 est
2794 2902 3011 2959 regnum
3034 2887 3310 2944 Caelestis?
3342 2886 3496 2958 Lapis
3518 2876 3609 2942 ille

2033 2985 2193 3057 {tegit
2212 2986 2389 3041 omnia
2416 3000 2580 3056 regna
2608 2992 2892 3049 terrarum,
2914 2980 3046 3053 lapis
3069 2976 3323 3053 praeciSus
3347 2978 3414 3036 de
3434 2986 3617 3036 monte

2037 3079 2152 3137 sine
2176 3078 2437 3135 manibus.
2465 3077 2601 3148 Quid
2630 3086 2733 3146 est,
2769 3077 3021 3147 prmcisus
3060 3074 3126 3131 de
3155 3080 3334 3130 monte
3362 3073 3476 3129 sine
3506 3062 3620 3129 tua;

2038 3172 2237 3229 nibus?
2263 3172 2426 3227 Natus
2468 3171 2533 3226 de
2570 3179 2725 3242 gente
2759 3167 3068 3227 Judaeorum
3115 3158 3229 3243 sine
3255 3164 3419 3237 opere
3444 3160 3619 3219 homi—

2041 3278 2189 3321 num.
2221 3263 2417 3320 Omnes
2446 3264 2586 3317 enim
2626 3262 2715 3333 qui
2747 3270 3057 3333 nascuntur,
3095 3257 3160 3314 dc
3186 3272 3347 3328 opere
3390 3250 3617 3312 maritali

2042 3363 2361 3422 nascuntur;
2390 3354 2479 3409 ille
2501 3352 2568 3407 de
2592 3332 2794 3423 virgine
2839 3357 3010 3415 natus,
3030 3332 3160 3404 (sine
3185 3342 3431 3404 inanibus
3460 3340 3618 3403 natus

2046 3455 2129 3504 est
2146 3465 2159 3515 ;
2181 3462 2274 3519 per
2293 3458 2482 3502 manus
2500 3446 2662 3511 enim,
2684 3422 2817 3514 Opus
2833 3441 3125 3497 humanum
3142 3439 3465 3511 significatur
3482 3450 3495 3495 :
3510 3422 3616 3519 quo

2047 3514 2236 3595 manus
2274 3537 2521 3593 humana:
2550 3550 2656 3591 non
2703 3530 3063 3599 accesserunt,
3091 3531 3182 3587 ubi
3225 3526 3483 3585 maritalis
3510 3514 3625 3585 ami-

2048 3632 2237 3703 plexus
2266 3646 2372 3686 non
2408 3628 2525 3694 fuit,
2556 3627 2696 3684 fetus
2731 3632 2909 3682 tamen
2939 3623 3054 3679 fuit.
3087 3622 3253 3677 Natus
3294 3626 3376 3678 est
3404 3626 3530 3691 ergo
3557 3618 3626 3676 ds

2049 3736 2232 3783 monte
2258 3727 2374 3781 sine
2414 3723 2657 3779 manibus
2684 3720 2820 3792 lapis
2861 3719 2990 3774 ille:
3023 3716 3206 3780 crevit,
3247 3711 3628 3769 etocrescendo

2052 3817 2212 3890 fregit
2235 3816 2414 3872 omnia
2439 3828 2600 3884 regna
2627 3820 2909 3868 terrarum.
2936 3804 3131 3864 Factus
3157 3814 3240 3861 est
3265 3811 3440 3859 autem
3470 3816 3628 3857 mons

2053 3926 2296 3984 magnus,
2321 3918 2376 3966 et
2400 3906 2636 3979 implevit
2658 3894 3168 3963 universam'faciem
3191 3908 3366 3955 terrae.
3395 3898 3518 3954 Haec
3545 3886 3630 3954 est

2057 4003 2294 4060 Ecclesia
2341 3996 2624 4067 catholica,
2670 3996 2757 4053 cui
2798 4010 2895 4050 vos
2946 3991 3343 4049 communicare
3377 3987 3627 4059 gaudete:

2058 4088 2141 4153 illi
2184 4104 2359 4150 autem
2405 4091 2497 4164 qui
2546 4105 2651 4145 non
2704 4088 2754 4145 ei
2804 4085 3218 4149 communicant,
3271 4082 3391 4152 quia
3438 4072 3635 4164 preter

2059 4189 2231 4260 ipsum
2258 4160 2493 4241 montem
2519 4181 2745 4238 adorant
2772 4188 2826 4235 et
2863 4177 3081 4232 laudant
3109 4175 3298 4260 Deum,
3329 4187 3436 4227 non
3465 4160 3633 4225 essu;

2060 4254 2278 4337 diuntur
2312 4277 2380 4333 ad
2402 4276 2565 4331 vitam
2610 4280 2896 4338 :eternam;
2937 4269 3038 4325 etsi
3063 4265 3130 4322 ad
3156 4254 3398 4336 quaedam
3426 4270 3636 4331 tempe;

2063 4373 2193 4429 ralia
2227 4369 2596 4428 exaudiantur.
2635 4362 2752 4422 Non
2802 4362 2901 4420 sibi
2937 4376 3065 4432 ergo
3101 4346 3459 4421 blandiantur;
3506 4346 3630 4425 quia

2034 4479 2157 4521 'eos
2199 4464 2254 4520 in
2295 4460 2611 4533 quibusdam
2665 4454 2879 4513 esaudit
2924 4452 3065 4508 Deus
3097 4469 3110 4506 :
3142 4464 3263 4504 nam
3300 4452 3356 4504 et
3402 4444 3643 4516 Pagahos

2066 4555 2281 4613 exaudit
2295 4554 2348 4608 in
2366 4549 2700 4623 quibusdam.
2717 4546 2905 4602 Nonne
2915 4540 3147 4599 clamant
3158 4538 3352 4611 Pagaul
3365 4536 3431 4592 ad
3449 4536 3641 4603 Deum,

2068 4654 2123 4704 et
2158 4642 2326 4718 pluit?
2353 4642 2568 4712 Quare?
2599 4639 2734 4708 Quia
2772 4637 2899 4692 facit
2927 4635 3096 4690 solem
3135 4646 3291 4687 suum
3318 4630 3446 4685 oriri
3485 4638 3648 4698 super

2068 4738 2240 4794 honos
2285 4740 2340 4793 et
2391 4733 2582 4801 malos,
2624 4738 2679 4786 et
2729 4728 2863 4800 pluit
2908 4736 3071 4797 super
3113 4724 3286 4796 iustos
3328 4729 3382 4775 et
3423 4719 3649 4790 iniustos

2072 4824 2283 4904 (Matth.
2314 4840 2368 4897 ν,
2410 4827 2524 4899 45).
2567 4822 2686 4880 Noli
2727 4824 2855 4892 ergo
2896 4817 3135 4891 gloriari,
3180 4826 3403 4904 pagane,
3438 4809 3563 4904 quia
3596 4818 3683 4883 te,

2073 4898 2335 4981 clamante
2363 4920 2430 4975 ad
2474 4920 2661 4984 Deum,
2706 4913 2838 4986 pluit
2864 4914 3026 4979 Deus,
3072 4904 3161 4979 qui
3208 4914 3368 4976 super
3386 4902 3559 4973 justus
3597 4898 3693 4955 et?

2073 5017 2298 5087 iniustos
2323 5011 2474 5084 pluit.
2502 5008 2716 5066 Audivit
2738 5014 2789 5062 te
2817 5005 2884 5059 ad
2916 4996 3259 5087 temporalia;
3288 5006 3394 5051 non
3427 5001 3481 5049 te
3505 4990 3656 5046 audit

2077 5084 2143 5166 ad
2168 5116 2387 5174 aeterna,
2418 5104 2521 5160 nisi
2546 5104 2599 5158 in
2628 5108 2809 5156 monte
2827 5104 3015 5154 sancto
3031 5095 3149 5166 eius
3173 5084 3495 5147 adoraveris.
3522 5085 3657 5140 Ado-

2045 5226 2051 5235 ο
2076 5211 2185 5257 rate
2214 5199 2487 5255 Dominum
2510 5196 2564 5252 in
2599 5200 2768 5251 mante
2809 5198 2983 5249 saneto
3012 5186 3151 5261 ejus,
3177 5184 3414 5258 quoniam
3453 5186 3661 5238 sanctus

2079 5291 2329 5350 Dominus
2359 5290 2492 5346 Deus
2517 5292 2701 5344 noster.
2782 5334 2787 5337 .

2152 5384 2241 5443 l5.
2284 5385 2410 5441 Haec
2461 5383 2529 5439 de
2564 5376 2777 5437 Psalmo
2820 5373 3085 5433 Sufﬁciam
3126 5366 3387 5427 Charitatl
3428 5370 3663 5431 vestrm;

2084 5482 2338 5553 quantum
2370 5474 2623 5533 Dominus
2648 5470 2882 5554 donavit,
2903 5464 3064 5521 locuti
3088 5466 3293 5554 sumus.
3322 5454 3668 5554 thuidquid

2086 5545 2356 5645 loquimur
2389 5568 2447 5625 in
2482 5565 2699 5625 nomine
2726 5545 2843 5627 Dei,
2884 5554 3134 5630 quoniam
3163 5548 3261 5610 Dei
3293 5556 3377 5609 est
3391 5545 3668 5621 loquentis

2155 5752 2175 5784 ι
2202 5749 2336 5813 ειη,
2352 5758 2556 5813 regnum
2570 5739 2765 5813 Venetis
2779 5744 2874 5813 λεί
2894 5730 3553 5813 ίηξωρςτξξῐῐιὲῖηηεέἓδέξςὲε

2091 5793 2449 5876 utrm—133565;
2458 5793 2896 5876 imis-edace
2911 5793 3511 5876 regie‘ii‘l‘l‘ﬂrimsm

2093 5801 2300 5888 utroque
2318 5801 2431 5860 ἰοοό
2466 5803 2685 5858 cmtestis.
2707 5810 2781 5852 De
2803 5801 2896 5857 hoc
2911 5808 3205 5872 paganorum
3215 5801 3671 5911 mrtnagtnenaum

2093 5875 2341 5939 Idoloqam
2361 5845 2523 5938 supra,
2546 5864 2638 5921 col.
2656 5864 2772 5929 252,
2796 5868 2933 5915 mar.
2956 5873 3007 5913 in
3026 5859 3145 5911 Psal.
3169 5858 3294 5920 LXII,
3316 5869 3367 5909 ιι.
3424 5886 3443 5926 ,
