4056 6516
464 346 606 404 1271

464 485 565 542 per
590 480 712 535 nos,
740 465 913 525 imber
943 465 1040 523 Dei
1066 471 1151 523 est
1181 479 1196 520 :
1231 460 1407 517 videte
1435 472 1532 514 vos
1553 456 1726 530 qualis
1748 463 1888 513 terra
1914 456 2053 512 sitis.

468 565 603 620 Nam
635 562 850 634 quando
874 562 1049 633 pluvia
1070 558 1217 614 venit
1240 570 1401 625 super
1426 561 1646 618 terram,
1673 552 1719 606 si
1743 551 1882 606 bona
1910 558 2058 605 terra

464 666 570 724 est,
596 656 799 711 fructus
831 655 1001 709 bonos
1028 652 1193 722 parit;
1219 649 1262 704 si
1295 646 1432 701 mala
1458 653 1599 700 terra
1629 650 1730 708 est,
1758 642 1937 713 spinas
1966 656 2059 712 pa-

463 748 535 803 rit
564 766 577 803 :
601 748 781 819 pluvia
814 754 989 801 tamen
1018 742 1186 798 dulcis
1214 748 1298 795 est
1323 749 1379 794 et
1403 753 1565 808 super
1590 736 1794 792 fructus
1815 744 1871 791 et
1897 749 2058 805 super

466 844 670 913 spinas.
698 841 798 910 Qui
836 840 953 895 istis
979 836 1156 893 verbis
1189 833 1383 888 auditis
1422 832 1571 903 pejor
1599 831 1763 886 factus
1790 830 1965 896 fuerit,
2005 836 2061 884 et

465 939 651 1007 spinas
689 939 756 990 de
784 933 959 1004 pluvia
987 929 1339 1001 generaverit,
1376 928 1554 997 ignem
1594 930 1795 994 speret,
1824 923 2057 993 pluviam

465 1044 575 1083 non
602 1034 815 1083 accuset
848 1042 862 1079 :
886 1023 975 1094 qui
995 1031 1173 1077 autem
1194 1020 1387 1075 melior
1407 1018 1575 1074 factus
1599 1017 1778 1084 fuerit,
1802 1027 1857 1072 et
1882 1016 2059 1086 fruges

467 1121 535 1176 de
557 1121 696 1176 bona
723 1125 862 1172 terra
895 1115 1157 1187 genuerit,
1186 1112 1441 1168 horreum
1465 1108 1925 1182 speret,.pluviam
1947 1108 2059 1162 lau-

470 1212 580 1267 det.
613 1212 716 1264 Aut
757 1206 884 1279 quid
931 1216 1057 1262 sunt
1090 1206 1276 1270 nubes,
1324 1214 1415 1258 aut
1442 1203 1569 1273 quid
1607 1211 1691 1257 est
1730 1201 1925 1271 pluvia,
1958 1200 2061 1256 nisi

466 1303 561 1358 Dei
589 1300 975 1365 misericordia,
1015 1299 1192 1354 omnia
1220 1296 1458 1353 facientis
1484 1290 1623 1352 circa
1648 1308 1743 1350 eos
1768 1307 1902 1364 quos
1934 1291 2060 1347 dili-

466 1395 562 1466 git,
590 1401 645 1449 et
665 1393 856 1464 quibus
883 1391 1096 1448 donavit
1122 1398 1181 1445 ut
1208 1389 1275 1444 ab
1304 1389 1383 1445 eis
1403 1386 1686 1459 diligatur?

876 1602 958 1663 IN
999 1600 1381 1664 PSALMUM
1413 1598 1622 1662 XCIX

1050 1724 1185 1780 ENA
1194 1722 1469 1780 RRATIO.

992 1853 1165 1895 SERMO
1204 1854 1272 1894 AD
1299 1854 1526 1895 PLEBEM.

545 1955 595 2009 1.
617 1954 909 2020 Psalmum,
928 1953 1141 2019 fratres,
1162 1969 1284 2009 cum
1305 1962 1630 2021 cantaretur,
1658 1955 1910 2023 audistis;
1938 1958 2061 2013 bre-

468 2048 551 2103 vis
577 2056 677 2113 est,
713 2062 811 2102 nec
840 2048 1098 2102 obscurus
1124 2065 1137 2101 :
1167 2047 1317 2117 quasi
1338 2048 1677 2103 securitatem
1699 2048 1955 2117 dederim,
1991 2067 2059 2107 nc

468 2141 708 2197 laborem
770 2142 1016 2198 timcatis.
1080 2140 1365 2196 Videamus
1425 2151 1605 2197 tamen
1666 2145 1957 2208 attentius,
2008 2153 2061 2199 et

467 2246 667 2306 quanto
695 2234 935 2301 liberius,
968 2243 1119 2289 tanto
1142 2234 1444 2305 diligentius
1468 2274 1482 2300 ,
1517 2233 1646 2304 quid
1676 2235 1777 2291 sibi
1806 2236 1973 2291 velint
1996 2250 2057 2291 ea

471 2328 584 2399 ipsa
611 2344 728 2398 qum
750 2335 934 2396 aperte
962 2334 1173 2393 sonant,
1200 2334 1257 2381 ut
1286 2336 1543 2397 quantum
1577 2326 1832 2381 Dominus
1854 2327 2057 2382 donare

466 2420 733 2491 dignatur,
763 2418 1112 2489 spiritualiter
1141 2418 1527 2489 intelligantur.
1558 2416 1674 2473 Vox
1702 2418 1795 2473 Dei
1821 2420 2062 2490 quolibet

467 2529 669 2586 organo
711 2528 930 2580 sonans,
967 2522 1146 2568 tamen
1192 2528 1292 2568 vox
1320 2512 1450 2575 Dei;
1494 2528 1666 2582 neque
1719 2512 1860 2566 enim
1910 2513 2060 2568 dele-

467 2615 577 2661 ctat
600 2621 757 2661 aures
791 2605 927 2676 ejus,
968 2604 1070 2660 nisi
1120 2621 1221 2659 vox
1248 2604 1364 2675 ejus
1396 2623 1408 2660 :
1450 2619 1575 2660 nam
1604 2613 1658 2659 et
1694 2619 1793 2660 nos
1831 2618 1954 2659 cum
1983 2605 2061 2661 lo-

467 2698 702 2771 quimur,
734 2707 861 2754 tunc
888 2712 1012 2754 eum
1039 2696 1385 2767 delectamus,
1418 2712 1537 2753 cum
1567 2696 1681 2767 ipse
1702 2695 1769 2753 de
1792 2696 1946 2752 nobis
1971 2698 2058 2753 lo-

468 2794 671 2865 quitur.

538 2886 593 2942 2.
630 2886 779 2960 [vei-3.
803 2885 884 2960 1.]
911 2885 1150 2942 Psalmus
1176 2886 1230 2941 in
1250 2884 1561 2956 confessione
1584 2901 1603 2941 :
1626 2886 1704 2941 sic
1730 2884 2057 2955 inscribitur,

469 2980 561 3038 hic
590 2988 674 3037 est
697 2980 881 3037 titulus
906 2980 1043 3051 ejus,
1072 2978 1314 3035 Psalmus
1329 2979 1380 3033 in
1398 2980 1729 3052 confessione.
1758 2979 1920 3035 Pauci
1941 2995 2061 3035 ver-

469 3088 563 3129 sus
603 3080 747 3138 sunt,
779 3087 1092 3144 magnarum
1118 3086 1298 3128 rerum
1337 3071 1541 3142 gravidi
1572 3090 1584 3126 :
1619 3072 1829 3142 pariant
1856 3072 2059 3127 semina

469 3167 526 3223 in
552 3167 804 3224 cordibus
832 3166 1045 3233 vestris,
1075 3174 1134 3220 ut
1163 3174 1380 3236 paretur
1406 3165 1659 3220 horreum
1696 3165 1859 3222 messi
1884 3165 2058 3221 domi-

467 3262 625 3319 nicaa.
658 3261 901 3317 Psalmus
925 3260 1026 3316 iste
1050 3260 1104 3314 in
1129 3257 1466 3315 confessione
1489 3259 1591 3313 hoc
1616 3258 1771 3313 nobis
1796 3258 1969 3329 jubet,
1992 3258 2061 3314 ad

467 3353 574 3411 hoc
600 3369 699 3410 nos
723 3354 988 3420 hortatur,
1016 3362 1076 3407 ut
1090 3351 1378 3422 jubilemus
1402 3352 1532 3405 Deo.
1557 3349 1666 3405 Nec
1698 3350 1947 3406 hortatur
1966 3367 2061 3408 ve-

467 3448 550 3503 lut
571 3447 800 3518 aliquem
826 3461 991 3501 unum
1012 3445 1261 3517 angulum
1286 3452 1477 3508 terrm,
1510 3451 1602 3497 aut
1638 3458 1797 3498 unam
1828 3443 2060 3513 aliquam

465 3541 851 3598 habitationem
881 3538 1417 3611 congregationemve
1463 3534 1772 3600 hominum;
1805 3534 1900 3589 sed
1939 3536 2062 3605 quia

467 3633 665 3705 ubique
707 3633 939 3689 novitsc
990 3630 1283 3687 seminasse
1328 3627 1780 3696 benedictionem,
1828 3626 2061 3698 undique

466 3727 631 3798 exigit
647 3726 1037 3796 jubilationem.

536 3820 591 3875 '5.
616 3817 766 3893 [vers.
796 3815 877 3889 2.]
928 3814 1153 3870 Jubilate
1178 3827 1305 3883 ergo
1334 3812 1555 3867 Domino
1582 3812 1623 3879 ί,
1652 3810 1885 3866 universa
1906 3820 2058 3865 terra.

462 3911 729 3983 Numquid
753 3909 913 3966 modo
940 3922 1123 3963 vocem
1155 3920 1329 3962 meam
1354 3904 1500 3959 audit
1521 3904 1767 3959 universa
1798 3904 1976 3959 terra?
1999 3905 2064 3959 Et

464 4013 643 4062 tamen
676 4006 812 4058 hanc
840 4016 1029 4058 vocem
1056 3999 1257 4055 audivit
1286 3998 1533 4052 universa
1557 4006 1722 4052 terra.
1751 3996 1869 4053 Jam
1914 3997 2062 4068 jubi~

461 4099 540 4155 lat
563 4096 793 4153 Domino
824 4095 1070 4149 universa
1102 4100 1242 4147 terra
1265 4106 1279 4156 ;
1300 4098 1354 4144 et
1374 4104 1492 4159 quae
1521 4087 1695 4144 adhuc
1715 4104 1820 4143 non
1846 4088 2058 4158 jubilat,

460 4189 733 4263 jubilabit.
763 4185 1095 4242 Pertendens
1124 4183 1265 4238 enim
1293 4180 1619 4247 benedictio,
1640 4180 1927 4251 incipiente
1955 4180 2063 4236 Ec-

462 4281 630 4337 clesia
675 4279 741 4334 ab
784 4277 1081 4334 Jerusalem
1123 4290 1221 4345 per
1263 4287 1454 4328 omnes
1492 4280 1680 4344 gentes
1707 4272 1870 4343 (Luc.
1913 4289 2061 4341 xxrv,

459 4369 594 4445 47),
638 4369 964 4440 impietatem
991 4366 1192 4437 ubique
1227 4364 1545 4436 prosternit,
1575 4364 1826 4435 pietatem
1868 4364 2065 4435 ubique

460 4461 762 4519 construit:
792 4468 846 4515 et
880 4458 1031 4514 mixti
1061 4465 1185 4513 sunt
1207 4455 1330 4511 boni
1360 4455 1535 4522 malis,
1584 4464 1640 4511 et
1665 4455 1793 4510 mali
1839 4471 1931 4525 per
1951 4470 2068 4510 om-

461 4570 587 4613 nem
620 4562 839 4617 terram,
866 4559 920 4605 et
956 4550 1085 4605 boni
1125 4565 1222 4621 per
1260 4564 1477 4605 omnem
1530 4556 1751 4604 terram.
1799 4547 1857 4602 In
1911 4548 2066 4603 malis

459 4655 762 4707 murmurat
830 4646 1005 4701 omnis
1074 4654 1213 4700 terra
1244 4687 1260 4713 ,
1316 4644 1370 4699 in
1436 4644 1593 4699 bonis
1637 4641 1831 4712 jubilat
1891 4642 2067 4697 omnis

461 4753 625 4801 terra.
654 4740 792 4809 Quid
811 4747 892 4796 est
918 4752 1049 4810 ergo
1065 4736 1331 4808 jubilare?
1357 4736 1577 4792 Multum
1601 4735 1744 4790 enim
1765 4747 1863 4788 nos
1889 4740 2066 4789 atten-

461 4846 547 4891 tos
578 4834 705 4890 facit
731 4832 799 4887 ad
834 4833 855 4864 ’
878 4831 982 4887 hoc
1010 4828 1232 4885 verbum
1263 4836 1319 4884 et
1337 4826 1616 4898 praesentis
1638 4825 1829 4896 psalmi
1858 4825 2064 4891 titulus,

459 4930 586 5001 quia
613 4925 921 4983 inscribitur
938 4966 954 4992 ,
984 4922 1052 4978 In
1077 4922 1414 4994 confessione.
1439 4918 1576 4988 Quid
1619 4926 1722 4983 est,
1772 4918 1828 4974 in
1854 4916 2066 4974 confes-

459 5018 891 5091 sionejubilare?
917 5017 1013 5072 Est
1038 5014 1259 5070 alterius
1281 5010 1557 5083 cujusdam
1609 5010 1802 5081 psalmi
1847 5018 2066 5066 senten-

461 5114 533 5169 tia
560 5111 786 5168 dicentis
805 5151 822 5178 ,
856 5107 1043 5163 Beatus
1064 5104 1284 5177 populus
1331 5102 1416 5173 qui
1445 5102 1680 5173 intelligit
1709 5102 2069 5173 jubilationem

461 5203 635 5278 (Psal.
666 5216 918 5269 Lxxxvm,
967 5195 1075 5270 16)
1104 5214 1117 5250 :
1147 5194 1386 5267 profecto
1415 5208 1663 5264 magnum
1717 5192 1916 5264 aliquid
1964 5202 2066 5260 est,

463 5297 606 5369 quod
634 5295 966 5351 intellectum
1000 5290 1187 5346 beatos
1239 5286 1387 5343 facit.
1432 5287 1692 5342 Dominus
1744 5301 1875 5357 ergo
1927 5286 2070 5341 Deus

461 5376 646 5446 noster
666 5386 995 5443 beatificator
1017 5383 1312 5449 hominum,
1339 5380 1431 5437 det
1454 5379 1583 5435 mihi
1610 5378 1905 5450 intelligere
1928 5379 2071 5450 quod

462 5482 659 5547 dicam,
688 5479 777 5534 det
798 5478 952 5534 vobis
974 5475 1269 5544 intelligere
1294 5473 1435 5543 quod
1450 5472 1643 5527 auditis
1666 5488 1679 5525 :
1699 5470 1884 5525 Beatus
1910 5482 2073 5542 papu‘

465 5576 545 5633 lus
571 5573 657 5646 qui
706 5571 941 5642 intelligit
975 5568 1348 5641 jubilationem.
1372 5566 1661 5621 Curramus
1695 5578 1822 5636 ergo
1843 5562 1911 5619 ad
1935 5562 2075 5621 hanc

465 5667 893 5736 beatitudinem,
946 5664 1303 5735 intelligamus
1350 5659 1758 5731 jubilationem,
1805 5672 1914 5715 nou
1953 5672 2072 5715 eam

537 5806 556 5836 ί
580 5804 714 5864 Edd.,
740 5811 857 5852 Deo.
878 5806 934 5851 At
956 5798 1179 5862 plerique
1202 5804 1306 5868 Mss.
1336 5796 1627 5868 juxta__l.xx,

536 5869 559 5901 ι
582 5868 656 5917 sic
672 5857 773 5918 lim.
794 5872 849 5917 et
866 5857 973 5915 Mss:
999 5857 1152 5912 Atii-1'.
1179 5866 1230 5911 et
1250 5857 1360 5912 ιον.
1377 5860 1623 5921 omittunt,
1646 5857 1731 5909 ad.

1701 337 1761 394 S.
1802 332 2171 394 AUGUSTlNl
2208 334 2515 397 EPISCOPI

3612 364 3753 426 1272

2170 459 2287 516 sine
2313 459 2585 518 intellectu
2610 460 2912 523 fundamus.
2951 468 3097 539 Quid
3135 486 3271 546 opus
3295 484 3378 534 est
3396 477 3628 550 jubilare
3654 494 3710 542 et
3729 490 3748 523 ι

2167 553 2539 625 obtemperare
2564 556 2690 615 huic
2715 559 2940 632 psalmoj
2963 562 3179 635 dicenti,
3227 568 3452 627 Juln'late
3474 573 3605 645 Deo,
3637 595 3749 634 om-

2166 647 2245 699 nis
2273 652 2423 713 terra,
2455 655 2511 703 et
2549 650 2987 724 non'intelligere
3005 655 3395 727 jubilationem,
3425 671 3482 719 ut
3518 680 3620 722 vox
3652 683 3751 725 no-

2166 745 2275 793 stra
2301 732 2413 796 Sola
2433 742 2644 813 jubilet,
2674 754 2730 802 et
2756 761 2851 804 cor
2888 764 2994 805 non
3010 750 3240 822 jubilet?
3264 756 3437 813 Sonus
3461 759 3603 817 enim
3627 777 3752 820 cor-

2166 828 2271 899 dis,
2299 832 2600 891 intellectus
2625 847 2727 893 est.

2237 924 2293 979 4.
2322 924 2472 994 Quod
2495 931 2661 986 nostis
2680 930 2916 991 dicturus
2935 950 3073 991 sum.
3098 938 3199 1007 Qui
3217 939 3427 1011 jubilat,
3455 959 3561 1001 non
3593 948 3753 1004 verba

2167 1012 2314 1083 dicit,
2344 1017 2439 1073 sed
2458 1033 2622 1077 sonus
2648 1024 2862 1093 quidam
2892 1038 2975 1083 est
3008 1029 3204 1087 laetitiae
3244 1034 3362 1090 sine
3396 1037 3571 1093 verbis
3605 1056 3618 1092 :
3651 1056 3759 1096 vox

2167 1116 2250 1162 est
2273 1108 2413 1163 enim
2443 1111 2605 1168 animi
2631 1113 2809 1172 diﬂ‘usi
2836 1118 3040 1185 laetitia,
3071 1133 3327 1193 quantum
3352 1135 3546 1197 potest,
3573 1133 3759 1201 expri-

2167 1203 2364 1259 mentis
2388 1204 2654 1274 aﬂ'cctum,
2678 1226 2786 1267 non
2814 1228 3033 1272 sensum
3053 1222 3576 1291 comprehendentis.
3611 1226 3759 1282 Gau-

2167 1294 2302 1353 dens
2327 1296 2488 1357 homo
2514 1302 2570 1357 in
2608 1306 2967 1366 exsultatione
2995 1326 3113 1381 sua,
3145 1328 3213 1369 ex
3241 1316 3420 1371 verbis
3440 1319 3760 1388 quibusdam

2166 1404 2287 1459 quae
2314 1406 2420 1447 non
2443 1394 2463 1425 ²
2490 1404 2715 1465 possunt
2737 1399 2842 1456 dici
2867 1410 2923 1458 et
2954 1403 3199 1476 intelligi,
3233 1412 3463 1480 erumpit
3489 1413 3543 1467 in
3570 1428 3761 1470 vocem

2167 1484 2452 1552 quamdam
2492 1489 2862 1549 exsultationis
2904 1494 3019 1550 sine
3044 1499 3257 1566 verbis;
3288 1502 3360 1557 ita
3408 1513 3468 1559 ut
3504 1518 3764 1576 appareat

2167 1589 2291 1631 eum
2317 1578 2429 1648 ipsa
2458 1595 2591 1637 voce
2631 1583 2864 1653 gaudere
2901 1588 3113 1658 quidem
3135 1633 3151 1658 ,
3182 1592 3274 1648 sed
3302 1600 3454 1664 quasi
3491 1599 3759 1668 repletum

2167 1669 2334 1725 nimio
2359 1672 2572 1743 gaudio,
2614 1690 2720 1732 non
2750 1692 2908 1748 posse
2934 1683 3112 1738 verbis
3139 1686 3409 1757 explicare
3449 1692 3593 1761 quod
3620 1708 3765 1762 gau-

2168 1763 2277 1821 det.
2303 1766 2722 1828 Animadvertite
2749 1770 2853 1830 hoc
2893 1773 2945 1828 in
2976 1777 3056 1832 eis
3083 1779 3173 1848 qui
3198 1788 3416 1836 cantant
3444 1784 3605 1839 etiam
3649 1801 3762 1842 non

2166 1855 2411 1916 honeste.
2440 1860 2553 1916 Non
2580 1864 2721 1919 enim
2754 1866 2872 1922 talis
2895 1866 2997 1922 erit
3019 1867 3263 1938 jubilatio
3283 1877 3672 1947 nostra,qualis
3700 1878 3767 1933 il-

2168 1949 2338 2007 lorum
2367 1962 2480 2017 est;
2514 1970 2612 2011 nos
2638 1959 2777 2012 enim
2827 1958 2878 2013 in
2901 1961 3286 2031 justificatione
3320 1967 3551 2035 jubilare
3580 1970 3761 2028 debe-

2170 2058 2306 2108 mus,
2341 2044 2411 2098 illi
2442 2055 2618 2101 autem
2644 2048 2871 2117 jubilant
2911 2055 2963 2106 in
3008 2052 3327 2125 iniquitate:
3360 2058 3538 2130 itaque
3562 2076 3663 2118 nos
3705 2063 3763 2118 in

2168 2136 2503 2193 confessione
2527 2182 2541 2204 ,
2586 2141 2660 2195 illi
2698 2142 2751 2197 in
2778 2143 3106 2201 confusione.
3154 2146 3352 2205 Tamen
3391 2159 3449 2205 ut
3488 2150 3587 2209 hoc
3614 2155 3766 2228 quod

2167 2226 2288 2282 dico
2335 2230 2677 2301 intelligatis,
2734 2234 2841 2290 imo
2890 2238 3246 2294 recordemini
3294 2256 3407 2297 rem
3464 2226 3759 2316 cognitam,

2168 2323 2400 2379 maxime
2428 2324 2653 2395 jubilant
2678 2327 2767 2397 qui
2792 2328 2988 2401 aliquid
3017 2331 3069 2386 in
3094 2333 3236 2405 agris
3260 2345 3582 2407 Operantur;
3606 2342 3765 2411 copia

2168 2411 2436 2469 fructuum
2458 2415 2737 2485 jucundati
2763 2418 2848 2473 vel
2875 2435 3158 2489 messores,
3182 2425 3267 2479 vel
3307 2427 3763 2497 vendemiatores,

2166 2506 2251 2561 vel
2281 2507 2487 2577 aliquos
2514 2507 2717 2565 fructus
2742 2521 3006 2569 metentes
3030 2554 3045 2579 ,
3095 2523 3150 2570 et
3178 2516 3229 2570 in
3280 2517 3392 2588 ipsa
3437 2519 3768 2580 fecunditate

2167 2604 2327 2653 terrae
2353 2606 2409 2654 et
2431 2598 2704 2657 feracitate
2723 2603 3037 2673 gaudentes,
3071 2608 3385 2664 exsultando
3423 2622 3675 2680 cantant;
3706 2623 3770 2670 et

2167 2688 2306 2746 inter
2333 2692 2540 2747 cantica
2584 2707 2703 2764 quae
2750 2695 2929 2751 verbis
2966 2684 3266 2768 enun'tiant,
3316 2701 3556 2758 inserunt
3597 2720 3768 2763 voces

2164 2785 2423 2855 quasdam
2449 2786 2566 2843 sine
2590 2787 2769 2844 verbis
2796 2789 2848 2844 in
2885 2789 3117 2848 elatione
3143 2793 3454 2850 exsultantis
3489 2797 3675 2867 animi,
3705 2810 3771 2855 et

2168 2877 2284 2934 haec
2310 2887 2530 2934 vocatur
2549 2879 2814 2950 jubilatio.
2845 2882 2902 2938 Si
2925 2884 3042 2954 quis
3066 2884 3204 2942 forte
3226 2898 3509 2959 propterea
3532 2906 3638 2947 non
3671 2908 3769 2949 rea

2167 2974 2462 3046 cognoscit,
2495 2976 2615 3045 quia
2662 2991 2933 3050 nunquam
2960 2978 3210 3048 advertit,
3258 2982 3498 3039 advertat
3543 2985 3610 3040 de
3649 3000 3766 3041 cui-

2167 3076 2304 3125 tero.
2345 3070 2520 3139 Atque
2545 3069 2749 3125 utinam
2789 3086 2895 3126 non
2942 3071 3184 3128 inveniat.
3210 3090 3345 3145 quos
3370 3076 3646 3148 advertat,
3691 3096 3769 3136 ne

2168 3160 2311 3218 Deus
2335 3162 2570 3219 inveniat
2597 3179 2731 3233 quos
2750 3172 2974 3220 evertat.
3008 3165 3110 3222 Sed
3135 3175 3310 3223 tamen
3329 3173 3453 3238 quia
3474 3185 3581 3225 non
3612 3173 3769 3241 quie-

2166 3262 2323 3309 scunt
2372 3254 2519 3310 nasci
2555 3255 2761 3325 spinae,
2802 3256 2854 3311 in
2896 3257 3036 3312 male
3072 3260 3462 3317 exsultantibus
3508 3263 3767 3321 adverta-

2168 3361 2287 3401 mus
2337 3346 2706 3418 jubilationem
2751 3349 3155 3419 improbandam
3180 3393 3197 3420 ,
3225 3361 3280 3409 et
3324 3353 3614 3412 offeramus
3644 3357 3768 3415 Deo

2162 3438 2535 3509 jubilationem
2562 3441 2944 3499 coronandam.

2238 3530 2292 3585 5.
2332 3529 2556 3599 Quando
2584 3546 2712 3602 ergo
2750 3547 2848 3588 nos
2867 3532 3199 3604 jubilamus?
3226 3536 3450 3605 Quando
3479 3540 3768 3599 laudamus

2167 3620 2311 3693 quod
2348 3622 2452 3684 dici
2496 3637 2601 3678 non
2645 3632 2839 3694 potest.
2885 3625 3222 3684 Attendimus
3265 3630 3406 3685 enim
3454 3633 3764 3689 universam

2168 3725 2485 3780 creaturam,
2521 3724 2716 3770 terram
2745 3725 2800 3773 et
2820 3731 2989 3785 mare,
3019 3726 3074 3775 et
3114 3720 3329 3787 coelum,
3359 3730 3413 3778 et
3434 3725 3613 3779 omnia
3638 3741 3765 3796 qum

2118 3851 2122 3855 ,
2169 3805 2222 3860 in
2261 3806 2340 3861 eis
2369 3815 2495 3861 sunt
2541 3823 2555 3860 :
2594 3806 2918 3865 attendimus
2964 3809 3171 3881 singula
3214 3811 3413 3869 habere
3447 3815 3678 3886 origines
3704 3826 3765 3871 et

2169 3912 2356 3954 causas
2400 3912 2548 3965 suas,
2576 3899 2841 3954 seminum
2878 3898 3011 3969 vim,
3045 3902 3296 3958 nascendi
3340 3904 3606 3971 ordinem,
3635 3923 3767 3980 per-

2170 3990 2423 4047 manendi
2450 3991 2691 4060 modum,
2739 3992 3041 4050 intereundi
3070 3994 3349 4053 decessum
3376 4039 3390 4063 ,
3419 4014 3637 4056 currere
3663 4016 3768 4057 vo-

2170 4081 2372 4138 lumina
2408 4084 2724 4140 smculorum
2773 4085 2892 4140 sine
2941 4085 3048 4141 ulla
3094 4089 3532 4158 perturbatione,
3577 4093 3764 4150 stellas

2169 4174 2312 4231 volvi
2350 4176 2581 4246 quodam
2612 4175 2773 4231 modo
2800 4175 2868 4232 ab
2894 4176 3103 4234 oriente
3130 4180 3186 4235 in
3210 4180 3561 4251 occidentem,
3600 4200 3763 4256 pera-

2169 4283 2297 4340 gere
2342 4284 2534 4325 cursus
2566 4283 2828 4325 annorum
2860 4310 2875 4336 ,
2923 4270 3166 4328 videmus
3210 4272 3575 4334 dimensiones
3606 4293 3768 4336 men-

2171 4364 2310 4419 sium
2329 4404 2345 4429 ,
2386 4361 2737 4419 distentiones
2767 4362 3054 4431 horarum;
3087 4365 3246 4437 inque
3285 4368 3367 4423 his
3392 4371 3639 4427 omnibus
3663 4389 3763 4429 ne-

2172 4457 2285 4513 scio
2321 4457 2448 4528 quid
2483 4456 2768 4526 invisibile,
2801 4458 2943 4529 quod
2968 4459 3186 4531 spiritus
3212 4462 3295 4517 vel
3325 4465 3501 4519 anima
3539 4465 3761 4536 dicitur,

2172 4550 2352 4605 inesse
2381 4549 2630 4604 omnibus
2659 4549 3019 4606 animantibus
3044 4551 3112 4607 ad
3141 4555 3493 4623 appetendam
3513 4557 3762 4628 volupta-

2173 4650 2281 4697 tem
2309 4639 2720 4711 fugiendamque
2759 4641 3059 4697 molestiam
3083 4684 3098 4713 ,
3126 4643 3192 4699 ad
3219 4647 3634 4704 conservandam
3672 4650 3763 4706 in-

2173 4733 2538 4789 columitatem
2600 4745 2751 4786 suam
2814 4733 3096 4804 vestigium
3165 4735 3432 4807 quoddam
3506 4740 3760 4808 unitatis;

2173 4825 2353 4882 inesse
2377 4824 2537 4880 etiam
2562 4822 2768 4879 homini
2793 4838 3075 4882 commune
3102 4828 3353 4898 quiddam
3379 4820 3514 4886 'cum
3542 4832 3765 4905 Angelis

2173 4916 2311 4983 Dei;
2338 4930 2445 4971 non
2479 4930 2599 4971 cum
2648 4915 2965 4986 pecoribus,
2993 4917 3130 4973 sicut
3177 4928 3260 4974 est
3310 4920 3511 4992 vivere,
3549 4924 3762 4997 audire,

2173 5010 2378 5080 videre,
2409 5018 2463 5066 et
2484 5018 2711 5077 caatera',
2744 5010 2838 5067 sed
2862 5011 3003 5081 quod
3030 5011 3287 5084 intelligat
3310 5015 3496 5081 Deum,
3527 5019 3669 5089 quod
3692 5020 3768 5077 ad

2174 5113 2407 5161 mentem
2435 5103 2649 5174 proprie
2679 5103 2942 5173 pertineat
2966 5104 2987 5136 ³
3007 5145 3023 5172 ,
3051 5105 3191 5175 quod
3221 5107 3561 5166 sicutoculus
3583 5112 3769 5169 album

2175 5206 2232 5254 et
2255 5198 2463 5268 nigrum
2489 5237 2506 5263 ,
2538 5196 2610 5250 ita
2650 5194 2953 5265 aequitatem
3002 5195 3442 5270 iniquitatemque
3470 5201 3765 5261 discernat.

2175 5290 2236 5347 In
2274 5291 2375 5346 hac
2404 5297 2514 5345 tota
2538 5286 2968 5344 consideratione
2992 5298 3268 5355 creaturae,
3302 5307 3460 5362 quam
3486 5296 3771 5354 nominare

2176 5392 2463 5454 utcumque
2525 5390 2579 5437 et
2631 5394 2945 5452 percurrere
2996 5382 3299 5451 potuimus,
3368 5385 3656 5459 interroget
3708 5406 3770 5449 se

2177 5478 2357 5533 anima
2389 5495 2402 5530 :
2426 5474 2555 5542 Quis
2572 5474 2698 5530 fecit
2717 5474 2833 5529 haec
2848 5474 3068 5531 omnia?
3090 5477 3209 5547 quis
3230 5479 3433 5535 creavit
3460 5480 3616 5538 haec?
3644 5486 3769 5555 quis

2180 5570 2234 5627 in
2266 5569 2348 5624 his
2372 5567 2637 5639 teipsam?
2676 5565 2814 5635 Quid
2839 5577 2965 5622 sunt
2993 5567 3092 5624 ista
3117 5584 3236 5642 quae
3268 5570 3612 5633 consideras?
3635 5576 3767 5649 quid

2244 5728 2261 5759 ί
2290 5734 2389 5774 am.
2406 5730 2480 5773 Er.
2496 5730 2561 5788 _et
2582 5722 2806 5788 plerique
2829 5731 2957 5787 Mss,
2979 5729 3025 5776 et
3046 5738 3156 5776 non.

2244 5791 2265 5821 ’
2290 5789 2373 5849 Hic
2395 5788 2444 5835 in
2466 5785 2683 5849 pluribus
2704 5785 2808 5849 Mss.
2844 5785 3007 5845 deest,
3032 5801 3141 5838 non.

2246 5851 2269 5886 ³
2290 5848 2403 5901 add.
2425 5846 2676 5915 pertineat.
2692 5848 2824 5914 aliqu
2839 5858 2878 5902 st
2900 5863 3019 5902 vero
3041 5851 3400 5917 mss.,pertiuet.
3413 5858 3554 5908 Forte
3568 5853 3765 5909 melius.
