4056 6488
276 332 424 392 ηπ,

275 459 335 505 ιιι
364 459 487 518 quae
519 439 868 500 consideras?
892 438 1022 509 Quis
1057 435 1148 494 ille
1188 435 1278 508 qui
1316 435 1443 492 fecit
1485 435 1872 493 consideranda

273 549 334 598 et
360 533 838 595 considerantem?
874 532 995 604 quis
1018 538 1102 587 est
1126 530 1268 587 iste?
1295 530 1389 585 Dic
1418 529 1568 585 illum
1592 545 1608 596 ;
1633 537 1694 585 ut
1724 529 1874 585 dicas

273 631 452 696 illum,
502 626 678 698 cogita
718 624 890 680 illum.
921 621 1081 678 Potes
1121 621 1265 676 enim
1305 620 1504 691 aliquid
1530 620 1794 692 cogitare,
1819 628 1875 676 et

276 725 419 780 forte
450 736 558 777 non
582 727 736 792 potes
755 718 937 773 dicere
961 732 977 783 ;
1001 715 1147 772 nullo
1174 715 1336 771 modo
1356 723 1536 771 autem
1564 714 1768 785 poteris
1786 713 1873 768 di-

277 830 406 872 cere
434 813 580 886 quod
623 827 729 866 non
757 809 997 881 potueris
1041 807 1296 879 cogitare.
1329 806 1472 876 Ergo
1515 811 1693 877 coglta
1722 804 1871 860 illum

279 907 598 980 priusquam
629 904 778 960 dicas
806 902 991 967 illum;
1030 909 1087 955 ut
1119 901 1322 971 cogites
1357 899 1530 965 illum,
1570 896 1767 954 accede
1807 896 1876 953 ad

279 999 454 1054 illum.
480 995 633 1066 Quod
661 995 805 1051 enim
832 995 913 1050 vis
936 992 1076 1049 bene
1102 992 1304 1059 videre,
1329 999 1388 1047 ut
1412 991 1610 1048 habeas
1637 989 1780 1062 quod
1798 989 1878 1044 lo-

287 1090 497 1162 quaris,
529 1086 743 1143 accedis
783 1094 841 1142 ut
881 1085 1153 1156 inspicias,
1186 1100 1256 1140 ne
1282 1084 1419 1141 forte
1459 1083 1618 1156 longe
1644 1081 1877 1138 videndo

282 1183 506 1239 fallaris.
557 1181 663 1239 Sed
699 1191 756 1236 ut
792 1180 961 1237 oculis
1000 1180 1100 1235 ista
1133 1193 1393 1248 corpora,
1438 1179 1516 1235 sic
1557 1178 1648 1234 ille
1695 1185 1876 1234 mente

282 1276 635 1348 conspicitur,
659 1273 822 1330 corde
846 1271 1138 1328 attenditur
1155 1270 1452 1326 etvidetur.
1477 1271 1546 1326 Et
1566 1269 1658 1326 ubi
1675 1277 1759 1325 est
1781 1282 1878 1324 cor

283 1368 430 1425 unde
457 1368 549 1423 ille
577 1365 857 1422 videatur?
885 1363 1051 1429 Beati,
1081 1363 1177 1432 ait,
1226 1361 1401 1416 mundi
1439 1361 1609 1428 corde,
1636 1361 1878 1432 quoniam

282 1462 386 1533 ipsi
431 1461 602 1515 Deum
638 1459 873 1514 videbunt
913 1455 1123 1528 (Matth.
1169 1471 1224 1522 ν,
1251 1453 1350 1528 8).
1381 1453 1576 1520 Audio,
1607 1452 1792 1520 credo,
1821 1460 1881 1508 ut

283 1568 507 1626 possum
532 1551 775 1622 intelligo
798 1549 820 1616 ,'
845 1548 1008 1604 corde
1031 1547 1200 1603 videri
1231 1546 1421 1613 Deum,
1451 1560 1554 1602 nec
1591 1559 1748 1616 posse
1775 1543 1880 1600 nisi

283 1645 490 1702 mundo
510 1643 674 1700 corde
699 1641 973 1712 conspici;
1006 1640 1100 1696 sed
1131 1637 1288 1695 audio
1316 1638 1476 1694 aliam
1502 1636 1830 1708 Scripturam
1860 1654 1874 1692 :

288 1738 420 1806 Quis
441 1736 738 1809 gloriabitur
760 1743 954 1789 castum
991 1750 1045 1788 se
1072 1732 1254 1787 habere
1283 1747 1370 1786 cor
1387 1732 1413 1786 1’
1436 1738 1524 1786 aut
1549 1731 1660 1801 quis
1683 1729 1877 1803 gloria-

285 1830 429 1885 bitur
455 1829 701 1884 mundum
720 1843 773 1883 se
794 1842 899 1882 esse
916 1842 950 1880 a
975 1832 1176 1897 peccato
1203 1822 1380 1896 (Prov.
1419 1839 1511 1890 xx,
1542 1821 1635 1890 9)?
1661 1821 1878 1880 Attendi

281 1938 420 1994 ergo
433 1923 732 1978 universam
747 1929 1067 1984 creaturam,
1085 1924 1341 1988 quantum
1352 1916 1498 1987 potui
1514 1933 1529 1982 ;
1546 1914 1879 1985 corporalem

282 2015 641 2072 animadverti
662 2015 715 2070 in
745 2013 882 2070 caelo
902 2012 1035 2068 etin
1063 2019 1227 2080 terra,
1257 2008 1587 2081 spiritualem
1613 2016 1791 2064 autem
1822 2008 1877 2064 in

285 2110 507 2180 meipso
534 2109 620 2179 qui
647 2107 838 2177 loquor
860 2146 874 2172 ,
917 2105 1012 2177 qui
1056 2103 1300 2160 membra
1328 2111 1540 2175 vegeto,
1571 2102 1662 2174 qui
1692 2117 1878 2159 vocem

285 2202 552 2268 intendo,
591 2200 676 2270 qui
716 2198 957 2270 linguam
986 2213 1178 2254 moveo
1201 2240 1217 2266 ,
1247 2198 1338 2268 qui
1367 2197 1528 2252 verba
1555 2196 1868 2267 pronuntio,

281 2309 586 2364 sensusque
617 2291 890 2348 discerno.
933 2292 1001 2346 Et
1030 2289 1244 2362 quando
1272 2287 1675 2360 comprehendo
1707 2303 1795 2344 me
1822 2287 1879 2344 in

284 2388 415 2444 me?
452 2386 604 2443 Unde
633 2400 762 2456 ergo
790 2399 1008 2456 possum
1033 2382 1174 2455 quod
1201 2396 1360 2453 supra
1390 2381 1514 2438 me?
1539 2381 1879 2436 Prcmittitur

282 2487 467 2534 tamen
495 2477 644 2532 cordi
667 2476 899 2532 humano
928 2473 1067 2529 visio
1088 2473 1205 2540 Dei,
1233 2482 1288 2528 et
1313 2471 1562 2528 indicitur
1591 2473 1608 2504 ¹
1636 2471 1880 2542 quaedam

282 2569 533 2640 operatio
560 2567 851 2624 mundandi
874 2565 1086 2633 cordis;
1115 2564 1219 2622 hoc
1239 2563 1434 2628 dicitur
1455 2563 1523 2620 ab
1550 2562 1830 2634 Scriptura
1858 2580 1874 2620 :

281 2661 420 2718 Para
451 2660 590 2716 unde
619 2658 805 2715 videas
829 2657 973 2730 quod
996 2671 1144 2712 amas
1171 2697 1187 2725 ,
1221 2665 1505 2728 antequam
1530 2654 1735 2710 videas.
1768 2654 1881 2710 Au-

281 2753 397 2810 dito
426 2753 570 2809 enim
596 2753 710 2810 Deo
734 2762 786 2808 et
813 2751 1030 2808 nomine
1055 2751 1195 2821 ejus,
1219 2749 1306 2805 cui
1326 2763 1435 2805 non
1455 2748 1613 2804 dulce
1634 2756 1717 2803 est
1737 2747 1880 2820 quod

280 2844 457 2912 audit,
486 2845 590 2900 nisi
634 2843 799 2914 impio
830 2843 1056 2898 multum
1087 2850 1316 2910 remoto,
1336 2840 1578 2898 multum
1603 2841 1762 2911 longe
1798 2837 1880 2894 fa-

280 2937 406 2992 cto?
437 2936 696 3004 Quoniam
717 2950 851 3002 ecce,
875 2935 1065 3006 inquit,
1098 2933 1187 3005 qui
1210 2934 1361 3005 longe
1389 2933 1585 3005 faciunt
1604 2948 1659 2986 se
1683 2931 1774 2986 abs
1803 2919 1875 2999 te,

280 3028 560 3099 peribunt;
601 3027 844 3098 sequitur
866 3068 883 3096 ,
936 3025 1217 3081 Perdidisti
1260 3041 1458 3080 omnem
1483 3025 1569 3094 qui
1596 3023 1880 3096 fornicatur

280 3119 378 3174 abs
402 3131 450 3174 te
471 3117 651 3192 (Psal.
682 3131 826 3174 Lxm
843 3160 858 3184 ,
886 3117 956 3172 27
977 3118 1018 3187 ).
1041 3116 1206 3173 Nobis
1240 3123 1419 3172 autem
1449 3115 1619 3187 quid?
1645 3114 1780 3182 Quia
1800 3112 1881 3171 illi

279 3209 480 3282 longe,
527 3220 584 3266 et
616 3210 738 3266 ideo
773 3211 829 3266 in
876 3209 1129 3276 tenebris,
1157 3218 1212 3264 et
1241 3209 1311 3262 ita
1341 3208 1591 3264 sauciatis
1616 3205 1792 3264 oculis
1823 3206 1878 3263 iu

280 3303 560 3369 tenebris,
593 3311 651 3357 ut
687 3301 864 3359 lumen
908 3315 1015 3357 non
1044 3301 1214 3357 solum
1265 3315 1373 3356 non
1419 3299 1745 3367 desiderent,
1783 3297 1882 3357 sed

281 3395 448 3452 etiam
466 3395 909 3466 perhorrescant;
938 3393 1160 3449 nobisin
1185 3392 1474 3464 longinquo
1493 3391 1724 3449 inventis
1751 3390 1882 3463 quid

281 3485 521 3543 dicitur?
546 3487 778 3542 Accedite
791 3486 858 3540 ad
878 3501 1012 3553 eum,
1035 3493 1081 3540 et
1104 3483 1464 3538 ittuminamini
1485 3482 1658 3557 (Psal.
1688 3499 1878 3550 xum,

283 3576 379 3651 6).
413 3577 482 3633 Ut
509 3586 685 3633 autem
724 3575 946 3632 accedas
969 3584 1024 3631 et
1056 3574 1406 3641 illumineris,
1439 3573 1758 3646 displiceant
1782 3573 1880 3630 tibi

285 3671 529 3728 tenebrae
559 3680 697 3735 tuae;
728 3669 920 3726 damna
948 3668 1090 3740 quod
1115 3684 1194 3734 es,
1226 3676 1283 3723 ut
1309 3668 1566 3724 merearis
1586 3683 1706 3724 esse
1728 3667 1874 3740 quod

289 3781 402 3821 non
436 3779 514 3820 es.
540 3761 615 3819 Es
645 3764 882 3833 iniquus,
909 3776 1030 3818 esse
1053 3761 1217 3818 debes
1252 3761 1464 3833 justus:
1492 3776 1764 3832 nunquam
1789 3761 1881 3833 ju-

287 3857 493 3912 stitiam
519 3867 866 3928 percepturus
890 3869 970 3921 es,
1000 3854 1047 3910 si
1071 3853 1246 3910 adhuc
1275 3853 1370 3909 tibi
1400 3853 1576 3924 placet
1600 3853 1871 3924 iniquitas.

287 3949 526 4006 Contere
550 3949 690 4004 illam
714 3948 767 4003 in
786 3945 949 4002 corde
987 3954 1100 4015 tuo,
1133 3953 1188 4001 et
1225 3944 1458 4011 munda;
1485 3943 1696 4016 expelle
1736 3945 1885 4001 illam

289 4040 364 4097 de
390 4041 555 4097 corde
576 4049 686 4107 tuo,
711 4039 799 4094 ubi
824 4038 938 4094 vult
962 4037 1238 4106 habitare'
1263 4051 1422 4106 quem
1448 4037 1529 4091 vis
1553 4036 1754 4094 videre.
1779 4037 1884 4094 Ae-

287 4131 442 4189 cedit
483 4147 609 4203 ergo
637 4140 924 4202 utcumque
966 4129 1142 4186 anima
1173 4129 1402 4183 humana
1426 4169 1442 4194 ,
1470 4127 1692 4184 interior
1722 4128 1888 4185 homo

287 4233 566 4282 recreatus
595 4224 662 4280 ad
709 4224 991 4295 imaginem
1022 4223 1154 4288 Dei,
1201 4221 1322 4292 quia
1350 4228 1559 4277 creatus
1586 4220 1652 4276 ad
1695 4219 1886 4292 imagi-

289 4335 420 4392 nem
445 4318 578 4384 Dei;
601 4318 693 4390 qui
723 4327 870 4374 tanto
895 4324 1011 4373 erat
1029 4316 1185 4386 longe
1213 4313 1384 4370 factus
1413 4314 1433 4345 ³
1461 4355 1476 4381 ,
1509 4321 1708 4384 quanto
1749 4313 1888 4370 ierat

293 4415 354 4471 in
381 4411 889 4470 dissimilitudinem.
917 4410 1034 4466 Non
1054 4409 1196 4465 enim
1219 4408 1455 4464 locorum
1485 4406 1779 4464 intervallis
1798 4421 1889 4462 ac-

293 4508 507 4565 ceditur
536 4505 602 4560 ad
627 4505 814 4569 Deum,
841 4513 936 4558 aut
984 4500 1254 4558 receditur
1296 4515 1328 4555 a
1394 4499 1506 4555 Deo
1563 4518 1577 4554 :
1615 4497 1890 4554 dissimilis

293 4603 488 4667 factus,
518 4601 678 4671 longe
696 4597 1004 4662 recessisti;
1027 4595 1216 4650 similis
1246 4594 1436 4661 factus,
1466 4592 1710 4664 proxime
1729 4605 1888 4648 acce-

295 4695 402 4750 dis.
433 4692 569 4748 Vide
598 4689 864 4762 quomodo
893 4702 992 4744 nos
1034 4687 1146 4741 vult
1173 4684 1431 4741 accedere
1474 4683 1766 4750 Dominus,
1812 4681 1893 4738 fa-

295 4788 447 4842 ciens
469 4786 646 4857 primo
669 4783 872 4839 similes
894 4822 912 4848 ,
942 4788 1000 4836 ut
1023 4778 1358 4836 accedamus.
1387 4775 1582 4842 Estote,
1608 4777 1718 4843 ait,
1762 4776 1893 4830 sicut

297 4880 462 4934 Pater
497 4884 658 4931 uester
681 4875 766 4946 qui
785 4875 839 4928 in
879 4872 1018 4928 caelis
1043 4878 1137 4938 est,
1159 4871 1247 4943 qui
1266 4868 1423 4926 solem
1450 4884 1600 4923 suum
1625 4868 1744 4923 oriri
1770 4867 1894 4939 facit

296 4986 453 5038 super
480 4967 639 5022 bonos
681 4973 729 5019 et
751 4963 948 5029 malos,
979 4970 1028 5016 et
1065 4961 1194 5033 pluit
1218 4975 1370 5030 super
1384 4958 1553 5029 justas
1597 4967 1642 5013 et
1676 4957 1893 5028 injustas

297 5060 521 5130 (Matth.
545 5074 602 5125 v,
631 5058 748 5128 £5).
775 5055 932 5112 Disce
949 5053 1172 5124 diligere
1197 5049 1491 5116 inimicum,
1519 5047 1564 5104 si
1591 5049 1676 5104 vis
1697 5062 1890 5104 cavere

302 5152 582 5208 inimicum
611 5148 654 5204 ’⁵.
687 5148 1004 5218 lnquantum
1033 5152 1212 5200 autem
1253 5143 1307 5197 in
1337 5151 1388 5197 te
1415 5140 1649 5196 charitas
1674 5139 1889 5207 crescit,

296 5242 543 5300 efficiens
563 5250 615 5298 te
630 5249 957 5298 etrevocans
973 5245 1026 5294 te
1041 5235 1106 5293 ad
1127 5233 1523 5293 similitudinem
1540 5231 1656 5302 Dei,
1680 5240 1894 5304 perten-

367 5441 384 5472 ¹
412 5440 551 5502 ald,
571 5438 686 5490 inde
709 5435 908 5502 dicitur.
934 5442 1134 5502 At__t_tss.,

368 5504 389 5534 ³
414 5493 549 5567 ιιεεί
574 5509 689 5564 115.,
712 5497 946 5566 conﬁtere
983 5493 1130 5550 ittam’
1159 5497 1213 5549 in
1233 5497 1379 5549 corde
1403 5501 1482 5548 tuo
1509 5507 1528 5549 :
1549 5493 1619 5549 ibi
1647 5494 1748 5548 vult
1769 5494 1901 5548 habi-

301 5569 620 5694 ῗαΐξόιῗὲιῗίιοι·
640 5634 765 5676 Mss:
787 5622 1051 5694 Accedente
1063 5627 1463 5694 umentemque
1491 5633 1653 5694 anima
1667 5619 1897 5694 humana,

303 5682 510 5758 interim
537 5690 677 5741 homo
698 5694 945 5740 recreatur
967 5684 1032 5737 ad
1056 5685 1073 5737 i
1127 5682 1147 5689 ’
1193 5683 1204 5694 ’
1336 5682 1427 5734 Dei
1451 5698 1465 5736 :
1491 5684 1606 5749 quia
1626 5691 1816 5737 creatus
1833 5682 1899 5734 ad

305 5750 571 5812 imaginem
595 5750 700 5811 Dei,
716 5755 846 5812 tanta
867 5754 973 5800 erat
995 5747 1130 5812 ιθηιλε
1153 5698 1326 5812 θαι-ωε,
1351 5753 1448 5797 etc.
1592 5756 1598 5762 '

305 5750 571 5816 imaginem
595 5750 700 5811 Dei,
716 5755 846 5800 tanta
867 5754 973 5800 erat
995 5747 1130 5814 ftmye
1151 5747 1326 5812 factus,
1351 5753 1448 5797 etc.
1504 5747 1512 5749 ‘
1592 5756 1598 5762 ’

375 5813 402 5849 δ
421 5814 555 5866 σου).
580 5821 684 5879 tte,
701 5811 930 5866 emicant.

1381 319 1783 379 ENARRATIO
1819 320 1886 380 ΙΝ
1925 322 2247 384 PSALMUM
2285 326 2474 386 XCIX.

3423 342 3565 403 1274

1980 439 2059 496 dit
2085 455 2254 512 usque
2281 441 2349 499 ad
2387 441 2632 500 inimicos
2650 459 2666 512 ;
2684 451 2744 501 ut
2761 445 2835 503 sis
2852 445 2900 503 ei
2920 446 3110 506 similis
3131 450 3222 522 qui
3246 449 3372 509 facit
3395 445 3582 514 solem

1977 546 2133 588 suum
2157 534 2308 600 oriri,
2330 547 2437 590 non
2457 550 2620 608 super
2647 535 2818 594 bonos
2835 547 3060 606 tantum,
3085 541 3182 598 sed
3205 557 3367 615 super
3394 547 3565 604 bonos

1980 635 2035 682 et
2058 627 2226 683 malos
2247 644 2263 694 ;
2285 637 2338 684 et
2369 629 2524 699 pluit,
2546 645 2654 685 non
2685 645 2846 702 super
2865 634 3038 703 justus
3065 643 3269 692 tantum
3295 678 3310 705 ,
3340 638 3435 694 sed
3476 655 3568 695 su-

1979 733 2076 790 per
2089 718 2262 790 justus
2291 728 2346 775 et
2370 720 2614 792 iniustos.
2639 722 2905 791 Quantum
2930 727 3143 784 accedis
3170 729 3238 784 ad
3258 729 3565 789 similitudi.

1980 825 2138 876 nem.
2182 819 2386 867 tantum
2429 813 2646 882 proficis
2685 815 2738 870 in
2778 816 3071 882 cbaritate,
3104 828 3159 875 et
3201 828 3350 876 tanto
3377 823 3568 896 incipis

1981 901 2182 958 sentire
2211 903 2397 958 Deum.
2419 903 2486 959 Et
2511 919 2672 976 quem
2696 909 2901 963 sentis?
2926 911 3016 980 qui
3041 913 3272 968 venitad
3299 923 3372 982 te,
3397 931 3466 972 an
3496 917 3566 972 ad

1981 1007 2141 1064 quem
2169 1001 2224 1049 tu
2252 993 2431 1050 redis?
2458 994 2589 1051 Nam
2614 996 2704 1053 ille
2719 1013 2987 1070 nunquam
3010 1002 3256 1060 discessit
3281 1021 3313 1061 a
3339 1015 3392 1062 te
3423 1025 3437 1062 :
3470 1023 3562 1064 re-

1981 1085 2125 1141 cedit
2145 1099 2177 1139 a
2203 1094 2255 1142 te
2282 1085 2442 1155 Deus,
2465 1102 2588 1144 cum
2615 1098 2669 1144 tu
2694 1091 2944 1147 recedisa
2967 1093 3096 1149 Deo.
3122 1095 3411 1154 Praesentia
3434 1107 3563 1154 sunt

1981 1179 2140 1235 caecis
2163 1179 2362 1244 omnia,
2400 1181 2538 1236 sicut
2559 1181 2861 1239 videntibus
2893 1202 2908 1240 :
2932 1201 3038 1241 uno
3068 1187 3188 1244 loco
3209 1198 3358 1246 stans
3387 1206 3564 1248 etecus

1983 1278 2038 1325 et
2063 1269 2267 1337 videns,
2293 1270 2482 1327 iisdem
2519 1271 2704 1332 formis
2727 1289 2910 1331 rerum
2937 1285 3162 1350 uterque
3187 1280 3569 1342 circumfundi-

1985 1371 2107 1430 tur;
2150 1364 2240 1419 ille
2273 1372 2357 1420 est
2384 1379 2619 1435 praesens
2664 1367 2860 1436 rebus,
2885 1369 2974 1427 ille
3000 1371 3194 1429 absens
3227 1394 3240 1429 :
3269 1391 3336 1431 ex
3360 1376 3569 1431 duobus

1983 1470 2092 1512 uno
2119 1457 2240 1512 loco
2263 1457 2525 1513 stantibus
2546 1500 2561 1526 ,
2596 1475 2730 1514 unus
2756 1470 2840 1517 est
2862 1477 3100 1532 praesens
3121 1505 3139 1532 ,
3170 1465 3306 1520 alius
3334 1467 3564 1534 absens;

1982 1563 2090 1604 non
2115 1548 2276 1604 rebus
2300 1548 2430 1619 ipsis
2455 1549 2522 1606 ad
2559 1551 2785 1608 alterum
2824 1553 3202 1611 accedentibus
3235 1557 3379 1612 etab
3401 1559 3571 1614 altero

1983 1640 2378 1709 recedentibus,
2402 1642 2496 1698 sed
2522 1655 2740 1715 propter
2775 1646 3259 1705 dissimilitudinem
3295 1651 3568 1708 oculorum

1982 1746 2222 1789 suorum.
2254 1731 2350 1790 Ille
2392 1735 2484 1805 qui
2527 1750 2702 1793 caicus
2729 1736 2925 1794 dicitur
2944 1781 2960 1808 ,
2989 1741 3110 1810 quia
3139 1742 3458 1798 exstinctum
3491 1752 3574 1798 est

1983 1824 2058 1882 ibi
2096 1824 2240 1895 quod
2281 1829 2676 1898 contemperari
2703 1829 2842 1886 solet
2865 1830 2972 1886 luci
2997 1831 3016 1864 ³
3065 1841 3258 1889 cuncta
3300 1835 3570 1903 vestienti,

1982 1916 2182 1973 frustra
2210 1925 2294 1974 est
2322 1933 2562 1990 praesens
2582 1921 2742 1977 rebus
2762 1937 2894 1992 quas
2913 1937 3020 1980 non
3042 1923 3216 1990 videt;
3241 1925 3349 1982 imo
3375 1927 3575 1983 rectius

1983 2012 2179 2070 absens
2204 2027 2364 2084 quam
2392 2028 2628 2084 praesens
2647 2014 2840 2072 dicitur
2868 2034 2881 2072 :
2905 2015 2995 2072 ubi
3014 2017 3160 2074 enim
3191 2034 3298 2074 non
3328 2026 3413 2074 est
3438 2034 3567 2076 sen-

1982 2120 2076 2163 sus
2088 2106 2224 2178 ejus,
2247 2115 2394 2164 recte
2413 2106 2606 2164 dicitur
2624 2109 2818 2169 absens
2838 2126 2854 2175 ;
2880 2110 2984 2167 hoc
3015 2120 3098 2167 est
3123 2112 3268 2168 enim
3287 2111 3568 2169 absentem

1982 2214 2124 2269 esse,
2152 2214 2316 2257 sensu
2355 2200 2563 2257 abesse.
2595 2200 2685 2258 Sic
2709 2209 2766 2258 et
2802 2202 2944 2258 Deus
2971 2201 3166 2273 ubique
3202 2218 3442 2273 praesens
3466 2213 3569 2267 est.

1983 2294 2180 2367 ubique
2207 2303 2371 2352 totus.
2400 2294 2670 2370 Sapientia
2701 2295 2818 2366 ejus
2855 2296 3064 2367 attingit
3099 2312 3132 2351 a
3175 2297 3281 2352 [ine
3311 2312 3479 2368 usque
3503 2297 3568 2352 ad

1989 2387 2153 2445 ﬁnem
2173 2388 2400 2456 fortiter,
2427 2397 2483 2445 et
2507 2388 2745 2460 disponit
2777 2389 2955 2444 omnia
2981 2389 3220 2445 suaviter
3249 2391 3268 2460 (
3293 2390 3423 2462 Sap.
3452 2407 3569 2456 vui,
3600 2392 3602 2395 ’

1984 2481 2078 2553 1).
2109 2480 2263 2550 Quod
2283 2488 2462 2537 autem
2485 2481 2624 2536 Deus
2649 2481 2829 2546 Pater,
2853 2480 2956 2536 hoc
2978 2474 3210 2536 Verbum
3238 2480 3355 2550 ejus
3384 2488 3438 2536 et
3466 2481 3568 2537 Sa-

1983 2571 2185 2643 pientia
2222 2571 2377 2642 ejus,
2419 2572 2505 2630 lux
2536 2571 2606 2628 de
2629 2572 2746 2628 luce
2769 2614 2785 2640 ,
2817 2573 2956 2628 Deus
2995 2573 3065 2627 de
3103 2571 3234 2627 Deo.
3283 2571 3418 2640 Quid
3446 2588 3572 2644 ergo

1984 2672 2138 2735 optas
2178 2662 2399 2720 videre?
2442 2663 2559 2720 Non
2597 2671 2682 2720 est
2721 2679 2753 2718 a
2800 2671 2854 2719 te
2883 2663 3041 2734 longe
3079 2663 3221 2735 quod
3265 2665 3344 2719 vis
3368 2664 3569 2721 videre.

1983 2755 2272 2828 Apostolus
2305 2754 2434 2812 dicit
2461 2754 2706 2827 equidem
2737 2769 2842 2813 non
2877 2755 3034 2827 longe
3076 2755 3306 2827 positum
3347 2756 3416 2814 ab
3434 2773 3571 2812 uno-

1984 2862 2195 2920 quoque
2223 2857 2466 2904 nostrum
2495 2865 2508 2902 :
2546 2849 2603 2902 in
2629 2849 2742 2918 ipso
2775 2849 2909 2905 enim
2934 2849 3143 2905 vivimus
3161 2858 3210 2904 et
3247 2864 3502 2905 movemur
3528 2861 3574 2907 et

1983 2953 2159 2994 sumus
2183 2937 2332 3011 (Act.
2364 2953 2492 3004 xvii,
2534 2938 2628 3006 27,
2657 2938 2728 2994 28
2748 2937 2790 3010 ).
2817 2939 3024 3008 Quanta
3058 2954 3188 3012 ergo
3214 2940 3430 2996 miseria
3458 2950 3573 3011 est;

1983 3032 2142 3105 longe
2168 3047 2290 3089 esse
2316 3032 2384 3088 ab
2407 3047 2472 3089 eo
2495 3033 2585 3104 qui
2608 3033 2804 3103 ubique
2829 3034 2950 3089 est?

2058 3125 2112 3181 6.
2141 3124 2272 3180 Esto
2296 3139 2425 3196 ergo
2449 3124 2640 3180 similis
2659 3124 2876 3195 pietate,
2903 3131 2960 3180 et
2979 3123 3205 3195 diligens
3219 3120 3573 3197 cogitatione:

1984 3217 2238 3290 quoniam
2268 3216 2549 3273 invisibilia
2579 3215 2695 3285 ejus
2738 3229 2834 3285 per
2870 3229 2934 3271 ea
2959 3230 3078 3286 quae
3106 3214 3240 3270 facta
3263 3222 3388 3269 sunt
3409 3211 3569 3268 intel-

1987 3308 2126 3364 lecta
2149 3307 2552 3378 conspiciuntur
2579 3307 2758 3377 (Rom.
2784 3321 2824 3372 ι,
2850 3305 2985 3376 20);
3031 3321 3096 3361 ea
3140 3321 3258 3376 qua:
3287 3303 3423 3360 facta
3451 3312 3576 3359 sunt

1988 3399 2219 3467 intuere,
2252 3398 2471 3465 mirare,
2501 3412 2686 3469 quaere
2712 3405 3007 3453 auctorem.
3057 3396 3114 3453 Si
3142 3395 3414 3452 dissimilis
3464 3395 3571 3462 sis,

1986 3489 2303 3562 repelleris;
2332 3489 2378 3544 si
2421 3488 2650 3556 similis,
2679 3489 2990 3545 exsultabis.
3036 3487 3106 3543 Et
3150 3502 3271 3543 cum
3318 3484 3576 3543 accedere

1988 3582 2220 3655 caperis
2247 3580 2438 3638 similis
2461 3621 2480 3650 ,
2507 3589 2562 3638 et
2582 3581 2972 3652 persentiscere
2993 3581 3158 3636 Deum
3185 3622 3201 3648 ,
3229 3587 3484 3652 quantum
3521 3579 3576 3634 in

1991 3686 2045 3735 te
2071 3676 2306 3733 charitas
2328 3676 2560 3744 crescit,
2581 3676 2708 3748 quia
2731 3683 2786 3731 et
2809 3675 3045 3732 charitas
3071 3675 3214 3730 Deus
3233 3681 3316 3729 est
3341 3672 3388 3744 (l
3412 3673 3572 3728 Joan.

1987 3787 2061 3838 IV,
2084 3771 2167 3843 8),
2203 3770 2403 3826 senties
2426 3768 2678 3840 quiddam
2706 3768 2850 3841 quod
2875 3769 3110 3836 dicebas,
3129 3776 3184 3822 et
3209 3781 3315 3822 non
3337 3763 3574 3821 dicebas.

1988 3864 2130 3920 Ante
2166 3862 2311 3919 enim
2349 3875 2510 3932 quam
2535 3861 2787 3928 sentires,
2809 3860 2990 3916 dicere
3017 3868 3070 3914 te
3093 3857 3316 3930 putabas
3348 3857 3519 3911 Deum
3560 3873 3574 3910 :

1989 3955 2184 4026 incipis
2235 3954 2460 4021 sentire,
2491 3960 2547 4009 et
2589 3953 2664 4009 ibi
2719 3953 2885 4008 sentis
2934 3951 3039 4006 dici
3078 3965 3183 4006 non
3233 3963 3390 4020 posse
3435 3947 3577 4020 quod

1991 4045 2181 4105 sentis.
2203 4043 2338 4101 Cum
2364 4052 2543 4100 autem
2587 4044 2664 4099 ibi
2683 4043 2934 4099 didiceris
2961 4042 3066 4098 dici
3095 4057 3200 4096 non
3231 4055 3390 4111 posse
3433 4027 3577 4110 quod

1991 4135 2161 4195 sentis
2183 4177 2199 4205 ,
2233 4135 2454 4200 tacebis,
2484 4149 2593 4191 non
2648 4131 2931 4190 laudabis?
2974 4133 3117 4204 Ergo
3146 4141 3324 4188 mutus
3380 4131 3487 4186 eris
3517 4130 3574 4185 in

1993 4230 2243 4288 laudibus
2267 4228 2404 4298 Dei,
2448 4236 2505 4285 et
2548 4229 2840 4300 gratiarum
2867 4227 3130 4283 actionem
3163 4241 3266 4281 non
3307 4223 3500 4280 reddes
3529 4225 3578 4279 ei

1994 4324 2086 4397 qui
2105 4323 2275 4380 voluit
2298 4337 2360 4378 se
2402 4331 2589 4378 uotum
2611 4320 2706 4378 tibi
2736 4320 2945 4376 facere?
2971 4319 3271 4382 Laudabas,
3299 4333 3420 4372 cum
3442 4333 3583 4389 quaa-

1993 4433 2183 4484 reres;
2222 4415 2428 4481 silebis,
2454 4429 2574 4470 cum
2602 4412 2913 4469 inveneris?
2942 4411 3098 4468 Nullo
3126 4419 3313 4483 pacto:
3345 4427 3450 4466 non
3473 4412 3582 4467 eris

1994 4511 2254 4584 ingratus.
2288 4507 2520 4564 Debetur
2549 4506 2740 4571 honor,
2769 4505 2994 4561 debetur
3017 4504 3336 4571 reverentia,
3358 4503 3583 4559 debetur

1995 4617 2190 4676 magna
2219 4600 2472 4657 laudatio.
2504 4598 2736 4656 Attende
2783 4607 2834 4654 te
2893 4598 2984 4669 qui
3015 4597 3111 4664 sis,
3140 4606 3278 4653 terra
3305 4606 3359 4652 et
3400 4597 3533 4652 cinis
3569 4615 3580 4650 :

1998 4697 2118 4753 vide
2143 4695 2261 4767 quis
2299 4693 2576 4758 meruerit,
2633 4690 2760 4763 quid
2801 4690 3017 4757 videre;
3065 4689 3186 4745 vide
3237 4690 3392 4762 quis,
3432 4689 3580 4760 quid,

1998 4790 2160 4846 homo
2191 4789 2383 4845 Deum.
2438 4787 2690 4857 Agnosco
2736 4799 2846 4840 non
2881 4784 3130 4838 meritum
3175 4782 3442 4849 hominis,
3491 4781 3586 4836 sed

1997 4880 2422 4940 misericordiam
2447 4879 2562 4935 Dei.
2589 4876 2772 4933 Lauda
2798 4892 2928 4948 ergo
2952 4877 3316 4932 miserantem.
3349 4875 3582 4941 Quomo-

1999 4974 2092 5041 do,
2122 4971 2300 5043 inquis
2328 5013 2344 5040 ,
2377 4969 2647 5026 laudabo?
2673 4967 2938 5024 Modicum
2985 4968 3156 5038 ipsum
3197 4965 3338 5038 quod
3388 4965 3588 5020 sentire

2001 5080 2218 5138 possum
2269 5078 2336 5120 ex
2376 5071 2530 5134 parte
2568 5062 2621 5118 iu
2652 5061 2932 5132 aenigmate
2970 5076 3066 5130 per
3091 5060 3361 5134 speculum
3400 5058 3438 5129 (l
3467 5057 3583 5113 Cor.

2000 5173 2119 5226 xm,
2154 5155 2269 5228 12),
2295 5155 2406 5228 jam
2431 5155 2700 5226 explicare
2725 5169 2831 5209 non
2859 5167 3097 5224 possum.
3125 5151 3260 5208 Audi
3290 5167 3417 5222 ergo
3441 5151 3580 5208 Psal-

2000 5264 2186 5307 mum:
2217 5247 2443 5303 Jubilate
2465 5246 2708 5314 Domino,
2735 5247 2897 5302 omnis
2920 5257 3076 5300 terra.
3108 5245 3414 5300 Intellexisti
3442 5245 3557 5314 jubi
3576 5275 3590 5287 -

2001 5342 2254 5398 lationem
2298 5339 2472 5396 omnis
2507 5349 2696 5405 terrai,
2742 5338 2790 5394 si
2821 5338 3016 5410 jubilas
3075 5336 3326 5392 Domino.
3360 5337 3585 5392 Domino

1998 5436 2167 5510 jubila
2193 5437 2246 5501 ’ς
2291 5435 2402 5490 noli
2426 5434 2794 5504 jubilationem
2826 5438 2970 5485 tuam
3013 5431 3066 5484 in
3097 5428 3229 5482 alias
3251 5437 3410 5499 atque
3450 5429 3584 5484 alias

2003 5543 2093 5584 res
2109 5525 2364 5582 dividere.
2393 5524 2672 5581 Postremo
2687 5529 2879 5578 caatera
2897 5520 3000 5576 dici
3029 5529 3251 5592 possunt
3267 5531 3387 5578 utcu
3395 5537 3550 5595 mque
3573 5538 3590 5576 ρ

2069 5680 2089 5712 ί
2111 5681 2186 5730 Sic
2200 5685 2309 5730 Mss.
2335 5685 2391 5728 At
2413 5676 2555 5738 Edd.,'
2574 5676 2696 5728 luce.

2011 5740 2427 5870 m’jmelioris
2442 5736 2572 5792 notia
2590 5746 2697 5790 Mss.
2723 5743 2780 5791 At
2799 5736 2935 5802 Μὰ,
2954 5743 3100 5794 terra:
3115 5737 3139 5792 .9
3154 5737 3204 5792 si
3207 5738 3238 5808 j
3241 5738 3410 5805 uellus,
3430 5737 3596 5793 Domi-
