4058 6518
541 404 676 464 [275

541 526 633 582 ille
679 522 834 580 solus
861 527 944 578 est
989 517 1304 583 ineﬂ'abilis,
1361 513 1454 588 qui
1499 511 1672 581 dixit,
1705 517 1764 568 et
1809 511 1960 568 facta
1998 515 2124 567 sunt

542 619 742 675 omnia.
780 615 940 683 Dixit,
973 623 1027 670 et
1073 613 1197 668 facti
1244 623 1471 667 sumus:
1505 607 1603 664 sed
1645 621 1745 662 nos
1773 620 1895 662 eum
1944 604 2123 662 dicere

543 727 648 769 non
683 723 970 782 possumus
1007 707 1194 778 (Psal.
1251 719 1436 770 xxxu,
1487 703 1582 774 9).
1613 703 1846 759 Verbum
1876 701 1993 772 ejus
2015 716 2122 773 quo

543 805 671 862 dicti
697 817 900 870 sumus,
931 802 1094 858 Filius
1115 801 1230 872 epis
1258 807 1340 856 est
1372 818 1384 853 :
1415 809 1523 854 uta
1550 797 1700 854 nobis
1732 807 2013 867 utcumque
2039 795 2122 850 in-

445 927 450 930 ·
546 901 718 958 firmis
747 900 1012 955 dicereIUr
1039 938 1055 964 ,
1108 896 1276 951 factus
1325 902 1408 950 est
1449 894 1711 949 inlirmu’s.
1742 891 2121 947 Jubilationem

540 1009 642 1069 pro
666 994 828 1049 verbo
878 997 1161 1064 possumus
1189 990 1368 1046 dicere
1390 1032 1404 1053 ,
1431 989 1655 1044 verbum
1692 1002 1788 1056 pro
1813 988 1977 1042 verbo
2013 999 2123 1042 non

541 1099 848 1158 possumus.
871 1083 1094 1139 .lubilate
1124 1098 1249 1154 ergo
1273 1079 1510 1142 Domino,
1549 1081 1710 1135 omnis
1733 1087 1879 1134 terra.

613 1179 666 1235 7.
713 1177 908 1234 Servile
948 1177 1166 1232 Domino
1194 1177 1247 1230 in
1285 1175 1620 1247 jucunditate.
1658 1174 1842 1229 Omnis
1893 1171 2122 1229 servitus

544 1271 903 1328 amaritudine
961 1272 1114 1343 plena
1146 1278 1229 1326 est
1260 1289 1273 1325 :
1302 1283 1488 1324 omnes
1538 1269 1846 1325 conditione
1884 1269 2066 1324 servili
2099 1267 2118 1302 ⁸

540 1364 758 1436 obligati
788 1371 841 1421 et
867 1364 1137 1432 serviunt,
1161 1373 1214 1420 et
1241 1371 1590 1420 murmttrant.
1622 1363 1796 1418 Nolite
1839 1363 2026 1417 timere
2054 1360 2121 1416 il-

547 1458 647 1516 lius
694 1459 904 1514 Domini
945 1460 1422 1514 servitutemznon
1475 1457 1578 1513 erit
1623 1456 1692 1512 ibi
1729 1456 1978 1527 gemitus,
2016 1469 2120 1509 non

539 1571 801 1618 murmur,
835 1571 936 1609 non
980 1553 1306 1624 indignatio;
1337 1567 1493 1608 nemo
1522 1567 1580 1608 se
1617 1551 1746 1622 petit
1768 1553 1791 1585 ⁸
1817 1550 1939 1606 inde
1961 1563 2126 1606 vena-

541 1645 669 1712 lem,
695 1647 815 1716 quia
841 1645 993 1701 dulce
1019 1644 1255 1717 estquod
1283 1643 1542 1713 redempti
1570 1658 1756 1697 omnes
1781 1655 1984 1696 sumus.
2009 1640 2124 1695 Ma-

541 1751 641 1807 gna
671 1736 936 1804 felicitas;
969 1737 1180 1801 fratres,
1211 1751 1329 1792 esse
1373 1737 1424 1790 in
1473 1735 1574 1789 ista
1598 1735 1758 1790 domo
1787 1747 1976 1804 magna
2009 1748 2124 1788 ser-

544 1843 690 1896 vum,
725 1827 826 1884 etsi
853 1844 972 1883 cum
995 1825 1361 1898 compedibus.
1398 1826 1520 1883 Noli
1549 1827 1760 1892 timere,
1789 1839 1946 1882 serve
1975 1840 2124 1881 com-

540 1920 758 1990 pedite.
813 1911 1070 1976 conlltcre'
1127 1920 1353 1976 Domino
1409 1919 1658 1975 :meritis
1722 1918 1827 1973 tuis
1891 1917 2124 1973 attribue

540 2011 826 2082 compedes
858 2021 1012 2080 tuas;
1041 2014 1296 2068 contltere
1335 2013 1386 2067 in
1432 2011 1798 2082 compedibus,
1823 2010 1866 2065 si
1894 2010 1974 2064 vis
1993 2009 2122 2065 utin

541 2116 855 2161 ornamenta
884 2113 1180 2161 vertantur.
1210 2105 1325 2160 Non
1380 2105 1596 2170 frustra,
1646 2118 1745 2160 nec
1770 2105 1886 2160 sine
1912 2103 2126 2160 exaudi-

544 2199 688 2252 tione
710 2197 906 2252 dictum
949 2205 1059 2262 est,
1091 2196 1251 2251 Intret
1279 2198 1331 2251 in
1380 2206 1701 2267 conspectum
1745 2204 1885 2251 tuum
1910 2197 2124 2267 gemitus

537 2289 935 2360 compeditorum
966 2287 1134 2360 (Psal.
1190 2305 1406 2356 LXXVIII,
1457 2289 1565 2358 Η).
1597 2289 1790 2344 Servite
1816 2287 2034 2342 Domino
2069 2287 2122 2342 in

530 2382 868 2455 jucunditate.
895 2380 1086 2438 Libera
1113 2383 1339 2438 servitus
1364 2387 1448 2439 est
1471 2383 1611 2452 apud
1635 2379 1916 2436 Dominum
1943 2397 1957 2446 ;
1989 2382 2121 2437 libe-

535 2489 592 2530 ra
620 2477 854 2531 servitus
877 2518 892 2544 ,
939 2475 1028 2530 ubi
1059 2492 1164 2530 non
1208 2477 1520 2542 necessitas,
1549 2474 1644 2530 sed
1671 2474 1907 2530 charitas
1933 2473 2116 2529 servit.

545 2564 667 2634 Vos,
700 2568 888 2637 inquit,
915 2569 966 2622 in
992 2567 1268 2622 libertatem
1297 2567 1459 2621 vocati
1501 2568 1638 2633 estis,
1673 2572 1853 2637 fratres
1877 2583 1895 2620 :
1927 2573 2120 2622 tantum

536 2675 599 2714 ne
623 2658 899 2714 libertatem
938 2660 991 2713 in
1018 2660 1331 2714 occasionem
1357 2658 1525 2712 carnis
1551 2660 1681 2713 detis
1703 2674 1722 2724 ;
1772 2659 1858 2713 sed
1880 2675 1970 2728 per
1999 2658 2120 2712 cha-

533 2749 733 2804 rilalem
773 2751 983 2817 spiritus
1004 2752 1183 2804 servile
1205 2751 1415 2804 invicem
1436 2749 1634 2820 (ϐαιοὶ.
1667 2766 1720 2818 v,
1751 2750 1865 2821 15).
1894 2750 2118 2806 Servum

534 2853 585 2900 te
612 2843 843 2899 citat-itas
888 2843 1094 2900 l‘aeiat'
1125 2844 1246 2915 quia
1287 2843 1514 2898 liberum
1565 2853 1616 2899 te
1637 2845 1836 2900 veritas
1864 2843 2013 2899 fecit.
2057 2845 2120 2900 Si

533 2940 840 3005 manseritis,
872 2937 1060 3010 inquit,
1111 2941 1166 2993 in
1209 2940 1356 2993 verbo
1405 2955 1534 3007 meo,
1583 2955 1693 2994 vere
1741 2939 1981 3010 discipuli
2021 2940 2120 2994 mei

531 3033 691 3098 estis;
719 3042 765 3087 et
801 3035 1108 3103 cognoscetis
1134 3035 1388 3089 veritatem
1419 3077 1434 3102 ,
1473 3044 1520 3088 et
1547 3034 1730 3088 veritas
1759 3033 1988 3088 liberabit
2031 3049 2118 3089 vos

535 3123 712 3195 (Joan.
744 3141 853 3189 vtu,
887 3123 976 3191 5|,
1001 3127 1114 3199 52).
1149 3127 1318 3183 Simul
1352 3141 1410 3183 es
1436 3135 1490 3183 et
1511 3141 1698 3182 servus
1724 3135 1778 3183 et
1802 3125 1975 3181 liber:
2001 3142 2118 3184 ser-

530 3232 645 3282 vus,
682 3218 803 3288 quia
832 3219 1002 3274 factus
1032 3235 1129 3289 es;
1161 3215 1313 3284 liber,
1342 3220 1463 3291 quia
1491 3220 1688 3274 amaris
1730 3235 1760 3274 a
1793 3217 1902 3275 Deo
1943 3235 1972 3275 a
2011 3233 2117 3290 quo

527 3309 697 3364 factus
723 3325 780 3365 es
812 3328 825 3366 :
852 3311 958 3365 imo
986 3311 1145 3366 etiam
1171 3311 1294 3366 inde
1320 3311 1471 3376 liber,
1497 3311 1618 3381 quia
1646 3325 1792 3366 amas
1818 3327 1936 3367 eum
1961 3325 1989 3365 ιι
2010 3319 2115 3382 quo

525 3402 697 3456 factus
727 3419 805 3457 es.
831 3402 951 3458 Noli
987 3404 1191 3459 servire
1224 3419 1344 3458 eum
1398 3418 1709 3470 murmure;
1742 3417 1848 3457 non
1877 3403 2016 3458 enim
2060 3401 2115 3458 id

527 3495 690 3563 agunt
719 3509 984 3548 murmura
1011 3501 1096 3548 tua
1115 3537 1130 3561 ,
1154 3501 1211 3549 ut
1232 3509 1337 3549 non
1365 3494 1584 3559 servias,
1610 3493 1702 3549 sed
1731 3503 1788 3548 ut
1809 3493 1977 3549 malus
2002 3507 2118 3549 ser-

526 3598 625 3639 vus
668 3586 887 3640 servias.
937 3585 1135 3640 Servus
1179 3601 1238 3641 es
1264 3585 1492 3652 Domini,
1525 3581 1745 3639 libertus
1769 3600 1828 3640 es
1862 3584 2111 3652 Domini;

525 3693 631 3733 non
664 3685 715 3734 te
744 3679 820 3733 sic
851 3694 1058 3750 qttart‘as
1087 3677 1386 3733 manumitti
1409 3719 1423 3744 ,
1478 3677 1537 3732 ut
1563 3675 1784 3732 recedas
1828 3676 1896 3732 de
1951 3676 2113 3732 domo

524 3770 931 3826 manumissoris
962 3771 1058 3827 tui.

594 3866 647 3922 8.
683 3865 877 3922 Servite
899 3867 1116 3921 Domino
1155 3868 1206 3922 in
1235 3863 1576 3939 jucunditate.
1601 3861 1762 3920 Plena
1788 3869 1890 3921 erit
1919 3865 2011 3920 illa
2056 3873 2111 3921 et

523 3961 756 4032 perfecta
797 3961 1124 4030 jucunditas,
1182 3976 1302 4016 cum
1348 3957 1697 4029 corruptibile
1739 3957 1842 4014 hoc
1877 3959 2110 4015 induerit

521 4057 997 4128 incorruptionem,
1030 4067 1082 4112 et
1105 4055 1325 4111 mortale
1357 4055 1456 4111 hoc
1483 4051 1712 4110 induerit
1741 4052 2109 4109 immortalita-

522 4162 628 4207 tem
655 4151 716 4222 (l
763 4151 879 4208 Cor.
912 4168 998 4216 xv,
1029 4150 1118 4222 54)
1159 4160 1323 4206 :tunc
1353 4151 1453 4205 erit
1480 4149 1713 4220 perfecta
1763 4146 2102 4219 jucunditas,

520 4252 647 4299 tunc
678 4243 763 4296 illa
805 4241 1042 4314 perfecta
1065 4243 1332 4313 jubilatio,
1377 4252 1502 4297 tunc
1556 4243 1669 4295 latis
1695 4239 1811 4296 sine
1841 4235 2054 4296 defectu
2085 4283 2100 4309 ,

521 4345 648 4391 tunc
671 4350 821 4390 amor
847 4337 961 4390 sine
991 4334 1239 4389 seandalo
1259 4377 1271 4398 ,
1304 4343 1428 4388 tunc
1482 4333 1683 4387 fructus
1713 4331 1828 4387 sine
1875 4325 2066 4387 timore
2085 4374 2099 4400 ,

520 4437 645 4483 tunc
675 4427 780 4482 vita
808 4427 923 4480 sine
957 4436 1150 4480 morte.
1179 4424 1315 4493 Quid
1345 4422 1472 4479 hic?
1506 4423 1773 4477 nullamne
1804 4421 2052 4492 gaudium
2078 4421 2103 4476 ’ἒ

518 4521 572 4576 Si
605 4521 808 4575 nullum
837 4517 1107 4589 gaudium,
1137 4517 1275 4570 nulla
1323 4514 1565 4586 jttbilallo
1594 4531 1605 4568 ε
1637 4511 1926 4581 quomodo,
1955 4511 2104 4566 lubi-

519 4613 617 4668 late
642 4609 881 4675 Domino,
906 4611 1136 4664 universa
1157 4608 1325 4662 terra?
1352 4607 1443 4661 Est
1470 4606 1623 4672 plane
1646 4603 1798 4660 etbic
1817 4603 2099 4675 gaudium;

517 4707 583 4762 tle
610 4721 704 4776 Spe
733 4703 924 4759 futurae
968 4704 1089 4758 vit-.e
1141 4709 1382 4774 gustatur
1422 4699 1511 4755 hic
1537 4697 1677 4755 unde
1723 4697 1794 4753 ibi
1821 4696 2096 4753 satiemur.

515 4799 618 4856 Sed
655 4813 873 4854 necesse
895 4806 976 4852 est
1002 4804 1058 4849 ut
1084 4795 1245 4850 multa
1269 4793 1537 4864 perferant
1567 4791 1828 4846 frumenta
1855 4790 1992 4845 inter
2018 4790 2097 4846 zi-

513 4893 662 4947 zania
697 4910 710 4946 :
743 4899 864 4945 sunt
911 4869 1073 4960 grana
1129 4888 1267 4941 inter
1307 4885 1511 4955 paleam
1563 4882 1772 4953 (Matth.
1799 4898 1874 4949 III,
1907 4881 2012 4946 l2;
2052 4889 2100 4935 et

511 5002 620 5051 xm,
652 4984 762 5046 50).
794 4983 1062 5038 estlilium
1091 4981 1228 5034 inter
1258 4979 1456 5050 spinas.
1494 4973 1628 5042 Quid
1652 4976 1793 5030 enim
1815 4973 1960 5028 audit
1989 4973 2090 5028 Eco

511 5075 712 5132 clesia?
741 5073 887 5130 Sicut
932 5073 1094 5128 lilium
1136 5072 1187 5124 in
1231 5071 1395 5124 medio
1429 5069 1732 5140 spinarum,
1761 5067 1833 5120 ita
1862 5065 2095 5136 prox-ima

514 5187 622 5224 mea
662 5171 712 5222 in
741 5170 905 5224 medio
946 5167 1169 5236 ﬁliarum
1198 5164 1382 5240 (Cant.
1421 5178 1479 5229 It,
1510 5161 1592 5232 Ξ).
1615 5159 1730 5216 Non
1760 5160 1959 5214 dictum
1987 5163 2090 5225 est,

511 5260 570 5316 ln
619 5262 796 5316 medio
846 5260 1144 5316 alienarum
1170 5275 1185 5324 ;
1227 5256 1339 5322 sed,
1373 5256 1426 5311 in
1449 5255 1611 5310 medio
1641 5253 1881 5323 filiarum.
1911 5251 1956 5308 Ο
1985 5252 2090 5306 Do-

509 5355 672 5423 mine,
702 5354 970 5424 quomodo
996 5351 1308 5417 consolaris,
1340 5347 1608 5421 quomodo
1632 5345 1920 5410 confertas,
1953 5359 2090 5415 quo-
2126 5368 2134 5370 ν

511 5448 672 5504 modo
716 5449 923 5505 terres?
951 5447 1090 5518 Quid
1134 5453 1216 5504 est
1266 5444 1407 5530 quod
1449 5442 1619 5499 dicis?
1658 5441 1805 5498 Sicut
1849 5438 2010 5495 lilium
2035 5439 2092 5495 in

569 5607 587 5641 ι
609 5615 727 5667 vox,
750 5604 931 5670 servili,
956 5606 1096 5655 abest
1117 5617 1145 5655 a
1163 5613 1269 5654 Mss.
1298 5601 1566 5670 plerisque.
1594 5660 1622 5670 __
1785 5661 1796 5670 .
2017 5659 2058 5670 Α,

569 5673 590 5701 ⁸
615 5677 689 5716 ΕΓ.
716 5659 767 5715 et
790 5659 928 5716 Coll):
947 5675 1050 5726 Μελ,
1077 5674 1221 5729 putet.
1365 5659 1538 5729 lllt‘llllS
1563 5660 1640 5710 alit
1687 5659 1990 5729 librl,_petit.
2015 5659 2091 5708 ste

507 5733 555 5783 in
578 5739 732 5779 'rract.
769 5729 819 5776 41
851 5742 1001 5790 suler
1030 5722 1183 5785 .tn'an.,
1209 5741 1258 5775 ιι.
1289 5727 1332 5775 4.
1368 5726 1692 5790 «ιιιινιιιιιηιιε
1716 5722 1954 5778 homines,
1978 5731 2088 5768 cum

511 5811 536 5840 ι
556 5793 779 5843 dominos
801 5791 951 5839 malos
975 5795 1235 5852 patiuntur,
1261 5789 1463 5852 venales
1499 5801 1553 5852 se
1592 5793 1792 5848 petunt;
1829 5796 1928 5832 non
1951 5796 2087 5848 qna-

513 5873 537 5903 ιι
555 5862 728 5905 rentes
750 5849 995 5902 dominum
1016 5866 1109 5900 non
1135 5852 1337 5910 habere,
1360 5851 1448 5900 sed
1472 5849 1644 5898 saltem
1670 5855 1878 5910 mutare.
1902 5860 1928 5892 ι

571 5919 592 5951 ⁸
616 5920 688 5967 Sic
712 5926 808 5966 Am.
830 5923 904 5966 Er.
931 5923 982 5966 et
1005 5913 1228 5978 plerique
1249 5908 1358 5963 Mss.
1387 5921 1442 5962 At
1457 5918 1587 5972 Lov.,
1611 5908 1744 5973 facit.

2063 6005 2090 6026 δ

1767 393 1832 452 8.
1870 387 2241 450 AUGUSTINI
2278 388 2581 452 EPlSCOPl

2228 617 2452 674 quarum
2483 607 2706 676 ﬁliarum
2723 608 2750 662 ?
2767 623 2900 680 quas
2939 611 3075 670 dicis
3103 617 3306 688 spinas,
3337 620 3480 691 ipsas
3503 623 3678 682 tilias?
3704 628 3809 688 ﬂeo

2229 696 2459 764 spondet
2487 715 2500 751 :
2527 698 2706 770 Spinte
2731 710 2856 758 sunt
2881 715 3096 776 propter
3122 724 3300 765 mores
3329 726 3490 780 suos;
3523 717 3666 783 tiliae,
3696 736 3810 788 pro-

2227 795 2349 860 pter
2403 803 2742 850 sacramenta
2792 813 2933 853 mea.
2985 798 3199 856 Utinam
3231 818 3360 875 ergo
3407 805 3552 863 inter
3578 813 3810 881 gemitus

2228 883 2526 940 alienorum
2551 898 2861 959 gemeretur
2885 908 2900 958 ;
2929 894 3107 949 minus
3130 906 3456 965 gemeretur.
3481 899 3572 958 Ille
3589 913 3671 958 est
3690 921 3807 960 ma-

2225 975 2312 1049 jor
2338 980 2565 1049 gemitus
2585 1022 2600 1047 ,
2632 981 2888 1048 Quoniam
2933 987 2980 1040 si
3004 987 3238 1044 inimicus
3267 993 3616 1062 exprobrasset
3641 998 3768 1052 mihi
3795 1039 3812 1065 ,

2227 1073 2573 1128 sustinuissent
2610 1078 2823 1147 utique;
2862 1088 2909 1133 et
2945 1081 2988 1134 si
3026 1081 3070 1136 is
3097 1082 3184 1151 qui
3222 1084 3399 1139 oderat
3427 1102 3526 1151 me,
3558 1104 3713 1159 super
3736 1107 3816 1148 ate

2229 1182 2413 1238 magna
2444 1168 2640 1224 locutus
2669 1171 2845 1240 [uisset
2868 1213 2884 1240 ,
2933 1172 3294 1231 absconderem
3332 1194 3413 1233 me
3440 1180 3612 1251 utique
3637 1181 3702 1236 ab
3732 1199 3811 1239 eo.

2227 1256 2425 1314 Psalmi
2460 1274 2619 1346 voces
2650 1272 2776 1318 sunt
2807 1281 2820 1317 :
2848 1265 2939 1335 qui
2981 1264 3211 1322 Litteras
3245 1279 3462 1326 nostras
3500 1274 3680 1339 novit,
3723 1291 3816 1332 se-

2227 1350 2446 1420 quitur;
2489 1355 2576 1423 qui
2605 1370 2710 1409 non
2739 1357 2926 1425 novit,
2958 1358 3147 1426 discat,
3173 1367 3230 1415 ut
3260 1373 3532 1432 sequatur.
3562 1365 3624 1420 Si
3647 1367 3694 1418 is
3730 1368 3816 1435 qui

2227 1443 2402 1498 oderat
2429 1461 2510 1499 me
2530 1487 2544 1513 ,
2568 1463 2721 1518 super
2753 1465 2830 1502 me
2858 1465 3044 1522 magna
3073 1452 3272 1508 locutus
3313 1455 3507 1523 fuisset,
3533 1457 3815 1512 absconde.

2221 1550 2332 1603 rem
2361 1552 2441 1591 me
2467 1538 2636 1608 utique
2685 1540 2748 1593 ab
2776 1555 2871 1595 eo:
2893 1550 2948 1595 tu
2999 1557 3116 1597 vero
3149 1545 3424 1610 unanimis,
3462 1546 3570 1602 dua;
3597 1564 3737 1602 meus
3771 1559 3819 1603 et

2229 1638 2378 1683 notus
2415 1643 2583 1698 meus,
2632 1632 2718 1701 qui
2758 1633 2909 1687 simul
2947 1650 3138 1688 mecum
3183 1634 3355 1691 dulces
3405 1638 3634 1707 cupiebas
3679 1639 3819 1695 cibos

2229 1722 2400 1794 (Psal.
2449 1738 2560 1790 LIV,
2589 1725 2800 1795 15-15).
2829 1725 2977 1792 Quos
3003 1726 3190 1783 dulces
3215 1727 3364 1784 cibos
3398 1730 3678 1786 nobiscum
3720 1747 3818 1788 ca-

2229 1813 2400 1886 piunt,
2449 1816 2539 1886 qui
2591 1817 2869 1873 nobiscum
2899 1833 3112 1892 semper
3156 1821 3316 1878 futuri
3346 1838 3452 1880 non
3497 1826 3656 1880 sunt?
3682 1839 3821 1896 quos

2228 1908 2411 1966 dulces
2450 1911 2619 1977 cibos,
2665 1911 2788 1979 nisi,
2819 1911 3029 1969 Gustata
3068 1924 3116 1970 et
3149 1916 3310 1970 videte
3356 1933 3509 1987 quam
3537 1919 3703 1973 dulcis
3744 1929 3820 1974 est

2231 2002 2480 2059 Dominus
2507 2002 2682 2076 (Psal.
2712 2019 2899 2074 xxxm,
2927 2005 3024 2078 8)?
3049 2006 3193 2064 Inter
3220 2008 3341 2065 illos
3365 2023 3588 2068 necesse
3612 2019 3698 2068 est
3717 2027 3819 2083 ge-

2227 2109 2456 2153 mamus.

2297 2187 2350 2246 9.
2380 2192 2484 2248 Sed
2509 2207 2615 2264 quo
2654 2209 2712 2250 se
2748 2204 3090 2266 separaturus
3126 2205 3210 2253 est
3233 2197 3580 2268 ehristianus,
3613 2210 3670 2256 ut
3707 2216 3821 2259 non

2225 2297 2403 2358 gemat
2431 2290 2570 2344 inter
2586 2290 2748 2345 falsos
2775 2291 3007 2346 fratres?
3029 2291 3144 2360 Quo
3160 2291 3329 2346 iturus
3349 2295 3470 2348 est?
3493 2294 3616 2365 quid
3647 2295 3822 2351 factu-

2227 2381 2358 2436 rus?
2389 2380 2715 2437 Solitudines
2745 2384 2933 2452 petat?
2961 2383 3266 2454 Sequuntur
3284 2386 3554 2441 scandala.
3586 2386 3821 2457 Separa-

2226 2481 2376 2528 turus
2427 2483 2509 2528 est
2549 2488 2607 2529 se
2649 2474 2740 2545 qui
2796 2474 2933 2531 bene
2972 2475 3202 2546 prolicit,
3244 2485 3303 2532 ut
3345 2477 3549 2533 nullum
3592 2479 3823 2537 omnino

2226 2567 2496 2622 hominem
2557 2568 2822 2638 patiatur?
2886 2569 3023 2638 Quid
3089 2571 3220 2626 siet
3263 2570 3475 2641 ipsum,
3523 2581 3820 2645 antequam

2228 2661 2536 2732 proﬁceret,
2587 2677 2749 2718 nemo
2799 2664 2961 2719 vellet
3009 2661 3164 2734 pati?
3203 2664 3260 2722 Si
3305 2677 3458 2736 ergo,
3503 2668 3627 2736 quia
3681 2683 3822 2739 pro-

2225 2753 2370 2820 licit,
2402 2755 2600 2810 nullum
2646 2755 2919 2811 hominem
2965 2757 3079 2812 vult
3115 2757 3256 2827 pati,
3298 2773 3364 2812 eo
3413 2759 3531 2828 ipso
3556 2775 3664 2829 quo
3704 2776 3824 2818 non

2223 2846 2338 2901 vult
2373 2848 2608 2918 aliquem
2654 2845 2927 2903 hominem
2974 2849 3104 2919 pati,
3157 2849 3492 2905 convincitur
3517 2851 3660 2920 quod
3703 2868 3823 2909 non

2223 2939 2531 3009 profecerit.
2557 2939 2804 2995 lntendat
2845 2940 3093 2996 Charitas
3118 2950 3297 2997 vestra
3329 2959 3342 2995 :
3380 2943 3695 2998 Sustinentes
3724 2946 3824 3001 in-

2224 3034 2399 3098 vicem,
2432 3032 2507 3087 ait
2533 3033 2843 3102 Apostolus,
2871 3034 2926 3086 in
2959 3033 3260 3102 dilectione,
3292 3043 3574 3106 satagentes
3611 3053 3822 3095 servare

2222 3125 2465 3179 unitatem
2507 3125 2716 3195 spiritus
2755 3126 2810 3180 in
2846 3126 3048 3180 vinculo
3077 3127 3217 3197 pacis
3253 3127 3473 3198 (Ep/tes.
3523 3143 3576 3181 Iv
3599 3169 3615 3194 ,
3641 3127 3703 3193 2,
3735 3131 3816 3202 ὅ).

2225 3211 2541 3273 Sustinenles
2561 3217 2768 3272 invicem
2789 3231 2807 3272 :
2829 3233 2934 3273 non
2961 3217 3126 3273 habes
3151 3218 3291 3289 quod
3321 3219 3373 3274 in
3401 3227 3454 3273 te
3474 3219 3610 3273 alius
3642 3222 3817 3276 susti~

2224 3307 2392 3363 neat?
2418 3308 2580 3364 Miror
2607 3309 2649 3364 si
2674 3323 2780 3364 non
2807 3319 2892 3365 est
2921 3309 3056 3364 :sed
3095 3323 3224 3365 ecce
3261 3324 3369 3365 non
3416 3312 3518 3376 sit;
3549 3325 3615 3365 eo
3639 3311 3818 3367 robus

2223 3403 2354 3458 stior
2377 3418 2437 3459 es
2465 3402 2533 3458 ad
2562 3413 2787 3458 caeteros
2829 3402 3193 3470 sustinendos,
3220 3417 3324 3473 quo
3349 3402 3458 3473 jam
3485 3418 3590 3458 non
3640 3403 3818 3461 habes

2220 3495 2361 3566 quod
2396 3495 2452 3550 in
2500 3503 2552 3552 te
2594 3495 2686 3550 alii
2737 3496 3056 3551 sustineant.
3087 3494 3206 3551 Non
3260 3496 3568 3563 sustineris,
3602 3500 3817 3554 sustine

2219 3597 2467 3644 caeteros.
2497 3585 2612 3644 Non
2641 3603 2881 3659 possum,
2916 3589 3112 3660 inquis.
3137 3589 3278 3659 Ergo
3304 3588 3469 3644 habes
3498 3588 3641 3658 quod
3671 3601 3732 3646 et
3759 3593 3814 3647 in

2220 3685 2271 3737 te
2308 3681 2395 3735 alii
2446 3682 2763 3736 sustineant.
2820 3680 3136 3736 Sustinentes
3170 3681 3381 3736 invicem
3405 3681 3458 3734 in
3505 3680 3813 3738 dilectione.

2218 3775 2296 3830 Tu
2328 3773 2530 3831 deseris
2566 3791 2653 3831 res
2691 3773 2974 3841 humanas,
3003 3782 3332 3845 etsegregas
3358 3783 3432 3842 te,
3468 3783 3524 3828 ttt
3564 3790 3736 3832 nemo
3763 3787 3816 3833 te

2217 3869 2432 3936 videat;
2465 3869 2551 3924 cui
2581 3868 2866 3938 proderis?
2891 3867 2970 3922 Tu
2997 3867 3061 3923 ad
3091 3867 3193 3922 hoc
3223 3867 3581 3938 pervenisses,
3613 3869 3660 3922 si
3694 3869 3814 3924 nul-

2215 3963 2300 4018 lus
2330 3963 2420 4018 tibi
2450 3959 2778 4034 profuisset?
2803 3959 2885 4015 An
2908 3961 3030 4032 quia
3058 3960 3269 4015 veloces
3292 3958 3456 4029 pedes
3482 3957 3576 4014 tibi
3605 3960 3814 4017 videris

2217 4057 2465 4113 habuisse
2506 4060 2573 4112 ad
2603 4056 3022 4121 transeundum,
3073 4053 3394 4124 prmeisurus
3438 4066 3498 4108 es
3540 4055 3813 4122 pontem?

2213 4149 2483 4207 Exhortor
2501 4163 2688 4204 omnes
2710 4191 2724 4212 ,
2747 4164 2850 4203 vox
2878 4147 2975 4202 Dei
3003 4159 3192 4202 omnes
3222 4145 3462 4200 hortatUr
3486 4160 3500 4198 :
3528 4142 3812 4200 Sustinea-

2213 4254 2284 4300 les
2306 4245 2514 4298 invicem
2541 4243 2591 4296 in
2614 4242 2903 4297 dilectione.

2283 4335 2372 4392 10.
2396 4333 2669 4405 Separabo
2693 4349 2799 4400 me,
2830 4331 3002 4403 inquit
3026 4329 3238 4401 aliquis,
3257 4343 3378 4384 eum
3401 4329 3584 4400 paucis
3606 4327 3809 4397 bonis;

2210 4445 2330 4486 cum
2360 4424 2622 4483 illis’mihi
2650 4425 2785 4481 bene
2813 4426 2935 4480 erit.
2965 4423 3096 4478 Nam
3123 4423 3251 4476 nulli
3285 4421 3544 4492 prodesse
3574 4421 3808 4492 impiqu

2208 4531 2261 4576 et
2286 4515 2501 4576 crudele
2524 4529 2624 4576 est.
2647 4517 2763 4572 Non
2802 4533 2888 4572 me
2925 4517 3026 4571 hoe
3051 4515 3276 4570 docuit1
3317 4514 3578 4569 Dominus
3621 4530 3810 4572 meus.

2207 4611 2323 4671 Non
2355 4614 2498 4669 enim
2528 4611 2800 4668 damnavit
2824 4624 3040 4665 servum
3071 4609 3159 4678 qui
3195 4608 3501 4662 intervertit
3529 4607 3675 4677 quod
3707 4623 3809 4663 ac-

2208 4709 2368 4778 cepit,
2409 4703 2503 4762 sed
2535 4706 2624 4776 qui
2647 4718 2752 4759 non
2782 4703 3039 4773 erogavit.
3074 4700 3407 4769 lntelligatur
3431 4712 3593 4768 paena
3625 4699 3808 4754 inter-

2205 4800 2439 4858 versoris
2464 4817 2526 4856 ex
2554 4814 2709 4870 paena
2729 4798 2884 4868 pigri.
2919 4795 3074 4851 Serve
3093 4811 3306 4864 nequam
3327 4803 3375 4847 et
3398 4795 3559 4865 piger,
3591 4795 3667 4848 ait
3692 4795 3808 4848 Do-

2205 4898 2379 4952 minus
2396 4895 2684 4950 damnans:
2704 4905 2808 4945 non
2827 4886 3284 4951 ait,llntervertisti
3302 4885 3579 4955 pecuniam
3597 4901 3807 4953 meam;

2205 5008 2309 5046 non
2339 4989 2433 5056 ait,
2463 4985 2592 5044 Dedi
2648 4985 2761 5050 tibi,
2812 4993 2864 5038 et
2890 4999 2995 5036 non
3045 4979 3173 5036 mihi
3202 4977 3346 5049 quod
3375 4977 3496 5032 dedi
3528 4978 3808 5047 integrum

2202 5080 2513 5141 reddidisti:
2541 5079 2673 5150 Quia
2706 5093 2808 5131 non
2834 5073 3034 5140 erevit,
3072 5074 3191 5142 quia
3222 5087 3327 5125 non
3357 5071 3610 5140 erogasti,
3645 5071 3807 5138 inde,

2202 5175 2392 5247 inquit,
2424 5186 2473 5231 te
2496 5171 2708 5245 puniam
2733 5165 2906 5242 (Matt.
2935 5181 3055 5230 xxv,
3079 5164 3292 5235 ιιι-ω).
3322 5165 3531 5218 Avarus
3551 5163 3812 5219 estDetIs

2199 5244 2386 5327 salutis
2410 5244 2628 5324 nostrae.
2653 5265 2795 5334 Ergo
2823 5259 3084 5331 separabo
3107 5272 3213 5324 me,
3238 5255 3430 5327 inquit,
3459 5269 3579 5309 eum
3607 5258 3810 5325 paucis

2197 5365 2352 5420 bonis
2377 5380 2390 5416 :
2415 5359 2540 5432 quid
2563 5357 2690 5412 mihi
2715 5363 2798 5410 est
2822 5354 3081 5408 rationem
3103 5349 3303 5404 habere
3324 5362 3444 5401 cum
3468 5345 3680 5401 turbis?
3704 5346 3810 5403 Be-

2199 5474 2263 5515 ne
2286 5475 2300 5512 :
2324 5453 2476 5526 pauci
2504 5451 2600 5520 ipsi
2631 5447 2777 5515 boni,
2803 5444 2870 5500 de
2899 5444 3092 5514 quibus
3117 5440 3286 5495 turbis
3307 5444 3427 5493 sunt
3454 5436 3672 5507 eliquati
3691 5437 3717 5489 ?
3742 5435 3807 5492 Si

2199 5525 2376 5606 tamen
2401 5525 2510 5616 jam
2540 5543 2640 5613 ipsi
2671 5539 2850 5612 pauci,
2888 5551 3075 5592 omnes
3105 5533 3231 5589 boni
3260 5549 3274 5586 :
3306 5537 3486 5586 tamen
3521 5529 3657 5584 bona
3693 5544 3804 5584 co-

2196 5643 2380 5716 gitatio
2409 5639 2672 5700 humana,
2727 5629 3032 5691 laudabilis,
3067 5640 3186 5681 esse
3209 5639 3329 5678 eum
3359 5622 3553 5677 talibus
3573 5618 3662 5716 qui
3687 5619 3808 5716 ele-

2197 5710 2393 5808 gerunt
2417 5733 2577 5786 vitam
2609 5727 2878 5799 quietam;
2917 5719 3110 5777 remoti
3150 5733 3182 5773 a
3210 5717 3436 5788 strepitu
3465 5710 3740 5788 populari,
3766 5729 3804 5771 ιι

2261 5899 2278 5931 ι
2298 5897 2370 5947 sic
2384 5901 2489 5945 Mss.
2517 5898 2573 5943 At
2587 5887 2716 5940 Edd.:
2745 5894 2906 5938 Nonne
2927 5879 3017 5934 hoc
3039 5878 3219 5931 doctu.
