4056 6478
197 373 344 460 lett

195 507 376 573 tui-bis
397 495 684 584 inquietis,
714 519 745 562 a
772 495 984 577 magnis
1003 491 1254 568 ﬂuctibus
1282 501 1488 570 saeculi,
1532 485 1786 582 tanquam

198 597 259 670 in
302 579 642 682 portu-sunt.
684 603 802 660 Jam
831 615 961 672 ergo
990 599 1060 656 ibi
1097 595 1347 670 gaudium
1377 591 1546 652 illud?
1567 595 1676 665 jam
1716 579 1790 649 ibi

195 704 454 782 jubilatio
479 697 570 757 illa
602 713 722 771 quae
749 693 1112 768 promittitur?
1159 689 1441 756 Nondum;
1495 685 1590 744 sed
1620 685 1793 741 adhuc

201 779 461 874 gemitus,
493 785 670 850 adhuc
699 787 1002 847 sollicitudo
1027 785 1402 841 tentationum.
1433 779 1608 838 Habet
1647 779 1790 835 enim

203 869 459 948 alicunde
491 897 553 943 et
581 895 770 958 portus
796 881 1033 937 aditum:
1057 879 1102 934 si
1127 883 1310 948 portus
1332 874 1533 929 aditum
1561 889 1627 928 ex
1648 869 1792 926 nulla

203 992 360 1056 parte
391 981 656 1042 haberet,
689 973 838 1031 nulla
887 973 940 1026 in
964 985 1086 1026 eum
1109 965 1260 1024 navis
1291 967 1550 1030 intraret;
1585 969 1795 1034 oportet

205 1089 338 1146 ergo
367 1079 430 1127 ut
453 1087 520 1126 ex
548 1069 724 1139 aliqua
747 1073 896 1138 parte
920 1070 1102 1134 pateat
1131 1081 1144 1121 :
1173 1057 1458 1131 aliquando
1484 1065 1662 1112 autem
1703 1069 1797 1126 per

205 1183 324 1225 eam
349 1174 560 1236 partem
593 1177 697 1234 qua
736 1167 902 1230 patet,
925 1165 1120 1211 ventus
1153 1153 1348 1219 irruit;
1397 1161 1455 1218 et
1479 1151 1566 1206 ubi
1591 1147 1796 1218 scopuli

211 1275 316 1315 non
345 1265 496 1322 sunt,
525 1269 690 1310 naves
737 1265 795 1307 se
825 1247 1054 1305 invicem
1079 1247 1282 1304 collisae
1307 1243 1666 1314 confringunt.
1698 1231 1800 1297 Ubi

211 1365 341 1422 ergo
365 1348 657 1412 securitas,
685 1345 731 1401 si
771 1357 870 1399 nec
915 1343 968 1398 in
991 1339 1188 1412 portu?
1213 1337 1280 1394 Et
1305 1345 1484 1392 tamen
1511 1343 1800 1404 utcumque

212 1443 487 1500 feliciores
514 1441 533 1473 ί
570 1439 622 1496 in
651 1447 813 1511 portu
855 1449 1012 1506 quam
1057 1433 1110 1488 in
1145 1431 1350 1503 pelago,
1379 1428 1648 1484 fatendum
1678 1435 1760 1482 est
1783 1467 1798 1496 ,

215 1531 621 1592 concedendum
651 1537 752 1594 est,
782 1543 966 1584 verum
1006 1531 1108 1582 est.
1152 1523 1346 1578 Ament
1372 1537 1429 1576 se
1453 1520 1474 1550 ²
1499 1561 1514 1584 ,
1544 1533 1706 1573 naves
1749 1517 1802 1572 in

213 1639 374 1706 portu
405 1629 544 1684 bene
574 1623 677 1681 sibi
723 1623 1060 1694 applicentur
1081 1661 1097 1687 ,
1146 1633 1252 1673 non
1283 1613 1386 1670 sibi
1431 1611 1752 1668 collidantur
1785 1627 1798 1666 :

215 1703 462 1780 servetur
511 1721 584 1776 ibi
615 1717 854 1790 parilitas
883 1711 1277 1786 atquabilitatis,
1306 1707 1604 1764 constantia
1631 1703 1806 1760 chari-

219 1817 382 1883 tatis;
413 1825 468 1872 et
489 1811 708 1887 quando
737 1813 874 1866 forte
902 1817 1094 1864 ventus
1121 1821 1190 1861 ex
1214 1803 1302 1859 illa
1329 1807 1480 1874 parte
1507 1817 1608 1872 qua
1635 1805 1801 1872 patet,

217 1909 472 1975 irruerit,
505 1907 572 1962 sit
604 1905 672 1960 ibi
701 1899 856 1959 cauta
884 1898 1220 1972 gubernatio.

291 2001 382 2056 11.
409 1997 544 2054 Nam
594 1995 719 2068 quid
769 1993 1010 2050 dicturus
1036 1999 1120 2046 est
1171 1987 1300 2044 mihi
1329 1985 1573 2058 quisquis
1613 1983 1807 2038 talibus

215 2091 361 2148 locis
383 2091 518 2146 forte
541 2097 734 2160 pratest
757 2130 771 2153 ,
808 2087 915 2140 imo
957 2083 1121 2138 servit
1151 2079 1434 2144 fratribus,
1483 2078 1535 2131 in
1565 2075 1651 2131 his
1690 2089 1808 2145 qua:

221 2182 552 2238 monasteria
575 2177 858 2234 dicuntur?
881 2173 1010 2244 quid
1045 2171 1290 2227 dicturus
1319 2167 1443 2224 est?
1467 2167 1670 2221 Cautus
1691 2181 1805 2232 cro,

219 2273 432 2330 nullum
457 2337 460 2340 _
489 2271 682 2326 malum
723 2265 1020 2322 admittam.
1048 2261 1327 2334 Quomodo
1371 2259 1575 2315 nullum
1612 2257 1806 2314 malum

221 2357 512 2420 admittes?
539 2359 748 2417 Nullum
778 2353 1050 2414 hominem
1085 2355 1282 2412 malum
1309 2394 1324 2422 ,
1355 2351 1560 2407 nullum
1589 2349 1811 2410 fratrem

223 2457 416 2514 malum
447 2457 739 2510 intrantem
764 2451 1097 2508 admissurus
1123 2464 1272 2514 sum;
1298 2461 1419 2502 cum
1439 2444 1624 2516 paucis
1650 2441 1812 2498 bonis

221 2551 360 2608 bene
389 2541 522 2606 mihi
551 2545 674 2604 erit.
708 2541 808 2602 Ubi
838 2541 1116 2616 cognoscis
1143 2555 1302 2611 quem
1355 2537 1492 2593 forte
1519 2535 1600 2591 vis
1626 2535 1810 2591 exclu-

223 2643 390 2700 dere?
419 2641 488 2700 Ut
539 2650 892 2714 cognoscatur
923 2637 1128 2704 malus,
1159 2633 1300 2689 intus
1348 2629 1653 2704 probandus
1681 2637 1765 2683 est
1796 2646 1810 2684 :

222 2735 493 2810 quomodo
517 2750 646 2807 ergo
696 2731 936 2789 excludis
963 2731 1284 2784 intraturum
1305 2767 1320 2794 ,
1348 2725 1439 2796 qui
1481 2733 1661 2794 postea
1689 2736 1814 2792 pro-

223 2834 432 2890 bandus
478 2841 582 2898 est,
639 2839 691 2888 et
721 2829 936 2901 probari
973 2827 1074 2883 nisi
1129 2823 1408 2881 intraverit
1439 2839 1544 2877 non
1598 2821 1814 2892 potest?

223 2919 474 2997 Repelles
498 2939 687 2982 omnes
717 2924 922 2979 malos?
951 2921 1092 2977 Dicis
1119 2921 1260 2976 enim
1281 2959 1296 2984 ,
1324 2927 1378 2973 et
1411 2917 1552 2972 nosti
1578 2915 1813 2986 inSpiee-

221 3035 304 3078 re.
333 3019 533 3092 omnes
555 3019 720 3096 nudis
746 3017 997 3072 cordibus
1043 3014 1110 3069 ad
1137 3023 1189 3069 te
1215 3012 1478 3068 veniunt?
1503 3011 1603 3078 Qui
1650 3011 1816 3064 intra-

223 3099 502 3180 turisunt,
555 3111 654 3182 ipsi
705 3125 762 3164 se
807 3125 910 3164 non
939 3113 1236 3172 noverunt;
1267 3112 1468 3176 quanto
1519 3101 1815 3170 minustu?

223 3203 374 3260 Multi
405 3185 548 3258 enim
596 3201 696 3257 sibi
729 3199 1089 3270 promiserunt
1135 3193 1278 3268 quod
1331 3194 1602 3265 impleturi
1636 3200 1818 3248 essent

223 3295 374 3351 illam
397 3295 561 3370 vitam
587 3301 825 3348 sanctam
851 3333 868 3358 ,
899 3291 950 3346 in
977 3303 1262 3346 commune
1293 3287 1578 3343 habentem
1609 3285 1812 3352 omnia,

229 3385 320 3446 ubi
351 3403 514 3446 nemo
529 3375 658 3444 dicit
681 3385 878 3457 aliquid
918 3399 1106 3450 suum,
1161 3381 1352 3452 quibus
1393 3388 1477 3436 est
1503 3395 1605 3434 una
1635 3378 1816 3457 anima

225 3493 284 3566 et
310 3499 406 3540 cor
431 3498 594 3538 unum
623 3481 677 3536 in
709 3455 874 3535 Deum
906 3477 924 3550 (
955 3479 1068 3532 Act.
1115 3493 1186 3544 tv,
1215 3475 1306 3544 '52,
1335 3473 1438 3548 55)
1475 3492 1487 3527 :
1521 3455 1670 3528 missi
1696 3479 1820 3528 sunt

225 3565 282 3634 i'n
307 3576 604 3640 fornacem,
634 3583 688 3630 et
710 3580 1050 3644 crepuerunt.
1079 3569 1359 3638 Quomodo
1386 3582 1511 3638 ergo
1539 3565 1819 3638 cognoscis

225 3685 354 3730 eum
381 3669 474 3740 qui
509 3667 610 3723 sibi
637 3666 753 3736 ipse
773 3665 950 3720 adhuc
976 3664 1186 3734 ignotus
1211 3661 1331 3718 est?
1353 3659 1620 3716 Excludes
1647 3657 1820 3714 malos

226 3762 425 3820 fratres
453 3777 484 3816 a
511 3770 776 3816 conventu
804 3757 1103 3814 bonorum?
1131 3756 1206 3812 De
1226 3753 1388 3810 corde
1417 3761 1539 3818 tuo,
1570 3749 1810 3822 quisquis

227 3855 330 3910 ista
359 3853 518 3918 dicis,
541 3865 730 3906 omnes
755 3851 922 3904 malas
951 3847 1320 3920 cogitationes,
1353 3845 1395 3898 si
1430 3853 1605 3914 potes,
1635 3841 1820 3896 exelu-

231 3943 302 4000 de
327 3963 342 3999 :
371 3959 480 3998 non
508 3942 672 3998 intret
698 3943 750 3996 in
782 3957 875 3996 cor
903 3951 1049 3996 tuum
1076 3937 1160 3994 vel
1189 3935 1459 4008 suggestio
1486 3934 1646 3989 mala.
1699 3933 1816 3988 Non

227 4035 532 4101 consentio,
551 4035 748 4104 inquis.
776 4033 882 4090 Sed
909 4032 1124 4086 intravit
1146 4039 1344 4094 tamen,
1368 4036 1426 4082 ut
1441 4032 1750 4098 suggereret
1775 4023 1816 4076 ³.

233 4127 372 4184 Nam
404 4141 591 4184 omnes
639 4127 843 4182 munita
880 4123 1039 4180 corda
1089 4121 1288 4184 habere
1313 4119 1577 4184 volumus,
1603 4125 1658 4171 ut
1688 4111 1822 4172 nihil

231 4221 400 4278 intret
427 4220 568 4292 quod
594 4219 734 4274 male
763 4224 1094 4289 suggeratur.
1117 4211 1272 4270 Unde
1291 4221 1468 4268 autem
1502 4211 1686 4278 intret,
1705 4209 1824 4282 quis

229 4313 420 4370 novit?
449 4313 516 4368 Et
565 4326 864 4382 pugnamus
891 4307 1130 4381 quotidie
1177 4306 1232 4362 in
1278 4319 1386 4362 uno
1418 4303 1577 4360 corde
1607 4312 1820 4368 nostro;

229 4422 372 4464 unus
423 4405 588 4461 homo
621 4405 676 4462 in
717 4403 879 4460 corde
907 4417 1006 4458 suo
1042 4417 1163 4458 cum
1217 4400 1372 4456 turba
1417 4400 1664 4454 luctatur.
1690 4397 1825 4468 Sug-

231 4503 372 4574 gerit
401 4501 646 4566 avaritia,
675 4499 910 4570 suggerit
932 4496 1116 4565 libido,
1135 4495 1370 4566 suggerit
1389 4492 1676 4560 voracitas,
1701 4505 1826 4561 sug-

233 4596 372 4666 gerit
401 4594 586 4649 laetitia
639 4592 739 4647 ista
792 4589 1100 4662 pepularis;
1149 4587 1330 4644 omnia
1387 4591 1682 4656 suggerunt
1715 4601 1728 4636 :
1757 4583 1825 4640 ab

233 4689 490 4746 omnibus
507 4702 570 4743 se
592 4687 850 4752 continet,
889 4683 1139 4740 omnibus
1168 4679 1494 4752 respondet,
1523 4686 1579 4734 et
1605 4679 1674 4732 ab
1702 4691 1826 4732 om-

233 4781 392 4836 nibus
411 4789 724 4844 aversatur;
751 4777 968 4834 diﬂicile
993 4785 1076 4832 est
1101 4785 1159 4829 ut
1204 4789 1310 4830 non
1353 4771 1421 4828 ab
1469 4771 1642 4841 aliqua
1670 4769 1828 4824 feria.

233 4881 320 4928 tur
341 4873 388 4928 ⁸.
415 4872 520 4930 Ubi
545 4886 676 4942 ergo
705 4869 996 4926 securitas?
1021 4867 1118 4922 llic
1145 4879 1405 4935 nusquam
1429 4880 1444 4930 ;
1493 4863 1549 4916 in
1595 4863 1694 4916 ista
1719 4860 1827 4916 vita

233 4981 523 5036 nusquam,
555 4965 660 5020 nisi
685 4965 736 5018 in
765 4962 878 5018 sola
909 4975 1003 5031 spe
1039 4957 1422 5032 promissorum
1463 4955 1576 5008 Dei.
1610 4953 1684 5008 lbi
1729 4969 1828 5008 au-

235 5069 342 5116 tem
371 5101 386 5124 ,
415 5073 542 5115 cum
593 5057 722 5112 illuc
752 5053 1156 5126 pervenerimus
1179 5091 1195 5118 ,
1245 5047 1482 5118 perfecta
1531 5046 1825 5112 securitas,

233 5169 356 5210 cum
385 5151 709 5208 clauduntur
732 5157 920 5220 portae,
951 5155 1008 5201 et
1034 5143 1416 5201 conﬁrmantur
1440 5148 1622 5196 vectes
1652 5147 1830 5209 porta-

231 5259 354 5300 rum
373 5242 676 5299 Jerusalem
708 5239 895 5313 (Psal.
923 5252 1120 5302 CXLVII,
1153 5233 1244 5304 15)
1275 5252 1288 5287 :
1319 5231 1390 5288 ibi
1411 5245 1536 5286 vere
1562 5229 1715 5302 plena
1739 5229 1828 5300 ju-

231 5335 422 5392 bilatio
450 5341 508 5390 et
531 5347 780 5403 magnum
809 5329 1082 5401 gaudium.
1113 5325 1270 5382 Modo
1293 5330 1470 5379 autem
1517 5338 1586 5378 ne
1611 5336 1830 5378 securus

233 5427 428 5484 laudes
479 5424 774 5496 quamlibet
823 5424 1022 5484 vitam;
1073 5429 1198 5476 ante
1257 5425 1484 5474 mortem
1539 5431 1610 5473 ne
1643 5414 1829 5472 laudes

232 5521 512 5577 hominem
543 5531 862 5589 quemquam
894 5513 1080 5588 (Eccli.
1108 5527 1185 5580 ιιι,
1207 5510 1320 5582 50).

299 5624 322 5698 Ξ
345 5617 969 5698 β.θ¹¹ἓέβέὲξ·ε.[⁴ἷίί¹ἰί9ζ,ξδξθ
1013 5687 1183 5698 ...μμ
1205 5673 1244 5698 ..-

299 5687 329 5748 Ξ
341 5686 422 5748 sic
439 5677 630 5748 aliquot
652 5677 758 5732 ius.
785 5677 994 5748 acadd;
1013 5687 1185 5748 mnsit
1201 5677 1246 5726 si
1267 5680 1518 5748 naturaet
1539 5679 1708 5748 postea
1721 5687 1828 5748 pro,

237 5735 554 5808 collidantur}
581 5751 655 5794 Er.
682 5751 735 5794 et
755 5745 938 5795 Gatian.
985 5749 1070 5792 Ms.
1111 5738 1312 5796 habent,
1352 5735 1644 5788 colliduntur
1670 5749 1686 5788 :
1710 5735 1833 5788 alius

235 5817 342 5868 Its.,
367 5808 675 5861 collidentur.
815 5843 872 5860 ..
933 5843 940 5848 .
1027 5843 1060 5850 ..

299 5873 320 5904 ³
340 5878 416 5920 Er.
447 5877 620 5921 Venet.
646 5876 780 5934 Lov.,
803 5871 1160 5934 suggereretur.
1259 5870 1298 5912 tt

294 5935 319 5968 δ
340 5935 558 5988 Andoen.
583 5941 688 5986 Ms-
713 5922 778 5986 αὖ
797 5922 959 5988 altilia
991 5931 1218 5988 feriatur.
1254 5935 1392 5990 ηοω,
1417 5924 1584 5988 aliqua
1602 5922 1807 5988 feriatur

1305 379 1703 443 unaunam
1739 375 1809 440 IN
1843 355 2167 447 essanun
2203 361 2390 450 XCIX.

3337 359 3476 452 isis

1963 503 2056 588 I12.
2091 505 2225 564 Hinc
2249 519 2424 568 autem
2448 511 2704 572 falluntur
2728 489 2994 584 homines,
3024 522 3084 572 ut
3121 487 3205 572 vel
3229 526 3340 580 non
3384 525 3479 566 su-

1897 597 2122 672 scipiant
2149 603 2422 662 meliorem
2468 609 2652 678 vitam,
2680 611 2768 666 vel
2819 619 3024 668 temere
3074 597 3480 688 aggrediantur;

1899 693 2020 762 quia
2051 703 2245 752 etcum
2273 699 2486 758 laudare
2515 703 2720 768 volunt,
2743 705 2822 760 sic
2845 703 3080 770 laudant,
3141 683 3200 758 ut
3255 715 3363 754 non
3407 683 3479 753 ibi

1901 785 2081 874 dicant
2105 791 2240 845 mala
2267 809 2384 864 quae
2413 795 2576 852 mixta
2619 805 2775 864 sunt;
2812 785 2867 852 et
2912 797 3002 868 qui
3052 797 3350 865 vituperare
3389 806 3481 844 vo-

1902 877 2035 949 lunt,
2060 891 2163 938 tam
2215 885 2398 941 invido
2439 890 2618 944 animo
2665 898 2720 945 et
2765 903 3018 960 perverso
3056 889 3378 956 vituperant,
3430 889 3487 938 ut

1901 971 2150 1030 claudant
2177 979 2358 1034 oculos
2382 980 2636 1036 adversus
2661 983 2820 1049 bona,
2846 991 2901 1038 et
2950 983 3063 1037 sola
3091 981 3227 1042 mala
3270 993 3388 1049 quae
3415 965 3486 1030 ibi

1903 1065 1984 1120 vel
2016 1077 2138 1122 sunt
2153 1069 2235 1123 vel
2255 1079 2524 1156 putantur,
2552 1083 2890 1146 exaggerent.
2917 1073 3040 1128 Inde
3067 1073 3123 1126 lit
3150 1081 3205 1126 ut
3233 1083 3487 1139 unaquae-

1903 1177 2006 1232 que
2036 1163 2299 1232 professio
2323 1155 2462 1222 male
2491 1165 2720 1232 laudata,
2747 1155 2796 1222 id
2828 1177 2910 1224 est
2939 1182 3044 1220 non
3069 1173 3222 1222 caute
3249 1162 3484 1228 laudata,

1905 1267 2025 1336 cum
2054 1255 2356 1312 invitaverit
2383 1259 2626 1314 homines
2651 1258 2808 1314 laude
2833 1275 2949 1324 sua,
2974 1258 3247 1314 inveniant
3289 1255 3360 1310 illi
3397 1253 3488 1324 qui

1907 1347 2032 1404 illuc
2065 1350 2306 1416 veniunt,
2338 1353 2540 1423 aliquos
2567 1353 2751 1424 quales
2781 1353 2852 1408 ibi
2881 1369 3000 1410 esse
3027 1368 3130 1406 non
3161 1351 3486 1414 credebant;

1907 1450 1962 1508 et
1983 1441 2172 1498 offensi
2201 1459 2230 1496 a
2276 1445 2452 1510 malis,
2499 1447 2739 1502 resiliant
2783 1462 2814 1500 a
2845 1446 3017 1501 bonis.
3067 1445 3302 1510 Fratres,
3333 1441 3491 1496 disci-

1907 1533 2106 1604 plinam
2135 1536 2290 1590 istam
2313 1536 2382 1592 ad
2407 1537 2566 1592 vitam
2593 1549 2824 1594 vestram
2851 1537 3109 1603 conferte,
3139 1545 3191 1590 et
3209 1535 3286 1590 sic
3313 1531 3491 1588 audite

1909 1637 1967 1684 ut
1996 1628 2202 1684 vivatis.
2249 1629 2536 1700 Laudatur,
2567 1641 2624 1686 ut
2657 1632 2974 1704 generaliter
3010 1629 3205 1696 dicam,
3257 1627 3492 1686 Ecclesia

1911 1721 2006 1776 Dei
2040 1721 2255 1792 :magni
2287 1721 2530 1778 homines
2557 1721 2864 1790 Christiani,
2902 1723 3000 1778 soli
3027 1705 3336 1786 Christiani,
3385 1735 3494 1773 ma-

1910 1830 2012 1885 gna
2040 1813 2312 1870 Catholica
2339 1817 2392 1882 1;
2424 1816 2650 1886 diligunt
2675 1831 2733 1872 se
2768 1831 2979 1880 omnes,
3035 1813 3346 1884 impendunt
3395 1811 3495 1866 sibi

1911 1908 2135 1978 quisque
2163 1908 2302 1978 quod
2335 1917 2591 1978 possunt,
2620 1908 2970 1972 orationibus,
2999 1891 3238 1980 ieiuniis,
3285 1904 3496 1976 hymnis

1913 2007 2130 2054 vacatur
2155 2015 2250 2070 per
2275 2009 2442 2056 totum
2470 2000 2655 2056 orbem
2689 2010 2972 2068 terrarum,
3013 2017 3116 2056 una
3145 1997 3498 2054 consensione

1911 2094 2056 2168 pacis
2085 2093 2330 2148 laudatur
2360 2095 2520 2150 Deus.
2551 2094 2712 2150 Audit
2749 2094 2886 2150 forte
2926 2095 3014 2164 qui
3063 2093 3235 2148 nescit
3279 2092 3496 2146 tacitum

1912 2201 2034 2244 esse
2059 2185 2128 2242 de
2147 2187 2452 2244 commixtis
2479 2188 2654 2256 malis,
2686 2189 2830 2244 venit
2871 2188 3026 2242 laude
3053 2188 3325 2252 invitatus,
3355 2185 3501 2240 inve-

1913 2280 1994 2336 nit
2013 2281 2332 2336 commixtos
2357 2281 2548 2346 malos,
2573 2281 2664 2352 qui
2687 2296 2792 2336 non
2823 2281 2895 2336 illi
2924 2280 3162 2350 praedicti
3191 2289 3314 2334 sunt
3339 2288 3494 2334 aute-

1913 2387 2073 2444 quam
2099 2373 2341 2440 veniret;
2371 2371 2656 2428 offenditur
2681 2388 2710 2426 a
2735 2372 2884 2428 falsis
2909 2371 3236 2436 Christianis,
3261 2371 3451 2440 refugit
3471 2386 3500 2425 a

1913 2464 2058 2520 veris
2087 2463 2413 2522 Christianis.
2447 2465 2652 2520 Rursus
2694 2465 2888 2530 odiosi,
2909 2465 3174 2528 maledici,
3201 2449 3408 2518 irruunt
3449 2463 3501 2518 in

1914 2557 2614 2628 vituperationeszuales
2679 2559 3002 2614 Christiani?
3052 2559 3142 2629 qui
3179 2557 3503 2614 Christiani?

1919 2653 2100 2720 Avari,
2151 2651 2502 2708 feneratores.
2557 2650 2746 2708 Nonne
2777 2651 2877 2721 ipsi
2919 2659 3043 2706 sunt
3071 2650 3164 2720 qui
3217 2650 3420 2706 theatra
3449 2659 3504 2704 et

1917 2747 2310 2817 amphitheatra
2357 2745 2582 2815 implent
2631 2761 2725 2815 per
2755 2744 2910 2800 ludos
2939 2753 2990 2800 et
3017 2758 3113 2814 per
3151 2743 3255 2798 alia
3293 2751 3503 2812 specta—

1917 2840 2058 2908 cula,
2081 2840 2173 2910 qui
2201 2839 2426 2910 implent
2453 2839 2709 2894 ecclesias
2739 2853 2848 2908 per.
2876 2836 2992 2891 dies
3023 2835 3224 2892 festos?
3263 2833 3499 2902 Ebriosi,

1917 2947 2160 3001 voraces,
2210 2932 2396 2999 invidi,
2427 2915 2778 2988 insectatores
2817 2929 3152 2984 alterutrum.
3184 2926 3322 2984 Sunt
3349 2926 3504 2992 tales,

1919 3025 2012 3082 sed
2037 3039 2140 3080 non
2161 3024 2264 3080 soli
2287 3023 2442 3080 tales.
2466 3023 2534 3078 Et
2551 3021 2652 3078 iste
2679 3021 3006 3092 vituperator
3031 3033 3176 3074 cteco
3218 3018 3398 3074 animo
3427 3025 3507 3071 ta-

1919 3125 2006 3176 cet
2033 3116 2240 3182 bonos;
2267 3123 2323 3172 et
2345 3114 2438 3170 ille
2465 3112 2708 3168 laudator
2747 3113 2962 3168 incauto
2991 3111 3172 3168 animo
3213 3117 3352 3166 tacet
3395 3125 3510 3164 ma-

1919 3209 2022 3268 los.
2052 3209 2110 3265 Si
2154 3211 2332 3264 autem
2361 3207 2438 3266 sic
2477 3206 2726 3262 laudatur
2775 3205 2826 3260 in
2859 3205 2960 3260 hoc
2989 3213 3231 3274 tempore
3271 3201 3509 3264 Ecclesia

1919 3301 2038 3369 Dei,
2067 3299 2339 3371 quomodo
2363 3298 2584 3354 laudant
2605 3297 2894 3366 Scriptura:
2916 3297 3036 3363 Dei,
3068 3311 3194 3350 ecce
3238 3292 3505 3364 quomodo
3539 3279 3545 3284 ’

1921 3409 2062 3451 nunc
2089 3393 2222 3462 dixi,
2265 3392 2412 3449 Sicut
2441 3391 2606 3448 lilium
2647 3390 2704 3444 in
2743 3390 2908 3444 medio
2957 3389 3244 3458 spinarum,
3275 3388 3348 3440 sic
3391 3402 3512 3456 pro-

1919 3490 2060 3546 xima
2087 3503 2202 3543 mea
2227 3487 2282 3542 in
2305 3485 2472 3541 medio
2499 3484 2722 3555 ﬁliarum
2750 3497 2770 3536 :
2795 3481 2942 3536 audit
2973 3479 3154 3546 homo,
3177 3476 3508 3548 considerat,

1922 3585 2098 3656 placet
2119 3581 2196 3637 illi
2227 3580 2420 3644 lilium,
2439 3579 2628 3642 intrat,
2655 3575 2895 3631 adhaaret
2915 3573 3050 3638 lilio,
3077 3573 3269 3628 tolerat
3291 3571 3510 3640 spinas;

1923 3675 2218 3732 merebitur
2251 3687 2372 3728 esse
2419 3671 2474 3726 in
2505 3668 2662 3725 laude
2705 3675 2760 3722 et
2805 3668 2858 3722 in
2903 3663 3141 3720 oseulis'
3169 3661 3374 3733 sponsi,
3421 3660 3513 3732 qui

1923 3765 2073 3834 dicit,
2105 3764 2258 3822 Sicut
2285 3764 2446 3818 lilium
2471 3762 2525 3816 in
2545 3760 2709 3815 medio
2733 3758 3016 3830 spinarum.
3043 3756 3114 3810 sic
3145 3755 3380 3824 proxima
3401 3767 3515 3810 meo

1921 3858 1980 3912 in
2003 3857 2168 3912 medio
2196 3855 2448 3925 filiarum.
2477 3853 2552 3908 lta
2579 3859 2634 3906 et
2654 3851 2710 3906 in
2738 3849 2968 3904 clericis.
3000 3845 3328 3900 Laudatores
3351 3843 3512 3898 cleri-

1923 3965 2108 4008 corum
2137 3947 2419 4004 intendunt
2436 3945 2510 4000 ibi
2535 3945 2706 4000 bonos
2735 3941 3030 4006 ministros,
3063 3939 3251 3994 fideles
3289 3937 3513 4006 dispeno

1925 4049 2156 4108 satores,
2181 4039 2422 4095 omnium
2443 4037 2780 4100 toleratores,
2812 4032 3019 4088 viscera
3065 4045 3160 4084 sua
3197 4027 3514 4098 impenden-

1925 4143 2007 4192 tes
2039 4135 2120 4190 his
2159 4147 2296 4204 quos
2319 4131 2510 4188 volunt
2555 4129 2836 4200 proﬁcere,
2889 4140 2996 4181 non
3044 4133 3348 4195 quzerentes
3397 4139 3516 4193 qua:

1926 4239 2024 4282 sua
2051 4233 2198 4293 sunt,
2223 4224 2317 4279 sed
2345 4239 2464 4294 quae
2491 4221 2622 4278 Jesu
2656 4219 2878 4275 Christi.
2912 4216 3154 4274 Laudant
3193 4215 3330 4282 haec,
3371 4213 3515 4270 obli-

1925 4317 2200 4373 viscuntur
2219 4315 2344 4385 quia
2367 4312 2522 4368 mixti
2569 4319 2694 4366 sunt
2731 4309 2906 4364 malis.
2961 4307 3168 4362 Rursus
3211 4305 3304 4376 qui
3337 4319 3520 4374 repre-

1929 4407 2172 4464 hendunt
2201 4405 2480 4460 avaritiam
2525 4401 2866 4467 clericorum,
2905 4397 3272 4468 improbitates
3296 4394 3521 4450 clerico-

1927 4515 2070 4566 rum,
2101 4499 2220 4553 lites
2243 4496 2583 4560 clericorum,
2603 4499 2914 4561 appetentes
2942 4503 3031 4544 res
3072 4488 3298 4551 alienas,
3341 4485 3520 4540 ebrio-

1927 4605 2041 4660 sos,
2067 4603 2309 4652 voraces,
2339 4584 2599 4657 jaetant'.
2629 4584 2693 4638 Et
2723 4591 2779 4638 tu
2819 4581 3004 4638 invide
3051 4581 3344 4650 vituperas,
3375 4587 3430 4634 et
3461 4587 3518 4634 tu

1928 4683 2144 4740 incaute
2169 4679 2393 4735 laudas:
2429 4687 2484 4733 tu
2505 4676 2596 4747 qui
2629 4673 2834 4741 laudas,
2861 4672 2948 4728 dic
3003 4671 3202 4726 mixtos
3239 4669 3432 4736 malos;
3465 4679 3521 4724 tu

1928 4777 2020 4852 qui
2045 4775 2339 4845 vituperas,
2371 4771 2494 4826 vide
2521 4768 2598 4826 ibi
2621 4776 2678 4824 et
2715 4768 2906 4824 bonos.
2946 4763 3037 4821 Sic
3087 4773 3144 4821 et
3181 4765 3236 4820 in
3274 4764 3363 4820 illa
3413 4764 3518 4818 vita

1929 4869 2202 4925 communi
2249 4865 2496 4928 fratrum,
2542 4877 2663 4934 quae
2723 4869 2806 4917 est
2839 4861 2896 4916 in
2945 4859 3316 4916 monasterio:
3349 4859 3520 4928 Magni

1930 4961 2054 5026 viri,
2081 4959 2274 5025 sancti,
2325 4953 2564 5028 quotidie
2613 4954 2666 5010 in
2707 4951 2947 5024 hymnis,
3001 4951 3053 5006 in
3081 4949 3430 5011 orationibus,
3467 4947 3518 5000 in

1931 5053 2176 5112 laudibus
2202 5051 2318 5118 Dei,
2350 5048 2475 5106 inde
2499 5048 2705 5114 vivunt,
2733 5060 2854 5100 cum
2897 5045 3125 5100 lectione
3153 5043 3257 5098 illis
3281 5054 3368 5094 res
3405 5047 3518 5103 est;

1933 5148 2183 5204 laborant
2207 5143 2452 5199 man-ibus
2475 5142 2610 5208 suis,
2643 5139 2768 5196 inde
2793 5155 2852 5196 se
2867 5138 3198 5208 transigunt;
3229 5148 3334 5188 non
3363 5145 3522 5185 avare

1934 5237 2136 5310 aliquid
2161 5244 2370 5308 petunt,
2403 5232 2664 5306 quidquid
2701 5232 2782 5288 eis
2812 5230 3041 5286 infertur
3057 5243 3088 5282 a
3111 5227 3212 5297 piis
3233 5223 3484 5279 fratribus
3505 5267 3519 5292 ,

1933 5349 2057 5390 eum
2085 5330 2407 5388 sufﬁcientia
2429 5339 2625 5386 etcum
2653 5325 2916 5382 charitate
2951 5331 3206 5386 utuntur;
3233 5334 3392 5374 nemo
3422 5319 3525 5374 sibi

1935 5433 2158 5500 usurpat
2179 5421 2380 5496 aliquid
2409 5421 2550 5494 quod
2570 5419 2706 5476 alter
2729 5433 2838 5474 non
2880 5415 3100 5480 habeat;
3133 5427 3322 5468 omnes
3351 5425 3410 5466 se
3444 5410 3526 5466 di-

1937 5657 1970 5700 A
1999 5588 2018 5619 ι
2045 5591 2120 5698 ιιι·ἱ
2143 5585 2349 5696 et“qu
2372 5577 2586 5632 Ecclesia
2607 5572 2860 5627 catlwlica.
2885 5579 3004 5632 vox,
3041 5567 3274 5630 Ecclesia,
3295 5567 3438 5618 abest
3461 5565 3526 5616 ab

1971 5663 2038 5700 ιιι.
2067 5663 2096 5700 e
2136 5660 2192 5696 a.
2221 5659 2288 5696 ss.
3169 5663 3174 5669 -

1971 5663 2038 5700 m.
2067 5659 2119 5700 et
2136 5660 2164 5696 a
2182 5659 2288 5696 MSS.

1999 5695 2117 5760 ῖείιξ
2140 5695 2193 5759 et
2213 5695 2340 5762 im.
2357 5701 2590 5756 inoculis.
2610 5707 2731 5762 Am.,
2751 5697 2804 5750 in
2825 5696 2997 5750 osculis
3017 5709 3036 5748 :
3053 5703 3106 5747 et
3130 5697 3197 5748 ita
3217 5699 3326 5745 Mss.
3344 5695 3527 5756 praeter

1935 5743 2725 5838 ρωὲὁέ,”ᾆιίῑίἰιίί›ξὶιῖζῖνὶ“ὁὲᾲξὶιόὶ

2003 5823 2238 5906 έῖιιὶιι.
2265 5839 2319 5906 et
2339 5823 2566 5906 plerique
2604 5835 2712 5878 Mss.
2745 5833 2803 5880 At
2822 5833 2896 5877 Er.
2938 5829 2989 5877 et
3009 5823 3409 5887 Lov.,jaclanm.
3433 5823 3526 5867 tte-

1937 5901 2052 5965 gius
2073 5905 2174 5948 Ms..
2190 5898 2433 5960 jnctanles
2454 5903 2526 5946 se.
