4058 6480
595 315 743 377 £279.
772 370 779 377 .

594 432 786 504 ligunt,
811 444 1000 489 omnes
1045 429 1272 488 invicem
1314 441 1374 486 se
1410 429 1694 487 sustinent.
1736 431 2008 503 Laudasti,
2052 437 2167 493 lau-

595 525 736 582 dasti
765 526 783 557 ί
813 542 828 581 :
855 524 947 596 qui
991 524 1162 581 nescit
1188 522 1314 594 quid
1352 523 1576 580 interius
1617 533 1824 596 agatur,
1871 528 1961 598 qui
2003 531 2174 585 nescit

591 618 859 691 quomodo
880 619 971 674 illo
998 627 1155 675 vento
1187 619 1419 673 intrante
1448 619 1608 673 etiam
1640 635 1808 676 naves
1828 636 1887 677 se
1917 622 1971 677 in
2014 632 2172 694 portu

596 713 875 779 collidunt,
907 713 1071 767 intrat
1118 712 1267 781 quasi
1318 713 1656 768 securitatem
1702 730 1943 785 sperans,
1993 718 2169 773 nemi-

590 822 711 861 nem
730 820 887 877 quem
911 806 1101 860 toleret
1126 803 1439 872 habiturus;
1487 806 1687 862 invenit
1728 807 1799 863 ibi
1829 807 2023 865 fratres
2050 826 2167 867 ma-

586 900 685 963 los,
716 900 803 969 qui
835 898 959 952 mali
990 897 1213 952 inveniri
1254 914 1357 953 non
1386 908 1624 969 possent,
1669 900 1770 955 nisi
1817 900 2167 959 admitteren-

587 1000 670 1044 tur
697 992 770 1061 (et
796 1003 1016 1044 necesse
1042 998 1125 1044 est
1150 998 1207 1043 ut
1235 989 1409 1059 primo
1435 990 1750 1056 tolerentur,
1779 1007 1848 1048 ne
1875 992 2011 1049 forte
2039 1009 2165 1050 cor-

583 1085 857 1154 rigantur;
910 1097 1010 1138 nec
1079 1083 1289 1139 excludi
1347 1082 1503 1139 facile
1570 1096 1809 1155 possunt.
1865 1087 1966 1142 nisi
2016 1088 2165 1158 prius

582 1176 776 1231 fuerint
792 1177 1001 1232 tolerati
1023 1174 1066 1248 ')
1086 1195 1099 1232 :
1123 1185 1178 1233 et
1206 1177 1264 1231 ﬁt
1286 1177 1402 1246 ipse
1429 1177 1773 1233 intolerandae
1800 1180 2160 1249 impatientize.

580 1268 709 1337 Quis
731 1284 816 1325 me
859 1268 961 1323 huc
998 1268 1307 1339 qumrebat?
1345 1269 1456 1339 Ego
1496 1269 1741 1339 putabam
1780 1271 1902 1341 quia
1931 1271 2163 1328 charitas

577 1371 658 1416 est
681 1361 787 1415 hic.
812 1360 878 1414 Et
896 1374 1184 1429 paucorum
1202 1360 1472 1415 hominum
1490 1361 1730 1417 molestia
1755 1362 2012 1431 irritatus,
2034 1363 2161 1419 dum

578 1468 681 1508 non
712 1453 1133 1522 perseveraverit
1170 1454 1392 1523 implere
1437 1455 1578 1525 quod
1618 1456 1791 1522 vovit,
1822 1456 1880 1512 ﬁt
1918 1458 2161 1515 desertor

577 1554 681 1598 tam
710 1545 875 1599 sancti
928 1544 1283 1615 propositi,et
1323 1561 1447 1600 reus
1475 1549 1583 1601 voti
1619 1562 1725 1602 non
1756 1548 1970 1604 redditi.
2011 1550 2157 1605 Jam-

574 1650 702 1689 vero
722 1650 842 1689 cum
873 1635 997 1691 inde
1024 1636 1233 1700 exierit,
1270 1636 1327 1691 ﬁt
1346 1646 1401 1692 et
1449 1637 1560 1707 ipse
1589 1638 1918 1709 vituperator
1965 1650 2018 1697 et
2048 1657 2161 1699 ma-

572 1726 772 1783 ledicus
803 1744 816 1780 :
845 1736 898 1782 et
936 1728 1066 1782 dicit
1094 1743 1154 1782 ea
1209 1728 1321 1783 sola
1348 1743 1465 1799 quae
1498 1730 1649 1800 quasi
1677 1745 1737 1787 se
1765 1732 1871 1801 pati
1910 1748 2017 1788 non
2064 1749 2158 1805 po-

572 1818 737 1873 tuisse
757 1829 1061 1885 asseverat;
1095 1829 1146 1873 et
1172 1819 1459 1890 aliquando
1497 1836 1643 1876 vera.
1676 1822 1785 1878 Sed
1827 1839 1953 1879 vera
1990 1826 2157 1881 malo-

570 1926 689 1965 rum
744 1911 1016 1965 toleranda
1061 1920 1185 1967 sunt
1246 1920 1463 1982 propter
1502 1913 1812 1969 societatem
1871 1915 2152 1974 bonorum.

569 1998 706 2055 Dicit
735 2002 806 2055 illi
838 2000 1110 2072 Scriptura
1151 2019 1165 2055 :
1208 2000 1297 2057 Va:
1324 2004 1402 2057 liis
1433 2004 1519 2073 qui
1552 2004 1878 2074 perdiderunt
1906 2008 2155 2062 sustinen-

570 2091 694 2144 tium
721 2089 907 2160 (Ereti.
936 2108 993 2159 ιι,
1027 2090 1140 2160 l6).
1174 2092 1240 2146 Et
1274 2093 1413 2163 quod
1445 2102 1529 2149 est
1559 2094 1806 2166 amplius,
1862 2104 2035 2151 ructat
2074 2097 2154 2152 in-

565 2182 890 2253 dignationis
920 2184 1117 2238 malum
1144 2183 1363 2239 odorem
1392 2184 1434 2251 ³,
1466 2185 1605 2240 unde
1645 2186 1942 2242 absterreat
1984 2189 2149 2243 intra-

564 2283 746 2343 turos;
806 2277 930 2347 quia
1003 2277 1117 2346 ipse
1189 2292 1309 2331 cum
1356 2277 1624 2344 intrasset,
1699 2278 1986 2347 perdurare
2043 2295 2149 2336 non

561 2367 752 2436 potuit.
783 2367 977 2436 Quales
1014 2351 1127 2423 illi?
1167 2368 1355 2433 Invidi,
1399 2369 1709 2439 litigatores,
1737 2371 2001 2425 nemiuem
2027 2387 2147 2427 sus-

562 2458 828 2525 tinentes,
862 2460 1035 2524 avari;
1086 2459 1174 2514 ille
1220 2460 1291 2514 ibi
1338 2459 1466 2513 illud
1512 2460 1651 2526 fecit,
1679 2470 1733 2515 et
1780 2461 1867 2516 ille
1898 2462 1967 2516 ibi
2020 2463 2145 2518 illud

559 2547 703 2604 fecit.
726 2548 770 2604 Ο
795 2550 955 2615 male,
980 2564 1145 2619 quare
1185 2558 1328 2604 taces
1364 2549 1566 2604 bonos?
1603 2551 1747 2626 Quos
1787 2552 2013 2608 tolerare
2040 2569 2144 2609 non

560 2641 796 2711 potuisti,
826 2641 997 2711 jactas
1022 2659 1035 2695 :
1065 2642 1154 2712 qui
1187 2651 1239 2696 te
1267 2642 1463 2697 malum
1494 2642 1873 2709 toleraverunt,
1906 2654 2068 2701 taces.

630 2734 717 2787 15.
749 2733 935 2788 Merito
962 2733 1112 2800 illud,
1144 2736 1336 2788 fratres
1363 2733 1682 2800 cbarissimi,
1721 2736 2058 2806 magniﬁcum
2087 2739 2143 2795 in

560 2825 767 2880 Domini
788 2825 1096 2897 Evangelio,
1126 2840 1192 2881 ex
1207 2840 1303 2880 ore
1326 2825 1535 2879 Domini
1559 2842 1572 2879 :
1601 2824 1718 2880 Duo
1746 2828 1799 2880 in
1825 2844 1985 2899 agro;
2014 2847 2143 2885 unus

556 2926 854 2982 assumetur,
888 2926 935 2972 et
954 2934 1084 2971 unus
1110 2917 1455 2987 relinquetur:
1483 2918 1597 2972 dua:
1618 2919 1671 2973 in
1692 2919 2014 2987 molendino;
2040 2940 2143 2977 una

555 3019 854 3076 assumetur,
884 3018 934 3065 et
962 3026 1063 3064 una
1091 3010 1397 3079 relinquetur
1422 3026 1441 3064 :
1469 3010 1568 3064 duo
1606 3011 1659 3064 in
1685 3011 1842 3075 lecto;
1881 3028 2013 3067 unus
2058 3030 2142 3069 as-

553 3111 793 3169 sumetur,
822 3110 869 3156 et
896 3118 1028 3155 unus
1068 3101 1609 3171 relinquetur(Matth.
1644 3118 1788 3168 xxxv,
1833 3103 1922 3168 40,
1969 3106 2060 3173 41,
2093 3115 2141 3160 et

560 3188 683 3245 Luc.
714 3208 842 3258 χιιι,
868 3193 957 3258 54,
991 3192 1103 3262 55).
1126 3191 1225 3260 Qui
1276 3201 1399 3247 sunt
1437 3193 1537 3245 duo
1557 3193 1610 3246 in
1643 3194 1806 3263 agro?
1827 3193 1979 3262 Quod
2011 3195 2140 3251 dicit

555 3282 842 3351 Apostolus
866 3301 880 3338 :
911 3283 1021 3355 Ego
1052 3284 1295 3353 plantaui,
1325 3284 1509 3353 Apollo
1536 3284 1754 3355 rigavit;
1782 3286 1872 3339 sed
1895 3284 2033 3341 Deus
2056 3289 2139 3342 in-

554 3388 860 3433 crementum
886 3375 1042 3429 dedit.
1070 3374 1165 3429 Dei
1191 3376 1500 3446 agricultura
1527 3376 1644 3429 estis
1662 3373 1705 3447 (ι
1728 3373 1845 3429 Cor.
1876 3392 1953 3445 tu,
1978 3378 2029 3443 6,
2056 3377 2135 3450 9).

555 3470 611 3525 ln
644 3483 771 3540 agro
801 3468 1123 3523 laboramus.
1151 3465 1271 3520 Duo
1310 3466 1364 3519 in
1389 3482 1531 3537 agro,
1582 3466 1760 3521 clerici
1805 3476 1930 3521 sunt
1958 3484 1973 3522 :
2006 3485 2136 3523 unus

554 3568 854 3623 assumetur,
879 3567 925 3613 et
945 3574 1074 3612 unus
1103 3558 1449 3627 relinquetur;
1484 3566 1783 3612 assumetur
1812 3556 2005 3624 bonus,
2050 3575 2136 3614 re-

552 3651 821 3722 linquetur
847 3649 1035 3705 malus.
1054 3648 1121 3703 In
1138 3648 1425 3702 molendino
1445 3647 1581 3713 dum,
1608 3646 1674 3701 ad
1692 3647 1872 3717 plebes
1888 3649 2068 3704 retulit
2087 3650 2131 3704 ⁸.

553 3747 728 3814 Quare
757 3745 811 3799 in
833 3742 1163 3798 molendino?
1185 3741 1321 3810 Quia
1358 3740 1616 3795 devinctae
1646 3740 1865 3806 saaculo,
1911 3741 2131 3797 circuitu

550 3852 731 3895 rerum
775 3836 1169 3907 temporalium,
1214 3844 1463 3904 tanquam
1511 3833 1652 3888 mola
1692 3833 2018 3890 detinentur.
2068 3834 2134 3890 Et

549 3931 673 3987 inde
704 3947 805 3985 una
830 3939 1127 3995 assumetur,
1150 3938 1197 3982 et
1222 3944 1325 3981 una
1345 3926 1667 3997 relinquetur.
1700 3926 1830 3994 Quae
1875 3926 2000 3982 inde
2042 3942 2133 3982 asa

548 4022 827 4079 sumetur?
852 4020 1075 4077 Faciens
1097 4035 1258 4090 opera
1282 4018 1441 4087 bona,
1482 4018 1762 4075 attendens
1787 4018 2130 4089 indigentiam

547 4128 827 4170 servorum
854 4112 970 4177 Dei,
993 4111 1339 4181 indigentiam
1376 4124 1689 4179 pauperum,
1714 4110 1767 4163 in
1793 4108 2131 4165 confessione

551 4204 743 4268 ﬁdelis,
771 4204 824 4257 in
851 4202 1030 4257 laetitia
1054 4202 1167 4270 spei
1197 4209 1363 4265 certa,
1388 4200 1609 4269 vigilans
1652 4198 1720 4253 ad
1769 4200 1959 4265 Deum,
2001 4201 2131 4255 nulli

551 4296 854 4366 imprecaris
881 4294 1038 4355 mala,
1068 4292 1292 4362 diligens
1317 4297 1572 4359 quantum
1601 4295 1796 4358 potest,
1820 4303 1928 4344 non
1954 4289 2128 4344 solum

553 4388 776 4454 amicos,
808 4386 903 4441 sed
949 4386 1107 4441 etiam
1155 4384 1418 4448 inimicos,
1468 4390 1662 4452 praeter
1704 4396 1927 4437 uxorem
1977 4395 2130 4437 suam

548 4494 655 4534 non
707 4478 881 4532 sciens
961 4477 1210 4546 aliquam,
1263 4483 1457 4543 praeter
1511 4474 1760 4528 maritum
1820 4488 1975 4528 suum
2023 4488 2130 4530 non

546 4571 725 4626 sciens
748 4568 1014 4638 aliquem;
1046 4575 1344 4621 assumetur
1368 4574 1422 4620 et
1441 4564 1509 4620 de
1529 4563 1835 4620 molendino
1857 4583 1871 4619 :
1892 4581 2010 4635 quas
2037 4581 2130 4622 au-

548 4674 655 4719 tem
709 4661 863 4716 aliter
901 4659 1086 4725 fuerit,
1134 4658 1481 4728 relinquetur.
1529 4657 1633 4713 Alii
1687 4666 1866 4714 autem
1904 4658 2126 4716 dicunt:

545 4757 788 4825 Quietem
838 4754 1104 4821 volumus,
1146 4753 1409 4807 neminem
1438 4750 1685 4806 volumus
1722 4753 1852 4821 pati,
1879 4768 2128 4808 remove-

549 4867 665 4906 mus
693 4864 794 4905 nos
822 4863 853 4903 a
884 4848 1090 4914 turbis;
1118 4846 1255 4902 bene
1281 4844 1383 4900 erit
1405 4844 1559 4899 nobis
1583 4844 1635 4899 in
1666 4844 1895 4914 quadam
1923 4846 2127 4902 securi-

546 4952 671 4998 tate.
702 4942 759 4997 Si
807 4941 1041 5012 quietem
1087 4938 1303 5010 qumris,
1355 4937 1506 5008 quasi
1562 4937 1757 4992 lectum
1804 4939 2019 5009 quaeris,
2069 4946 2129 4995 ut

543 5042 657 5094 sine
687 5037 865 5107 aliqua
887 5033 1246 5090 sollicitudine
1270 5032 1593 5102 requiescas.
1626 5030 1695 5085 Et
1714 5030 1836 5087 inde
1876 5049 2008 5087 unus
2046 5050 2129 5088 as-

544 5142 789 5196 sumetur,
824 5140 873 5184 et
906 5143 1036 5181 unus
1065 5126 1390 5195 relinquetur.
1434 5123 1601 5179 Nemo
1646 5138 1744 5177 vos
1797 5122 1964 5191 fallat,
2022 5124 2128 5178 fra-

538 5230 654 5276 ‘trcs
679 5240 693 5276 :
724 5222 769 5274 si
813 5234 920 5276 non
947 5218 1107 5274 vultis
1134 5216 1261 5282 falli,
1288 5224 1345 5271 et
1381 5216 1543 5271 vultis
1570 5229 1753 5270 amare
1781 5215 1995 5281 fratres,
2024 5215 2128 5270 sci-

548 5324 657 5367 tote
685 5329 898 5368 omnem
928 5312 1317 5383 professionem
1344 5311 1395 5365 in
1423 5308 1667 5365 Ecclesia
1704 5309 1902 5365 habere
1948 5308 2120 5365 ﬁctos.

608 5426 630 5493 ξ
652 5426 723 5473 sic
745 5432 849 5493 uss.
875 5423 1075 5493 Atrdae
1096 5422 1277 5493 Laudat
1299 5420 1382 5486 qui
1402 5420 1570 5493 nescit,
1598 5426 1694 5471 etc.
1737 5490 1743 5493 Α
1872 5481 1884 5493 ,

612 5488 749 5555 ’ριιο
770 5492 898 5546 Mss,
920 5483 1210 5537 intolerandi
1229 5498 1259 5555 ,ε
1285 5480 1337 5535 εἰ
1371 5480 1565 5555 quidam
1592 5497 1701 5555 cum
1726 5490 1848 5555 Αῐη.ἱ
1864 5480 2123 5555 intoleratt.

546 5546 690 5596 Paulo
705 5556 813 5609 post
830 5561 889 5597 ex
914 5556 1021 5599 uss.
1047 5548 1368 5611 reposuimus,
1393 5545 1726 5609 impatientiaz;
1771 5545 1911 5608 cujus
1942 5545 2045 5595 loco
2076 5548 2127 5594 in

547 5609 659 5658 Palu.
690 5618 806 5658 A‘J'at.

648 5646 659 5657 .
690 5618 806 5663 i‘mt.
839 5618 1095 5663 patientur.

614 5624 659 5658 υ.
690 5618 806 5663 i‘mt,

614 5673 635 5703 ³
667 5672 739 5721 Sic
754 5670 977 5734 plerique
1000 5680 1105 5734 Mss.
1127 5679 1180 5734 At
1196 5670 1328 5733 add,
1354 5669 1731 5734 indignationes,
1744 5668 1991 5734 motorum
2007 5669 2125 5721 odo-

547 5744 673 5803 rem.
691 5733 883 5791 Quidam
898 5732 1032 5803 “uss,
1046 5733 1404 5803 indignationes
1422 5732 1655 5803 mulorum
1671 5732 1907 5786 odiorum.

611 5799 635 5830 ³
654 5802 792 5860 ιον..
814 5795 974 5850 retuli.
998 5796 1112 5849 add.
1136 5794 1218 5849 alii
1240 5804 1293 5849 et
1308 5804 1438 5860 Mss,
1460 5794 1638 5848 retulit.

1829 317 1887 378 S.
1926 319 2296 383 AUGUSTINI
2331 323 2637 386 EPISCOPI

2282 439 2399 500 Non
2427 444 2537 503 dixi
2566 461 2780 504 omnem
2804 447 3085 510 hominem"
3119 467 3239 514 esse
3286 456 3485 527 ﬁctum,
3518 464 3615 521 sed
3638 479 3848 529 omnem

2275 536 2656 605 professionem
2697 541 2892 600 habere
2914 544 3063 602 ﬁctas
3088 563 3343 618 personas
3371 569 3391 608 :
3412 564 3537 611 sunt
3577 559 3849 620 christiani

2272 630 2419 697 mali,
2449 632 2543 688 sed
2572 644 2697 690 sunt
2734 646 2788 691 et
2836 638 2981 693 boni.
3013 640 3186 708 ,Quasi
3233 645 3412 715 plures
3459 650 3628 708 malos
3674 654 3845 727 vides,

2271 721 2394 790 quia
2418 723 2567 792 palea
2594 736 2737 793 sunt,
2766 740 2820 784 et
2867 740 2918 785 te
2946 731 3011 786 ad
3046 748 3207 803 grana
3249 740 3525 807 pervenire
3580 758 3686 799 non
3724 721 3844 817 per:

2271 812 2487 869 mittunt
2516 833 2528 868 :
2556 827 2682 872 sunt
2706 819 2778 875 ibi
2823 832 2875 877 ct
2913 839 3096 893 grana,
3139 829 3352 896 accede,
3411 838 3578 901 tenta,
3639 812 3825 895 excute

2270 903 2463 961 adhibe
2512 909 2620 964 oris
2655 910 2932 979 judicium.
2988 914 3195 971 invenis
3233 922 3665 981 sanctimoniales
3723 929 3849 986 indi-

2267 995 2610 1067 seiplinatas;
2641 1006 2897 1074 numquid
2928 1007 3047 1063 ideo
3092 1012 3501 1071 sanetimonium
3546 1023 3841 1090 reprehen-

2267 1086 2498 1144 dendum
2524 1094 2641 1148 est?
2666 1094 2841 1151 Multae
2885 1114 2991 1153 non
3016 1110 3159 1156 stant
3198 1104 3250 1158 in
3295 1104 3540 1163 domibus
3582 1086 3714 1176 suis,
3744 1116 3843 1168 cir-

2265 1185 2727 1242 cumeuntdomos
2764 1190 2985 1259 alienas,
3016 1194 3226 1251 curiose
3273 1208 3513 1268 agentes,
3571 1202 3847 1272 loquentes

2264 1292 2384 1347 quze
2420 1295 2529 1334 non
2559 1292 2787 1351 oportet,
2841 1286 3107 1355 superbar,
3145 1289 3391 1360 linguaue
3423 1292 3467 1363 (Ι
3496 1292 3629 1348 Tim.
3656 1310 3709 1359 v,
3735 1298 3842 1366 15),

2263 1367 2488 1426 ebrios-.e
2520 1390 2533 1425 :
2562 1374 2661 1427 etsi
2710 1374 2937 1445 virgines
2996 1387 3139 1443 sunt,
3192 1381 3316 1450 quid
3362 1383 3577 1451 prodest
3629 1386 3843 1457 integra

2262 1474 2406 1529 caro,
2437 1473 2614 1519 mente
2655 1468 2940 1537 corrupta?
2974 1468 3159 1525 Melius
3180 1480 3263 1526 est
3288 1471 3486 1529 humile
3516 1476 3842 1547 conjugium,

2261 1568 2417 1623 quam
2443 1557 2669 1626 superba
2712 1560 3010 1630 virginitas.
3045 1561 3101 1619 Si
3138 1564 3281 1619 enim
3312 1566 3558 1633 nuberet,
3599 1585 3708 1625 non
3752 1572 3846 1624 ha-

2262 1642 2413 1700 heret
2434 1661 2627 1702 nomen
2676 1649 2817 1704 unde
2860 1652 3229 1719 extolleretur,
3264 1664 3319 1709 et
3361 1655 3582 1713 haberet
3634 1658 3844 1715 frenum

2261 1750 2367 1805 quo
2391 1746 2687 1809 regeretur.
2722 1740 2829 1796 Sed
2868 1744 3126 1814 numquid
3148 1756 3366 1815 propter
3391 1748 3628 1819 virgines
3652 1751 3841 1821 malas,

2259 1826 2563 1883 damnaturi
2592 1847 2776 1886 sumus
2799 1843 3012 1889 sanctas
3036 1844 3090 1888 et
3113 1850 3337 1906 corpore
3358 1846 3413 1893 et
3436 1840 3624 1908 spiritu
3649 1841 3693 1908 (Ι
3721 1841 3841 1899 Cor.

2258 1931 2350 1985 vn,
2379 1919 2497 1988 34)?
2522 1930 2614 1976 aut
2637 1932 2853 1993 propter
2882 1925 3011 1979 istas
3039 1925 3350 1995 laudabiles,
3392 1929 3549 1984 etiam
3585 1931 3703 1987 illas
3746 1934 3844 1988 im-

2258 2009 2565 2083 probandas
2590 2012 2806 2069 laudare
2832 2018 3119 2086 cogemur?
3156 2017 3403 2090 Undique
3430 2036 3568 2076 unus
3598 2037 3840 2080 assume-

2256 2108 2361 2165 tur,
2390 2111 2443 2157 et
2468 2118 2604 2158 unus
2628 2105 2977 2175 relinquetur.

2324 2194 2411 2248 14.
2446 2192 2594 2266 [vers.
2625 2195 2703 2269 2.]
2750 2197 2911 2267 Ergo,
2966 2198 3175 2263 fratres,
3239 2200 3483 2258 ﬁniamus
3525 2204 3836 2274 Psalmum,

2253 2285 2375 2357 quia
2396 2287 2586 2356 planus
2602 2299 2701 2344 est.
2730 2288 2923 2345 Servite
2935 2290 3155 2347 Domino
3175 2295 3228 2347 in
3244 2295 3566 2366 jucunditate
3594 2314 3612 2353 :
3639 2315 3735 2354 vos
3764 2302 3841 2355 al-

2252 2377 2507 2450 loquitur,
2551 2382 2871 2453 quicumque
2912 2386 2963 2439 in
3006 2386 3265 2443 charitate
3291 2390 3467 2444 omnia
3492 2391 3756 2460 toleratis,
3789 2406 3841 2449 et

2250 2485 2344 2541 spe
2390 2473 2650 2541 gaudetis.
2704 2474 2900 2530 Servite
2940 2476 3179 2545 Domino,
3238 2495 3345 2535 non
3391 2482 3445 2535 in
3474 2484 3841 2540 amaritudine

2248 2565 2705 2631 murmurationis,
2735 2567 2827 2621 sed
2862 2568 2912 2621 in
2932 2570 3256 2638 jucunditate
3284 2571 3605 2627 dilectionis.
3634 2572 3842 2629 Intrate

2248 2652 2301 2707 in
2324 2665 2590 2722 conspectu
2618 2658 2747 2726 ejus,
2774 2660 2827 2712 in
2852 2663 3206 2716 exsultatione.
3239 2663 3419 2719 Facile
3440 2672 3521 2720 est
3554 2666 3841 2723 exsultare

2246 2742 2413 2810 foris;
2467 2749 2520 2801 in
2546 2758 2839 2818 conspectu
2892 2751 2988 2807 Dei
3034 2754 3260 2807 exsulta.
3302 2754 3420 2810 Non
3473 2757 3629 2812 valde
3652 2758 3839 2829 lingua

2245 2840 2508 2907 exsultet;
2560 2846 2889 2899 conscientia
2932 2847 3183 2903 exsultet.
3221 2847 3419 2904 Intrate
3468 2851 3522 2904 in
3560 2862 3842 2923 conspectu

2245 2931 2371 3001 ejus,
2395 2933 2448 2986 in
2472 2935 2822 2990 exsultatione.

2316 3024 2401 3078 15.
2444 3022 2609 3096 [vers.
2660 3026 2755 3100 5.]
2797 3028 2988 3085 Scitote
3032 3032 3268 3101 quoniam
3304 3031 3553 3089 Dominus
3600 3035 3711 3106 ipse
3766 3046 3839 3093 est

2243 3114 2400 3169 Deus.
2425 3117 2554 3184 Quis
2578 3119 2746 3173 nescit
2768 3122 2888 3190 quia
2915 3122 3168 3179 Dominus
3193 3126 3305 3194 ipse
3330 3134 3411 3180 est
3435 3126 3611 3183 Deus?
3632 3128 3747 3185 Sed
3770 3130 3838 3189 de

2243 3204 2470 3261 Domino
2495 3207 2642 3272 dicit,
2686 3225 2845 3278 quem
2885 3226 2990 3265 non
3033 3215 3286 3282 putabant
3327 3215 3568 3273 homines
3614 3218 3833 3276 Deum:

2243 3299 2432 3354 Scitote
2458 3302 2695 3369 quoniam
2729 3300 2977 3357 Dominus
3015 3305 3122 3374 ipse
3144 3315 3218 3359 est
3243 3309 3384 3361 Deus
3407 3349 3422 3374 ,
3452 3309 3713 3367 Dominus
3745 3313 3837 3369 ille

2243 3405 2349 3445 non
2406 3392 2557 3446 vobis
2605 3392 2861 3447 vilescat:
2904 3396 3272 3464 cruciﬁxistis,
3299 3397 3624 3469 flagellastis,
3655 3407 3836 3473 sputis

2240 3482 2490 3547 illinistis,
2508 3482 2677 3553 spinis
2696 3488 3011 3554 coronastis,
3028 3497 3175 3545 veste
3195 3490 3544 3560 ignominiosa
3566 3496 3835 3564 vestistis,

2238 3574 2291 3628 in
2333 3574 2474 3644 ligno
2502 3575 2851 3645 suspendistis
2876 3619 2889 3643 ,
2921 3580 3084 3635 clavis
3111 3582 3404 3637 conﬁxistis
3424 3624 3441 3650 ,
3471 3584 3654 3641 lancea
3710 3604 3839 3658 per-

2237 3665 2493 3729 cussisds,
2533 3666 2784 3721 custodes
2812 3668 2879 3722 ad
2915 3670 3216 3738 sepulcrum
3263 3673 3554 3741 posuistis;
3600 3676 3721 3745 ipse
3753 3686 3838 3733 est

2236 3754 2395 3809 Deus.
2425 3754 2617 3812 Scitote
2640 3760 2878 3827 quoniam
2902 3758 3153 3815 Dominus
3178 3764 3285 3831 ipse
3312 3773 3381 3819 est
3409 3763 3567 3820 Deus.
3602 3764 3732 3837 Ipse
3761 3770 3839 3838 fe-

2236 3846 2302 3899 cit
2327 3862 2416 3900 nos
2436 3886 2449 3910 ,
2483 3856 2527 3900 et
2555 3864 2654 3901 non
2681 3865 2771 3903 nos
2799 3849 2837 3902 ί.
2871 3848 2989 3919 Ipse
3016 3852 3133 3922 fecit
3162 3867 3289 3907 nos:
3317 3855 3497 3909 omnia
3525 3871 3620 3925 per
3644 3857 3833 3926 ipsum

2235 3935 2370 3991 facta
2402 3944 2564 4003 sunt,
2596 3946 2652 3992 et
2676 3939 2791 3994 sine
2820 3940 2937 4009 ipso
2963 3940 3159 3997 factum
3184 3951 3265 3997 est
3290 3944 3424 3998 nihil
3446 3943 3623 4015 (Ioan.
3653 3962 3673 4001 ι
3700 3989 3718 4013 ,
3753 3949 3831 4020 5).

2235 4027 2371 4095 Quid
2393 4038 2477 4085 est
2520 4029 2661 4100 quod
2685 4031 2999 4087 exsultatis?
3042 4033 3168 4104 quid
3194 4041 3277 4089 est
3326 4037 3465 4104 quod
3496 4037 3833 4106 superbitis?

2235 4120 2386 4174 Alius
2410 4136 2504 4176 vos
2530 4119 2691 4187 fecit;
2721 4130 2775 4177 et
2802 4122 2892 4192 qui
2921 4137 3019 4178 vos
3045 4122 3188 4189 fecit,
3222 4124 3337 4194 ipse
3360 4139 3392 4179 a
3411 4126 3562 4180 vobis
3590 4128 3822 4195 patitur.

2234 4211 2339 4268 Sed
2362 4227 2455 4267 vos
2482 4213 2558 4267 sic
2585 4228 2681 4268 vos
2708 4213 2921 4283 jactatis
2950 4223 3004 4269 et
3056 4215 3382 4285 gloriamini,
3437 4226 3492 4272 et
3539 4219 3830 4287 extollitis,

2234 4305 2386 4375 quasi
2406 4320 2437 4358 a
2466 4304 2616 4360 vobis
2645 4305 2776 4375 ipsis
2804 4306 2929 4362 facti
2958 4308 3096 4363 sitis.
3126 4308 3331 4363 Bonum
3361 4317 3445 4363 est
3465 4310 3617 4365 vobis
3647 4321 3711 4365 ut
3738 4313 3833 4382 qui

2235 4396 2360 4452 fecit
2410 4412 2524 4462 vos,
2572 4400 2852 4468 perliciat‘I
2884 4413 2999 4454 vos.
3048 4398 3171 4470 Ipse
3213 4401 3328 4471 fecit
3354 4416 3463 4465 nos,
3499 4413 3543 4456 et
3576 4418 3678 4455 non
3710 4420 3829 4458 nos.

2232 4489 2350 4545 Non
2378 4489 2637 4545 debemus
2667 4491 2941 4561 superbire
2970 4510 2985 4547 :
3015 4500 3181 4546 totum
3225 4493 3422 4547 bonum
3469 4493 3608 4563 quod
3652 4493 3834 4552 habe-

2233 4598 2373 4647 mus,
2405 4582 2473 4636 ab
2493 4583 2697 4639 artiﬁce
2732 4564 2916 4639 nostro
2946 4585 3233 4651 habemus;
3267 4587 3408 4657 quod
3436 4585 3489 4640 in
3517 4586 3677 4641 nobis
3727 4603 3832 4643 nos

2234 4676 2476 4742 fecimus,
2510 4676 2633 4732 inde
2661 4676 3011 4744 damnamur;
3059 4678 3201 4749 quod
3255 4679 3307 4733 in
3337 4679 3492 4734 nobis
3539 4678 3627 4733 ille
3666 4678 3830 4747 fecit,

2234 4767 2356 4822 inde
2391 4782 2734 4823 coronamur.
2781 4768 2903 4839 Ipse
2943 4770 3059 4839 fecit
3088 4786 3197 4834 nos,
3222 4780 3269 4824 et
3305 4787 3407 4824 non
3439 4786 3550 4825 nos.
3582 4768 3700 4825 Nos
3726 4789 3824 4829 au.-

2234 4868 2330 4913 tem
2356 4859 2572 4930 populus
2597 4862 2728 4932 ejus,
2769 4871 2816 4915 et
2855 4877 2967 4916 oves
3012 4877 3212 4931 pascuae
3240 4862 3370 4933 ejus.
3410 4861 3548 4917 Oves
3579 4872 3632 4916 et
3657 4864 3784 4917 ovis
3814 4881 3830 4917 :

2232 4952 2362 5021 ipsae
2383 4967 2511 5008 oves
2553 4968 2654 5007 una
2684 4954 2817 5008 ovis.
2866 4953 2934 5007 Et
2979 4968 3138 5023 quam
3173 4954 3597 5009 amantissimum
3644 4955 3832 5011 nostri

2234 5054 2500 5115 pastorem
2530 5044 2819 5101 habemus!
2870 5045 3082 5099 Dimisit
3130 5046 3420 5116 nonaginta
3459 5060 3670 5109 novem,
3725 5046 3834 5103 de-

2232 5138 2437 5193 scendit
2465 5154 2703 5209 qumrere
2721 5153 2899 5201 unam,
2925 5146 3159 5207 reportat
3183 5138 3235 5192 in
3262 5137 3501 5193 humeris
3521 5137 3636 5192 suis
3660 5138 3831 5209 (Luc.

2232 5248 2320 5297 xv,
2354 5232 2408 5297 4,
2434 5232 2492 5301 5)
2524 5231 2852 5300 redemptam
2880 5230 3143 5301 sanguine
3168 5244 3285 5285 suo.
3310 5230 3546 5286 Securus
3575 5242 3839 5287 mortuus

2232 5332 2315 5379 est
2362 5332 2542 5393 pastor
2589 5338 2685 5391 pro
2712 5337 2831 5388 ove,
2875 5323 2962 5391 qui
3017 5336 3302 5392 resurgens
3346 5321 3587 5391 possidet
3629 5336 3833 5379 ovem.

2234 5414 2346 5469 Nos
2366 5426 2532 5468 autem
2562 5414 2777 5485 populus
2798 5414 2927 5484 ejus,
2952 5422 2995 5466 et
3018 5430 3129 5468 oves
3151 5429 3351 5485 pascuae
3372 5416 3504 5483 ejus.

2305 5510 2391 5564 16.
2432 5506 2592 5580 [oers.
2621 5509 2657 5563 4
2684 5548 2700 5573 ,
2731 5506 2823 5579 5.]
2864 5505 3060 5561 Intrate
3100 5508 3151 5561 in
3181 5516 3353 5578 portas
3378 5508 3486 5577 ejus
3523 5507 3578 5561 in
3617 5508 3841 5577 confes-

2298 5665 2315 5696 ί
2344 5662 2539 5717 Edd.,et
2570 5674 2662 5711 non
2697 5658 2793 5725 ipsi
2831 5673 2931 5711 nos.
2966 5668 3084 5722 vox,
3101 5658 3215 5725 ipsi,
3237 5660 3381 5712 abest
3402 5672 3433 5711 a
3452 5626 3843 5714 meliorlsnotaa

2230 5732 2339 5776 MSS.
2360 5733 2410 5774 et
2424 5739 2451 5773 a
2469 5731 2595 5773 LXX.

2298 5791 2318 5821 ’
2338 5787 2501 5837 Plures
2518 5787 2679 5849 proba:
2698 5794 2825 5838 notae
2840 5793 2965 5849 Mss,
2991 5783 3195 5851 reﬁciat.
