4056 6476
224 387 362 449 1281

220 508 382 561 sione.
426 505 484 561 ln
514 504 681 577 portis
722 501 932 560 initium
959 510 1078 570 est;
1127 515 1157 558 a
1199 501 1534 559 confessione
1577 501 1814 573 incipite.

219 598 354 656 lude
393 599 637 654 Psalmus
673 600 729 653 in
769 596 1117 669 confessione,
1149 595 1221 651 ibi
1260 594 1480 666 jubilate
1511 596 1550 650 ‘.
1577 595 1816 651 Confite-

217 692 353 749 mini
377 707 478 748 vos
511 708 621 748 non
646 691 814 748 factos
842 706 874 746 a
900 689 1081 758 vobis,
1115 686 1324 744 laudate
1349 702 1471 743 eum
1497 702 1527 742 a
1561 702 1667 758 quo
1695 685 1818 744 facti

221 785 372 841 estis.
404 785 489 840 Ab
511 784 604 840 illo
631 784 703 839 sit
724 783 922 839 bonum
953 791 1100 837 tuum
1120 822 1136 850 ,
1168 796 1199 837 a
1225 795 1331 852 quo
1355 779 1616 835 recedens
1642 777 1816 834 fecisti

218 875 420 931 malum
453 884 623 931 tuum.
651 874 852 930 Intrate
878 875 930 928 in
962 882 1134 945 portas
1163 873 1270 943 ejus
1295 871 1348 926 in
1373 871 1701 942 confessione.
1724 869 1814 924 ln-

217 978 324 1023 tret
348 983 480 1038 grex
509 969 564 1022 in
602 975 782 1038 portas
805 1007 821 1034 ,
851 980 956 1021 non
987 963 1117 1019 foris
1146 971 1421 1019 remaneat
1449 962 1516 1017 ad
1544 963 1714 1032 lupos.
1746 960 1814 1016 Et

218 1061 490 1131 quomodo
517 1061 717 1117 intret?
742 1058 809 1114 In
834 1059 1163 1131 confessione.
1187 1057 1367 1123 Porta,
1398 1056 1450 1112 id
1475 1065 1553 1112 est
1579 1055 1809 1124 initium,

217 1155 488 1210 confessio
518 1155 610 1208 tibi
650 1153 738 1208 sit.
770 1151 923 1209 Unde
950 1153 1003 1205 in
1029 1151 1134 1206 alio
1165 1150 1367 1220 psalmo
1394 1149 1621 1204 dicitur:
1663 1145 1807 1202 Inci-

218 1249 321 1318 pite
350 1244 572 1300 Domino
598 1246 650 1298 in
671 1244 983 1314 confessione
1011 1241 1182 1313 (Psai.
1204 1257 1379 1307 CXLVI,
1407 1241 1486 1310 7).
1509 1237 1658 1308 Quod
1682 1238 1806 1302 illic,

217 1338 368 1407 dicit,
401 1337 666 1407 Incipite;
694 1337 794 1393 hoc
831 1335 1115 1406 appellavit
1140 1334 1259 1402 hic,
1290 1343 1498 1405 portas:
1540 1329 1736 1386 Intrate
1755 1331 1810 1385 in

219 1441 390 1498 portas
418 1431 530 1503 ejus
554 1431 607 1484 in
630 1429 958 1498 confessione.
991 1427 1054 1482 Et
1080 1426 1229 1496 quid,
1257 1442 1376 1481 cum
1396 1425 1504 1494 jam
1531 1421 1810 1478 intraveri-

214 1540 350 1589 mus,
404 1538 512 1578 non
555 1521 964 1579 confitebimur?
1007 1519 1230 1590 Semper
1275 1518 1548 1583 confitere,
1593 1529 1809 1585 semper

216 1614 382 1670 habes
410 1614 554 1686 quod
580 1612 904 1668 confitearis.
935 1610 1158 1665 Difficile
1187 1618 1268 1664 est
1294 1609 1348 1663 in
1373 1608 1472 1663 hac
1495 1608 1619 1673 vita,
1651 1604 1806 1660 utsic

217 1706 377 1760 homo
407 1713 641 1759 mutetur
663 1745 676 1769 ,
709 1711 766 1758 ut
793 1701 926 1757 nihil
957 1700 1251 1756 inveniatur
1276 1699 1327 1753 in
1355 1713 1421 1753 eo
1448 1696 1590 1768 quod
1617 1711 1802 1764 repre-

214 1796 477 1852 hendatur
505 1815 518 1851 :
563 1811 698 1867 opus
722 1803 802 1850 est
829 1802 883 1849 ut
914 1801 968 1848 tu
999 1802 1051 1848 te
1075 1790 1470 1862 reprehendas,
1496 1803 1564 1844 ne
1602 1787 1690 1842 ille
1714 1802 1802 1841 re-

211 1888 513 1959 prehendat
540 1888 630 1958 qui
657 1886 1003 1941 damnaturus
1029 1893 1128 1940 est.
1164 1883 1305 1953 Ergo
1330 1891 1385 1937 et
1411 1895 1532 1935 cum
1572 1879 1803 1933 intrave-

210 1981 285 2036 ris
333 1982 388 2036 in
437 1981 591 2046 atria,
635 1980 934 2034 confitere.
963 1977 1185 2046 Quando
1230 1991 1335 2030 non
1382 1974 1485 2029 erit
1534 1971 1801 2028 confessio

207 2072 591 2143 peccatorum?
620 2070 674 2125 ln
704 2069 792 2124 illa
819 2067 1002 2139 requie
1023 2109 1039 2134 ,
1088 2067 1140 2121 in
1169 2067 1255 2120 illa
1289 2063 1590 2134 aequalitate
1617 2063 1798 2133 Ange-

209 2164 412 2220 lorum.
444 2163 549 2220 Sed
573 2163 744 2217 videte
767 2159 897 2231 quid
923 2158 1149 2214 dixerim
1183 2175 1197 2212 :
1237 2156 1352 2211 Non
1395 2155 1497 2210 erit
1531 2152 1798 2209 confessio

206 2264 569 2326 peccatorum.
613 2253 729 2309 Non
753 2252 881 2318 dixi,
911 2250 1027 2306 Non
1063 2249 1164 2303 erit
1187 2247 1448 2303 confessio
1477 2263 1491 2299 :
1527 2244 1630 2301 erit
1653 2243 1798 2299 enim

208 2346 472 2402 confessio
502 2345 694 2400 laudis.
723 2343 947 2412 Semper
970 2339 1327 2402 conﬁteberis,
1358 2337 1505 2391 illum
1527 2335 1717 2404 Deum,
1745 2345 1796 2389 te

208 2447 538 2502 creaturam;
572 2437 720 2492 illum
745 2443 1099 2506 protectorem
1120 2472 1136 2499 ,
1165 2440 1216 2486 te
1264 2438 1578 2500 protectum.
1611 2427 1667 2480 In
1705 2425 1796 2482 illo

209 2531 598 2603 quodammodo
644 2527 984 2585 absconditus
1018 2526 1138 2581 "eris
1163 2566 1178 2592 ,
1233 2523 1368 2578 sicut
1419 2521 1618 2576 dictum
1672 2527 1791 2585 est,

209 2625 491 2679 Abscondes
512 2639 597 2677 eos
618 2623 674 2676 in
703 2621 994 2676 abscondito
1021 2621 1185 2673 vultus
1215 2617 1287 2670 tui
1318 2615 1487 2688 (Psal.
1520 2629 1651 2679 xxx,
1674 2611 1792 2685 21).

208 2698 272 2770 Ῐη
299 2717 430 2770 atria
451 2718 564 2788 ejus
587 2717 640 2769 in
666 2710 1181 2785 hymniscon/itemini
1204 2709 1251 2762 ei
1271 2710 1316 2761 ³.
1345 2707 1405 2762 ln
1429 2705 1598 2776 portis
1622 2703 1794 2759 confi-

208 2809 422 2873 temini;
463 2815 520 2862 et
558 2807 610 2861 in
653 2805 786 2860 atria
827 2819 947 2860 cum
989 2800 1331 2866 intraveritis,
1361 2795 1687 2853 confitemini
1737 2795 1793 2849 in

207 2899 438 2971 hymnis.
469 2896 665 2970 Hymui
705 2895 889 2950 laudes
929 2901 1072 2948 sunt.
1105 2889 1328 2958 Quando
1368 2889 1534 2943 intras
1556 2927 1572 2954 ,
1605 2895 1657 2941 te
1702 2899 1794 2942 re-

205 2989 475 3060 pratende
501 3007 515 3055 ;
553 3003 674 3044 cum
705 2984 986 3041 intraveris
1007 3024 1024 3051 ,
1062 2983 1208 3038 illum
1238 2979 1412 3035 lauda.
1443 2977 1642 3050 Aperite
1669 2975 1794 3030 mihi

205 3094 376 3152 portas
392 3082 628 3154 justitia’,
660 3080 788 3135 dicit
811 3079 865 3133 in
889 3078 995 3132 alio
1022 3075 1260 3146 psalmo;
1287 3072 1572 3144 ingrediens
1595 3070 1649 3124 in
1675 3069 1745 3122 eis
1769 3068 1792 3100 ³

202 3175 446 3244 conﬁtear
489 3173 708 3227 Domino
755 3169 928 3240 (Psaf.
960 3181 1136 3235 cxvu,
1167 3164 1276 3234 19).
1319 3161 1584 3232 Numquid
1621 3159 1789 3232 dixit,

203 3276 228 3322 ι
246 3282 334 3322 tua
357 3267 632 3337 ingressus
659 3262 840 3327 fuero,
864 3261 975 3332 jam
1001 3274 1112 3316 non
1137 3256 1474 3314 confitebor?
1503 3254 1677 3310 Etiam
1705 3253 1791 3308 in-

203 3373 418 3430 gressus
455 3355 810 3413 conﬁtebitur.
840 3354 969 3422 Quae
1009 3351 1152 3407 enim
1194 3355 1411 3421 peccata
1444 3343 1794 3402 confitebatur

205 3451 463 3506 Dominus
483 3459 664 3504 noster
689 3447 844 3503 Jesus
867 3444 1131 3511 Christus,
1157 3439 1369 3513 quando
1393 3437 1468 3493 ait
1492 3455 1506 3491 :
1541 3436 1793 3505 Conﬁteor

204 3543 308 3609 tibi,
359 3544 539 3607 Pater,
581 3539 798 3594 Domine
850 3538 961 3593 σιειὶ
1009 3547 1056 3592 ει
1103 3547 1248 3591 terrae
1292 3521 1504 3604 (Matth.
1535 3528 1791 3600 x1,25)?

205 3636 356 3692 illum
382 3634 602 3690 laudans
624 3631 994 3696 confitebatur,
1023 3644 1129 3684 non
1158 3642 1218 3683 se
1231 3639 1506 3682 accusans.

273 3729 364 3782 17.
406 3725 636 3780 Laudate
671 3738 851 3778 nomen
879 3721 988 3793 ejus
1011 3761 1025 3786 ,
1055 3718 1174 3792 quia
1203 3716 1370 3772 suavis
1403 3725 1477 3770 est
1519 3713 1790 3769 Dominus.

203 3820 379 3877 Notite
426 3826 609 3888 putare
655 3815 777 3887 quia
824 3813 1050 3869 deficitis
1095 3810 1149 3866 in
1198 3807 1482 3864 laudando.
1533 3805 1794 3861 Laudatio

205 3922 384 3968 vestra
410 3909 560 3982 quasi
587 3905 922 3962 manducatio
949 3904 1086 3960 erit:
1117 3909 1370 3972 quantum
1393 3898 1644 3965 laudatis,
1673 3905 1794 3964 ptan-

207 4013 319 4060 tum
347 4003 491 4058 vires
515 3998 808 4070 acquiritis,
830 4005 885 4053 et
912 4005 1112 4051 tantum
1142 3991 1400 4048 dulcescit
1428 4004 1585 4060 quem
1611 3987 1796 4044 lauda-

206 4100 294 4157 tis.
327 4097 560 4154 Laudate
588 4110 769 4148 nomen
802 4092 910 4162 ejus
935 4131 948 4156 ,
979 4088 1100 4160 quia
1125 4085 1292 4142 suavis
1321 4094 1394 4138 est
1421 4081 1691 4136 Dominus.
1724 4078 1795 4134 In

206 4203 453 4248 sternunt
480 4185 823 4243 misericordia
856 4184 984 4253 ejus.
1013 4180 1129 4236 Non
1165 4179 1307 4235 enim
1342 4192 1462 4232 cum
1506 4182 1558 4230 te
1594 4174 1796 4229 libera-

207 4288 363 4354 verit,
397 4284 604 4341 desinet
629 4296 752 4337 esse
779 4278 1082 4334 misericors
1111 4293 1124 4331 :
1155 4283 1208 4330 et
1233 4281 1291 4328 ut
1318 4276 1560 4343 protegat
1583 4281 1797 4337 semper

209 4382 262 4436 in
290 4389 550 4435 aeternam
577 4376 761 4440 vitam,
791 4367 1166 4427 misericordiae
1193 4365 1309 4437 ejus
1333 4372 1433 4420 est.
1464 4360 1532 4416 In
1559 4371 1800 4416 aeternum

208 4489 334 4545 ergo
361 4468 711 4526 misericordia
735 4466 846 4536 ejus
867 4506 881 4530 ,
913 4472 957 4518 et
984 4477 1137 4532 usque
1162 4461 1215 4514 in
1241 4457 1610 4530 generationem
1638 4463 1684 4509 et
1712 4470 1799 4525 ge-

210 4564 522 4620 nerationem
575 4559 755 4614 ueritas
803 4557 932 4627 ejus.
987 4555 1089 4608 Aut
1141 4565 1353 4606 omnem
1397 4546 1798 4618 generationem

211 4658 396 4726 accipe
437 4652 582 4725 quod
619 4650 821 4719 dictum
863 4655 966 4711 est,
997 4645 1049 4698 in
1093 4642 1461 4714 generationem
1507 4647 1555 4692 et
1595 4652 1803 4708 genera-

214 4753 435 4814 tionem;
481 4745 650 4801 autin
683 4743 888 4799 duabus
925 4735 1376 4810 generationibus,
1429 4746 1588 4787 unam
1631 4741 1802 4786 terre-

213 4859 354 4908 nam,
388 4840 613 4896 alteram
648 4835 944 4892 caelestem.
991 4829 1085 4884 llic
1113 4840 1197 4884 eSt
1239 4824 1512 4898 generatio
1539 4837 1643 4877 una
1683 4836 1802 4894 qua:

215 4937 350 5005 parit
379 4929 673 4993 mortales;
705 4927 872 4982 altera
890 4938 1009 4994 quae
1035 4923 1170 4991 parit
1189 4928 1437 4974 aeternos.
1462 4915 1669 4970 Veritas
1689 4913 1806 4984 ejus

213 5003 262 5082 ct
290 5027 378 5082 hic
408 5033 498 5081 est.
517 5064 531 5090 ,
561 5031 617 5077 et
638 5020 730 5075 ibi.
756 5017 874 5073 Noli
900 5023 1085 5086 putare
1113 5012 1234 5084 quia
1263 5009 1352 5063 hic
1373 5022 1478 5062 non
1508 5015 1589 5060 est
1609 5003 1806 5058 veritas

216 5119 326 5187 rjus
356 5135 373 5170 :
401 5116 449 5171 si
477 5130 581 5169 non
608 5111 696 5167 hic
717 5116 861 5166 esset
880 5105 1076 5162 veritas
1100 5103 1237 5171 ejus,
1263 5115 1367 5154 non
1392 5097 1596 5152 diceret
1622 5095 1675 5148 in
1703 5092 1808 5147 alio

217 5181 426 5279 psalmo
454 5223 471 5260 :
511 5203 707 5259 Veritas
733 5203 796 5256 de
821 5211 954 5254 terra
979 5205 1090 5251 orta
1110 5203 1182 5248 est
1209 5191 1380 5262 (Psal.
1409 5201 1607 5243 Lxxxw
1629 5225 1646 5252 ,
1674 5181 1765 5256 12)
1789 5199 1805 5249 ;

217 5318 315 5358 nec
339 5303 459 5373 ipsa
485 5298 696 5355 Veritas
722 5295 944 5358 diceret,
975 5290 1104 5345 Ecce
1127 5302 1217 5359 ego
1243 5282 1494 5340 vobiscum
1521 5295 1636 5334 sum
1655 5292 1811 5348 usque

214 5396 266 5450 in
299 5391 784 5450 consummationem
809 5384 982 5441 διεσαιὶ
1007 5380 1218 5454 (Matth.
1248 5391 1418 5432 xxvnt
1436 5417 1452 5443 ,
1479 5373 1595 5445 20).

278 5531 299 5561 ι
326 5526 468 5576 Edd.:
493 5522 612 5574 Inde
633 5518 891 5576 Psalmum,
917 5525 1012 5568 etc.
1033 5523 1090 5566 At
1110 5522 1234 5563 Mss:
1263 5509 1378 5560 Inde
1397 5508 1614 5576 Psalmus
1629 5508 1680 5576 in
1699 5517 1814 5576 con:-

219 5568 470 5654 michi?
493 5568 1510 5654 sujtpl_e,_iuisct'ibit}tr..Quatiquam‘ftemig.
1527 5575 1609 5618 Ms.
1635 5568 1815 5616 habeat

220 5633 465 5703 'sic'Tiiiaé
490 5633 730 5699 isaitttu'm
751 5645 802 5694 in
825 5633 1113 5705 confessione
1128 5633 1346 5705 jubilate,

287 5691 319 5747 ἶ
336 5691 777 5774 ὲῖἷῇιὲιῖἧᾷεὲιξ
789 5691 1005 5774 melioris
1027 5691 1162 5774 notae.
1192 5702 1376 5774 fit
1411 5703 1511 5774 am,
1549 5691 1818 5774 Egnatius

220 5751 1001 5844 ’ἶτξῖῦθιῦἶῖίορῇἳεὲῥῖοήυρη
1022 5756 1310 5824 conﬁtemini
1327 5755 1390 5808 ei.
1414 5763 1549 5819 Lov.,
1561 5753 1614 5807 in
1627 5751 1816 5818 hymnis

227 5832 1024 5962 “i’mﬁTd‘éigﬁffix.
1047 5884 1246 5952 unde,
1269 5886 1321 5938 in
1342 5900 1441 5940 eas.

1397 382 1796 445 ENABRATIO
1832 382 1902 444 IN
1937 383 2259 446 PSALMUM
2293 387 2355 447 C.

3363 393 3513 455 1282

1947 521 2295 540 —--—.

2397 586 2480 649 ΙΝ
2522 588 2905 653 PSALMUM
2950 591 2997 655 C

2484 709 2904 779 ENARRATIO.

2445 815 2614 858 SElulO
2653 819 2720 857 AD
2762 820 2985 862 ΡιΕΒειι.

1991 887 2043 943 1.
2085 887 2254 962 [vers.
2304 889 2401 965 1.]
2438 893 2679 951 Psalmus
2709 898 2810 954 iste
2834 901 3158 958 centesimus
3183 905 3322 974 quod
3346 906 3499 963 habe

1919 979 1972 1036 in
2018 983 2188 1053 primo
2231 1001 2408 1054 versu,
2458 987 2560 1044 hoc
2600 991 2652 1044 in
2694 1001 2803 1046 toto
2841 995 2957 1062 ejus
2997 1011 3221 1066 corpore
3260 1015 3499 1069 quaerere

1917 1072 2192 1131 debemus.
2227 1076 2624 1135 Misericordiam
2654 1093 2698 1137 et
2714 1085 2968 1153 judicium
2999 1091 3205 1143 cantabo
3231 1093 3357 1158 tibi,
3386 1092 3497 1146 Do-

1917 1165 2068 1219 mine.
2099 1165 2268 1224 Nemo
2293 1169 2394 1223 sibi
2417 1171 2484 1225 ad
2514 1171 2880 1241 impunitatem
2911 1178 3210 1235 blandiatur
3239 1182 3306 1237 de
3332 1185 3496 1240 mise-

1915 1257 2145 1314 riéordia
2172 1261 2264 1316 Dei
2288 1279 2302 1328 ;
2333 1263 2455 1333 quia
2479 1274 2634 1320 estet
2658 1266 2911 1333 judicium
2935 1287 2948 1322 :
2976 1280 3029 1324 et
3054 1288 3209 1328 nemo
3233 1273 3286 1328 in
3307 1276 3498 1332 melius

1914 1364 2271 1410 commutatus
2304 1357 2585 1414 exhorreat
2611 1347 2869 1429 judicium
2912 1362 3034 1428 Dei;
3082 1364 3203 1433 quia
3247 1369 3500 1435 praecedit

1914 1443 2298 1502 misericordia.
2337 1448 2592 1505 Homines
2635 1451 2779 1506 enim
2825 1453 3038 1523 quando
3076 1454 3347 1524 judicant,
3402 1460 3497 1515 ali-

1912 1537 2125 1606 quando
2150 1540 2275 1595 victi
2302 1542 2663 1608 miscricordia
2693 1546 2732 1612 ί,
2765 1546 2962 1602 faciunt
2987 1559 3170 1603 contra
3192 1531 3451 1619 justitiam
3477 1572 3492 1620 ;

1912 1637 1966 1684 et
1990 1630 2198 1686 videtur
2227 1633 2278 1688 in
2317 1636 2394 1690 eis
2433 1652 2553 1693 esse
2578 1639 2960 1703 misericordia,
2987 1651 3040 1695 et
3069 1657 3174 1696 non
3201 1658 3323 1699 esse
3357 1646 3497 1714 judi-

1910 1722 2364 1796 ciumzaliquando
2377 1744 2503 1784 vero
2526 1731 2748 1802 rigidum
2769 1734 3005 1788 volentes
3022 1736 3488 1805 tenerejudicium,

1908 1814 2138 1882 perdunt
2180 1818 2619 1875 misericordiam.
2655 1823 2796 1877 Deus
2839 1833 3014 1879 autem
3046 1841 3146 1881 nec
3175 1826 3230 1882 iu
3259 1827 3494 1884 bonitate

1907 1904 2288 1962 misericordiae
2330 1912 2505 1979 perdit
2523 1911 2708 1980 judicii
2738 1915 3073 1970 severitatem
3099 1957 3114 1982 ,
3147 1931 3248 1972 nec
3272 1917 3324 1972 in
3348 1917 3494 1988 judi-

1906 1996 2076 2050 cando
2100 2013 2220 2052 cum
2246 2001 2530 2056 severitate
2555 2004 2748 2056 amittit
2774 2006 3151 2062 misericordia:
3175 2007 3489 2064 bonitatem.

1905 2085 2045 2142 Ecce
2070 2088 2114 2141 si
2139 2091 2464 2160 temporibus
2490 2094 2874 2164 distinguamus
2900 2096 3012 2152 haec
3036 2097 3160 2163 duo,
3192 2099 3493 2157 misericor-
3583 2155 3596 2159 -

1903 2175 2045 2232 diam
2067 2188 2122 2235 et
2142 2179 2433 2249 judicium;
2469 2181 2606 2240 forte
2633 2187 2772 2240 enim
2804 2203 2910 2242 non
2937 2189 3052 2243 sine
3078 2205 3236 2245 causa
3265 2192 3381 2262 ipso
3404 2209 3492 2248 or-

1902 2267 2027 2324 dine
2057 2273 2226 2340 posita
2248 2282 2405 2339 sunt,
2437 2284 2494 2328 ut
2518 2292 2622 2330 non
2644 2276 2885 2345 diceret,
2913 2279 3178 2334 Judicium
3201 2292 3255 2336 et
3280 2283 3488 2339 miseri-

1902 2363 2155 2431 cordiam,
2185 2365 2312 2432 sed,
2353 2367 2746 2423 misericordiam
2769 2379 2815 2424 et
2834 2371 3088 2441 judicium
3115 2389 3133 2426 :
3165 2374 3212 2429 si
3238 2390 3364 2445 ergo
3393 2392 3490 2446 per

1903 2461 2141 2525 tempora
2163 2457 2549 2530 distinguamus
2570 2460 2683 2516 haec
2703 2463 2828 2529 duo,
2850 2463 2985 2518 forte
3005 2465 3305 2521 invenimus
3325 2467 3487 2523 modo

1900 2555 2110 2618 tempus
2157 2566 2278 2607 esse
2315 2553 2732 2622 misericordiae,
2783 2555 3014 2612 futurum
3055 2566 3232 2613 autem
3279 2567 3490 2631 tempus

1894 2637 2100 2708 judicii.
2147 2643 2424 2711 Quomodo
2469 2654 2550 2700 est
2588 2645 2759 2715 primo
2809 2656 3016 2717 tempus
3063 2649 3488 2705 misericordize?

1898 2729 2078 2786 Primo
2105 2733 2158 2788 in
2190 2734 2298 2790 Deo
2337 2737 2637 2803 considera,
2671 2749 2725 2792 ut
2769 2748 2824 2794 et
2853 2748 2908 2793 tu
2947 2749 3199 2809 quantum
3238 2741 3350 2812 ipse
3395 2741 3489 2797 tibi

1899 2823 2196 2893 donaverit,
2246 2829 2467 2883 imiteris
2513 2829 2746 2886 Patrem.
2775 2831 2957 2902 Neque
2993 2833 3136 2887 enim
3177 2842 3490 2904 arroganter

1895 2915 2145 2984 dicimus,
2173 2919 2386 2974 Patrem
2415 2931 2655 2977 nostrum
2683 2938 2782 2977 nos
2817 2923 3012 2978 debere
3039 2924 3232 2979 imitari
3259 2941 3273 2990 ;
3316 2939 3486 2994 quan-

1896 3008 2181 3080 doquidem
2207 3011 2462 3067 Dominus
2497 3016 2610 3086 ipse
2637 3015 2822 3070 unicus
2854 3015 2946 3071 Dei
2976 3016 3141 3070 Filius
3165 3015 3232 3071 ad
3259 3016 3363 3072 hoc
3388 3031 3488 3073 nos

1897 3099 2139 3158 hortatur
2162 3145 2177 3170 ,
2223 3105 2450 3160 dicens:
2484 3105 2659 3161 Estote
2689 3108 2818 3162 sicut
2857 3106 3015 3160 Pater
3043 3118 3201 3162 vester
3250 3107 3484 3164 caelestis.

1897 3195 2030 3251 Cum
2054 3196 2278 3265 diceret,
2300 3197 2511 3269 Diligite
2534 3200 2760 3254 inimicos
2785 3209 2991 3264 vestros,
3023 3211 3163 3255 orate
3189 3219 3279 3270 pro
3301 3203 3369 3255 eis
3398 3201 3486 3267 qui

1897 3304 1981 3344 vos
2010 3301 2416 3360 persequuntur:
2441 3301 2496 3360 ut
2519 3292 2644 3358 sitis,
2680 3292 2867 3362 inquit,
2897 3293 2992 3359 filii
3025 3291 3195 3346 Patris
3224 3293 3373 3346 vestri
3400 3293 3488 3362 qui

1895 3379 1949 3434 in
1973 3380 2110 3436 cwlis
2135 3391 2206 3437 est
2229 3398 2252 3447 ;
2279 3382 2365 3453 qui
2393 3383 2547 3436 solem
2576 3399 2723 3436 suum
2761 3384 2880 3453 facit
2911 3383 3032 3436 oriri
3057 3400 3209 3454 super
3249 3382 3406 3437 bonos
3440 3393 3487 3438 et

1895 3473 2058 3527 malos
2076 3515 2091 3539 ,
2119 3484 2165 3528 et
2195 3475 2322 3543 pluit
2349 3491 2500 3546 super
2513 3476 2684 3546 justas
2721 3485 2765 3528 et
2792 3475 3006 3544 injustas
3038 3474 3245 3541 (Matth.
3280 3491 3310 3528 v
3331 3517 3346 3542 ,
3376 3475 3444 3530 48
3468 3517 3484 3542 ,

1895 3564 1986 3632 44,
2007 3565 2123 3636 45).
2154 3565 2293 3621 Ecce
2324 3567 2705 3621 misericordia.
2735 3565 2957 3634 Quando
2979 3567 3125 3620 vides
3149 3567 3321 3636 justas
3342 3578 3396 3621 et
3417 3567 3490 3620 iu-

1890 3655 2065 3728 justos
2090 3658 2335 3714 eumdem
2358 3659 2525 3714 solem
2548 3659 2761 3724 intueri,
2779 3659 3020 3714 eamdem
3039 3660 3209 3713 lucem
3233 3674 3422 3727 capere
3442 3659 3484 3725 ³,

1898 3749 2114 3804 eosdem
2146 3749 2323 3806 fontes
2350 3751 2532 3808 bibere
2552 3795 2565 3816 ,
2594 3750 2780 3806 eadem
2806 3751 2982 3820 pluvia
3009 3751 3237 3820 Sagittari
3259 3791 3273 3817 ,
3298 3750 3487 3806 iisdem

1899 3838 2157 3896 fructibus
2189 3849 2343 3896 terrae
2370 3843 2583 3912 repleri,
2607 3842 2854 3898 similiter
2879 3857 3062 3896 aerem
3085 3843 3243 3896 istum
3270 3841 3483 3910 ducere,

1899 3930 2098 3988 habere
2137 3933 2416 4001 aequaliter
2440 3933 2576 3988 bona
2603 3934 2826 4000 mundi;
2859 3935 2965 3988 noli
3001 3944 3185 4004 putare
3229 3934 3482 4002 injustum

1899 4035 2019 4077 esse
2046 4022 2236 4090 Deum,
2264 4024 2352 4094 qui
2379 4023 2469 4078 dat
2497 4025 2594 4078 ista
2619 4024 2894 4094 aequaliter
2917 4023 3152 4092 et'justis
3176 4031 3229 4078 et
3257 4023 3484 4091 iniustis.

1900 4115 2275 4172 Misericordia:
2307 4125 2514 4186 tempus
2539 4125 2650 4182 cst,
2687 4115 2919 4170 nondum
2946 4115 3153 4184 judicii.
3199 4114 3308 4169 Nisi
3347 4115 3489 4170 enim

1899 4209 2074 4278 primo
2098 4207 2236 4262 Deus
2258 4222 2352 4277 per
2369 4206 2787 4263 miscricordiam
2810 4215 3074 4276 parceret,
3097 4221 3203 4261 non
3231 4205 3492 4261 inveniret

1902 4314 2036 4370 quos
2057 4315 2155 4372 per
2188 4299 2445 4371 judicium
2471 4307 2771 4355 coronaret.
2817 4298 2914 4352 Est
2941 4313 3068 4368 ergo
3113 4296 3492 4352 misericordia:

1904 4401 2132 4462 tempus,
2165 4392 2376 4464 quando
2400 4392 2652 4462 patientia
2679 4391 2774 4447 Dei
2795 4390 2861 4446 ad
2882 4390 3248 4462 paenitentiam
3279 4389 3494 4445 adducit

1903 4493 2207 4556 peccantes.

1975 4579 2030 4634 2.
2068 4577 2204 4634 Audi
2245 4575 2558 4648 Apostolum
2592 4575 3003 4646 distinguentem
3046 4582 3331 4643 utrumque
3363 4581 3494 4626 tem-

1906 4685 2026 4740 pus,
2059 4677 2115 4726 et
2149 4668 2413 4739 distingue
2447 4676 2501 4723 et
2549 4676 2641 4721 tu:
2693 4665 2965 4720 Existimas
3009 4673 3197 4726 autem,
3244 4661 3434 4732 inquit,
3466 4677 3496 4715 ο

1909 4763 2058 4818 homo
2086 4763 2171 4832 qui
2190 4763 2396 4835 judicas
2422 4777 2506 4815 eos
2527 4761 2614 4829 qui
2635 4760 2830 4830 faciunt
2854 4774 2931 4820 ea,
2960 4765 3005 4810 et
3031 4755 3205 4810 eadem
3231 4755 3360 4826 agis,
3383 4769 3499 4823 quo-

1909 4856 2046 4909 niam
2089 4865 2141 4908 tu
2187 4852 2394 4924 eﬂ’ugies
2436 4852 2690 4923 judicium
2736 4849 2878 4902 Dei?
2937 4846 3218 4902 lntendite.
3272 4844 3499 4899 Videbat

1911 4947 2052 5003 enim
2091 4961 2150 5002 se
2178 4945 2308 5016 (sed
2353 4944 2438 4999 cui
2481 4944 2581 4997 hoc
2625 4943 2792 4998 dicit..
2819 4939 2932 4996 Non
2980 4941 3123 4995 enim
3164 4938 3256 4992 uni
3299 4935 3494 4989 homini

1910 5039 2059 5104 dicit,
2090 5037 2186 5094 sed
2215 5036 2393 5108 generi
2427 5035 2698 5089 hominum
2729 5030 2894 5104 tali),
2927 5031 3140 5086 videbat
3169 5045 3227 5083 se
3257 5025 3497 5080 commit-

1913 5139 2027 5186 tere
2072 5130 2094 5161 ³
2133 5130 2294 5183 multa
2343 5127 2481 5182 mala
2509 5125 2768 5197 quotidie,
2804 5133 2857 5178 et
2899 5131 3093 5177 tamem
3135 5121 3334 5182 vivere,
3369 5117 3495 5168 nihil

1914 5223 2040 5279 mali
2070 5221 2169 5278 sibi
2207 5221 2549 5291 contingere;
2581 5226 2636 5274 et
2662 5218 2878 5288 putabat
2915 5224 3006 5269 aut
3033 5213 3264 5268 dormire
3295 5209 3456 5261 Deum
3482 5249 3496 5271 ,

1913 5327 2007 5371 aut
2031 5331 2120 5371 res
2145 5314 2405 5369 humanas
2435 5325 2541 5366 non
2567 5309 2842 5364 attendere
2860 5349 2874 5373 ,
2903 5314 2994 5360 aut
3017 5316 3197 5357 amare
3227 5299 3364 5354 facta
3407 5300 3495 5352 ho-

1915 5413 2117 5468 minum
2146 5410 2304 5464 mala.
2329 5407 2490 5462 Tollit
2519 5405 2674 5461 istam
2701 5402 3073 5473 cogitationem
3101 5397 3169 5451 de
3196 5394 3379 5460 corde,
3405 5393 3498 5449 sed

1916 5502 2054 5559 bene
2075 5498 2509 5571 intelligentibus.
2532 5496 2666 5565 Quid
2691 5509 2816 5564 ergo
2839 5492 2955 5546 ait?
2980 5489 3276 5553 Existimas,
3301 5503 3331 5541 o
3352 5486 3502 5540 homo

1983 5620 2002 5651 ι
2028 5619 2212 5680 Aliquot
2232 5622 2357 5674 Mss,
2381 5608 2765 5663 misericordiam
2783 5604 2982 5670 faciunt.

2179 5690 2474 5802 ἕῖίρῖῖεῗίενὶ
2508 5735 2714 5802 (ιιιηξςιηο
2741 5745 2759 5783 ε
2783 5730 2907 5802 tati“,
2936 5727 3124 5780 dicebat
3139 5738 3221 5802 fe,

1921 5819 1994 5866 re,
2019 5785 2434 5866 ta—twciéa's'tigaintur
2456 5785 2672 5866 subsidio
2705 5804 2808 5866 uss.
2847 5794 2974 5843 inter
2988 5803 3120 5866 quos
3139 5789 3315 5866 Regius
3337 5785 3396 5838 ad
3421 5797 3503 5851 v9-

1923 5853 2172 5932 c'e'rmtati,
2193 5853 2374 5925 subdit,
2397 5860 2524 5924 quod
2547 5856 2732 5911 videbat
2755 5871 2804 5911 se
2827 5853 3137 5917 committere,
3162 5857 3260 5906 etc.
