4058 6480
538 340 702 411 ,1285

564 461 649 531 qui
672 456 871 527 iudicas
895 470 979 511 eos
1007 454 1093 523 qui
1115 451 1241 507 talia
1258 454 1445 522 agunt,
1476 450 1523 500 et
1551 443 1677 518 facis
1704 458 1763 497 ea
1783 484 1798 511 ,
1828 441 2065 515 quoniam
2090 447 2143 493 tu

564 553 773 624 effugies
803 549 1060 621 judicium
1086 544 1222 599 Dei?
1251 542 1318 597 Et
1338 539 1489 615 quasi
1529 537 1767 600 diceret,
1794 534 1969 601 Quare
2012 532 2145 586 facio

566 655 707 701 tanta
737 644 872 698 mala
899 638 1132 712 quotidie
1151 680 1166 705 ,
1198 646 1250 691 et
1276 634 1405 689 nihil
1436 631 1557 687 mali
1587 629 1714 684 mihi
1744 625 2037 697 contingit?
2066 639 2149 679 se-

564 747 717 794 cutus
744 732 975 790 ostendit
1004 730 1077 784 illi
1121 738 1328 796 tempus
1370 721 1750 778 misericordiae
1780 737 1791 771 :
1826 719 1906 773 An
1949 716 2148 770 divitias

566 826 901 900 benignitatis,
932 832 976 877 et
1005 820 1287 893 patientiaz,
1317 826 1363 872 et
1408 812 1803 886 longanimitatis
1832 812 1939 881 ejus
1982 818 2149 900 conte-

567 898 739 975 mnis?
767 918 831 971 Et
858 929 980 970 vere
1000 911 1118 982 quia
1144 911 1246 965 hoc
1272 907 1682 969 contemnebat;
1716 904 1808 958 sed
1850 900 1973 956 fecit
1998 898 2148 954 illum

564 1013 868 1069 sollicitum.
900 1007 1116 1079 Ignoras
1136 1049 1150 1072 ,
1183 1004 1366 1075 inquit,
1398 1000 1632 1073 quoniam
1659 997 1935 1071 benignitas
1964 994 2057 1048 Dei
2083 992 2151 1046 ad

565 1104 903 1177 paenitentiam
939 1110 986 1155 te
1014 1098 1265 1153 adducit?
1310 1095 1447 1150 Ecce
1496 1102 1703 1162 tempus
1747 1085 2146 1144 misericordia}.

562 1197 640 1253 Ne
664 1205 837 1251 autem
869 1195 967 1249 hoc
1006 1193 1092 1247 ille
1119 1204 1329 1259 semper
1356 1194 1563 1259 putaret
1585 1184 1815 1239 futurum
1834 1224 1848 1248 ,
1883 1177 2150 1251 quomodo

564 1300 780 1345 secutus
813 1304 933 1344 cum
981 1285 1201 1341 terruit?
1239 1283 1318 1338 Tu
1348 1291 1512 1335 autem
1547 1280 1566 1351 (
1584 1280 1689 1351 iam
1720 1290 1929 1347 tempus
1968 1272 2149 1344 iudicii

564 1385 684 1440 audi
710 1402 725 1450 ;
757 1381 948 1437 audisti
978 1390 1185 1449 tempus
1225 1374 1599 1432 misericordia:
1622 1415 1637 1439 ,
1666 1379 1883 1444 propter
1902 1364 2151 1444 ,_Miseri-

567 1478 794 1531 cordiam
820 1485 865 1529 et
883 1474 1137 1545 judicium
1159 1471 1369 1525 cantabo
1392 1468 1493 1533 tibi,
1522 1464 1755 1533 Domine)
1786 1480 1799 1517 :
1828 1461 1908 1517 Tu
1944 1472 2110 1515 autem
2133 1504 2148 1529 ,

565 1570 769 1640 inquit,
795 1567 1068 1623 secundum
1094 1564 1331 1617 duritiam
1352 1560 1517 1615 cordis
1545 1559 1617 1612 tui
1638 1568 1681 1612 et
1702 1573 1787 1611 cor
1815 1557 2149 1625 impoenitens,

568 1662 876 1716 thesaurizas
898 1659 984 1713 tibi
1007 1659 1133 1711 iram
1153 1657 1204 1709 in
1231 1656 1311 1709 die
1330 1656 1419 1708 ira:
1442 1664 1487 1708 et
1507 1650 1819 1707 reuelationis
1829 1650 1958 1717 justi
1970 1647 2155 1717 judicii

567 1752 685 1822 Dei,
725 1753 810 1824 qui
839 1752 1010 1806 reddet
1042 1750 1309 1818 unicuique
1333 1744 1607 1802 secundum
1647 1758 1800 1813 opera
1842 1758 1932 1795 sua
1979 1738 2151 1810 (Rom.

567 1864 634 1914 tt,
666 1848 736 1904 5-
758 1846 832 1918 6).
866 1846 1023 1912 Ecce,
1050 1842 1451 1898 Misericordiam
1476 1850 1520 1895 et
1544 1838 1795 1910 judicium
1816 1833 2025 1888 cantabo
2047 1832 2153 1896 tibi,

568 1938 804 1994 Domine.
832 1938 935 1993 Sed
980 1937 1209 1991 minatus
1240 1942 1321 1990 est
1356 1932 1425 1988 de
1458 1931 1693 2001 iudicio:
1740 1926 1995 1997 numquid
2037 1925 2157 1979 ideo

567 2034 819 2104 judicium
852 2031 947 2087 Dei
980 2028 1344 2085 tantummodo
1391 2023 1780 2081 formidandum
1811 2030 1915 2088 est,
1964 2028 2017 2073 et
2051 2035 2157 2073 non

570 2125 899 2180 amandum?
951 2120 1365 2177 Formidandum
1422 2116 1575 2173 malis
1635 2123 1852 2185 propter
1904 2127 2155 2183 pennam,

569 2216 853 2271 amandum
894 2215 1045 2269 bouis
1074 2220 1289 2285 propter
1320 2224 1594 2265 coronam.
1632 2206 1765 2274 Quia
1808 2219 1935 2276 ergo
1972 2203 2161 2259 terruit

570 2309 740 2367 malos
767 2307 1053 2377 Apostolus
1097 2306 1149 2360 in
1178 2305 1280 2359 hoc
1320 2300 1623 2357 testimonio
1648 2298 1788 2371 quod
1828 2311 2160 2381 commemo-I-

570 2405 703 2470 ravi,
747 2401 865 2457 audi
902 2401 990 2455 ubi
1018 2415 1165 2469 spem
1206 2397 1298 2452 dat
1342 2395 1495 2450 bonis
1536 2394 1604 2449 de
1647 2392 1861 2463 iudicio.
1913 2389 2158 2461 Seipsum

569 2498 737 2569 ponit,
765 2506 814 2549 et
839 2495 985 2559 dicit,
1010 2501 1062 2546 et
1088 2489 1318 2545 ostendit
1337 2498 1391 2543 et
1412 2489 1525 2558 ipse
1551 2487 1602 2542 in
1629 2502 1686 2542 se
1715 2495 1922 2555 tempus
1948 2481 2159 2537 miseri-

570 2587 786 2643 cordia).
818 2585 948 2653 Quia
981 2583 1080 2637 nisi
1110 2593 1161 2637 et
1189 2582 1302 2652 ipse
1333 2580 1595 2633 inveniret
1622 2590 1826 2647 tempus
1854 2577 2159 2631 misericor-

571 2682 691 2745 diae,
722 2681 930 2751 qualem
964 2678 1108 2731 illum
1138 2675 1396 2729 inveniret
1416 2673 1714 2743 judicium?
1744 2672 2120 2741 Blasphemum
2140 2710 2159 2739 ,

570 2783 987 2847 persecutorem,
1013 2771 1346 2839 iniuriosum.
1370 2768 1456 2823 Sic
1477 2768 1617 2821 enim
1641 2766 1787 2833 dicit,
1812 2774 1865 2819 et
1889 2780 2161 2820 commen-

570 2865 659 2919 dat
686 2874 892 2933 tempus
922 2860 1298 2917 misericordiaz
1323 2901 1337 2927 ,
1368 2859 1419 2913 in
1460 2874 1564 2930 quo
1595 2857 1753 2912 modo
1786 2873 1969 2913 sumus
1998 2874 2011 2909 :
2063 2857 2162 2924 Qui

572 2960 733 3030 prius,
768 2957 975 3028 inquit,
1016 2955 1091 3027 fui
1117 2953 1453 3023 blasphemus,
1500 2962 1545 3005 et
1590 2961 1893 3023 persecutor,
1935 2960 1981 3004 et
2024 2951 2162 3022 inju-

548 3051 767 3122 ‘riosus;
797 3051 885 3105 sed
930 3049 1323 3103 misericordiam
1366 3056 1656 3101 consecutus
1699 3064 1829 3101 sum.
1874 3045 1981 3101 Sed
2024 3044 2161 3100 forte

570 3141 685 3214 ipse
710 3143 854 3196 solus
892 3150 1206 3196 consecutus
1248 3150 1328 3195 est
1360 3138 1811 3194 misericordiam?
1854 3137 1989 3191 Audi
2030 3152 2159 3208 quo-

570 3232 729 3289 modo
756 3248 852 3287 nos
878 3233 1045 3303 erigat
1070 3250 1080 3286 :
1110 3230 1177 3287 Ut
1205 3232 1257 3286 in
1288 3248 1365 3285 me
1384 3274 1396 3296 ,
1422 3231 1614 3303 inquit,
1634 3229 1912 3286 ostenderet
1934 3229 2161 3285 Christus

569 3324 719 3380 Iesus
748 3342 943 3379 onmem
972 3324 1400 3397 longanimitatem
1420 3368 1432 3391 ,
1460 3325 1527 3378 ad
1556 3325 1961 3395 informationem
1985 3341 2160 3379 eorum

569 3418 655 3487 qui
683 3416 919 3471 credituri
958 3426 1075 3472 sunt
1104 3418 1180 3471 illi
1205 3418 1257 3470 in
1287 3419 1438 3471 vitam
1475 3427 1717 3470 (sternam
1742 3418 1786 3487 (Ι
1820 3416 1951 3471 Tim.
1976 3432 2023 3481 ι,
2058 3416 2157 3483 l3,

571 3508 684 3579 16).
728 3508 862 3577 Quid
913 3516 1012 3573 est,
1056 3508 1109 3560 in
1138 3524 1215 3561 me
1261 3508 1537 3561 ostenderet
1580 3508 2054 3579 longanimitatem?
2092 3506 2162 3563 Ut

571 3602 934 3672 unusquisque
961 3608 1215 3672 peccator
1243 3608 1297 3655 et
1324 3600 1612 3655 sceleratus
1639 3599 1844 3654 videret
1872 3599 1994 3670 quia
2019 3600 2159 3655 Pau-

570 3691 654 3748 lus
683 3694 887 3763 accepit
932 3692 1161 3758 veniam,
1209 3701 1264 3747 et
1314 3707 1415 3746 non
1456 3691 1525 3746 de
1554 3707 1613 3746 se
1650 3691 1979 3761 deSperaret.
2024 3691 2162 3748 Ecce

571 3784 805 3840 ostendit
830 3801 907 3852 se,
936 3786 1105 3840 erexit
1143 3793 1195 3839 et
1221 3785 1371 3838 alios.
1406 3782 1544 3837 Ubi?
1573 3781 1631 3837 In
1670 3790 1907 3852 tempore
1956 3782 2158 3837 miseri-

490 3926 493 3927 ν
571 3876 788 3931 cordiaa.
819 3875 951 3931 Audi
982 3876 1033 3928 in
1069 3884 1308 3944 tempore
1328 3872 1512 3944 iudicii
1550 3872 1677 3945 quid
1702 3872 1845 3928 dicat
1874 3873 1939 3928 de
1969 3873 2122 3928 bonis
2143 3914 2160 3945 ,

572 3969 767 4027 iterum
793 3968 975 4025 dicens
1000 3968 1067 4024 de
1095 3984 1153 4023 se
1179 3977 1232 4023 et
1258 3967 1325 4022 de
1351 3967 1487 4021 aliis.
1518 3966 1697 4021 Primo
1740 3967 2161 4023 misericordiam

573 4069 889 4123 Consecutus
915 4069 1017 4115 est.
1044 4059 1260 4128 Quare?
1285 4057 1415 4127 Quia
1445 4057 1543 4112 fuit
1568 4056 1910 4128 blasphemus
1928 4099 1941 4124 ,
1967 4066 2019 4113 et
2046 4074 2162 4129 per-

574 4163 823 4222 secutor,
864 4162 920 4207 et
960 4151 1268 4223 iujuriosus.
1321 4150 1477 4205 Venit
1521 4150 1778 4205 Dominus
1832 4160 1890 4205 ut
1939 4154 2165 4207 donaret

576 4243 741 4301 Paulo
764 4285 779 4309 ,
810 4260 914 4299 non
948 4252 1005 4297 ut
1032 4242 1298 4298 redderet.
1330 4241 1460 4296 Nam
1488 4240 1533 4296 si
1559 4241 1787 4298 reddere
1813 4242 2004 4307 vellet,
2036 4242 2164 4313 quid

576 4338 839 4395 inveniret
882 4335 1021 4407 quod
1066 4334 1314 4390 redderet
1356 4335 1645 4405 peccatori,
1697 4333 1798 4389 nisi
1848 4349 2061 4405 poenam
2111 4344 2165 4390 et

577 4430 938 4502 supplicium?
964 4428 1143 4483 Noluit
1173 4428 1395 4483 reddere
1421 4443 1655 4498 poenam,
1683 4427 1777 4484 sed
1804 4428 2022 4483 donavit
2047 4444 2166 4500 gra-

579 4525 728 4579 tiam.
774 4521 914 4577 Audi
953 4522 1074 4593 quia
1120 4522 1209 4577 ille
1250 4522 1336 4577 cui
1384 4524 1633 4589 donavit,
1686 4530 1834 4579 tenet
1882 4523 2165 4578 Dominum

579 4617 738 4673 etiam
787 4615 1100 4670 debitorem.
1154 4614 1358 4671 Invenit
1402 4632 1524 4671 eum
1568 4615 1881 4672 donatorem
1928 4625 2167 4687 tempore

580 4711 959 4768 misericordiae
979 4754 994 4779 ,
1026 4719 1171 4767 tenet
1193 4711 1485 4767 debitorem
1524 4721 1761 4782 tempore
1782 4711 1993 4783 iudicii.
2024 4709 2168 4780 Quo-

581 4805 742 4861 modo
772 4804 875 4859 hoc
903 4804 1051 4877 dicit,
1083 4804 1277 4861 videte.
1310 4804 1425 4876 Ego
1447 4805 1576 4859 enim
1594 4807 1706 4875 jam
1730 4806 1984 4872 immatur,
2011 4805 2164 4872 dixit,

581 4910 626 4954 et
658 4911 851 4971 tempus
878 4900 1198 4955 resolutionis
1226 4916 1348 4953 mea:
1376 4900 1662 4971 proximum
1697 4908 1787 4954 est.
1818 4898 2018 4954 Bonum
2057 4916 2168 4954 cer-

582 5002 747 5047 tamen
771 4994 975 5059 certavi,
1004 5008 1206 5047 cursum
1229 4994 1587 5058 consummavi,
1616 4992 1770 5063 ﬁdem
1788 4994 2000 5048 servavi.
2034 4992 2169 5063 lloc,

584 5096 821 5157 tempore
848 5086 1227 5143 misericordiae
1253 5127 1269 5154 ,
1298 5087 1419 5143 audi
1448 5087 1513 5142 de
1532 5087 1754 5158 judicio.
1780 5087 1858 5142 De
1879 5097 2059 5143 ca’tero
2079 5103 2169 5141 su-

586 5192 749 5251 perest
774 5183 900 5243 milii
923 5198 1107 5237 corona
1133 5181 1366 5252 iustitiae,
1394 5196 1544 5251 quam
1576 5180 1751 5234 reddet
1773 5181 1897 5235 mihi
1926 5179 2169 5236 Dominus

583 5277 637 5331 in
662 5278 752 5333 illa
778 5277 859 5332 die
874 5278 1038 5345 justus
1055 5277 1241 5347 judex.
1268 5276 1381 5331 Non
1411 5274 1582 5342 dixit,
1609 5274 1804 5339 donat;
1838 5274 1954 5340 sed,
1976 5275 2167 5347 reddet.

587 5368 810 5435 Quando
835 5369 1083 5435 donabat,
1116 5369 1416 5423 misericors
1440 5376 1584 5432 erat;
1617 5366 1829 5436 quando
1852 5366 2059 5434 reddet,
2078 5367 2169 5437 iu-

587 5458 689 5515 dex
721 5460 822 5515 erit
846 5478 858 5514 :
889 5461 1031 5531 quia,
1057 5460 1460 5515 Misericordiam
1479 5469 1525 5514 et
1542 5458 1798 5529 judicium
1822 5462 2032 5514 cantabo
2061 5459 2169 5524 tibi,

591 5549 826 5605 Domine.
856 5552 959 5608 Sed
1001 5554 1248 5609 donando
1276 5552 1464 5608 delicta
1490 5593 1504 5618 ,
1538 5552 1663 5607 fecit
1690 5568 1748 5607 se
1777 5568 1988 5607 corona:
2023 5551 2173 5607 dehi-

589 5649 762 5698 torem
792 5661 805 5698 :
838 5645 909 5700 ibi
934 5647 1327 5699 misericordiam
1361 5655 1654 5701 consecutus
1696 5662 1829 5700 sum.
1874 5644 2174 5700 Misericors

586 5746 720 5805 ergo
744 5734 999 5809 Dominus
1026 5737 1218 5809 primo,
1247 5737 1331 5793 hic
1361 5749 1541 5795 autem
1570 5738 1743 5792 reddet
1770 5737 1891 5791 mihi
1920 5752 2174 5793 coronam

583 5828 817 5901 iustitiae.
861 5829 1012 5891 Unde
1052 5828 1275 5888 reddet?
1300 5830 1435 5899 Quia
1451 5834 1626 5906 justus
1656 5831 1823 5904 judea:
1859 5840 1960 5895 est.
1998 5830 2174 5905 Quare

1792 324 1856 399 s.
1892 316 2260 393 AUGUSTINI
2295 318 2605 391 Episcom

3698 328 3839 403 Im

2247 440 2422 513 justus
2456 443 2659 515 iudex?
2701 443 2833 511 Quia
2879 444 3064 501 bonum
3094 453 3344 503 certamen
3381 446 3584 515 certari,
3634 466 3837 507 cursum

2253 539 2612 605 consummavi,
2638 538 2789 607 fidem
2820 540 3027 594 servavi.
3054 539 3173 596 ldeo
3196 541 3369 610 justus
3392 558 3495 596 non
3532 552 3708 613 potest
3734 544 3833 601 nisi

2253 644 2510 685 coronare
2536 631 2656 685 ista.
2684 630 2887 686 Invenit
2906 632 3047 686 enim
3076 632 3172 687 ista
3194 650 3312 704 qua:
3333 646 3615 691 coronaret
3639 654 3652 690 :
3676 648 3832 694 antea

2253 738 2379 777 vero
2404 724 2528 794 quid
2562 726 2867 781 invenerat?
2902 726 3000 793 Qui
3029 727 3167 795 prius
3194 728 3270 799 fui
3293 728 3613 798 blasphemus
3642 740 3688 783 et
3715 748 3835 801 per-

2252 826 2465 870 secutor.
2490 816 2591 871 lsta
2618 817 2852 885 donavit,
2878 818 2965 873 illa
2992 819 3300 887 coronabit;
3324 820 3539 876 donavit
3569 822 3683 877 lucc
3705 832 3839 879 tem-

2253 925 2384 981 pore
2432 912 2831 977 misericordiae,
2878 912 3155 967 coronabit
3199 913 3285 967 illa
3335 922 3572 983 tempore
3609 914 3836 984 judicii:

2254 1006 2407 1076 quia,
2436 1005 2837 1060 Misericordiam
2861 1015 2906 1060 et
2924 1008 3177 1076 judicium
3214 1008 3423 1062 cantabo
3454 1009 3573 1073 tibi,
3601 1008 3841 1063 Domine.

2256 1099 2361 1157 Sed
2410 1100 2665 1171 numquid
2711 1100 2858 1156 solus
2902 1101 3095 1157 Paulus
3142 1101 3191 1156 id
3247 1102 3478 1155 meruit?
3531 1102 3644 1157 Hoc
3695 1102 3841 1157 enim

2255 1193 2492 1250 dixeram
2514 1235 2530 1261 ,
2562 1194 2828 1266 quomodo
2858 1195 2909 1249 in
2936 1194 3029 1249 illo
3073 1194 3379 1250 testimonio
3409 1196 3630 1260 terruit,
3662 1196 3743 1249 sic
3790 1195 3842 1250 in

2256 1288 2359 1343 isto
2385 1287 2572 1342 erexit.
2602 1286 2735 1343 Cum
2767 1287 3005 1350 dixisset,
3033 1286 3227 1341 Reddet
3257 1288 3380 1340 mihi
3401 1286 3648 1341 Dominus
3669 1288 3723 1341 in
3753 1287 3841 1341 illo

2257 1383 2337 1437 die
2357 1385 2530 1455 justus
2542 1384 2745 1453 judex:
2788 1400 2888 1436 non
2913 1383 3076 1438 solum
3103 1383 3246 1449 mihi,
3283 1382 3470 1453 inquit,
3495 1382 3584 1437 sed
3610 1382 3845 1436 omnibus

2257 1476 2340 1542 qui
2385 1476 2601 1546 diligunt
2636 1474 3091 1545 manifestationem
3127 1483 3172 1529 et
3201 1490 3408 1546 regnum
3452 1475 3563 1546 ejus
3609 1472 3676 1546 (ll
3707 1472 3841 1527 Tim.

2257 1585 2336 1634 tv,
2365 1569 2505 1639 6-8).

2330 1663 2383 1717 5.
2413 1663 2580 1733 Ergo,
2611 1662 2832 1731 fratres,
2877 1662 3127 1733 quoniam
3158 1660 3415 1717 habemus
3438 1670 3649 1733 tempus
3679 1662 3846 1718 mise-

2260 1753 2536 1821 ricordizn,
2567 1769 2676 1808 non
2729 1754 2880 1809 nobis
2926 1752 3260 1807 blandiamur
3283 1794 3299 1820 ,
3344 1768 3449 1808 non
3480 1768 3578 1808 nos
3606 1752 3851 1808 dimitta-

2262 1859 2383 1898 mus
2408 1884 2423 1907 ,
2456 1859 2561 1897 non
2591 1845 2831 1898 dicamus
2865 1862 2878 1898 :
2912 1844 3139 1914 Semper
3182 1845 3352 1914 parcit
3384 1845 3541 1903 Deus.
3574 1844 3714 1899 Ecce
3750 1843 3851 1899 feci

2264 1936 2379 1992 heri
2403 1978 2417 2002 ,
2454 1938 2690 2007 pepercit
2717 1938 2890 2003 Deus;
2921 1937 3057 1992 facio
3077 1950 3131 1992 et
3158 1938 3317 1992 hodie
3338 1979 3353 2004 ,
3386 1946 3439 1992 et
3467 1938 3637 2008 parcit
3665 1938 3807 1993 Deus
3835 1955 3850 2004 ;

2262 2028 2451 2084 faciant
2478 2039 2531 2084 et
2557 2044 2675 2084 cras
2699 2071 2713 2097 ,
2741 2031 2861 2099 quia
2892 2031 3059 2099 parcit
3092 2031 3247 2085 Deus.
3277 2029 3520 2084 Attendis
3545 2030 3611 2083 ad
3638 2028 3852 2085 miseri-

2261 2125 2500 2180 cordiam
2518 2164 2534 2188 ,
2557 2132 2613 2179 et
2641 2140 2744 2179 non
2776 2125 2931 2179 times
2945 2124 3224 2193 judicium.
3248 2124 3301 2179 Si
3328 2124 3406 2177 vis
3434 2134 3650 2179 cantare
3690 2122 3856 2179 mise—

2265 2216 2549 2273 ricordiam
2579 2224 2633 2270 et
2656 2216 2914 2284 indicium
2936 2257 2953 2281 ,
3004 2216 3241 2285 intelligo
3271 2216 3392 2286 quia
3418 2215 3537 2270 ideo
3566 2214 3739 2285 parcit
3758 2256 3774 2281 ,
3798 2224 3858 2268 ut

2263 2308 2571 2379 corrigaris,
2600 2325 2702 2363 non
2734 2319 2789 2363 ut
2815 2309 2868 2364 in
2899 2309 3230 2378 malignitate
3256 2324 3588 2378 permaneas.
3610 2308 3730 2363 Noli
3761 2308 3857 2363 tibi

2265 2403 2631 2460 thesaurizare
2655 2404 2787 2457 iram
2814 2403 2865 2458 in
2897 2402 2984 2458 die
3011 2403 3101 2457 inc
3123 2412 3177 2457 et
3197 2402 3532 2459 revelationis
3555 2401 3685 2470 iuSLi
3705 2401 3857 2470 judi-

2266 2496 2332 2551 cii
2363 2496 2475 2551 Dei.
2505 2495 2635 2563 Quia
2670 2496 2719 2550 in
2746 2506 2985 2563 tempore
3012 2493 3391 2549 misericordia:
3424 2496 3472 2545 in
3498 2494 3602 2548 alio
3649 2492 3859 2562 psalmo

2266 2586 2500 2643 dicitur:
2550 2605 2569 2639 ‹
2606 2586 2879 2643 Peccatori
2927 2594 3103 2641 autem
3151 2585 3284 2639 dixit
3332 2585 3513 2650 Deus,
3571 2583 3769 2653 thuid
3805 2592 3860 2636 tu

2265 2693 2484 2733 enarras
2500 2678 2909 2747 iustiﬁcationes
2930 2692 3075 2735 meas
3094 2718 3110 2742 ,
3142 2686 3197 2732 et
3222 2674 3449 2731 assumis
3478 2683 3861 2729 testamentum

2265 2788 2448 2828 meum
2476 2787 2573 2841 per
2599 2787 2660 2826 os
2688 2773 2879 2828 tuum?
2908 2771 2988 2826 Tu
3034 2786 3162 2826 vero
3209 2770 3368 2825 odisti
3398 2768 3735 2837 disciplinam
3759 2808 3776 2831 ,
3812 2775 3865 2822 et

2265 2864 2503 2932 abiecisti
2530 2879 2808 2920 sermones
2837 2879 2987 2920 meos
3012 2876 3128 2935 post
3162 2874 3213 2919 te
3242 2881 3256 2917 :
3288 2864 3333 2918 si
3374 2862 3593 2917 videbas
3640 2862 3821 2917 furem
3844 2902 3861 2928 ,

2265 2958 2623 3013 concurrebas
2647 2960 2727 3025 ei,
2757 2968 2809 3015 et
2838 2974 2957 3014 cum
2981 2958 3205 3015 mmchis
3234 2959 3528 3028 portionem
3576 2968 3718 3012 tuam
3769 2973 3867 3027 po-

2266 3052 2466 3117 nebas;
2498 3053 2691 3109 sedens
2714 3055 2971 3110 adversus
2997 3054 3213 3111 fratrem
3243 3064 3388 3109 tuum
3416 3052 3737 3108 detrahebas
3763 3092 3783 3117 ,
3813 3060 3867 3107 et

2265 3144 2521 3201 adversus
2548 3146 2712 3200 tilium
2739 3148 2924 3201 matris
2955 3154 3059 3200 tua:
3084 3146 3317 3215 ponebas
3355 3144 3684 3200 scandalum.
3730 3142 3869 3199 Hzec

2265 3236 2471 3305 fecisti,
2502 3249 2557 3295 et
2585 3240 2745 3296 tacui.
2782 3260 2803 3294 ι
2834 3241 2965 3295 Vide
3012 3250 3221 3310 tempus
3269 3238 3670 3294 misericordiae.
3715 3235 3867 3304 Quid

2264 3342 2347 3389 est
2366 3377 2379 3399 ,
2404 3336 2581 3388 tacui?
2608 3335 2873 3404 Numquid
2900 3376 2915 3401 ,
2946 3333 3062 3389 Non
3088 3333 3363 3402 corripui?
3391 3331 3493 3386 Sed
3516 3372 3531 3397 ,
3557 3331 3673 3386 Non
3711 3332 3867 3402 iudi-

2266 3428 2402 3483 cavi.
2434 3427 2715 3495 Quomodo
2758 3433 2899 3483 enim
2943 3437 3082 3484 tacet
3136 3427 3227 3497 qui
3272 3426 3508 3495 quotidie
3553 3426 3755 3481 clamat
3813 3428 3869 3482 in

2266 3518 2595 3595 Seripturis,
2629 3527 2681 3582 in
2737 3528 3056 3599 Evangelia,
3114 3529 3166 3583 in
3212 3527 3645 3598 przedicatoribus
3694 3524 3870 3579 suis?

2268 3622 2432 3677 Tacui
2453 3639 2481 3677 a
2502 3624 2791 3694 supplicio,
2817 3639 2921 3678 non
2953 3640 2984 3679 a
3012 3624 3199 3678 verbo.
3230 3622 3356 3676 Herc
3382 3622 3575 3695 fecisti,
3620 3631 3665 3675 et
3698 3619 3867 3675 tacui.

2266 3716 2333 3771 Et
2359 3717 2481 3788 quia
2507 3717 2667 3772 tacuit
2713 3718 2889 3785 Deus,
2942 3717 2996 3771 id
3040 3724 3161 3780 est,
3217 3731 3322 3770 non
3370 3713 3693 3777 vindicavit;
3725 3712 3871 3783 quid

2266 3812 2366 3867 sibi
2398 3811 2531 3865 dixit
2577 3812 2628 3865 in
2658 3810 2820 3866 corde
2852 3810 3130 3880 peccator?
3170 3808 3349 3863 Audi:
3406 3807 3712 3877 Suspicatus
3766 3824 3827 3861 es
3852 3848 3869 3875 ,

2265 3904 2467 3974 inquit,
2523 3904 2867 3973 iniquitatem,
2901 3903 3037 3970 quod
3063 3918 3146 3956 ero
3174 3901 3262 3954 tibi
3299 3901 3499 3955 similis.
3532 3899 3588 3955 ld
3618 3910 3731 3966 est,
3773 3915 3872 3970 pa-

2268 4012 2387 4051 rum
2419 4005 2501 4050 est
2529 3996 2651 4066 quia
2681 4003 2735 4049 tu
2770 3995 2890 4049 talis
2917 4009 3070 4057 eras;
3104 4002 3158 4049 et
3205 4009 3291 4047 me
3319 3993 3476 4047 talem
3525 3995 3743 4061 putasti.
3802 3991 3874 4046 Et

2267 4105 2389 4144 cum
2418 4089 2742 4145 ostendisset
2772 4089 2848 4143 illi
2877 4099 3084 4158 tempus
3124 4086 3508 4141 misericordiae
3529 4128 3543 4153 ,
3573 4084 3777 4140 terruit
3800 4084 3871 4140 de

2268 4190 2512 4251 tempore
2535 4180 2715 4248 iudicii
2742 4200 2752 4234 :
2788 4180 3010 4252 Arguam
3032 4190 3078 4233 te
3096 4223 3110 4246 ,
3141 4189 3187 4233 et
3213 4188 3435 4232 statuam
3462 4186 3509 4231 te
3530 4184 3646 4230 ante
3674 4178 3872 4246 faciem

2270 4283 2408 4328 tuam
2431 4271 2603 4344 (Psal.
2632 4290 2756 4327 xm
2786 4315 2801 4339 ,
2853 4272 3061 4343 16-21).
3094 4272 3173 4326 Tu
3203 4280 3254 4326 te
3284 4271 3437 4341 ponis
3465 4278 3585 4340 post
3613 4278 3669 4325 te
3692 4310 3709 4334 ,
3767 4284 3873 4341 ego

2267 4375 2321 4421 te
2350 4383 2545 4438 ponam
2576 4374 2700 4422 ante
2744 4375 2815 4422 te.
2846 4366 3035 4421 Omnis
3085 4367 3224 4420 enim
3256 4365 3344 4434 qui
3378 4380 3483 4418 non
3512 4364 3623 4417 vult
3678 4362 3873 4419 videre

2271 4470 2487 4531 peccata
2513 4475 2628 4525 sua,
2654 4471 2773 4529 post
2801 4458 3016 4513 dorsum
3044 4474 3101 4514 se
3129 4458 3295 4528 ponit,
3313 4467 3368 4513 et
3391 4457 3616 4511 aliorum
3638 4462 3874 4525 peccata

2271 4563 2424 4608 acute
2445 4553 2705 4620 attendit,
2735 4570 2838 4608 non
2862 4568 2958 4623 per
2986 4552 3341 4623 diligentiam,
3374 4552 3466 4606 sed
3494 4567 3590 4621 per
3616 4550 3876 4605 inviden-

2272 4647 2433 4712 tiam;
2478 4662 2581 4700 nou
2623 4647 2808 4701 volens
2838 4661 3065 4713 sanare,
3109 4645 3203 4700 sed
3252 4659 3539 4699 accusare:
3574 4659 3631 4700 se
3681 4654 3874 4699 autem

2272 4738 2621 4794 obliviscitur.
2653 4739 2806 4795 Unde
2837 4739 3026 4794 talibus
3049 4738 3307 4793 Dominus
3326 4738 3453 4792 dicit
3476 4779 3491 4798 ,
3517 4736 3789 4806 Stipulam
3820 4738 3877 4789 in

2273 4835 2419 4887 oculo
2441 4833 2615 4903 fratris
2647 4834 2718 4887 tui
2737 4834 2903 4900 vides,
2928 4842 2972 4886 et
3017 4834 3203 4886 trabem
3232 4834 3283 4885 in
3312 4835 3457 4886 oculo
3485 4840 3571 4885 tuo
3598 4849 3703 4885 non
3731 4832 3878 4885 vides

2276 4924 2486 4997 (Matth.
2536 4941 2609 4980 vn
2635 4970 2649 4995 ,
2680 4926 2757 4997 5).
2788 4926 2921 4994 Quia
2951 4941 3077 4996 ergo
3105 4924 3473 4980 misericordia
3505 4933 3559 4978 et
3600 4924 3877 4992 iudicium

2273 5029 2518 5075 cantatur
2545 5020 2719 5087 nobis,
2746 5028 2799 5074 et
2831 5034 2925 5073 nos
2954 5020 3208 5073 facientes
3240 5017 3660 5073 miscricordiam
3686 5018 3881 5072 securi

2274 5125 2649 5188 exspectemus
2688 5114 2943 5184 judicium
2973 5132 2987 5168 :
3018 5124 3073 5168 et
3111 5115 3277 5168 simus
3307 5113 3357 5167 in
3395 5126 3619 5180 corpore
3650 5111 3834 5181 ipsius
3864 5154 3881 5177 ,

2277 5218 2330 5265 et
2359 5224 2454 5263 nos
2484 5218 2760 5263 cantemus
2789 5222 2871 5261 ea.
2920 5207 3111 5261 Cantat
3160 5205 3304 5261 enim
3356 5206 3457 5259 hoc
3490 5204 3741 5258 Christus
3778 5223 3795 5260 :
3834 5206 3886 5260 si

2277 5290 2449 5357 solum
2477 5310 2635 5372 caput
2662 5309 2873 5363 cantat,
2907 5315 2937 5354 a
2971 5300 3196 5354 Domino
3225 5308 3303 5353 est
3330 5298 3594 5353 canticum
3624 5296 3730 5351 hoc
3763 5340 3780 5363 ,
3811 5300 3887 5353 ad

2278 5412 2376 5451 nos
2407 5411 2512 5450 non
2540 5394 2799 5466 pertinet;
2832 5393 3077 5448 siautem
3105 5400 3244 5446 totus
3273 5386 3514 5447 Christus
3536 5432 3550 5457 ,
3572 5389 3623 5443 id
3657 5399 3747 5444 est
3781 5407 3887 5445 ea-

2276 5498 2370 5560 put
2395 5499 2448 5542 et
2476 5501 2669 5558 corpus
2695 5487 2811 5556 eius
2837 5528 2851 5551 ,
2878 5498 2994 5543 esto
3021 5488 3075 5543 in
3092 5486 3348 5542 membris
3372 5485 3489 5555 eius
3507 5526 3522 5549 ,
3544 5482 3777 5538 adhere
3804 5484 3889 5538 illi

2280 5596 2376 5652 per
2403 5579 2583 5644 ﬁdem,
2607 5589 2661 5634 et
2686 5594 2780 5648 per
2806 5595 2954 5650 spem
2973 5622 2988 5645 ,
3021 5590 3074 5634 et
3103 5594 3200 5649 per
3226 5576 3575 5641 eharitatem;
3609 5584 3663 5630 et
3685 5574 3743 5628 in
3781 5573 3889 5629 illo

2280 5683 2462 5730 cantas
2483 5714 2498 5741 ,
2521 5674 2575 5728 in
2603 5673 2697 5728 illo
2724 5675 2961 5729 exsultas
2990 5674 3006 5704 ί
3038 5690 3050 5727 :
3083 5673 3204 5743 quia
3226 5681 3279 5727 et
3306 5671 3421 5740 ipse
3452 5670 3506 5728 in
3528 5678 3581 5726 te
3613 5668 3841 5725 laborat
3866 5710 3887 5741 ,

2352 5840 2367 5872 ¹
2394 5839 2467 5890 sic
2489 5838 2716 5904 plerique
2732 5845 2840 5890 Mss.
2865 5842 2922 5889 At
2936 5832 3073 5897 Edd.,
3090 5837 3248 5894 canta,
3266 5832 3316 5886 in
3336 5830 3422 5905 illo
3440 5827 3649 5907 exculta.
