4056 6478
231 383 392 461 ms

237 509 379 570 inte
400 505 553 571 sitit,
586 501 640 558 in
673 506 726 558 te
751 494 922 558 esurit
947 501 1003 552 et
1029 490 1336 550 tribulatur.
1365 487 1458 550 Ille
1484 489 1536 556 in
1580 496 1634 544 te
1661 485 1839 564 adhuc

240 601 510 663 moritur,
540 605 596 662 et
639 603 695 662 tu
736 592 789 650 in
819 591 910 658 illo
955 588 1066 660 jam
1095 581 1456 654 resurrexisti.
1490 579 1623 648 Nam
1653 579 1696 634 si
1729 591 1836 658 non

241 694 302 754 in
326 701 378 750 te
399 696 704 752 moreretur
723 727 738 752 ,
765 682 933 740 nollet
967 681 1022 736 in
1047 688 1099 745 te
1118 677 1218 740 sibi
1242 676 1386 748 parci
1405 689 1437 729 a
1468 679 1837 742 persecutore,

243 801 370 844 eum
401 782 612 840 diceret
638 795 652 833 :
686 776 878 845 Saule,
906 771 1096 846 Saule,
1128 767 1248 844 quid
1273 783 1351 836 me
1376 762 1683 836 persequeris
1701 759 1837 835 (Act.

248 895 304 938 ιι
324 920 339 945 ,
371 875 474 950 4)?
499 875 669 945 Ergo,
693 869 884 935 fratres
909 863 1049 932 mei,
1080 860 1323 924 Christus
1347 865 1558 924 cantat;
1590 853 1682 910 sed
1709 867 1843 935 quo—

245 945 456 1036 modo,
510 965 718 1024 nostis:
757 958 1030 1024 Christum
1083 953 1302 1012 assidue
1353 945 1840 1012 commendavimus

248 1064 441 1128 vobis;
473 1070 530 1116 et
551 1057 662 1116 scio
709 1055 830 1126 quia
884 1050 1036 1110 rudia
1062 1047 1213 1104 vobis
1251 1059 1359 1102 non
1408 1051 1552 1106 sunt.
1581 1037 1840 1110 Dominus

247 1157 500 1212 Christus
527 1151 761 1219 Verbum
795 1147 888 1203 Dei
919 1153 1036 1212 est,
1073 1157 1167 1215 per
1194 1137 1337 1212 quod
1389 1135 1525 1192 facta
1574 1139 1698 1189 sunt
1721 1145 1840 1186 om-

247 1253 357 1306 nia.
387 1249 507 1303 Hoc
529 1244 764 1302 Verbum
789 1250 849 1297 ut
875 1238 1164 1296 redimeret
1191 1248 1290 1290 nos
1310 1273 1326 1300 ,
1357 1222 1484 1288 caro
1505 1227 1702 1284 factum
1734 1232 1837 1299 est,

247 1355 299 1400 et
354 1340 616 1396 habitavit
657 1338 711 1393 in
763 1332 917 1390 nobis
951 1329 1130 1403 (Joan.
1160 1343 1210 1393 t,
1266 1326 1330 1390 5,
1372 1322 1462 1394 14)
1497 1338 1510 1376 :
1564 1319 1734 1376 factus
1759 1323 1842 1376 est

249 1436 417 1490 homo
445 1434 587 1488 Deus
610 1444 770 1499 super
797 1425 1006 1490 omnia,
1059 1420 1231 1477 Filius
1261 1417 1357 1472 Dei
1402 1413 1622 1485 aequalis
1646 1411 1790 1468 Patri
1823 1424 1839 1476 ;

249 1526 318 1582 ad
349 1525 460 1580 hoc
493 1525 655 1579 homo
684 1521 854 1576 factus
898 1523 1015 1580 est,
1065 1522 1124 1570 ut
1179 1511 1321 1566 Deus
1370 1507 1530 1574 homo
1578 1501 1843 1560 mediator

249 1631 395 1678 esset
421 1620 563 1676 inter
585 1615 830 1673 homines
857 1620 912 1668 et
939 1611 1105 1670 Deum
1128 1647 1143 1672 ,
1176 1614 1231 1662 et
1256 1600 1634 1664 reconciliaret
1683 1596 1842 1666 longe

251 1714 456 1785 positos
476 1753 490 1777 ,
516 1708 934 1779 etconjungeret
960 1707 1236 1774 separatos
1261 1737 1277 1764 ,
1305 1704 1362 1752 et
1406 1696 1686 1748 revocaret
1709 1687 1842 1742 alie-

250 1782 443 1870 natos,
475 1811 532 1858 et
580 1799 862 1856 reduceret
908 1791 1260 1867 peregrinos;
1292 1787 1359 1856 ad
1390 1787 1493 1841 hoc
1537 1782 1708 1838 factus
1760 1785 1844 1834 est

257 1897 440 1953 homo.
467 1893 665 1952 Factus
689 1899 772 1947 est
797 1903 927 1959 ergo
956 1892 1116 1955 caput
1139 1879 1394 1938 Ecclesia:
1417 1917 1432 1943 ,
1463 1874 1620 1932 habet
1637 1880 1692 1927 et
1718 1885 1841 1926 eor-

252 2003 354 2060 pus
369 1996 426 2044 et
444 1984 705 2043 membra.
730 1982 922 2050 Quaere
945 1975 1186 2042 membra
1208 1971 1373 2042 ipsius
1392 2009 1408 2038 ,
1437 1966 1595 2024 modo
1624 1969 1845 2035 gemunt

254 2097 355 2153 per
379 2080 686 2136 universum
717 2073 900 2130 orbem
929 2079 1190 2132 terrarum
1222 2082 1236 2120 :
1269 2072 1394 2118 tunc
1442 2058 1762 2122 lmtabuntur
1787 2053 1842 2108 in

257 2148 370 2231 line
392 2215 409 2239 ,
441 2174 496 2228 in
524 2184 717 2227 corona
742 2163 962 2238 justitite
980 2203 996 2230 ,
1029 2161 1095 2218 de
1115 2173 1217 2230 qua
1244 2156 1374 2212 dicit
1404 2151 1628 2216 Paulus,
1677 2148 1844 2216 Quam

252 2268 432 2324 reddet
455 2267 579 2320 mihi
605 2261 856 2318 Dominus
882 2259 937 2315 in
973 2255 1065 2312 illo
1087 2253 1169 2310 die
1196 2252 1359 2320 iustus
1378 2246 1564 2319 judex.
1588 2242 1656 2298 Et
1681 2239 1840 2296 modo

253 2377 382 2432 ergo
403 2369 681 2416 cantemus
706 2354 762 2409 in
782 2367 900 2422 spe,
918 2360 1106 2404 omnes
1126 2345 1181 2400 in
1220 2356 1385 2397 unum
1433 2334 1660 2394 collecti.
1691 2332 1845 2388 Chri-

255 2429 400 2510 stum
424 2451 570 2508 enim
597 2446 764 2504 induti
789 2443 1033 2500 Christus
1053 2451 1236 2494 sumus
1255 2448 1379 2504 cum
1409 2429 1584 2501 capite
1612 2434 1796 2482 nostro
1822 2441 1839 2494 ;

255 2549 378 2621 quia
410 2546 595 2615 utique
614 2539 842 2597 Abrahae
871 2549 1057 2594 semen
1078 2543 1283 2587 sumus.
1314 2523 1608 2595 Apostolus
1629 2520 1730 2576 hoc
1758 2517 1842 2573 di-

254 2609 343 2695 cit.
368 2609 644 2708 Quia-dixi
669 2674 684 2697 ,
714 2630 957 2688 Christus
985 2637 1191 2682 sumus.
1221 2615 1507 2689 Apostolus
1553 2613 1666 2679 ait,
1706 2609 1844 2679 Ergo

256 2733 475 2789 Abrahae
499 2745 666 2785 semen
696 2724 812 2780 estis
831 2763 848 2790 ,
892 2716 1169 2776 secundum
1193 2707 1574 2784 promissionem
1599 2700 1841 2758 Itwredes.

255 2825 489 2883 Abrahze
515 2835 702 2877 semen
730 2815 861 2873 estis
891 2830 904 2867 :
935 2809 1241 2872 videamus,
1295 2801 1342 2857 si
1387 2812 1573 2866 semen
1615 2791 1846 2852 Abrahae

254 3021 469 3084 gentes.
491 3007 608 3062 Non
634 3002 764 3060 dicit
780 3040 795 3067 ,
828 2999 884 3054 In
912 2991 1208 3054 seminibus
1227 3028 1243 3056 ,
1268 2995 1520 3057 tanquam
1544 2981 1598 3035 in
1623 2975 1843 3043 multis;

255 3068 350 3162 an
384 3113 634 3174 tanquam
664 3098 718 3152 in
747 3108 853 3150 uno
872 3133 888 3160 ,
914 3091 985 3148 Et
1007 3084 1199 3145 semini
1231 3091 1321 3137 tuo
1340 3121 1356 3147 ,
1379 3075 1524 3150 quod
1572 3082 1656 3130 est
1689 3068 1846 3127 Chri-

257 3208 376 3255 stus
408 3166 604 3272 (Galat.
629 3207 721 3259 ιιι,
747 3189 817 3246 29
840 3228 854 3253 ,
881 3188 946 3253 8,
972 3184 1084 3253 i6).
1122 3199 1140 3272 ι
1173 3178 1238 3236 Ει
1277 3173 1429 3272 nobis
1453 3170 1666 3272 dicitzu
1688 3166 1847 3268 .Ergo

258 3257 445 3346 semen
476 3257 712 3341 Abrahae
733 3279 895 3336 estis.
919 3294 939 3329 ι
971 3269 1308 3332 Manifestum
1342 3263 1464 3335 quia
1489 3260 1556 3318 ad
1576 3257 1846 3338 Christum

256 3385 626 3457 pertinemus;
671 3383 725 3430 et
748 3372 869 3444 quia
892 3365 1134 3424 membra
1157 3361 1274 3432 ejus
1311 3365 1368 3414 et
1391 3367 1591 3426 corpus
1611 3351 1726 3422 ejus
1752 3364 1846 3405 su-

257 3440 380 3530 inus
404 3515 419 3538 ,
450 3485 574 3526 cum
601 3466 773 3536 capite
797 3469 984 3518 nostro
1010 3470 1146 3513 unus
1200 3452 1360 3508 homo
1390 3459 1597 3504 sumus.
1645 3440 1843 3498 Cante-

260 3579 382 3620 tnus
406 3531 568 3632 ergo,
601 3531 1006 3613 Misericordiam
1052 3555 1098 3603 et
1148 3540 1406 3616 judicium
1458 3534 1669 3592 cantabo
1717 3531 1844 3600 tibi,

258 3656 496 3713 Domine.

329 3753 387 3806 4.
423 3745 577 3822 [vers.
605 3741 687 3817 2.]
716 3738 979 3803 Psallam,
1011 3740 1060 3790 et
1102 3727 1382 3800 intelligam
1408 3724 1464 3779 in
1494 3721 1578 3776 via
1602 3719 1849 3774 immacup

264 3845 369 3901 lata
390 3885 404 3910 ,
426 3812 642 3915 ouantia
677 3812 844 3891 uenies
867 3831 934 3896 ad
971 3843 1070 3886 me.
1095 3824 1207 3892 Nisi
1237 3823 1290 3878 in
1334 3819 1421 3874 via
1468 3812 1806 3872 immaculata
1829 3850 1845 3882 ,

249 3951 370 3992 'non
410 3902 565 4006 potes
610 3929 875 4002 psallere,
922 3936 1023 3980 nec
1068 3916 1387 3986 intelligere.
1451 3907 1510 3967 Si
1561 3907 1644 3963 vis
1692 3902 1848 3960 intel-

263 4002 462 4102 ligere,
513 4027 569 4082 in
610 4024 692 4079 via
741 4015 1079 4090 immaculata
1126 4007 1328 4080 psalle,
1357 4002 1412 4077 id
1458 4009 1575 4068 est,
1625 4009 1850 4069 operare

265 4084 330 4178 in:
350 4118 620 4175 hilaritate
640 4115 751 4169 Deo
771 4084 893 4166 tuo.
911 4107 1042 4173 Quae
1065 4109 1150 4158 est
1176 4098 1260 4155 via
1310 4088 1684 4150 immaculata?
1710 4084 1851 4142 Audi

252 4211 575 4283 sequentia:
607 4199 1004 4260 Deambulabant
1037 4194 1090 4249 in
1121 4185 1408 4260 innocentia
1441 4181 1604 4238 cordis
1633 4178 1760 4246 mei,
1796 4176 1852 4231 in

265 4268 428 4360 medio
456 4302 635 4356 domus
655 4310 796 4352 mete.
827 4291 954 4348 Haec
977 4288 1059 4354 via
1087 4278 1426 4350 immaculata
1457 4274 1522 4336 ab
1547 4268 1850 4328 innocentia

268 4398 466 4467 cepit,
507 4393 560 4448 in
587 4392 699 4461 ipsa
725 4387 885 4444 etiam
931 4376 1258 4453 pervenitur.
1284 4368 1420 4440 Quid
1460 4365 1656 4436 quaeris
1684 4360 1849 4418 multa

271 4451 479 4546 verbai
505 4451 767 4540 innocens
785 4485 902 4535 esto
921 4451 950 4542 ,i
993 4480 1047 4528 et
1090 4463 1360 4540 perfecisti
1408 4457 1690 4532 justitiam.
1745 4451 1851 4509 Sed

274 4674 434 4732 homo
455 4713 470 4737 ,
501 4677 760 4742 quantum
787 4667 840 4720 in
868 4664 984 4734 ipso
1011 4665 1128 4723 est;
1153 4659 1244 4708 aut
1282 4645 1524 4705 faciendo
1552 4643 1808 4714 miserum
1833 4679 1851 4708 ,

257 4778 365 4823 aut
385 4760 691 4821 deserendo
718 4731 973 4813 miserum
1003 4769 1017 4806 :
1047 4747 1170 4818 quia
1195 4755 1248 4810 et
1277 4753 1334 4798 tu
1380 4754 1487 4794 non
1536 4736 1617 4791 vis
1656 4732 1724 4788 ab
1751 4731 1855 4787 alio

275 4863 384 4918 ﬁeri
415 4859 584 4915 miser
606 4898 622 4923 ,
650 4862 704 4910 et
730 4866 837 4906 non
859 4849 938 4904 vis
957 4842 1130 4901 deseri
1151 4840 1218 4900 ab
1241 4836 1348 4902 alio
1365 4874 1381 4901 ,
1403 4833 1448 4890 si
1476 4830 1639 4886 miser
1662 4827 1852 4882 fueris.

275 4955 401 5024 Quis
425 4959 510 5008 est
539 4949 632 5020 qui
683 4945 810 5001 facit
834 4937 1104 4998 miseros?
1130 4932 1232 5000 Qui
1280 4928 1441 4999 infert
1472 4921 1753 4980 violentias
1772 4916 1857 4974 vel

276 5012 519 5110 ihsidias,
549 5012 688 5111 rapit
720 5052 809 5094 res
847 5034 1069 5097 alienas,
1098 5021 1350 5096 opprimit
1379 5029 1642 5111 pauperes
1667 5053 1680 5078 ,
1713 5012 1856 5066 fura-

277 5147 359 5194 tur
379 5180 395 5205 ,
421 5103 669 5205 conjugia
693 5129 869 5185 aliena
893 5122 1176 5186 sollicitat,
1199 5110 1559 5176 calumniosns
1588 5114 1669 5161 est
1693 5146 1708 5171 ,
1747 5103 1862 5158 vult

273 5195 476 5286 inferre
495 5195 806 5286 hominibus
829 5232 935 5289 quo
959 5215 1205 5290 doleant,
1241 5205 1418 5270 studio
1447 5195 1858 5270 malevolentia.

279 5325 407 5394 Quis
436 5330 522 5377 est
550 5318 640 5390 qui
661 5305 1133 5371 deseritmiseros?
1160 5302 1260 5368 Qui
1283 5298 1428 5353 videt
1452 5295 1665 5363 inopem
1687 5291 1863 5358 aliquo

253 5385 486 5488 auxilio
513 5385 758 5488 egentem
779 5446 796 5472 ,
818 5411 873 5488 et
915 5415 1035 5455 cum
1081 5395 1274 5451 habeat
1309 5385 1576 5460 quomodo
1607 5387 1861 5454 praestet,

280 5483 609 5567 contemnit,
642 5473 906 5568 despicit,
935 5483 1128 5547 alienat
1153 5501 1245 5543 cor
1272 5498 1448 5538 suum.
1478 5475 1630 5556 Quod
1677 5473 1720 5528 si
1755 5471 1864 5542 jam

286 5599 507 5657 omnino
541 5595 664 5650 talis
687 5598 867 5654 esset,
917 5593 976 5640 ut
1003 5599 1108 5638 non
1139 5593 1274 5650 opus
1318 5574 1540 5630 haberet
1568 5567 1740 5638 aliqua
1768 5561 1867 5618 mi-

285 5689 618 5755 sericordia;
650 5677 910 5755 superbus
937 5683 1079 5733 esset
1101 5714 1115 5736 .
1156 5669 1200 5726 si
1254 5669 1528 5726 desereret
1565 5659 1865 5716 miserum:

1439 362 1841 436 ENARRATIO
1876 355 1948 423 IN
1983 355 2306 426 PSALMUM
2345 357 2409 420 C.

3391 353 3532 424 1286

1949 485 2272 538 miserorum
2295 497 2310 547 ;
2333 493 2438 535 non
2459 483 2541 536 est
2559 475 2834 532 innocens.
2851 473 2960 531 Sed
2985 473 3103 545 quis
3128 480 3212 530 est
3228 473 3534 530 innocens?

1949 575 2050 646 Qui
2077 590 2199 630 cum
2229 574 2318 630 alii
2344 587 2449 628 non
2479 580 2664 638 nocet,
2717 585 2816 626 nec
2846 569 2944 623 sibi
2973 577 3149 622 nocet.
3177 566 3278 634 Qui
3306 567 3447 620 enim
3475 574 3530 621 et

1949 670 2047 739 sibi
2078 677 2265 733 nocet,
2297 683 2405 724 non
2429 675 2510 723 est
2539 665 2816 734 innocens.
2849 663 2937 718 Ait
2965 659 3157 732 aliquis
3188 679 3200 714 :
3252 660 3390 714 Ecce
3421 674 3528 712 non

1951 761 2044 830 tuli
2075 759 2267 825 alicui,
2300 772 2397 822 nec
2429 757 2594 834 pressi
2627 756 2859 828 aliquem
2887 771 2900 807 :
2931 753 2998 808 de
3024 767 3084 807 re
3114 766 3232 807 mea
3255 793 3268 819 ,
3297 750 3534 820 dejusto

1950 853 2131 924 labore
2153 865 2275 907 meo
2304 850 2443 914 bene
2472 847 2600 912 mihi
2631 846 2818 902 faciam
2839 889 2854 913 ,
2886 843 3186 902 convivium
3215 851 3528 915 apparatum

1950 931 2149 1000 habere
2172 943 2296 998 volo
2317 984 2332 1008 ,
2364 956 2584 1011 erogare
2613 940 2735 994 volo
2758 946 3012 1010 quantum
3042 951 3130 992 me
3155 916 3419 1001 delectat,
3446 933 3528 988 bi«

1947 1035 2076 1126 bere
2104 1050 2224 1090 cum
2257 1033 2447 1105 quibus
2471 1031 2595 1086 volo
2635 1040 2889 1101 quantum
2918 1045 3000 1084 me
3023 1028 3291 1094 delectat;
3322 1027 3405 1082 cui
3436 1026 3531 1081 aii-

1948 1119 2072 1201 quid
2102 1128 2235 1183 tuli?
2264 1143 2420 1198 quem
2450 1125 2658 1197 pressi?
2689 1125 2809 1195 quis
2833 1124 2900 1178 de
2924 1139 3009 1178 me
3033 1131 3253 1193 questus
3289 1120 3416 1176 est?
3442 1119 3530 1174 ln-

1949 1237 2149 1280 nocens
2181 1220 2408 1276 videtur.
2439 1218 2543 1275 Sed
2583 1217 2628 1272 si
2679 1217 2913 1288 seipsum
2963 1214 3286 1285 corrumpit,
3319 1213 3363 1268 si
3397 1221 3528 1267 tem-

1950 1314 2096 1387 plum
2127 1312 2222 1368 Dei
2252 1311 2304 1380 in
2347 1325 2405 1366 se
2454 1310 2677 1378 evertit,
2710 1307 2833 1386 quid
2859 1315 3172 1378 exspectas,
3201 1313 3259 1360 ut
3305 1304 3358 1359 in
3399 1302 3533 1358 alios

1949 1403 2106 1460 faciat
2135 1401 2554 1458 misericordiam
2576 1442 2589 1468 ,
2616 1409 2668 1456 et
2717 1407 2901 1472 parcat
2930 1397 3178 1452 miseris?
3207 1396 3307 1466 Qui
3337 1395 3391 1450 in
3441 1411 3530 1450 se-

1949 1482 2122 1568 ipsum
2143 1495 2373 1550 crudelis
2394 1503 2506 1560 est,
2537 1507 2657 1550 esse
2701 1493 2754 1546 in
2779 1491 2942 1546 alium
2990 1490 3296 1545 misericors
3319 1487 3532 1558 potest?

1950 1585 2080 1642 Tota
2112 1602 2238 1657 ergo
2254 1585 2457 1657 justitia
2484 1583 2551 1640 ad
2573 1599 2733 1638 unum
2777 1582 2999 1652 verbum
3030 1579 3348 1636 innocentia:
3394 1577 3533 1634 redi-

1950 1678 2110 1750 gitur.
2144 1679 2242 1744 Qui
2264 1688 2429 1731 autem
2451 1676 2619 1747 diligit
2637 1675 2978 1746 iniquitatem,
3009 1673 3114 1728 odit
3137 1673 3359 1726 animam
3388 1685 3534 1725 suam

1950 1769 2121 1842 (Psal.
2151 1786 2220 1837 χ,
2251 1767 2330 1842 6).
2359 1767 2581 1836 Quando
2629 1767 2841 1822 amabat
2887 1765 3221 1836 iniquitatem
3241 1804 3257 1829 ,
3310 1763 3532 1834 putabat

1948 1863 2092 1935 quod
2144 1862 2263 1919 aliis
2291 1861 2539 1917 nocebat.
2586 1859 2694 1916 Sed
2722 1858 2845 1914 vide
2875 1859 2919 1914 si
2960 1857 3081 1912 aliis
3122 1854 3393 1912 nocebat:
3435 1851 3534 1922 Qui

1953 1956 2151 2027 diligit,
2196 1953 2394 2025 inquit,
2427 1952 2780 2024 iniquitatem,
2816 1951 2920 2005 odit
2959 1951 3181 2005 animam
3226 1964 3390 2003 suam.
3422 1945 3534 2003 Sibi

1950 2063 2078 2118 ergo
2104 2048 2254 2119 prius
2303 2053 2462 2102 nocet
2490 2046 2581 2116 qui
2606 2045 2720 2098 vult
2744 2043 2862 2097 aliis
2891 2057 3087 2098 nocere
3113 2058 3126 2108 ;
3155 2055 3254 2095 nec
3277 2037 3535 2095 deambu-

1950 2142 2056 2208 lat,
2084 2141 2207 2212 quia
2230 2155 2335 2194 non
2367 2146 2449 2206 est
2471 2137 2580 2193 ubi.
2629 2136 2916 2208 Angustias
2940 2135 3080 2189 enim
3135 2133 3332 2204 patitur
3362 2130 3535 2185 omnis

1948 2234 2150 2291 malitia
2179 2251 2194 2289 :
2219 2232 2331 2288 sola
2359 2230 2661 2288 innocentia
2684 2229 2788 2284 lata
2818 2236 2937 2294 est,
2973 2227 3060 2281 ubi
3091 2224 3463 2280 deambulatur
3493 2223 3533 2276 ί.

1949 2325 2355 2381 Deambulabam
2377 2324 2431 2378 in
2449 2321 2736 2376 innocentia
2760 2319 2926 2375 cordis
2955 2318 3083 2385 mei,
3107 2317 3159 2371 in
3176 2317 3339 2371 medio
3356 2314 3536 2368 domus

1949 2433 2095 2474 mete.
2127 2416 2355 2472 Medium
2386 2416 2576 2470 domus
2600 2429 2742 2479 suae,
2795 2421 2887 2467 aut
2923 2411 3093 2481 ipsam
3125 2406 3422 2464 Ecclesium
3455 2405 3536 2459 di-

1951 2512 2058 2580 cit;
2087 2511 2329 2576 Christus
2356 2507 2500 2564 enim
2551 2507 2604 2561 in
2637 2522 2699 2561 ea
2730 2503 3072 2559 deambulat:
3107 2509 3196 2554 aut
3218 2515 3311 2555 cor
3332 2513 3486 2554 suum
3517 2511 3534 2562 ;

1947 2603 2140 2660 domus
2168 2602 2309 2658 enim
2337 2606 2518 2654 nostra
2547 2597 2789 2662 interior,
2819 2610 2912 2650 cor
2932 2602 3170 2648 nostrum
3200 2600 3282 2646 est
3310 2607 3322 2643 :
3357 2597 3413 2643 ut
3436 2587 3538 2642 hoc

1944 2693 2260 2767 exposuerit
2285 2691 2427 2764 quod
2459 2689 2704 2760 superius
2732 2687 2898 2750 dixit,
2938 2684 3005 2740 In
3045 2682 3328 2737 innocentia
3370 2679 3537 2733 cordis

1950 2790 2068 2854 mei.
2095 2790 2226 2858 Quae
2266 2795 2349 2842 est
2377 2782 2680 2840 innocentia
2710 2779 2886 2834 cordis
2925 2777 3044 2834 sui?
3075 2775 3303 2830 Medium
3344 2772 3537 2826 domus

1951 2896 2080 2948 sum.
2109 2879 2256 2935 Hanc
2280 2877 2498 2933 domum
2529 2873 2767 2946 quisquis
2787 2867 2951 2924 habet
2971 2868 3162 2923 malam
3185 2907 3198 2932 ,
3230 2864 3444 2935 pellitur
3470 2861 3538 2926 ab

1951 2975 2041 3044 illa
2084 2972 2247 3030 foras.
2277 2970 2527 3042 Quisquis
2572 2967 2715 3023 enim
2770 2966 2824 3036 in
2876 2961 3039 3019 corde
3086 2960 3346 3032 premitur
3399 2955 3538 3012 mala

1951 3065 2311 3136 conscientia,
2341 3060 2609 3134 quomodo
2636 3058 2859 3131 quisque
2908 3056 2975 3110 ab
3019 3049 3293 3130 stillicidio
3318 3051 3428 3106 exit
3470 3049 3539 3106 de

1951 3157 2112 3238 domo
2141 3173 2233 3213 sua
2255 3198 2269 3223 ,
2297 3163 2386 3210 aut
2413 3171 2442 3209 a
2473 3151 2620 3207 fumo
2644 3192 2658 3217 ,
2696 3165 2802 3204 non
2830 3147 2902 3203 ibi
2931 3162 2987 3201 se
3010 3144 3206 3216 patitur
3247 3141 3489 3198 habitare
3521 3156 3536 3196 :

1953 3253 2030 3326 sic
2050 3236 2140 3322 qui
2171 3265 2275 3304 non
2307 3248 2465 3302 habet
2490 3245 2724 3316 quietum
2748 3257 2841 3297 cor
2862 3281 2876 3305 ,
2902 3238 3141 3293 habitare
3163 3237 3216 3292 in
3244 3233 3405 3290 corde
3441 3247 3539 3289 suo

1953 3346 2182 3402 libenter
2210 3358 2314 3398 non
2340 3347 2532 3414 potest.
2569 3336 2725 3391 Tales
2755 3333 2897 3388 foras
2924 3339 3117 3385 exeunt
3145 3343 3175 3382 a
3205 3327 3399 3398 seipsis
3424 3324 3538 3379 ani-

1945 3419 2028 3494 vmi
2054 3411 2386 3498 intentione,
2418 3431 2562 3500 etde
2585 3426 2668 3500 his
2691 3441 2809 3497 quae
2841 3421 2970 3479 foris
2995 3429 3120 3494 sunt
3159 3420 3298 3474 circa
3343 3411 3538 3486 corpus

1953 3531 2318 3594 delectantur;
2349 3525 2580 3598 quietem
2609 3522 2663 3576 in
2691 3519 2844 3589 nugis
2866 3560 2880 3585 ,
2908 3515 2962 3570 in
2984 3513 3307 3586 Spectaculis
3327 3554 3341 3578 ,
3371 3511 3422 3566 in
3456 3512 3540 3565 lu-

1955 3624 2158 3694 xuriis,
2188 3623 2239 3678 in
2263 3620 2512 3678 omnibus
2547 3615 2705 3670 malis
2731 3617 3000 3685 quaerunt.
3049 3593 3231 3675 Quare
3265 3604 3393 3659 foris
3441 3603 3539 3658 sibi

1952 3719 2142 3775 volunt
2187 3729 2306 3771 esse
2349 3709 2528 3767 bene?
2567 3707 2701 3774 Quia
2746 3719 2850 3758 non
2899 3709 2981 3757 est
3029 3699 3134 3754 illis
3179 3698 3319 3750 intus
3363 3695 3538 3762 bene,

1953 3810 2094 3868 unde
2135 3805 2399 3880 gaudeant
2450 3802 2506 3858 in
2553 3796 2895 3856 conscientia.
2952 3791 3075 3849 Ideo
3125 3789 3376 3844 Dominus
3421 3803 3540 3843 cum

1953 3911 2195 3975 sanasset
2239 3898 2623 3972 paralyticum,
2681 3894 2752 3949 ait
2798 3910 2811 3945 :
2856 3889 3004 3944 Tolle
3050 3885 3314 3959 grabatum
3361 3892 3542 3952 tuum,

1953 4011 2001 4058 et
2039 3999 2164 4056 uade
2215 3997 2268 4052 in
2324 3995 2531 4048 domum
2580 4001 2722 4060 tuam
2780 3985 3010 4058 (Matth.
3073 3998 3159 4049 ιιι,
3213 3978 3309 4051 6).
3364 3977 3546 4033 Faciat

1954 4091 2084 4149 illud
2133 4089 2308 4145 anima
2351 4101 2469 4158 qua:
2517 4080 2668 4154 quasi
2719 4077 2947 4151 paralysi
2993 4073 3247 4130 dissoluta
3299 4078 3382 4126 est
3427 4087 3440 4122 :
3493 4069 3542 4122 in

1956 4183 2211 4242 membris
2255 4182 2409 4236 bona:
2460 4172 2785 4248 operationis
2835 4167 3264 4237 constringatur,
3312 4171 3369 4217 ut
3410 4161 3546 4216 bene

1955 4285 2228 4350 Operetur,
2257 4273 2408 4328 tollat
2433 4268 2706 4340 grabatum
2734 4277 2888 4319 suum
2913 4302 2928 4328 ,
2952 4266 3102 4329 regat
3129 4270 3320 4325 corpus
3347 4266 3539 4319 suum;

1951 4372 2062 4444 jam
2114 4342 2216 4428 eat
2252 4367 2306 4422 in
2357 4362 2572 4418 domum
2617 4371 2805 4421 suam,
2860 4353 3020 4406 intret
3069 4349 3121 4404 in
3164 4342 3556 4402 conscientiam

1956 4433 2107 4522 suam
2135 4479 2149 4516 :
2167 4459 2276 4530 jam
2302 4455 2464 4512 latam
2489 4449 2744 4514 inveniet,
2774 4445 2862 4502 ubi
2889 4440 3209 4506 deambulet,
3239 4446 3293 4494 et
3321 4433 3544 4507 psallat,

1955 4567 2012 4615 et
2033 4554 2308 4624 intelligat.

2029 4651 2084 4707 5.
2116 4649 2265 4724 [uera
2289 4646 2358 4710 5,
2380 4639 2460 4716 4.]
2494 4638 2616 4700 Non
2669 4629 3009 4712 proponebant
3043 4635 3159 4681 ante
3198 4624 3369 4679 oculos
3409 4636 3546 4678 meos

1958 4759 2066 4800 rent
2099 4711 2311 4797 malum.
2342 4711 2481 4802 Quid
2507 4739 2624 4795 est,
2667 4725 2790 4782 Non
2836 4719 3173 4795 proponebant
3215 4725 3331 4768 ante
3375 4711 3548 4768 oculos

1960 4853 2097 4893 meos
2138 4849 2245 4889 rem
2267 4826 2497 4886 malam?
2522 4823 2638 4879 Non
2683 4817 2989 4888 diligebam.
3023 4811 3170 4868 Solet
3214 4807 3356 4864 enim
3399 4806 3544 4869 dici,

1963 4929 2105 5004 quod
2137 4927 2306 4982 nostis
2326 4965 2340 4990 ,
2368 4919 2437 4976 de
2458 4916 2674 4972 homine
2699 4911 2789 4986 qui
2818 4909 2885 4964 ab
2910 4907 3089 4978 aliquo
3119 4901 3383 4972 diligitur,
3405 4898 3542 4950 Ante

1963 4987 2149 5082 oculos
2174 4987 2548 5074 illumvhabet:
2580 5016 2634 5063 et
2656 5005 2745 5060 ille
2769 5000 2861 5073 qui
2891 4994 3280 5057 contemnitur,
3312 4990 3387 5044 sic
3415 4987 3550 5041 solet

1965 5117 2151 5191 queri,
2179 5112 2297 5168 Non
2321 5123 2408 5166 me
2437 5105 2598 5160 habet
2623 5110 2743 5154 ante
2763 5095 2964 5153 oculos.
2993 5079 3127 5158 Quid
3155 5100 3281 5156 ergo
3305 5089 3407 5154 est,
3428 5089 3550 5133 ante

1967 5173 2150 5272 oculos
2168 5205 2404 5265 habere?
2436 5201 2679 5270 Diligere.
2707 5191 2842 5268 Quid
2863 5197 2972 5255 est,
3003 5201 3106 5242 non
3137 5177 3389 5250 diligere?
3434 5173 3548 5228 Non

1969 5310 2041 5366 ibi
2062 5305 2224 5363 corde
2264 5299 2525 5357 habitare.
2568 5291 2708 5346 Dixit
2731 5301 2860 5356 ergo
2879 5325 2894 5350 ,
2920 5280 3042 5335 Non
3065 5271 3404 5349 proponebant
3430 5275 3547 5321 ante

1951 5402 2142 5459 oculos
2175 5411 2312 5452 meos
2337 5407 2444 5447 rem
2467 5387 2655 5450 malam
2678 5399 2696 5435 :
2724 5394 2829 5434 non
2857 5372 3137 5446 diligebam
3169 5382 3284 5424 rem
3329 5362 3548 5420 malam.

1972 5454 2041 5552 iit
2060 5454 2278 5562 exponit
2304 5486 2474 5557 ipsam
2493 5493 2608 5544 rem
2631 5473 2861 5532 malam:
2891 5464 3157 5536 Facientes
3179 5454 3555 5534 pravaricatio-

2039 5721 2057 5754 ι
2082 5724 2149 5769 tta
2169 5722 2275 5766 Mss.
2292 5711 2405 5762 add.
2423 5719 2561 5764 vero,
2573 5701 2690 5769 quia
2701 5709 2798 5751 non
2821 5699 2890 5769 est
2902 5691 2985 5769 ubi
2994 5688 3242 5769 angustias
3245 5699 3342 5769 non
3339 5681 3558 5769 pagg:

297 5786 475 5843 adhuc
501 5784 557 5840 in
580 5751 920 5838 tribulatione
943 5768 1120 5828 carnis
1142 5765 1463 5834 constitutus
1488 5763 1600 5824 est,
1625 5749 1872 5820 nesciens
1947 5797 1950 5800 .
2965 5744 3083 5809 jam"
3099 5755 3187 5807 εει,
3219 5745 3307 5806 συί
3332 5744 3558 5804 deum

299 5817 475 5843 uultus;
504 5817 557 5840 III
581 5817 920 5838 ιιινυηυιιινυν
945 5817 1117 5828 Vw"---
1149 5817 1363 5822 -_-__,,,,
1585 5817 1597 5824 '
1815 5817 1818 5820 .

298 5879 419 5955 quid
445 5872 742 5948 sibi'possit
769 5885 888 5928 cras
910 5863 1190 5948 accidere,
1239 5867 1295 5936 et
1343 5854 1570 5944 despicit
1608 5850 1874 5920 lacrymas
1976 5817 2125 5898 ῖῖινῖ
2148 5817 2299 5833 mm
2324 5817 2620 5868 "WW7"
2677 5817 2683 5818 7
2847 5819 2850 5822 ’
2923 5819 2928 5824 ’
3041 5823 3054 5906 ’ἢ
3229 5817 3264 5832 ³·
3321 5823 3342 5830 ’ν
