4058 6480
531 384 671 446 1287

532 500 647 559 nem
677 504 695 534 π
720 501 837 556 odio
870 500 1043 556 habui.
1071 497 1360 566 lntendite,
1408 494 1599 552 fratres
1626 497 1752 553 mei.
1777 495 1833 551 Si
1864 496 2121 554 deambu-

531 598 650 654 latis
671 614 790 654 cum
818 596 1031 653 Christo
1060 598 1115 652 in
1143 594 1319 651 medio
1339 593 1529 649 domus
1558 591 1676 663 ejus
1698 632 1714 659 ,
1746 590 1799 646 id
1822 600 1939 657 est,
1967 592 2014 646 si
2032 590 2117 647 vel

531 692 581 745 in
611 690 773 747 corde
801 700 980 746 vestro
1025 689 1161 747 bene
1190 684 1559 758 requiescitis,
1590 683 1676 740 vel
1704 684 1759 739 in
1790 684 1903 753 ipsa
1933 681 2118 739 Eccle-

531 782 609 835 sia
636 782 835 836 bonum
870 782 971 836 iter
994 778 1214 849 carpitis
1241 778 1294 832 in
1324 777 1409 832 via
1459 774 1832 841 immaculata;
1883 790 1990 829 non
2022 789 2117 831 eos

532 885 733 929 tantum
763 874 849 945 qui
875 872 1007 928 loris
1031 882 1156 927 sunt
1185 871 1365 926 odisse
1387 869 1595 925 debetis
1634 869 2073 939 praevaricatores
2093 908 2111 937 ,

529 968 619 1021 sed
643 976 695 1020 et
718 980 1081 1036 quoscumque
1109 965 1248 1019 intus
1278 964 1607 1019 inveneritis.
1633 962 1734 1031 Qui
1764 973 1888 1018 sunt
1914 978 2117 1033 prmva-

530 1058 821 1133 ricatorcs?
850 1056 947 1124 Qui
972 1055 1200 1110 oderunt
1222 1055 1393 1125 legem
1426 1053 1517 1109 Dei
1543 1069 1558 1119 ;
1590 1054 1678 1124 qui
1705 1054 1927 1109 audiunt
1948 1054 2111 1123 illam,

528 1157 581 1203 et
612 1163 715 1202 non
759 1148 997 1214 faciunt,
1051 1147 1490 1218 praevaricatores
1519 1146 1788 1201 dicuntur.
1834 1145 2117 1201 Facientes

529 1239 1025 1309 prtevaricationem
1056 1238 1180 1293 odio
1208 1237 1376 1304 habe,
1426 1237 1627 1308 repelle
1677 1237 1798 1293 illos
1840 1252 1870 1290 a
1914 1236 2117 1293 te.Sed

526 1330 706 1386 odisse
744 1330 912 1386 debes
967 1331 1444 1401 praevaricatores,
1487 1345 1594 1385 non
1648 1329 1915 1384 homines.
1966 1329 2116 1385 Unus

528 1420 693 1476 homo
719 1422 1099 1492 prmvaricator
1117 1461 1130 1485 ,
1162 1419 1341 1475 videte
1364 1420 1488 1490 quia
1516 1419 1623 1475 duo
1660 1420 1876 1475 nomina
1903 1418 2067 1474 habet
2095 1460 2113 1488 ,

528 1510 719 1580 homo,
749 1521 802 1568 et
830 1512 1203 1583 praevaricator
1231 1530 1244 1566 :
1272 1510 1545 1567 hominem
1571 1511 1713 1566 Deus
1739 1509 1864 1565 fecit
1881 1550 1895 1573 ,
1920 1525 2115 1581 praeva~

528 1605 815 1661 ricatorem
842 1608 955 1676 ipse
977 1620 1035 1661 se
1066 1606 1189 1661 fecit
1213 1622 1228 1669 ;
1257 1621 1377 1660 ama
1404 1605 1456 1660 in
1481 1604 1572 1659 illo
1599 1603 1743 1674 quod
1780 1603 1921 1658 Deus
1944 1602 2074 1658 fecit
2097 1644 2113 1672 ,

526 1702 920 1768 persequerein
950 1698 1039 1753 illo
1066 1698 1210 1769 quod
1232 1698 1345 1766 ipse
1368 1696 1470 1753 sibi
1503 1696 1646 1752 fecit.
1677 1695 1813 1750 Cum
1834 1695 1974 1749 enim
2004 1710 2120 1764 per-

526 1800 741 1843 secutus
773 1788 939 1844 fueris
970 1789 1464 1858 prtevaricatiouent
1520 1787 1636 1856 ejus
1660 1828 1673 1852 ,
1725 1785 1924 1841 occidis
1973 1785 2118 1856 quod

528 1878 693 1935 homo
720 1880 878 1947 fecit,
909 1888 964 1936 et
988 1880 1245 1935 liberatur
1289 1879 1433 1950 quod
1470 1878 1612 1933 Deus
1659 1877 1805 1933 fecit.
1853 1874 2119 1931 Facieutes

527 1965 991 2043 praevaricationem
1014 1972 1130 2026 odio
1160 1972 1334 2026 habui.

598 2067 651 2119 6.
685 2063 805 2118 Non
835 2064 1045 2118 adluesit
1074 2064 1197 2118 mihi
1225 2078 1310 2117 cor
1334 2077 1563 2132 pravum.
1594 2060 1747 2130 Quod
1776 2069 1858 2116 est
1880 2076 1973 2115 cor
1994 2075 2114 2131 pra-

526 2154 688 2209 vum?
722 2152 829 2209 Cor
870 2164 1087 2209 tortum.
1134 2152 1285 2221 Quod
1324 2162 1406 2208 est
1451 2168 1545 2207 cor
1590 2152 1824 2206 tortum?
1868 2151 1972 2205 Cor
2010 2165 2118 2206 non

527 2259 752 2305 rectum.
780 2247 932 2316 Quod
960 2255 1043 2302 est
1068 2261 1161 2302 cor
1188 2263 1293 2301 non
1322 2232 1562 2301 rectum?
1588 2243 1721 2300 Vide
1746 2243 1890 2315 quod
1918 2253 2000 2299 est
2019 2258 2115 2299 cor

525 2351 753 2407 rectum,
787 2351 842 2396 et
871 2341 943 2395 ibi
972 2341 1179 2396 invenis
1203 2339 1342 2411 quod
1382 2347 1466 2395 est
1501 2354 1596 2393 cor
1622 2353 1726 2393 non
1757 2348 1984 2392 rectum.
2010 2337 2118 2392 Re-

526 2446 667 2489 ctum
699 2449 792 2489 cor
822 2433 1014 2488 dicitur
1042 2432 1301 2497 hominis,
1332 2432 1420 2501 qui
1449 2430 1627 2485 omnia
1657 2446 1773 2499 quae
1800 2432 1912 2485 vult
1943 2429 2115 2497 Deus,

529 2545 635 2585 non
679 2529 791 2599 ipse
820 2544 924 2582 non
956 2528 1123 2581 vult’.
1167 2526 1449 2581 intendite.
1480 2523 1611 2579 Orat
1637 2524 1827 2594 aliquis
1852 2532 1913 2578 ut
1939 2522 2119 2578 nescio

529 2619 657 2690 quid
703 2636 809 2674 non
841 2619 1081 2683 eveniat;
1124 2627 1275 2683 erat,
1319 2629 1372 2672 et
1416 2632 1521 2671 non
1567 2615 1895 2686 prohibetur.
1933 2614 2119 2671 Petat'

527 2720 783 2781 quantum
816 2720 988 2780 potest
1020 2728 1034 2763 :
1063 2709 1156 2763 sed
1186 2717 1369 2763 contra
1393 2710 1721 2763 voluntatem
1751 2706 1918 2777 ipsius
1943 2705 2121 2762 evenit

526 2801 754 2872 aliquid;
787 2801 1071 2871 subjungat
1113 2814 1171 2854 se
1200 2799 1457 2853 voluntati
1488 2798 1616 2867 Dei,
1647 2814 1753 2853 non
1791 2798 2005 2854 resistat
2027 2812 2120 2853 vo-

524 2893 711 2948 luntati
738 2908 960 2964 magnae.
993 2892 1125 2960 Quia
1154 2900 1208 2947 et
1236 2891 1352 2961 ipse
1384 2891 1639 2945 Dominus
1681 2892 1759 2946 sic
1802 2890 1931 2946 illud
1955 2905 2120 2961 expo-

525 2984 955 3042 nitzostendens
994 2983 1358 3039 inﬁrmitatem
1400 2993 1637 3039 nostram
1677 2983 1729 3038 in
1778 2997 1866 3051 se,
1906 2982 2119 3054 quando

522 3092 777 3149 passurus
818 3086 959 3146 erat,
1001 3078 1104 3145 ait,
1153 3075 1332 3131 Tristis
1374 3086 1449 3132 est
1486 3078 1662 3131 anima
1703 3093 1815 3131 mea
1851 3092 2007 3147 usque
2049 3076 2119 3132 ad

523 3182 751 3226 mortem.
788 3170 905 3226 Non
950 3171 1093 3226 enim
1136 3185 1264 3226 vere
1309 3169 1400 3225 ille
1445 3170 1666 3226 timebat
1706 3180 1933 3227 mortem
1959 3211 1975 3239 ,
2026 3170 2118 3242 qui

525 3270 842 3332 potestatem
889 3261 1121 3317 habebat
1165 3260 1397 3331 ponendi
1440 3262 1672 3317 animam
1721 3277 1891 3329 suam,
1928 3271 1984 3319 et
2022 3277 2121 3334 po-

527 3364 771 3411 testatem
800 3354 1032 3411 habebat
1063 3354 1255 3410 iterum
1281 3353 1526 3410 sumendi
1552 3368 1669 3409 eam
1706 3354 1882 3424 (Joan.
1912 3370 1968 3421 x,
2001 3355 2115 3426 l8).

524 3446 592 3502 Et
611 3447 806 3502 Paulus
826 3446 1096 3517 aposmlus
1117 3446 1272 3503 miles
1298 3447 1486 3517 ipsius,
1508 3461 1699 3502 servus
1720 3447 1885 3517 ipsius
1903 3447 2114 3503 clamat:

522 3539 723 3595 Bonum
762 3550 1013 3595 certamen
1052 3540 1269 3607 certavi,
1316 3556 1521 3593 cursant
1560 3539 1933 3607 consummavi,
1964 3539 2119 3608 fidem

523 3633 748 3699 seruaui;
795 3633 859 3687 de
896 3641 1073 3687 cwtero
1122 3631 1343 3703 reposita
1373 3640 1445 3686 est
1482 3631 1606 3685 mihi
1648 3647 1833 3686 corona
1866 3632 2115 3702 justitiaa,

523 3741 675 3793 quant
715 3724 889 3779 reddet
934 3724 1059 3777 mihi
1097 3722 1343 3778 Dominus
1387 3722 1442 3776 in
1482 3721 1574 3776 illo
1610 3722 1691 3777 die
1726 3723 1896 3793 justus
1929 3723 2114 3793 judex.

527 3815 771 3871 Exsultat
797 3817 919 3888 quia
948 3817 1238 3871 moriturus
1276 3823 1387 3879 est;
1419 3822 1473 3870 et
1501 3813 1760 3869 Dominus
1790 3814 1904 3885 ejus
1933 3822 1987 3869 et
2015 3813 2119 3869 Im-

523 3917 740 3978 perator
778 3907 895 3979 ejus
945 3907 1112 3963 tristis
1156 3916 1266 3973 est,
1318 3905 1440 3976 quia
1483 3906 1775 3961 moriturus
1818 3905 1931 3961 est?
1974 3904 2118 3976 Ergo

524 3999 715 4055 melior
752 4014 939 4056 servus
980 4014 1137 4067 quam
1177 3997 1473 4053 Dominus?
1519 3996 1587 4052 Et
1630 3996 1721 4052 ubi
1759 4005 1839 4052 est
1876 3997 2015 4067 quod
2044 3997 2119 4053 ait

524 4092 640 4164 ipse
679 4092 932 4147 Dominus
956 4112 971 4145 :
995 4090 1190 4161 Suﬁ'icit
1231 4106 1371 4145 servo
1395 4097 1451 4143 ut
1474 4088 1539 4143 sit
1563 4088 1693 4143 sicut
1720 4089 1950 4142 dominus
1971 4090 2117 4160 ejus;

523 4183 704 4253 suﬁicit
742 4182 991 4253 discipulo
1031 4190 1084 4235 ut
1126 4181 1189 4234 sit
1231 4181 1360 4235 sicut
1405 4180 1642 4251 magister
1669 4179 1777 4248 ejus
1802 4178 2017 4248 (Matth.
2044 4193 2113 4247 ι,

522 4273 615 4344 25)
633 4274 656 4326 ?
676 4272 817 4328 Ecce
842 4272 995 4328 fortis
1016 4281 1097 4327 est
1118 4272 1313 4327 Paulus
1333 4280 1554 4326 ventura
1576 4278 1770 4337 morte,
1790 4279 1840 4325 et
1860 4270 2117 4327 Dominus

524 4366 691 4421 tristis
729 4366 844 4421 est?
896 4365 1175 4436 Optabam,
1228 4364 1428 4435 inquit,
1477 4364 1710 4430 dissolvi,
1758 4371 1805 4417 et
1854 4378 1959 4417 esse
2003 4380 2117 4419 cum

529 4458 726 4515 Christo
770 4456 1027 4530 (Philipp.
1058 4475 1113 4520 ι,
1143 4457 1258 4525 25).
1284 4454 1507 4520 Gaudet,
1538 4456 1661 4526 quia
1701 4454 2028 4522 dissolvitur,
2058 4465 2118 4512 ut

524 4551 593 4605 sit
628 4565 748 4605 cum
779 4549 1027 4615 Christo;
1059 4558 1114 4605 et
1138 4549 1252 4619 ipse
1278 4547 1520 4603 Christus
1546 4549 1712 4603 tristis
1734 4555 1835 4615 est,
1864 4563 1983 4603 cum
2009 4563 2118 4619 quo

524 4640 625 4697 iste
652 4640 883 4697 futurum
913 4658 970 4697 se
994 4655 1115 4697 esse
1143 4640 1394 4696 lzetatur?
1437 4639 1541 4696 Sed
1568 4639 1695 4710 quid
1723 4648 1839 4695 erat
1865 4638 1953 4695 illa
1977 4653 2079 4695 vox
2097 4681 2113 4707 ,

524 4731 629 4787 nisi
670 4747 834 4787 sonus
869 4731 1192 4787 inﬁrmitatis
1238 4731 1475 4786 nostrai?
1516 4730 1663 4785 Multi
1707 4729 1881 4785 adhuc
1919 4729 2116 4785 inﬁrmi

526 4808 914 4881 contristantur
939 4823 1112 4880 futura
1144 4832 1317 4879 morte
1341 4840 1354 4876 :
1378 4823 1471 4879 sed
1502 4822 1733 4878 habeant
1755 4831 1961 4879 rectum
1986 4838 2109 4890 cor;

524 4918 692 4974 vitent
711 4927 960 4980 mortem,
981 4924 1233 4988 quantum
1262 4925 1514 4987 possunt;
1538 4915 1633 4973 sed
1663 4916 1707 4971 si
1734 4931 1839 4971 non
1868 4925 2112 4987 possunt,

522 5010 706 5067 dicant
728 5010 869 5081 quod
896 5010 1008 5079 ipse
1037 5006 1293 5063 Dominus
1310 5022 1416 5064 non
1440 5016 1661 5079 propter
1675 5024 1755 5075 se,
1778 5008 1871 5064 sed
1897 5017 2114 5080 propter

524 5120 623 5160 nos
675 5103 826 5159 dixit.
872 5101 1008 5171 Quid
1054 5102 1197 5157 enim
1248 5102 1416 5157 dixit?
1466 5100 1644 5171 Pater,
1694 5103 1740 5156 si
1775 5103 1888 5171 ﬁeri
1933 5110 2110 5174 potest,

525 5206 749 5252 transeat
778 5214 809 5250 a
832 5212 913 5251 me
937 5196 1073 5251 calia:
1114 5196 1225 5251 iste.
1270 5195 1409 5251 Ecce
1448 5194 1613 5252 habes
1641 5195 1970 5251 voluntatem
2009 5195 2112 5251 hu-

523 5304 734 5343 manam
779 5302 1121 5361 expressam;
1168 5286 1289 5343 vide
1329 5287 1439 5358 jam
1484 5294 1693 5343 rectum
1728 5301 1860 5342 cor:
1895 5285 2111 5355 Verum,

519 5397 619 5434 non
642 5380 774 5451 quod
799 5397 888 5451 ego
918 5381 1050 5448 volo,
1076 5380 1164 5435 sed
1187 5379 1323 5451 quod
1353 5387 1407 5433 tu
1430 5380 1521 5444 vis,
1556 5378 1708 5433 Pater
1732 5377 1943 5449 (Matth.
1961 5394 2109 5446 xxvi,

518 5471 608 5540 58,
643 5470 755 5541 39).
784 5470 839 5526 Si
866 5486 992 5542 ergo
1021 5480 1228 5526 rectum
1267 5485 1361 5526 cor
1389 5470 1632 5541 sequitur
1654 5470 1819 5527 Deum
1843 5511 1857 5535 ,
1887 5484 2109 5540 pravum

516 5579 609 5618 eor
664 5561 865 5617 resistit
904 5563 1032 5617 Deo.
1080 5562 1295 5633 Aliquid
1339 5562 1416 5617 illi
1461 5562 1735 5632 contingat
1786 5561 2108 5630 adversum,

584 5700 601 5731 ι
626 5704 691 5749 tta
716 5704 823 5747 MSS.
845 5704 900 5746 At.
922 5696 1520 5760 Edd.,_pnevaricationes.

581 5762 619 5872 Il
635 5764 745 5809 Am.’
781 5766 834 5810 et
876 5765 1016 5820 bov.,
1058 5758 1161 5821 ipse
1195 5760 1312 5811 vult.
1338 5768 1392 5810 At
1428 5767 1503 5811 Er.
1528 5766 1582 5812 et
1602 5766 1741 5823 Mss.,
1764 5773 1860 5812 non
1893 5760 1997 5826 ipse
2018 5772 2113 5813 non

521 5836 769 5949 “litium,
790 5881 908 5953 petit
933 5895 953 5940 .'
976 5883 1378 5951 dissentientibus
1399 5885 1510 5938 ΕΜ.
1529 5886 1635 5939 aliis
1657 5895 1709 5939 et
1731 5895 1840 5939 Mss.

1772 379 1831 439 S.
1861 375 2230 439 AUGUSTlNl
2263 378 2569 440 EPISCOPl

3675 384 3815 447 5288

2230 484 2426 553 clamat
2456 516 2471 552 :
2500 498 2660 565 Deus,
2710 493 2836 569 quid
2881 496 2977 554 tibi
3002 497 3142 556 feci?
3182 498 3310 573 quid
3359 501 3642 559 commisi?
3687 505 3813 575 quid

2226 589 2490 658 peccavi?
2517 589 2587 646 Se
2607 589 2815 661 justum
2840 588 2956 646 vult
2972 591 3161 661 videri,
3186 592 3356 649 Deum
3376 593 3654 664 injustum.
3676 595 3814 664 Quid

2224 686 2332 734 tam
2357 680 2614 749 pravum?
2654 680 2847 737 Parum
2876 689 2962 739 est
2998 682 3120 755 quia
3145 690 3316 740 tortus
3356 693 3477 753 est;
3521 694 3577 743 et
3618 695 3815 747 tortam

2222 774 2460 844 regulam
2489 782 2658 845 putat.
2700 774 2922 848 Corrige
2946 784 3003 833 te
3022 817 3039 842 ,
3085 785 3141 833 et
3177 777 3385 834 invenis
3414 787 3620 835 rectum
3648 794 3678 833 a
3708 794 3816 853 quo

2222 871 2277 921 te
2300 864 2624 938 depravasti.
2648 866 2743 924 llle
2766 869 2930 938 juste,
2961 878 3020 923 tu
3046 868 3275 939 injuste;
3306 878 3361 925 et
3383 868 3505 925 ideo
3530 884 3817 941 perversus

2222 971 2301 1022 es,
2344 958 2464 1028 quia
2505 957 2776 1014 hominem
2814 959 3015 1029 justum
3054 958 3222 1028 dicis,
3253 967 3310 1016 et
3337 960 3507 1017 Deum
3535 960 3813 1032 injustam.

2221 1048 2394 1118 Quem
2423 1050 2695 1107 hominem
2712 1052 2917 1122 justum
2939 1051 3108 1107 dicis?
3129 1050 3401 1123 Teipsum.
3418 1050 3645 1119 Quando
3669 1054 3817 1109 enim

2222 1140 2375 1209 dicis,
2406 1141 2544 1209 Quid
2574 1143 2667 1199 tibi
2688 1144 2825 1211 feci;
2852 1143 3054 1213 justum
3079 1151 3134 1199 te
3160 1150 3336 1214 putas.
3361 1142 3467 1200 Sed
3494 1142 3819 1214 respondeat

2220 1230 2320 1287 tibi
2365 1232 2764 1290 Deus:Verum
2809 1234 2976 1302 dicis,
3029 1233 3162 1297 mihi
3204 1232 3340 1289 nihil
3384 1232 3587 1298 fecisti;
3632 1233 3819 1289 omnia

2222 1325 2367 1380 enim
2397 1325 2490 1381 tibi
2520 1325 2713 1383 fecisti.
2736 1326 2792 1383 Si
2812 1327 2956 1382 enim
2978 1325 3107 1382 mihi
3127 1325 3330 1397 aliquid
3348 1325 3587 1393 fecisses,
3612 1324 3821 1381 bonum

2220 1416 2460 1475 fecisses.
2501 1419 2765 1491 Quidquid
2811 1422 2955 1477 enim
3000 1421 3137 1475 bene
3180 1419 3273 1485 ﬁt,
3323 1420 3453 1475 mihi
3479 1418 3565 1485 tit;
3596 1418 3724 1489 quia
3752 1432 3821 1473 ex

2222 1521 2494 1581 praecepto
2524 1527 2646 1567 meo
2675 1510 2773 1567 ﬁt:
2798 1510 3054 1582 quidquid
3086 1518 3263 1566 autem
3291 1511 3415 1566 mali
3447 1513 3537 1577 ﬁt,
3584 1509 3681 1565 tibi
3725 1508 3817 1575 fit,

2222 1617 2329 1657 non
2356 1602 2486 1658 mihi
2515 1602 2607 1670 ﬁt;
2640 1602 2764 1675 quia
2795 1619 2902 1660 non
2939 1602 3067 1659 facit
3107 1604 3276 1659 malus
3311 1602 3511 1673 aliquid
3548 1601 3652 1657 nisi
3681 1601 3818 1667 sibi,

2222 1695 2344 1764 quia
2388 1695 2490 1751 hoc
2538 1710 2646 1751 non
2698 1710 2797 1766 ego
2831 1696 3015 1767 jubeo.
3066 1695 3224 1751 Tales
3268 1694 3483 1767 quando
3529 1693 3816 1761 videritis,

2222 1787 2435 1854 fratres,
2464 1786 2739 1857 corripite,
2763 1787 2991 1857 arguite,
3019 1786 3270 1857 corrigite
3288 1804 3302 1840 :
3321 1794 3375 1842 et
3398 1785 3444 1841 si
3464 1774 3570 1841 non
3591 1784 3819 1857 potestis

2222 1880 2500 1950 corripere
2527 1888 2618 1935 aut
2642 1880 2938 1949 corrigere,
2967 1880 3133 1936 nolite
3152 1880 3491 1947 consentire;
3517 1886 3577 1934 ut
3594 1877 3819 1949 possitis

2223 1971 2425 2037 dicere,
2457 1970 2511 2026 N
2515 1990 2579 2027 οη
2605 1972 2817 2027 adluesit
2843 1971 2966 2026 mihi
2988 1988 3077 2027 cor
3099 1988 3329 2043 pravum.

2294 2067 2348 2120 7.
2377 2064 2503 2121 Cant
2526 2066 2806 2120 declinaret
2830 2081 2863 2119 α
2890 2082 2971 2119 me
2992 2065 3277 2136 malignus,
3305 2079 3407 2118 non
3432 2062 3815 2135 cognoscebam.

2226 2156 2361 2223 Quid
2399 2166 2501 2223 est,
2534 2174 2635 2212 non
2678 2157 3079 2229 cognoscebam?
3117 2154 3236 2211 Non
3277 2155 3675 2225 approbabam,
3706 2170 3818 2210 non

2222 2249 2526 2316 laudabam,
2556 2264 2662 2304 non
2690 2248 2821 2303 mihi
2850 2248 3113 2319 placebat.
3138 2246 3477 2318 Cognoscere
3500 2245 3644 2301 enim
3669 2246 3820 2301 inve-

2222 2342 2401 2396 nimus
2426 2340 2479 2394 in
2505 2339 2790 2411 Scripturis
2818 2333 3103 2410 aliquando
3128 2338 3231 2394 dici
3251 2380 3267 2406 ,
3298 2353 3396 2409 pro
3432 2352 3499 2393 eo
3540 2336 3684 2408 quod
3728 2344 3817 2393 est

2222 2432 2436 2503 placere
2463 2431 2639 2487 nobis.
2672 2432 2811 2500 Quid
2840 2433 2983 2488 enim
3014 2432 3142 2487 latet
3172 2432 3361 2497 Deum,
3393 2430 3622 2485 fratres?
3652 2429 3819 2485 Num-

2223 2525 2349 2596 quid
2373 2524 2519 2581 novit
2546 2524 2717 2595 justos
2738 2566 2753 2592 ,
2779 2533 2834 2581 et
2857 2539 2965 2580 non
2987 2525 3135 2580 novit
3157 2525 3383 2595 injustos
3404 2524 3427 2578 ?
3451 2523 3589 2591 Quid
3612 2524 3818 2594 cogitas

2223 2615 2367 2686 quod
2406 2615 2498 2671 ille
2543 2614 2778 2671 nesciat?
2818 2614 2935 2670 Non
2979 2615 3120 2682 dico,
3152 2615 3277 2686 quid
3315 2614 3481 2681 facis;
3524 2614 3642 2672 sed.
3689 2613 3817 2685 quid

2222 2709 2425 2780 cogitas
2445 2707 2589 2779 quod
2608 2708 2698 2763 ille
2720 2707 2958 2763 neseiat?
2980 2707 3094 2762 Non
3116 2707 3258 2773 dico,
3283 2706 3409 2777 quid
3432 2707 3668 2777 cogitas;
3696 2706 3811 2774 sed,

2223 2801 2349 2874 quid
2378 2802 2707 2873 cogitaturus
2728 2815 2788 2856 es
2809 2799 2947 2871 quod
2972 2800 3063 2855 ille
3090 2814 3199 2855 non
3225 2807 3349 2855 ante
3370 2798 3603 2854 viderit?
3621 2798 3818 2855 Omnia

2221 2910 2350 2966 ergo
2375 2894 2524 2951 novit
2557 2894 2697 2950 Deus
2723 2911 2735 2947 :
2760 2902 2813 2949 et
2838 2902 3018 2948 tamen
3056 2893 3112 2947 in
3138 2892 3279 2961 ﬁne,
3321 2891 3375 2946 id
3414 2900 3497 2947 est
3527 2892 3583 2946 in
3613 2890 3816 2962 judicio

2220 2974 2344 3059 post
2368 2986 2793 3043 misericordiam
2816 3030 2829 3053 ,
2863 2986 2931 3042 de
2956 2986 3272 3057 quibusdam
3294 2984 3459 3041 dicit:
3488 3004 3507 3037 ι
3536 2985 3595 3040 In
3614 2985 3706 3040 illa
3724 2985 3817 3042 die

2222 3079 2375 3136 multi
2403 3079 2616 3135 venturi
2644 3088 2801 3145 sunt,
2835 3086 2890 3135 et
2913 3079 3128 3144 dicent,
3157 3078 3417 3145 Domine,
3461 3078 3716 3145 Domine,
3759 3078 3815 3135 in

2222 3173 2441 3231 nomine
2467 3182 2558 3229 tuo
2583 3172 2847 3228 daemonia
2869 3172 3147 3243 ejecimus,
3167 3172 3219 3226 in
3244 3171 3459 3227 nomine
3480 3179 3570 3227 tuo
3588 3171 3815 3227 virtutes

2221 3266 2417 3323 multas
2440 3267 2457 3297 ί
2501 3265 2757 3331 fecimus,
2806 3264 2861 3319 in
2898 3265 3116 3319 nomine
3159 3272 3250 3319 tuo
3283 3261 3719 3319 manducavimus
3759 3269 3818 3319 et

2218 3357 2489 3421 bibimus;
2530 3365 2584 3412 et
2607 3355 2781 3412 dicam
2806 3356 2931 3423 illis,
2965 3354 3233 3411 Discedite
3257 3370 3288 3410 a
3317 3371 3424 3420 me,
3452 3354 3687 3425 cperarii
3711 3354 3816 3411 ini-

2220 3450 2438 3521 quitatis
2458 3466 2472 3515 ;
2494 3464 2603 3504 non
2621 3449 2743 3505 novi
2764 3462 2859 3504 vos
2889 3467 2907 3501 ι
2934 3447 3149 3519 (Matth.
3183 3462 3277 3515 vn,
3307 3445 3566 3517 22et25).
3591 3446 3683 3501 ille
3705 3461 3814 3504 non

2217 3542 2369 3598 novit
2394 3541 2661 3610 aliquem?
2688 3540 2795 3597 Sed
2820 3539 2946 3611 quid
2968 3549 3073 3608 est,
3103 3538 3226 3595 Non
3245 3540 3360 3594 noui
3383 3539 3508 3594 vos?
3534 3540 3593 3595 lu
3620 3540 3809 3610 regula

2220 3650 2339 3692 mea
2366 3649 2475 3691 non
2518 3650 2617 3690 vos
2657 3648 2911 3704 agnosco.
2950 3632 3085 3689 Novi
3129 3632 3271 3688 enim
3311 3633 3550 3704 regulam
3590 3632 3815 3704 iustitiae

2220 3741 2356 3783 mea:
2379 3743 2393 3782 :
2416 3742 2524 3783 non
2552 3725 2627 3781 illi
2653 3726 2944 3797 congruitis
2965 3766 2981 3792 ,
3008 3724 3320 3781 declinastis
3348 3725 3415 3781 ab
3442 3725 3532 3780 illa
3550 3766 3565 3792 ,
3598 3724 3814 3781 distorti

2220 3820 2369 3876 estis.
2399 3819 2524 3875 ldeo
2548 3829 2603 3875 ct
2632 3820 2720 3875 hic
2757 3819 2911 3889 dixit,
2943 3818 3066 3874 Non
3092 3819 3468 3890 cognoscebam.
3500 3819 3626 3875 Cum
3648 3819 3811 3875 decli-

2222 3922 2363 3969 naret
2388 3930 2419 3967 a
2446 3929 2525 3968 me
2554 3914 2830 3985 malignus,
2860 3929 2961 3968 non
2992 3913 3372 3985 cognoscebam.
3404 3913 3540 3981 Quid
3570 3922 3676 3981 est,
3706 3931 3813 3970 non

2219 4006 2613 4078 cognoscebam?
2646 4005 2914 4077 Numquid
2960 4005 3100 4062 forte
3141 4006 3264 4078 quia
3306 4007 3569 4077 malignus
3597 4007 3813 4078 quando

2220 4097 2428 4154 obviam
2455 4099 2512 4153 lit
2531 4098 2678 4168 justo
2704 4098 2758 4153 in
2800 4098 2922 4153 vico
2948 4106 3174 4169 angusto
3197 4141 3212 4167 ,
3255 4098 3384 4154 dicit
3419 4098 3521 4154 sibi
3547 4098 3691 4169 quod
3730 4108 3813 4156 est

2219 4187 2475 4260 scriptum
2497 4189 2549 4244 in
2567 4187 2839 4259 Sapientia
2858 4187 3180 4257 Salomonis,
3199 4188 3379 4245 Grauis
3398 4199 3469 4245 est
3493 4189 3636 4244 nobis
3661 4191 3814 4245 etiam

2220 4283 2289 4337 ad
2308 4284 2578 4338 videndum
2604 4284 2761 4356 (Sap.
2792 4300 2851 4352 tt,
2886 4284 3012 4356 15);
3054 4293 3110 4340 et
3151 4291 3322 4339 mutat
3363 4284 3501 4339 viam
3540 4300 3608 4339 ne
3631 4284 3815 4340 videat

2219 4391 2379 4448 quem
2410 4391 2517 4431 non
2543 4376 2693 4431 vult?
2730 4375 2835 4432 Sed
2879 4392 3038 4446 quam
3068 4376 3221 4431 multi
3252 4385 3377 4431 sunt
3416 4375 3632 4446 maligni
3675 4391 3813 4447 quos

2218 4466 2481 4534 videmus,
2512 4477 2566 4523 et
2589 4468 2679 4538 qui
2700 4482 2796 4523 nos
2821 4467 3024 4534 vident,
3053 4476 3107 4523 et
3131 4484 3236 4523 non
3263 4468 3434 4523 solum
3464 4484 3571 4523 non
3598 4483 3628 4521 a
3652 4467 3811 4524 nobis

2220 4558 2513 4627 declinant,
2540 4558 2635 4614 sed
2656 4568 2878 4615 currunt
2898 4559 2964 4615 ad
2982 4574 3100 4625 nos,
3120 4567 3175 4614 et
3190 4558 3474 4629 aliquando
3501 4559 3811 4629 iniquitates

2220 4654 2345 4706 suas
2386 4666 2484 4722 per
2529 4665 2628 4706 nos
2672 4651 2882 4721 impleri
2928 4651 3228 4722 cupiunt’?
3274 4651 3597 4722 Plerumque
3653 4651 3810 4708 nobis

2220 4744 2501 4814 contingit.
2549 4742 2829 4812 Quomodo
2875 4758 3004 4814 ergo
3041 4742 3351 4798 declinant?
3379 4743 3622 4799 Declinat
3656 4757 3691 4798 a
3720 4751 3808 4811 te,

2218 4836 2307 4907 qui
2337 4835 2611 4891 dissimilis
2638 4844 2722 4891 est
2745 4834 2862 4892 tibi.
2887 4832 3023 4901 Quid
3053 4843 3155 4900 est,
3183 4833 3415 4889 declinat
3438 4848 3468 4888 a
3495 4832 3588 4888 te?
3618 4849 3726 4889 non
3757 4842 3811 4890 te

2216 4930 2481 5000 sequitur.
2509 4927 2649 4995 Quid
2674 4935 2786 4995 est,
2815 4942 2920 4981 non
2947 4933 3001 4980 te
3027 4925 3299 4995 sequitur?
3323 4923 3437 4980 Non
3466 4932 3517 4979 te
3543 4923 3805 4979 imitatur.

2218 5020 2382 5091 Ergo,
2415 5018 2542 5074 Cum
2567 5019 2812 5074 delinaret
2836 5034 2869 5071 a
2896 5033 2974 5071 me
2999 5018 3273 5089 malignus,
3306 5017 3358 5071 id
3384 5025 3488 5085 est,
3521 5031 3645 5073 cum
3675 5015 3809 5071 mihi

2219 5111 2499 5168 dissimilis
2529 5121 2673 5167 esset
2697 5109 2980 5181 malignus,
3006 5120 3061 5166 et
3085 5110 3201 5166 vias
3223 5124 3367 5165 meas
3390 5109 3558 5165 nollet
3577 5108 3804 5176 imitari,

2217 5205 2386 5262 nollet
2411 5205 2489 5261 sic
2508 5205 2689 5260 vivere
2712 5203 2997 5275 malignus,
3024 5202 3294 5275 quomodo
3322 5217 3411 5258 me
3442 5201 3522 5257 illi
3547 5200 3808 5273 proposui

2282 5387 2300 5419 ι
2328 5393 2455 5445 Mss,
2476 5395 2691 5447 magnas.

2278 5451 2300 5481 ²
2322 5455 2395 5497 Er.
2421 5442 2475 5496 et
2495 5442 2605 5495 mv.
2650 5450 2761 5511 post
2789 5446 3012 5511 verbum,
3040 5443 3257 5511 cupiunt,
3285 5442 3358 5495 sic
3387 5450 3765 5511 prosequuntuc
3791 5456 3808 5494 :

2215 5508 2493 5575 plerumque
2514 5521 2564 5558 se
2581 5504 2723 5575 nobis
2737 5504 3029 5575 conjunguut
3049 5504 3543 5575 {Plerumque—nobis-
3552 5504 3807 5575 contingit.

2217 5567 2393 5634 itegius
2405 5567 2541 5634 liber
2574 5583 2670 5619 non
2709 5567 2858 5618 habet
2898 5567 3011 5630 nisi,
3039 5567 3325 5634 Plerumque
3352 5582 3402 5634 se
3434 5567 3567 5618 nobis
3603 5567 3810 5634 conjun-

2214 5627 2347 5698 guut‘.
2369 5633 2455 5698 Alii
2477 5644 2597 5698 vero
2620 5640 2728 5698 Mss.
2769 5644 2904 5698 cum
2932 5627 3031 5680 Ani.
3051 5695 3059 5698 _
3079 5627 3308 5698 nonnisi:
3340 5631 3626 5698 Plerumque
3665 5627 3809 5698 nobis

2213 5689 2438 5758 comingit
2457 5708 2475 5756 ;
2495 5695 2672 5758 quibus
2692 5692 2819 5743 forte
2843 5694 3004 5758 minus
3048 5693 3312 5758 intellectis
3347 5694 3513 5742 verbis
3537 5689 3705 5758 priora
3722 5689 3812 5739 illa

2213 5754 2558 5819 substitue'nda
2569 5758 2809 5819 quispiam
2831 5757 3214 5819 existimaverat.
3237 5756 3321 5804 Hic
3339 5768 3483 5819 porro
3503 5754 3813 5819 augustinus

2215 5823 2467 5883 respicere
2484 5814 2761 5891 videtur'ad
2782 5819 3029 5891 improbos
3043 5814 3433 5891 litigatores,'q\n
3450 5814 3614 5869 iniqua
3624 5814 3815 5879 judicia

2220 5881 2482 5954 impetrare
2505 5891 2566 5939 ab
2590 5881 2829 5945 episcopis
2850 5881 3129 5944 cupiebant.

3790 5974 3839 5997 -.Α
