4058 6536
277 373 415 438 1389
1451 361 1840 420 εΝΑΒιιΑτιο
1878 364 1879 412 ἲ

1971 362 2294 424 ΡΞΛΙΜΠΜ
2331 364 2392 422 C.
3413 367 3548 424 1290

274 491 340 548 ιδ
364 487 755 553 imitationem;
785 501 886 541 ηοη
911 483 1288 556 cognoscebam
1326 476 1463 546 QUid
1493 486 1574 532 εει
1592 519 1606 542 ς
1639 493 1738 530 non
1764 491 1851 530 σου
1969 479 2346 549 convivamur,
2373 494 2494 535 cum
2521 478 2748 552 Pagauis
2767 522 2782 549 ,
2827 493 2985 552 quam
3017 494 3138 536 cum
3169 479 3252 536 his
3281 482 3370 552 qui
3399 482 3550 536 nobis

277 580 620 657 gnoscebam?
647 577 762 636 Non
803 574 928 650 quia
967 572 1271 631 nesciebam
1291 613 1311 638 ,
1351 569 1445 626 scd
1484 568 1604 640 quia
1635 582 1737 622 non
1764 583 1857 636 ap—

1965 569 2173 627 haerent
2195 573 2232 636 ¹,
2260 572 2305 627 si
2329 571 2616 628 viderimus
2637 589 2731 629 eos
2753 571 2890 629 male
2911 573 3107 639 vivere,
3131 583 3189 629 ut
3210 573 3547 639 erubescant.

277 675 593 751 probabam.
1737 748 1748 751 _
1967 668 2023 715 et
2068 659 2431 731 corrigantur;
2479 663 2618 718 sicut
2655 663 2782 720 dicit
2824 665 3154 735 Apostolus:
3187 665 3251 720 Si
3295 666 3408 736 quis
3445 683 3548 722 non

345 769 399 824 8.
429 765 586 841 [vers.
617 762 697 836 5.]
729 760 1082 816 Detrahentem
1112 755 1340 827 proximo
1367 768 1457 807 suo
1486 751 1698 817 occulte,
1727 748 1861 804 hunc
1970 751 2177 805 obaudit
2211 752 2356 806 rerbo
2397 765 2566 808 nostro
2606 771 2695 826 per
2734 755 3027 827 epistolam,
3072 756 3206 813 hune
3250 766 3451 825 notate,
3501 767 3551 813 et

275 840 626 932 persequebar.
669 855 806 910 Ecce
855 859 1163 922 persecutor
1205 846 1408 908 bonus,
1442 858 1551 898 non
1584 840 1858 932 hominis,
1969 842 2124 897 nolite
2152 845 2457 898 commisceri
2501 862 2615 898 cum
2659 862 2753 911 eo;
2799 855 2846 902 et
2895 865 2994 902 non
3031 857 3085 900 ut
3135 849 3392 904 inimicum
3438 865 3554 906 eum

275 930 371 1006 sed
415 930 640 1019 peccati.
683 941 911 1014 Superbo
947 937 1092 994 oculo
1132 947 1178 992 et
1215 933 1490 990 insatiabili
1525 931 1704 998 corde,
1747 930 1863 984 huic
1969 935 2293 999 existimetis,
2336 935 2424 989 sed
2450 937 2683 1008 corripite
2712 946 2764 991 ut
2795 941 3000 1010 fratrem
3037 938 3102 1013 (ll
3133 939 3310 995 Thess.
3340 957 3426 1008 ut,
3460 943 3550 1008 M,

276 1059 379 1096 non
406 1036 754 1095 convescebar.
783 1032 920 1103 Quid
947 1041 1048 1100 est,
1079 1047 1178 1084 non
1207 1027 1574 1083 convescebar?
1597 1024 1714 1080 Non
1742 1039 1862 1079 cum
1971 1025 2080 1096 15).
2110 1025 2354 1081 Facimus
2383 1027 2482 1082 hoc
2509 1028 2819 1097 plermnque
2859 1039 3074 1099 propter
3100 1031 3412 1087 medicinam
3439 1048 3454 1100 ;
3498 1043 3555 1088 et

275 1132 370 1187 illo
416 1129 826 1186 manducabam.
879 1123 1136 1179 Attendat
1185 1118 1427 1174 Charitas
1478 1125 1684 1182 vestra;
1740 1113 1862 1185 quia
1972 1126 2150 1172 tamen
2191 1133 2311 1173 cum
2357 1121 2625 1176 extraneis
2651 1121 2829 1177 multis
2858 1130 2912 1178 et
2939 1138 3058 1179 cum
3088 1124 3263 1195 impiis
3287 1141 3429 1196 stupe
3455 1142 3554 1183 ve.

273 1223 470 1277 mirum
512 1217 712 1289 aliquid
753 1214 984 1270 audituri
1016 1212 1164 1269 estis.
1207 1211 1264 1266 Si
1309 1217 1415 1264 non
1449 1206 1866 1264 conveseebatur
1970 1210 2188 1266 scimur.

271 1329 395 1368 cum
437 1311 528 1367 illo
549 1353 565 1378 ,
598 1324 704 1364 non
735 1305 1120 1369 manducabat;
1150 1300 1294 1358 vesci
1323 1299 1466 1355 enim
1486 1341 1502 1367 ,
1544 1297 1865 1353 manducare
2041 1299 2093 1355 9.
2115 1300 2246 1369 Quid
2271 1310 2351 1355 est
2376 1300 2478 1356 hoc
2505 1302 2642 1373 quod
2666 1303 2756 1369 ait,
2788 1303 3017 1376 Superbo
3041 1307 3188 1362 oculo
3208 1317 3254 1364 et
3273 1310 3552 1366 insatiabili

272 1411 359 1460 est
387 1421 401 1458 :
432 1418 530 1458 cur
581 1414 709 1470 ergo
763 1397 934 1469 ipsum
991 1396 1163 1464 primo
1214 1392 1496 1447 Dominum
1555 1389 1863 1444 invenimus
1970 1389 2144 1456 corde,
2177 1391 2291 1445 huic
2329 1409 2430 1445 non
2473 1394 2838 1448 convcscebar?
2883 1395 3052 1451 llabet
3093 1399 3276 1467 epulas
3309 1414 3432 1456 suas
3459 1415 3554 1456 cor

273 1493 637 1552 manducasse
687 1505 809 1546 cum
854 1485 1180 1559 superbis“?
1228 1483 1348 1539 Non
1395 1497 1518 1537 cum
1568 1480 1867 1551 publicanis
1971 1481 2136 1550 pium,
2172 1482 2329 1537 habet
2351 1483 2532 1553 epulas
2562 1499 2686 1539 suas
2715 1493 2808 1540 cor
2835 1487 3120 1557 superbum
3149 1506 3162 1544 ε
3188 1505 3306 1544 nam
3339 1501 3556 1563 propter

273 1585 381 1642 illis
429 1592 484 1640 et
529 1580 922 1653 peccatoribus,
974 1593 1097 1632 nam
1141 1575 1242 1646 ipsi
1291 1574 1522 1630 humiles
1559 1580 1868 1627 erantzco-
1973 1570 2120 1626 cibos
2143 1572 2285 1642 ipsos
2306 1573 2482 1628 cordis
2499 1575 2731 1644 superbi,
2758 1576 2876 1632 ideo
2899 1577 3052 1644 dixit,
3081 1579 3352 1634 insatiabili
3380 1583 3552 1639 corde.

271 1677 607 1750 gnoscebant
631 1674 775 1728 enim
804 1672 1116 1740 languorem
1163 1682 1316 1723 suum
1343 1707 1359 1732 ,
1405 1673 1460 1720 et
1486 1663 1750 1720 medicum
1777 1677 1860 1718 re-
1973 1663 2080 1719 Cor
2099 1665 2385 1734 superbum
2410 1667 2548 1722 unde
2572 1669 2838 1738 pascitur?
2864 1670 2918 1724 Si
2944 1672 3203 1741 superbus
3223 1682 3323 1740 est,
3347 1675 3557 1732 invidus

277 1769 589 1839 quirebaut.
629 1767 762 1821 Cum
804 1764 933 1834 ipsis
958 1761 1205 1831 superbis
1247 1756 1534 1813 Pharismis
1566 1755 1868 1811 invenimus
1973 1764 2092 1811 est:
2118 1757 2273 1811 aliter
2289 1772 2404 1813 esse
2426 1774 2530 1813 non
2548 1768 2739 1830 potest.
2759 1760 3036 1831 Superbia,
3059 1772 3229 1820 mater
3253 1766 3557 1824 invidentia:

272 1861 420 1917 illum
453 1858 826 1914 manducasse.
858 1854 988 1910 Nam
1015 1852 1280 1922 superbus
1308 1849 1524 1921 quidam
1553 1849 1868 1904 invitaverat
1974 1858 2089 1904 est:
2112 1865 2215 1904 non
2245 1859 2420 1920 potest
2445 1851 2544 1907 nisi
2574 1854 3003 1923 generarchanc,
3027 1865 3079 1911 et
3098 1870 3218 1911 cum
3237 1857 3325 1913 illa
3345 1874 3558 1931 semper

273 1953 595 2022 illumzipse
624 1957 708 2006 est
748 1949 831 2003 cui
862 1945 1128 2015 diSplicuit
1161 1945 1285 2014 quia
1331 1943 1526 1997 mulier
1573 1943 1864 2011 peccatrix,
1975 1955 2115 1998 esse.
2147 1942 2332 2000 Omnis
2372 1960 2498 2014 ergo
2528 1947 2822 2016 superbus,
2874 1948 3083 2003 invidus
3118 1959 3199 2005 est
3223 1967 3235 2003 ε
3260 1949 3305 2006 si
3351 1951 3560 2007 ὶηνῖάιη

275 2059 392 2116 quae
419 2051 539 2098 erat
565 2042 617 2096 iu
648 2038 863 2095 civitate
896 2037 1119 2101 famosa,
1151 2035 1376 2121 accessit
1399 2033 1466 2088 ad
1498 2031 1660 2103 pedes
1687 2032 1867 2087 Domi«
1975 2040 2076 2098 est,
2107 2035 2258 2089 malis
2284 2035 2470 2090 alienis
2507 2039 2756 2106 pascitur.
2797 2038 2949 2094 Unde
2991 2039 3118 2096 dicit
3159 2043 3559 2113 Apostolus:Si

274 2135 357 2199 ni;
386 2143 444 2189 et
465 2134 542 2187 ait
569 2133 621 2186 in
651 2129 815 2186 corde
841 2145 936 2183 suo
959 2130 977 2198 (
1007 2127 1128 2197 quia
1152 2126 1271 2181 talis
1293 2133 1410 2180 erat
1438 2124 1697 2179 munditia
1725 2123 1868 2179 Pha-
1976 2124 2215 2177 mordetis
2235 2134 2279 2179 et
2297 2126 2553 2182 comeditis
2583 2128 2822 2193 invicem;
2851 2129 3011 2184 videte
3032 2147 3095 2186 ne
3118 2131 3178 2185 ab
3199 2133 3404 2188 invicem
3433 2151 3559 2189 con-

274 2227 583 2291 rismorum,
627 2233 685 2277 ut
730 2237 886 2276 nemo
943 2235 1038 2275 eos
1083 2219 1298 2287 iniquus
1338 2224 1617 2287 tangeret;
1659 2214 1704 2271 si
1751 2216 1870 2286 quis
1977 2214 3558 2290 sumaminiwalat.v,l5.)Videtiscrgocomedentes;nolite

273 2315 391 2371 illos
431 2312 740 2370 immundus
780 2309 862 2366 vel
894 2308 1098 2364 modice
1137 2306 1434 2378 tetigisset,
1480 2305 1867 2372 exhorrebant,
1980 2304 2062 2359 Itis
2087 2320 2332 2360 convescr
2356 2349 2370 2374 ,
2415 2305 2577 2377 fugite
2619 2307 2719 2364 tale
2759 2311 3295 2384 convivium;neque
3331 2316 3472 2369 enim
3500 2331 3560 2370 se

280 2422 348 2463 ne
375 2405 530 2478 quasi
559 2399 862 2458 immundos
892 2413 987 2454 eos
1013 2397 1209 2453 faceret
1240 2406 1409 2451 tactus
1448 2394 1771 2450 immundus.
1803 2396 1874 2450 At
1977 2397 2172 2452 satiant
2210 2399 2488 2468 gaudendo
2538 2399 2604 2454 de
2647 2401 2798 2455 tnalis
2847 2401 3056 2466 alienis,
3108 2403 3229 2474 quia
3277 2405 3558 2462 insatiabili

275 2500 360 2554 ubi
391 2496 662 2568 peccatrix
704 2493 787 2547 illa
809 2533 824 2558 ,
855 2506 971 2562 qua:
1000 2498 1115 2544 erat
1157 2487 1208 2542 in
1250 2487 1462 2542 civitate
1505 2485 1706 2541 fumosa
1730 2526 1746 2553 ,
1776 2498 1870 2540 ac-
1977 2488 2139 2544 corde
2167 2500 2312 2545 sunt.
2353 2490 2493 2546 Cave
2523 2506 2590 2546 ne
2619 2491 2844 2562 capiaris
2874 2492 2928 2546 in
2957 2493 3128 2560 epulis
3156 2508 3340 2549 eorum
3371 2495 3560 2565 laqueo

275 2589 436 2646 cessit
467 2587 597 2642 ﬂere
626 2584 694 2639 ad
721 2582 883 2654 pedes
909 2579 1154 2645 Domini,
1195 2578 1286 2634 ille
1329 2593 1449 2633 cum
1488 2576 1692 2631 videret
1727 2589 1869 2644 eam,
1978 2577 2194 2634 diaboli.
2221 2577 2366 2635 Cibis
2394 2581 2586 2636 talibus
2613 2581 2964 2651 pascebantur
2987 2582 3176 2650 iudici,
3205 2585 3418 2654 quando
3438 2601 3563 2642 cru~

275 2680 405 2736 dixit
433 2679 487 2732 in
529 2675 694 2731 corde
720 2671 840 2745 SUO)
873 2690 887 2728 ε
925 2670 1026 2724 Hic
1060 2670 1103 2724 εἱ
1130 2678 1256 2723 εδεεῑ
1284 2666 1534 2740 propheta
1553 2709 1567 2733 ν
1587 2667 1738 2720 θείνει
1762 2677 1875 2737 quat
1978 2671 2262 2728 cilixerunt
2303 2674 2586 2730 Dominum
2613 2692 2626 2728 :
2651 2675 2745 2730 sed
2781 2677 2902 2745 quia
2932 2677 3282 2746 pascebantur
3313 2687 3560 2750 tanquam

279 2772 467 2825 mulier
503 2768 584 2822 illi
613 2765 820 2820 accessit
847 2763 914 2816 ad
940 2760 1110 2832 pedes.
1147 2759 1300 2816 Unde
1339 2758 1538 2814 sciebat
1567 2757 1690 2828 quia
1717 2755 1872 2811 Chri-
1978 2763 2045 2818 de
2071 2779 2227 2834 ρωηα
2255 2765 2484 2820 Domini,
2506 2766 2668 2836 (Nam
2695 2776 2748 2822 ει
2773 2781 2872 2821 nos
2898 2767 2963 2822 de
2991 2782 3150 2823 cruce
3171 2768 3372 2824 Domini
3393 2771 3561 2839 pasci.

277 2874 393 2917 Slus
424 2859 651 2915 "CSCiVil
672 2900 685 2923 ν
732 2855 832 2911 ηῖεί
863 2853 987 2909 inde
1017 2852 1314 2923 suspicatus
1342 2857 1426 2906 εει
1452 2864 1574 2904 eum
1606 2847 1870 2914 "950.1550.
1980 2871 2121 2923 mur,
2138 2856 2256 2926 quia
2271 2872 2464 2927 corpus
2486 2857 2649 2926 ipsius
2671 2856 3370 2929 manducamus.)Diccbanl
3391 2859 3559 2927 enim,

278 2958 397 3028 quia
429 2971 536 3010 non
569 2942 684 3007 11.58
712 2948 939 3021 τερυιίιῖ
975 2947 1107 3018 Quia
1137 2947 1182 3000 Si
1213 2945 1326 3015 ῑρδθ
1355 2952 1494 2999 θὸεθῑ
1514 2983 1529 3008 ι
1580 2941 1867 3014 repelleret
1983 2962 2103 3003 cum
2129 2949 2369 3004 viderent
2395 2965 2514 3004 eum
2546 2950 2864 3020 pendentem
2896 2951 2947 3004 in
2975 2965 3156 3017 cruce,
3202 2951 3519 3006 insultantes
3543 2993 3558 3017 ,
3627 2937 3630 2944 ’

278 3065 309 3104 a
341 3065 420 3104 sc.
449 3045 709 3102 Dominus
734 3053 910 3098 autem
939 3055 1043 3095 non
1073 3039 1244 3093 solum
1273 3035 1547 3090 mulierem
1580 3035 1723 3088 illam
1752 3049 1876 3103 pec-
1982 3041 2102 3109 quia
2126 3040 2454 3095 insatiabiles
2477 3041 2637 3096 corde
2658 3051 2839 3108 erant;
2866 3041 3113 3097 dicebant
3131 3058 3260 3114 ergo
3281 3061 3292 3097 :
3314 3042 3376 3099 Si
3399 3043 3564 3097 Filius

279 3140 539 3196 catriccm
578 3141 834 3197 noverat,
865 3131 959 3187 sed
989 3138 1043 3186 et
1071 3130 1214 3183 illius
1243 3126 1492 3196 superbi”
1514 3125 1730 3179 vulnera
1760 3138 1874 3178 ηιθ-
1984 3129 2076 3184 Dei
2104 3141 2209 3198 est,
2259 3131 2526 3184 descendat
2554 3131 2616 3185 de
2639 3149 2817 3196 cruce;
2856 3130 2985 3186 alios
3013 3131 3242 3200 saluauit,
3283 3149 3336 3188 se
3370 3136 3566 3188 salvere

278 3231 433 3287 dicus
489 3226 804 3285 ins;inabilia
856 3223 1090 3279 videbat.
1146 3221 1235 3274 Ait
1276 3219 1416 3273 enim
1470 3232 1590 3271 cum
1641 3216 1877 3271 audisset

1982 3239 2080 3276 non
2117 3231 2271 3276 potest
2302 3220 2514 3290 (Matth.
2556 3238 2730 3288 xxvu,
2775 3222 2863 3285 40,
2909 3222 3020 3291 ιε).
3053 3221 3412 3286 Pascebantur
3442 3224 3564 3278 cibu

278 3325 632 3394 erthautcm,
666 3327 723 3374 ut
749 3315 1058 3372 ostenderet
1085 3313 1232 3368 illum
1259 3310 1546 3379 superbum
1575 3327 1586 3361 :
1618 3327 1636 3360 ι
1664 3307 1871 3372 Simon,

1981 3315 2310 3370 crudelitatis
2333 3330 2466 3379 sum,
2501 3325 2553 3368 et
2582 3316 2669 3368 ille
2701 3314 3013 3384 pascebatur
3038 3315 3156 3369 cibo
3185 3315 3565 3370 misericordia

279 3411 458 3468 habeo
490 3409 691 3482 aliquid
735 3409 826 3463 tibi
873 3407 1052 3461 dicere
1082 3421 1097 3458 :
1132 3404 1247 3458 Duo
1284 3400 1554 3457 debitores
1583 3408 1733 3455 erant
1760 3399 1877 3452 cui-~

1983 3425 2112 3464 sum.
2150 3408 2332 3474 Pater,
2367 3409 2562 3477 inquit,
2601 3409 2801 3479 ignosce
2832 3408 2965 3472 illis,
3015 3407 3134 3476 quia
3176 3407 3402 3461 nesciunt
3442 3408 3564 3477 quid

279 3507 402 3562 dam
432 3503 751 3566 fcneralori;
782 3514 922 3554 unus
964 3499 1011 3552 ei
1049 3495 1278 3550 debebat
1312 3493 1689 3562 quinquaginta
1713 3489 1880 3546 dena-
1983 3500 2347 3575 facitmt(Luc.
2370 3516 2519 3562 χχιιι,
2543 3499 2657 3572 5i).
2683 3487 2757 3554 Illi
2780 3515 2906 3570 ergo
2928 3499 3191 3555 habebant
3210 3500 3340 3556 alias
3355 3501 3564 3571 epulas,

278 3601 426 3660 rios,
457 3597 598 3650 alius
625 3595 976 3664 quingentos;
1005 3605 1122 3643 cum
1166 3603 1268 3641 non
1297 3585 1554 3640 baberent
1585 3584 1723 3638 unde
1754 3583 1873 3636 red-

1984 3593 2072 3649 ille
2099 3594 2250 3648 alias.
2281 3592 2386 3648 Sed
2412 3592 2536 3662 quid
2567 3592 2766 3647 dictum
2799 3594 2865 3646 sit
2891 3592 2958 3648 de
2981 3608 3161 3648 mensa
3187 3593 3561 3664 superborum,

279 3691 495 3753 derent,
522 3687 726 3741 dimisit
754 3682 1012 3738 ambobus
1038 3698 1049 3733 :
1074 3679 1194 3749 quis
1218 3692 1339 3732 eum
1367 3676 1484 3746 plus
1512 3673 1738 3729 dilexit?
1763 3690 1782 3724 ο
1815 3673 1878 3732 Et

1984 3683 2162 3738 audite
2186 3699 2201 3738 :
2230 3682 2349 3736 Fiat
2377 3699 2548 3737 mensa
2575 3699 2748 3737 eorum
2775 3700 2946 3737 coram
2975 3683 3098 3753 ipsis
3126 3685 3178 3738 in
3208 3685 3563 3756 muscipulam,

280 3781 374 3837 ille
403 3789 592 3836 contra
621 3791 680 3830 se
709 3774 842 3829 dixit
870 3770 1211 3832 sententiam,
1246 3772 1593 3836 extorquente
1619 3763 1719 3818 sibi
1746 3777 1880 3818 con-

1988 3782 2034 3828 et
2061 3775 2115 3828 in
2145 3775 2540 3840 retributionem,
2573 3783 2618 3826 et
2647 3773 2698 3827 in
2725 3773 3021 3828 scandalum
3050 3772 3220 3845 (Psal.
3251 3791 3432 3842 vant,
3450 3775 3566 3848 23).

282 3872 579 3928 fessionem
612 3867 866 3922 \eritate:
891 3881 910 3915 ι
935 3861 1127 3926 Credo,
1162 3858 1380 3942 Domine
1403 3898 1418 3922 ,
1449 3855 1532 3910 cui
1565 3854 1683 3925 plus
1711 3853 1880 3908 dona-

1988 3862 2130 3918 Pasti
2157 3872 2300 3926 sunt,
2329 3864 2466 3932 capti
2499 3872 2643 3917 sunt.
2670 3863 2948 3931 Quomodo
2971 3864 3113 3918 enim
3135 3878 3260 3918 aves
3279 3865 3344 3919 ad
3366 3870 3566 3922 musci-

281 3965 380 4020 vit.
417 3961 486 4017 Et
515 3971 813 4016 conversus
839 3953 904 4008 ad
937 3951 1214 4007 mulierem
1234 3992 1248 4013 ,
1289 3948 1421 4002 dixit
1448 3944 1650 4002 Simoni
1681 3961 1693 3998 :
1722 3943 1881 4000 Vides
1988 3953 2164 4023 palam
2185 3994 2201 4016 ,
2229 3959 2319 4006 aut
2344 3953 2515 4022 pisces
2545 3952 2611 4006 ad
2643 3952 2857 4006 hamum
2889 3963 3196 4021 pascuntur,
3227 3953 3321 4008 sed
3351 3955 3569 4025 capiun.

281 4056 446 4112 istam
495 4046 814 4107 mulierem?
855 4043 1048 4099 lntravi
1095 4043 1146 4095 in
1191 4041 1410 4095 domum
1463 4047 1641 4101 tuam;
1689 4050 1879 4106 aquam
1990 4054 2105 4107 tur;
2137 4043 2215 4098 sic
2239 4050 2293 4097 et
2330 4041 2452 4111 ipsi.
2487 4041 2694 4096 llabent
2720 4057 2847 4112 ergo
2893 4041 3034 4112 impii
3068 4042 3250 4111 epulas
3278 4057 3432 4111 suas,
3469 4044 3568 4098 ba-

281 4144 422 4202 mihi
448 4141 516 4201 ad
550 4139 713 4210 Pedes
739 4151 845 4193 n0"
873 4132 1066 4190 dedis“
1098 4151 1110 4186 ³
1140 4132 1235 4187 is”
1279 4139 1455 4184 amem
1486 4126 1734 4196 ¹³⁰¹Ὑ¹ηίε
1770 4125 1882 4181 θυῖε
1990 4138 2117 4194 bent
2149 4145 2204 4192 et
2243 4135 2313 4205 pii
2343 4135 2526 4205 epulas
2552 4149 2696 4190 suas.
2740 4134 2874 4189 Audi
2917 4134 3098 4204 epulas
3140 4135 3346 4206 piorum
3382 4155 3394 4192 :
3427 4135 3570 4192 Beati

283 4238 427 4295 lavit
453 4233 624 4308 pedes
650 4246 838 4287 meos»
871 4228 1021 4302 (Luc.
1052 4241 1124 4280 vu
1147 4267 1162 4291 ,
1191 4225 1259 4279 36
1292 4223 1419 4292 44);
1465 4229 1514 4276 et
1543 4227 1733 4275 caetera
1764 4233 1883 4289 quas

1989 4231 2075 4296 qni
2115 4229 2340 4284 esuriant
2370 4238 2414 4284 et
2441 4228 2618 4283 sitiunt
2650 4228 2934 4299 justitiam,
2981 4230 3219 4300 quoniam
3245 4229 3343 4301 ipsi
3368 4239 3570 4285 satura-

285 4329 492 4386 nostis.
515 4323 636 4380 Non
663 4337 797 4393 opus
825 4328 908 4376 est
938 4319 989 4373 in
1016 4316 1134 4372 aliis
1165 4323 1382 4386 prepter
1409 4326 1528 4382 qum
1551 4310 1615 4366 ad
1639 4309 1881 4365 testimo-

1991 4323 2175 4376 buntur
2203 4321 2413 4391 (Matth.
2443 4337 2475 4374 v
2492 4365 2504 4386 ,
2534 4322 2612 4390 6).
2639 4319 2694 4376 Si
2723 4335 2852 4392 ergo
2879 4322 2996 4390 pius
3020 4321 3251 4391 pascitur
3275 4322 3396 4378 cibo
3414 4322 3569 4394 justi-

285 4423 446 4478 ninm
489 4415 863 4481 adhibuimus,
895 4410 1094 4466 diutius
1136 4405 1430 4463 immorari.
1461 4405 1565 4459 Iste
1593 4402 1884 4474 pharisaeus
1992 4415 2113 4480 um,
2153 4423 2207 4471 et
2248 4413 2442 4484 impius
2470 4412 2768 4483 superbire;
2813 4427 2918 4466 non
2967 4413 3156 4467 mirum
3184 4413 3228 4470 si
3257 4413 3569 4469 insatiabili,

287 4515 564 4588 superbus
583 4518 718 4576 erat.
748 4504 1164 4562 convesccbatur
1187 4516 1307 4556 cum
1334 4498 1736 4577 illoDominus;
1759 4493 1885 4565 quid
1992 4505 2214 4561 corde’.
2243 4504 2483 4559 Pascitur
2505 4503 2625 4558 cibo
2649 4502 2942 4572 iniquitatis
2967 4520 2981 4555 ε
3011 4503 3116 4556 noli
3161 4503 3301 4572 pasci
3327 4503 3446 4559 cibo
3471 4503 3576 4558 ini—

284 4585 378 4664 εει
407 4619 538 4676 ergo
568 4595 708 4674 quod
734 4601 806 4654 ait
831 4641 846 4666 ,
895 4594 1126 4665 Superbo
1153 4592 1299 4648 oculo
1325 4600 1372 4646 et
1401 4588 1677 4644 insatiabili
1703 4585 1881 4649 corde,

1993 4597 2229 4666 quitatis,
2259 4605 2314 4650 et
2358 4611 2462 4649 non
2509 4593 2602 4649 tibi
2650 4592 2991 4649 convescitur
3015 4593 3278 4664 superbus
3334 4594 3487 4650 oculo
3515 4608 3549 4651 ο

289 4701 414 4754 huic
445 4713 548 4752 non
569 4688 934 4748 convescebar?
954 4685 1088 4756 Quid
1118 4694 1218 4748 est,
1252 4699 1353 4736 non
1381 4677 1744 4735 convescebar?
1771 4676 1882 4730 Non
1995 4689 2306 4745 insatiabilis
2333 4688 2513 4743 corde,

289 4809 422 4849 eum
452 4790 547 4844 illo
574 4783 980 4842 manducabamo
1007 4774 1286 4845 Quom0d0
1316 4773 1470 4828 “nbis
1499 4771 1746 4842 ιποροηῑι
1773 4770 1886 4822 ⁸1³³0
2066 4782 2134 4836 to
2171 4779 2321 4854 [vers.
2350 4780 2430 4853 6.]
2458 4781 2520 4835 Et
2550 4779 2689 4836 unde
2719 4789 2772 4834 tu
2803 4781 3142 4851 pascebaris?
3169 4789 3224 4836 et
3250 4781 3373 4852 quid
3402 4791 3453 4836 te
3479 4781 3576 4836 de-

289 4902 419 4959 quae
450 4886 566 4956 ipse
610 4897 716 4936 non
747 4875 906 4932 fecit?
936 4874 1012 4929 Ad
1043 4870 1390 4926 imitationem
1419 4881 1568 4920 suam
1614 4879 1712 4919 nos
1758 4863 1886 4959 hor-

1993 4875 2223 4932 lcctabat
2246 4916 2261 4940 ,
2294 4873 2380 4927 ubi
2410 4873 2499 4927 ille
2530 4873 2622 4927 tibi
2652 4889 2755 4926 non
2786 4873 3238 4929 couvescebatur?
3269 4872 3415 4926 Oculi
3443 4872 3541 4925 mci
3558 4909 3579 4941 ,

287 4954 446 5035 tatur
471 4954 488 5029 ξ
518 4973 762 5028 videmus
787 4983 908 5022 eum
947 4964 1283 5020 convivatum
1315 4973 1432 5012 esse
1461 4971 1581 5011 cum
1617 4954 1883 5023 superbis,
1995 4965 2199 5034 inquit,
2243 4980 2396 5031 super
2433 4963 2605 5033 ﬁdem
2647 4971 2820 5028 “me,
2855 4972 2911 5017 ut
2945 4964 3254 5018 considerem
3283 4963 3334 5014 In.
3363 4977 3582 5018 mem

287 5065 572 5142 quomodo
602 5077 700 5118 nos
725 5058 971 5132 prohibet
997 5071 1062 5110 ne
1101 5052 1446 5133 convivemur
1483 5062 1602 5102 cum
1632 5045 1747 5100 eis?
1779 5043 1888 5100 Nos

1995 5057 2253 5113 Dominus
2289 5055 2448 5120 dicit,
2496 5055 2646 5108 Oculi
2681 5055 2778 5110 mei
2805 5071 2957 5125 super
2983 5055 3158 5124 ﬁdeles
3182 5064 3360 5117 terror,
3383 5061 3437 5105 ut
3459 5067 3582 5106 cortu

286 5138 517 5234 quidem
540 5198 557 5223 ,
600 5155 820 5218 fratres,
857 5157 1072 5220 prepter
1111 5143 1501 5212 corrcptionem
1545 5138 1777 5209 aliquam
1807 5145 1886 5234 te-

1996 5149 2213 5203 siderent
2249 5147 2302 5200 hi
2337 5162 2527 5199 mecum
2555 5160 2572 5198 :
2598 5145 2648 5199 id
2678 5153 2790 5207 est,
2821 5153 2876 5198 ut
2904 5159 3111 5199 mecum
3137 5143 3406 5197 sederent.
3433 5142 3581 5208 Quo.

289 5226 494 5310 nemus
519 5262 620 5304 nos
645 5245 803 5301 etiam
831 5257 860 5296 a
889 5238 1137 5294 fratribus
1178 5231 1375 5289 nostris
1396 5271 1412 5297 ,
1441 5241 1494 5284 et
1524 5243 1628 5283 non
1658 5241 1780 5282 cum
1809 5226 1888 5281 eis

2001 5237 2156 5294 modo
2180 5236 2468 5290 sederent?
2497 5235 2741 5289 Sedcbitis
2769 5251 2923 5304 super
2951 5234 3212 5287 duodecim
3237 5231 3464 5297 thronos,
3484 5237 3552 5305 ﬁt
3583 5265 3603 5282 .

287 5343 669 5403 convivamur,
721 5345 779 5391 ut
814 5332 1172 5410 corrigantur.
1220 5325 1356 5381 Cum
1403 5319 1671 5378 extraneis
1713 5317 1889 5387 potius

1997 5329 2221 5383 dicantcs
2241 5327 2502 5382 duodecim
2523 5327 2679 5380 tribus
2704 5325 2869 5382 Israel
2895 5324 3004 5399 (Id.
3037 5340 3128 5378 xIx
3153 5367 3166 5390 ,
3193 5321 3309 5396 28).
3333 5325 3582 5385 Judicant

363 5461 381 5493 ¹
412 5468 513 5508 Am.
538 5461 616 5504 Er.
644 5457 697 5503 et
716 5458 810 5500 Lov
835 5483 849 5503 .
867 5459 976 5497 cum
997 5440 1217 5507 superbis
1260 5443 1306 5490 et
1348 5450 1442 5488 non
1477 5446 1588 5486 cum
1624 5429 1889 5496 publicanis

287 5519 399 5575 iilis
415 5528 462 5570 et
486 5511 816 5578 peccatoribus
833 5509 855 5561 ?
875 5517 964 5578 Nos
984 5505 1416 5578 auctoritatem-ssi;
1429 5505 1889 5578 Σ

2005 5488 2186 5578 tu;
2207 5493 2314 5536 Mss.
2342 5491 2395 5534 At
2418 5491 2473 5533 Er
2517 5488 2570 5533 et
2589 5490 2718 5543 Lov.,
2743 5480 2823 5546 qui
2845 5477 3086 5529 nobiscum
3107 5485 3263 5540 eram,
3287 5486 3332 5531 et
3352 5481 3482 5535 nobis
3498 5483 3584 5536 (ηις

287 5548 597 5637 ἓῖἐιᾘῖᾶἷ
627 5555 1893 5640 multum:interrogationis.cé!!°@£‘2?3{159."3§!3
2002 5548 2202 5640 ""1’01‘1:
2256 5615 2312 5640 ς..
2359 5614 2404 5640 η.
2564 5602 2973 5640 ςηηηηηιηριηηι
3091 5615 3103 5628 .
3130 5615 3223 5640 ,ιηη
3247 5602 3424 5640 .,.-......
3451 5604 3490 5640 ..-
3510 5605 3530 5640 .-

288 5602 1730 5695 333231153:"X'Fﬁ‘iiiz'53635333750-7‘1?me5“
1751 5628 1765 5664 τ
1791 5623 1892 5665 Νοη
2007 5613 2235 5695 1:32;.
2256 5614 2409 5695 ’ἒξεηξῖξ
2425 5602 3067 5695 3:232.333£°fllﬂ"§.‘33333£31°
3091 5602 3585 5695 ξ.ἕῗξζῐὶ”ἰὲἴ.²έῗέ³.δὶἐ²ἐ;

292 5661 631 5714 “meum”;
659 5661 758 5706 "-U"
784 5661 894 5705 eum
925 5661 1204 5692 Pumwmw’
1236 5661 1351 5684 um,
1377 5661 1430 5671 “’
1459 5661 1636 5670 ’νῇ-⁷
1666 5661 1728 5668 “”
1752 5661 1763 5664 ⁷
1879 5661 1887 5662 ί
2003 5667 2236 5722 satiubilis
2259 5669 2402 5719 corde
2424 5665 2634 5730 pascitur
2660 5661 2762 5714 cibo
2783 5661 3063 5726 iniquitatis.
3092 5665 3244 5716 minus
3280 5667 3409 5715 bene
3426 5681 3440 5727 ;
3478 5681 3586 5718 nam

292 5711 417 5759 dx“
433 5715 541 5753 cum
557 5697 850 5764 puwwa’ns’
870 5702 1017 5764 etcf...
1173 5761 1183 5764 -
1199 5745 1332 5764 ηιξ..
1366 5758 1379 5764 -
1406 5751 1450 5764 ,ι
1477 5740 1618 5764 _....I..
1654 5745 1758 5764 ..Λρο
1784 5736 1888 5764 “In-
2012 5735 2295 5764 Αητνιιςιὶηιιρ
2318 5730 2556 5764 m-m-manit
2581 5725 2888 5764 nrnhandum,
2921 5731 3114 5764 nrnnler
3137 5725 3266 5764 rilme
3289 5726 3415 5764 inm:
3429 5728 3586 5764 rnrds's

367 5725 1074 5814 illius
1097 5745 1332 5812 superbia:
1362 5758 1379 5795 :
1403 5751 1464 5814 et_
1477 5740 1621 5814 paulo
1654 5745 1765 5803 post
1784 5736 1890 5802 pleo
2004 5725 3266 5814 fligi-111.3llglii‘BDﬂ-iﬁlflInfit?bifilyﬁgji‘gﬁrefffg;Cibus
3289 5726 3415 5792 ipsos
3429 5725 3587 5778 cordis

288 5786 1614 5891 ‘3.123330?iii'Zﬁﬁﬁéiéifiiibiiiﬁ'Ei'ii.ieiiitéi‘ei.'
1657 5786 1668 5803 ³
1697 5786 1761 5791 Ἢ
1785 5786 1799 5802 ⁸
1844 5786 1857 5788 “
1999 5786 2212 5857 superbi,
2235 5786 2538 5840 idebttictuat
2561 5786 2679 5849 esse,
2701 5786 2959 5891 insatiabili
2981 5790 3144 5838 corde.

715 5904 944 5968 Ssxcr.
982 5871 1271 5959 Ἀιῖριςςτ.
1313 5891 1421 5954 1V.

2845 5872 3388 5947 (Qiuarantc-une.
3409 5871 3428 5918 1
