4056 6482
511 400 640 457 1291

504 524 690 582 ﬁdeles
715 531 871 581 terra:
894 564 906 585 .
930 521 1118 592 quibus
1138 520 1329 576 dicitur
1356 535 1368 572 :
1401 516 1619 571 Nescitis
1643 516 1760 586 quia
1785 516 1988 585 angelos
2001 533 2093 586 1η-

503 619 778 674 dicabimus
806 615 845 687 (1
875 615 990 670 Cor.
1023 631 1074 669 vr
1101 655 1113 677 ,
1141 613 1239 684 5)?
1269 611 1414 666 Oculi
1439 610 1536 664 mei
1555 625 1704 679 super
1728 607 1902 676 ﬁdeles
1927 617 2090 672 terrte,

502 719 556 764 ut
583 707 899 763 considerent
924 706 974 760 hi
1002 720 1212 759 mecum.
1243 700 1521 756 Ambulans
1550 700 1602 753 in
1632 699 1711 752 via
1735 698 2058 752 immaculata
2076 739 2089 761 ,

503 801 584 855 hic
620 799 743 854 mihi
781 796 1113 852 ministrabat.
1155 793 1286 848 Mihi
1329 793 1435 858 ait,
1480 807 1584 847 non
1622 791 1742 846 sibi.
1775 791 1921 846 Multi
1951 792 2092 846 enim

499 892 802 946 ministrant
827 886 1166 958 Evangelium
1193 927 1208 952 ,
1237 884 1328 940 sed
1357 885 1454 939 sibi
1487 883 1822 949 ministrant;
1855 882 1975 952 quia
2000 897 2092 936 sua

497 990 778 1053 quaerunt,
826 994 930 1034 non
983 993 1102 1049 qua:
1145 977 1271 1032 Jcsu
1316 975 1509 1032 Christi
1557 973 1813 1044 (Philipp.
1855 989 1928 1037 ιι,
1973 973 2088 1041 Sil).

498 1072 634 1140 Quid
682 1080 795 1136 est,
843 1067 1058 1123 Christo
1105 1065 1452 1123 ministrare?
1492 1067 1559 1119 Ea
1599 1081 1716 1135 qua:
1745 1064 1940 1136 Christi
1971 1073 2090 1118 sunt

498 1177 757 1232 quaerere.
788 1161 854 1214 Et
878 1159 1090 1230 quidem
1121 1158 1332 1228 quando
1362 1157 1484 1211 mali
1510 1157 1824 1211 annuntiant
1855 1155 2090 1225 Evange-

498 1259 624 1308 lium
652 1295 666 1317 ,
691 1252 776 1306 alii
804 1251 1074 1307 salvantur
1094 1292 1109 1317 ,
1133 1249 1205 1304 illi
1234 1249 1539 1318 puniuntur.
1572 1247 1776 1302 Dictum
1803 1254 1883 1300 cst
1905 1246 2045 1300 enim
2074 1263 2086 1298 :

498 1349 626 1413 Quae
653 1346 826 1399 dicunt
849 1387 862 1410 ,
896 1343 1082 1416 facite;
1110 1358 1221 1412 qua:
1246 1342 1457 1413 faciunt,
1491 1343 1655 1413 facere
1680 1337 1832 1392 nolite
1879 1335 2087 1408 (Matth.

514 1455 629 1494 mu
650 1482 664 1504 ,
686 1439 763 1508 3).
791 1437 903 1492 Non
931 1439 1115 1492 timeas
1137 1451 1262 1505 ergo
1285 1435 1494 1505 quando
1517 1448 1547 1487 a
1573 1431 1712 1487 malo
1741 1430 1892 1485 audis
1914 1430 2086 1484 Evan-

496 1532 710 1600 gelitun.
739 1528 832 1583 Vae
865 1529 936 1582 illi
962 1529 1048 1598 qui
1080 1527 1180 1582 sibi
1214 1526 1514 1587 ministrat,
1548 1522 1598 1576 id
1627 1531 1708 1576 est
1731 1563 1746 1588 ,
1777 1519 1866 1590 qui
1897 1535 1988 1575 sua
2019 1519 2088 1573 ibi

495 1622 686 1692 quazrit
732 1637 745 1674 :
794 1629 865 1674 tu.
895 1619 1092 1674 Christi
1117 1619 1316 1687 accipe.
1363 1616 1638 1669 Ambulans
1663 1615 1715 1667 in
1741 1613 1820 1667 via
1847 1613 2091 1667 immacu-

497 1715 620 1772 lata,
667 1713 747 1766 hic
786 1711 908 1764 mihi
943 1709 1274 1762 ministrabat.

567 1805 652 1858 11.
703 1802 852 1876 [vers.
898 1799 976 1873 7.]
1021 1799 1140 1854 Non
1171 1800 1409 1853 habitavit
1443 1799 1457 1830 ¹
1489 1800 1540 1852 in
1569 1797 1732 1851 medio
1759 1798 1936 1850 domus
1967 1813 2090 1850 mea:

495 1899 683 1968 faciens
721 1895 1026 1962 superbiam.
1059 1891 1269 1946 Referte
1293 1893 1311 1922 ²
1341 1890 1407 1945 ad
1434 1889 1646 1944 domum
1677 1889 1816 1942 illam
1844 1929 1856 1952 ,
1889 1888 1936 1940 id
1965 1897 2044 1941 est
2064 1925 2090 1959 ,

493 1991 557 2045 ad
601 2005 711 2044 cor.
755 1989 870 2043 Non
915 1986 1184 2040 habitabat
1221 1987 1273 2038 in
1318 1983 1481 2039 corde
1524 1997 1644 2038 meo
1675 1981 1874 2036 faciens
1902 1997 2088 2049 super-

491 2084 631 2138 bia-n
663 2100 676 2135 :
711 2081 887 2136 nullus
918 2079 1033 2133 talis
1061 2077 1328 2132 habitabat
1363 2076 1413 2128 itt
1443 2073 1604 2129 corde
1633 2088 1785 2136 meo;
1821 2071 2084 2126 resiliebat

491 2173 632 2228 enim
671 2171 816 2226 inde.
854 2169 1022 2224 Nemo
1061 2166 1327 2220 habitabat
1363 2165 1412 2218 in
1440 2162 1601 2217 corde
1628 2175 1778 2224 meo,
1814 2161 1912 2214 nisi
1941 2160 2084 2214 initis

491 2273 546 2319 ει
571 2263 779 2334 quietus
803 2278 817 2326 ;
840 2259 1097 2329 superbus
1126 2271 1228 2311 non
1255 2257 1359 2310 illic
1381 2253 1669 2308 habitabat.
1693 2252 1806 2306 Non
1830 2253 1968 2307 enim
1993 2253 2084 2306 ha-

491 2355 622 2408 bitat
661 2355 712 2408 in
751 2351 913 2407 corde
947 2350 1073 2420 justi
1118 2348 1363 2419 injustus.
1407 2347 1541 2401 Sita
1573 2354 1623 2399 te
1643 2345 1817 2414 justus
1845 2355 2084 2399 remotus

490 2445 671 2500 nescio
693 2453 820 2514 quot
849 2441 1082 2497 millibus
1106 2437 1577 2501 ettnausiouibus;
1604 2436 1761 2490 simul
1793 2435 2039 2490 habitatis
2058 2475 2080 2504 ,

489 2538 532 2590 si
573 2551 730 2591 untun
780 2550 874 2589 cor
915 2532 1138 2587 habetis.
1189 2529 1309 2583 Non
1353 2529 1588 2582 habitavit
1622 2528 1674 2581 in
1711 2527 1873 2581 medio
1901 2527 2082 2580 domus

489 2643 612 2682 mea:
650 2627 840 2696 faciens
878 2623 1182 2694 superbiam.
1224 2621 1454 2692 Loquens
1491 2605 1664 2690 iniqua
1692 2636 1790 2673 non
1818 2619 2000 2672 direa‘it
2027 2620 2080 2672 in

489 2727 756 2784 conspectu
784 2715 1042 2768 oculorum
1068 2728 1309 2766 meorum.
1340 2711 1465 2766 ilccc
1490 2719 1572 2764 est
1599 2709 1682 2764 via
1709 2710 2041 2764 immaculata
2062 2751 2076 2773 ,

490 2808 576 2862 ubi
606 2806 946 2875 intelligimus
970 2803 1182 2875 quando
1208 2801 1274 2857 ad
1306 2817 1403 2856 nos
1427 2802 1602 2856 veniat
1624 2801 1898 2856 Dominus.

559 2901 645 2955 12.
672 2898 818 2972 [vers.
843 2898 877 2954 8
901 2896 922 2971 ]
948 2897 1014 2950 In
1040 2896 1298 2950 matutinis
1322 2894 1678 2965 interﬁciebam
1705 2911 1875 2949 omnes
1903 2911 2078 2966 pecca-

487 3005 620 3047 tores
649 3002 812 3045 terra.
845 2990 956 3044 lloc
982 2991 1263 3044 obscurum
1296 2995 1379 3043 εει
1401 3003 1414 3054 ;
1439 2987 1726 3058 dignam-iui
1752 2986 2029 3042 advertere
2061 3005 2076 3040 :

482 3088 590 3154 jam
625 3085 745 3139 linis
782 3083 976 3138 Psalmi
1005 3091 1102 3138 est.
1137 3080 1203 3135 In
1229 3081 1486 3134 matutinis
1525 3080 1882 3149 interﬁciebam
1906 3097 2076 3135 onmes

487 3187 770 3253 peccatores
799 3186 960 3230 terrm.
995 3174 1213 3241 Quare?
1243 3172 1311 3230 Ut
1341 3173 1628 3244 disperdam
1659 3173 1720 3226 de
1746 3173 1941 3228 civitate
1971 3173 2075 3228 Do-

485 3271 608 3323 mini
635 3285 806 3323 omnes
831 3277 1092 3338 opemntes
1121 3266 1452 3334 iniquitatem.
1480 3265 1614 3319 Sunt
1635 3280 1762 3334 ergo
1785 3265 1834 3318 in
1863 3265 2075 3320 civitate

485 3363 691 3417 Domini
729 3369 1011 3430 operantes
1051 3359 1380 3429 iniquitatem
1403 3400 1417 3422 ,
1464 3369 1517 3413 et
1555 3359 1705 3430 quasi
1735 3358 1968 3428 parcitur
1995 3359 2073 3413 eis

484 3453 662 3508 modo.
689 3453 904 3519 Quare?
929 3451 1061 3519 Quia
1086 3449 1462 3506 misericordiae
1489 3461 1696 3519 tempus
1723 3459 1841 3504 est:
1869 3451 1960 3505 sed
1984 3465 2076 3505 ve-

484 3543 590 3596 niet
619 3552 672 3596 ct
695 3541 876 3610 judicii
901 3558 916 3606 ;
940 3541 1059 3612 quia
1089 3542 1166 3596 sic
1193 3542 1353 3609 cmpit
1380 3541 1638 3605 Psalmus,
1670 3540 2072 3594 Misericordiam

481 3647 525 3688 ct
542 3635 791 3702 judicium
811 3635 1020 3689 cantabo
1043 3634 1148 3700 tibi,
1177 3634 1406 3689 Domine.
1429 3634 1543 3688 .lant
1566 3635 1894 3689 enutueravit
1910 3650 2071 3704 supc-

481 3731 591 3783 rius
633 3729 753 3798 quia
798 3742 901 3781 uon
948 3727 1018 3780 illi
1065 3727 1408 3780 adhaeserunt
1444 3727 1542 3780 nisi
1587 3727 1729 3780 boni.
1774 3727 1924 3781 Malis
1965 3743 2067 3782 non

480 3819 732 3885 adluesit,
781 3833 880 3874 nec
924 3817 1288 3872 delectabatur
1335 3817 1507 3886 epulis
1556 3817 1842 3887 iniquitatis
1883 3832 2066 3873 eorum

478 3911 567 3981 qui
589 3909 687 3965 sibi
711 3909 1112 3972 ministrabant,
1137 3924 1241 3963 non
1267 3909 1508 3975 Domino,
1541 3908 1592 3962 id
1621 3916 1722 3974 est,
1745 3922 1837 3962 sua
1859 3925 2066 3978 qua-rc-

479 4003 623 4057 bant.
672 4001 738 4056 Et
773 4001 923 4071 quasi
963 4001 1229 4056 diceretur
1256 4001 1363 4064 illi,
1395 4001 1462 4055 Et
1489 4001 1671 4071 utquid
1703 4003 1832 4057 tales
1860 4002 1912 4056 in
1940 4003 2068 4056 civi-

478 4105 583 4151 tate
621 4104 707 4149 tua
748 4103 894 4148 tanto
935 4102 1173 4164 tempore
1208 4093 1742 4162 tolerasti?Tempus
1767 4093 2068 4148 misericor-

477 4188 577 4242 diae
604 4197 719 4252 est,
751 4187 844 4240 ait.
877 4184 1010 4251 Quid
1043 4193 1124 4239 est
1149 4226 1162 4248 ,
1195 4193 1402 4253 tempus
1429 4183 1850 4239 misericordiae?
1880 4185 2066 4240 Adhuc

479 4279 710 4332 nondum
752 4279 1041 4334 revelatum
1079 4287 1162 4332 est
1185 4278 1438 4347 judicium
1471 4297 1482 4331 :
1513 4294 1615 4333 nox
1645 4289 1758 4346 est;
1789 4283 2065 4350 apparebit
2099 4327 2104 4332 .

477 4371 624 4436 dies,
670 4370 943 4440 apparebit
975 4370 1252 4440 judicium.
1299 4370 1433 4424 Audi
1477 4371 1786 4440 Apostolttm
1831 4390 1842 4424 :
1883 4371 2064 4442 Itaque

476 4464 630 4516 nolite
674 4472 790 4516 ante
827 4473 1022 4532 tempus
1063 4463 1336 4532 quidquam
1356 4464 1610 4532 judicare.
1641 4464 1774 4531 Quid
1805 4475 1884 4520 est
1903 4508 1918 4531 ,
1949 4478 2066 4521 ante

474 4565 668 4626 terripus
689 4553 715 4607 7
752 4554 888 4608 Ante
930 4553 1089 4608 diem.
1119 4553 1254 4608 Audi
1281 4553 1400 4624 quia
1429 4564 1550 4610 ante
1576 4553 1716 4609 diem
1745 4555 1877 4611 dixit
1906 4574 1918 4610 :
1953 4556 2062 4610 Do-

472 4662 561 4698 nec
590 4648 750 4700 veniat
774 4647 1019 4701 Dominus
1036 4687 1052 4713 ,
1079 4656 1122 4701 et
1144 4647 1389 4701 illutninet
1413 4647 1701 4702 abscondita
1725 4649 2071 4736 tenebrarum,

468 4750 516 4793 tt
538 4741 874 4812 manifestabit
898 4741 1219 4810 cogitationes
1239 4740 1404 4794 cordis
1429 4757 1447 4804 ;
1475 4749 1520 4792 et
1545 4750 1662 4793 tunc
1685 4739 1796 4794 laus
1825 4743 1916 4796 erit
1943 4745 2059 4797 uni-

474 4834 644 4902 cuique
668 4849 698 4885 a
724 4831 831 4886 Deo
861 4831 902 4903 (l
929 4831 1046 4886 Cor.
1076 4848 1126 4886 IV
1147 4873 1162 4896 ,
1197 4831 1270 4901 5).
1301 4831 1432 4885 Nam
1464 4831 1643 4898 modo,
1673 4833 1920 4902 quamdiu
1951 4851 2056 4890 non

467 4927 614 4981 rides
640 4942 733 4980 cor
763 4941 940 4980 meum
966 4934 1018 4979 et
1047 4940 1148 4978 non
1180 4925 1334 4979 video
1359 4940 1452 4980 eor
1477 4933 1620 4978 tuum
1643 4965 1658 4989 ,
1686 4941 1790 4980 nox
1821 4935 1922 4981 est.
1954 4927 2056 4982 Neo

463 5020 574 5072 seio
603 5017 728 5088 quid
757 5018 822 5073 ab
848 5017 1063 5073 homine
1091 5017 1267 5088 petisti
1293 5033 1309 5083 ;
1341 5032 1445 5072 non
1477 5017 1761 5088 accepisti,
1788 5021 2054 5075 contemni

464 5120 513 5163 te
559 5120 712 5180 putas
761 5130 774 5164 :
817 5120 872 5164 et
913 5108 1048 5164 forte
1085 5123 1187 5163 non
1227 5110 1622 5174 contemneris;
1659 5124 1753 5164 cor
1776 5111 1916 5164 enim
1949 5127 2052 5166 non

465 5202 610 5256 vides
648 5219 666 5257 :
709 5212 763 5259 et
817 5203 910 5258 :ito
953 5202 1328 5272 blasphemas;
1371 5201 1426 5256 in
1465 5209 1621 5257 nocte
1649 5202 1822 5257 danda
1850 5212 1931 5257 est
1959 5204 2050 5258 tibi

463 5294 616 5350 venia
654 5297 874 5351 erranti.
922 5295 1099 5365 Diligit
1138 5304 1190 5350 te
1231 5293 1392 5349 homo
1435 5296 1615 5350 nescio
1644 5294 1791 5364 quis,
1820 5303 1876 5349 et
1898 5305 2050 5364 putas

460 5387 580 5458 quia
613 5387 723 5441 odit
750 5396 838 5452 te;
870 5397 958 5440 aut
986 5385 1098 5440 odit
1125 5394 1210 5451 te,
1237 5393 1290 5440 et
1316 5394 1466 5455 putas
1487 5385 1608 5454 quia
1634 5383 1803 5455 diligit
1831 5393 1880 5438 te
1911 5403 1922 5436 :
1954 5385 2045 5439 sed

459 5479 731 5550 quodlibet
777 5477 892 5546 sit,
949 5493 1052 5532 nox
1089 5486 1198 5533 est.
1249 5476 1362 5531 Noli
1408 5477 1636 5542 timere,
1687 5492 1951 5546 prmsume
1994 5478 2045 5532 iu

458 5571 671 5624 Clll‘i:lO
695 5612 709 5635 ,
757 5570 808 5624 in
851 5569 938 5624 illo
982 5568 1175 5624 habeto
1217 5567 1356 5624 diem
1388 5585 1401 5622 :
1433 5582 1538 5622 non
1569 5575 1650 5623 est
1673 5567 1797 5638 quid
1827 5567 1951 5622 mali
1977 5569 2043 5623 de

519 5755 534 5785 ί
571 5755 642 5803 sic
677 5763 753 5802 An.-
814 5759 887 5800 ur.
916 5759 965 5800 et
1008 5751 1230 5811 prau‘iput
1257 5756 1357 5797 \tss.
1395 5748 1531 5809 juxta
1557 5752 1681 5795 LXX.
1711 5752 1761 5794 At
1785 5750 1914 5805 t.ov.,
1952 5741 2040 5794 ha-

466 5814 602 5846 “;ι.,ι.;

496 5817 536 5846 ,μ
595 5817 602 5824 -

486 5817 638 5928 £1,212
662 5886 742 5930 Ms;
803 5887 848 5928 ιι
873 5875 1002 5925 ΕΜ..
1029 5879 1279 5923 ret'ct‘tcre-

1745 398 1800 452 S.
1832 391 2197 450 AUGUSTINI
2240 391 2542 450 EPISCOPI

3653 409 3791 467 1292

2206 512 2295 567 illo
2327 515 2558 582 sentias,
2582 517 2700 586 quia
2726 519 2898 573 securi
2937 534 3120 578 sumus
3141 564 3154 588 ,
3193 530 3247 578 et
3283 523 3414 579 certi
3447 538 3631 586 sumus
3671 528 3790 598 quia

2203 605 2310 661 falli
2357 623 2462 662 non
2500 617 2709 678 potest;
2757 621 2900 667 amat
2928 627 3042 668 nos.
3073 615 3149 670 De
3179 615 3331 670 nobis
3359 626 3536 673 autem
3564 618 3791 675 invicem

2199 698 2435 754 nondum
2467 699 2484 732 ¹
2525 702 2659 756 certi
2701 716 2902 758 sumus.
2938 705 3076 760 Deus
3103 707 3247 762 enim
3277 709 3422 764 novit
3451 709 3790 768 dilectionem

2200 798 2434 846 nostram
2469 790 2522 845 in
2550 792 2775 847 invicem
2799 811 2812 849 :
2845 811 2941 850 nos
2966 805 3142 852 autem
3164 798 3372 853 etiamsi
3400 799 3668 872 diligimus
3696 818 3794 858 nos

2198 879 2423 936 invicem
2447 923 2461 947 ,
2506 883 2622 953 quis
2663 883 2807 938 videt
2848 902 2950 955 qua
2989 886 3388 957 dispensatione
3421 905 3452 944 ιι
3478 891 3632 947 nobis
3662 892 3795 948 ﬁant

2197 970 2340 1028 ista?
2367 973 2542 1041 Quare
2567 990 2725 1030 nemo
2746 976 2888 1031 videt
2913 993 3006 1032 cor
3026 979 3049 1032 ?
3073 978 3205 1048 Quia
3237 995 3338 1034 nox
3365 992 3464 1036 est.
3493 981 3549 1037 1η
3570 983 3667 1038 ista
3695 1000 3793 1038 no-

2195 1073 2280 1120 cte
2322 1066 2642 1122 tentationes
2683 1067 2974 1124 abundant.
3021 1069 3181 1138 Quasi
3222 1071 3289 1126 de
3333 1073 3444 1142 ipsa
3476 1082 3631 1130 nocte
3660 1075 3796 1131 dixit

2195 1155 2428 1224 psalmus
2458 1174 2472 1210 :
2495 1155 2722 1211 Posuisti
2750 1159 2976 1213 tenebras
2999 1201 3012 1224 ,
3039 1170 3082 1213 et
3102 1165 3241 1231 facta
3263 1151 3334 1215 est
3363 1179 3464 1218 nox
3485 1181 3503 1228 ;
3524 1165 3651 1218 inea
3677 1183 3795 1236 per-

2195 1247 2474 1301 transibunt
2516 1264 2686 1303 omnes
2733 1250 2901 1304 bestia:
2925 1251 3063 1305 silva:
3094 1269 3113 1305 :
3139 1253 3291 1306 catuli
3321 1255 3518 1307 leonum
3542 1256 3795 1326 rugientes

2194 1349 2247 1393 ut
2281 1341 2483 1410 rapiant
2504 1381 2518 1401 .
2547 1351 2590 1395 et
2620 1351 2672 1394 ut
2695 1352 2923 1413 quccrant
2952 1360 2982 1395 α
3009 1343 3117 1396 Deo
3149 1361 3311 1398 escam
3341 1345 3434 1399 sibi
3464 1346 3630 1416 (Psal.
3659 1363 3760 1416 cm_
3780 1390 3795 1411 ,

2191 1431 2292 1496 20,
2333 1430 2446 1504 2t).
2487 1431 2543 1485 ln
2575 1443 2732 1488 nocte
2761 1443 3008 1504 quaerunt
3037 1450 3212 1490 escam
3244 1437 3400 1491 catuli
3429 1413 3660 1492 leonum.
3689 1413 3795 1506 Qiti

2193 1533 2312 1576 sunt
2351 1523 2510 1578 catuli
2557 1524 2812 1579 leonum?
2857 1525 3160 1594 Principum
3202 1536 3254 1581 et
3297 1537 3616 1596 potestatum
3649 1530 3795 1584 aeris

2195 1615 2384 1686 hujus,
2411 1616 2682 1671 dzetuoues
2708 1625 2762 1671 et
2783 1617 2953 1687 angeli
2975 1617 3169 1672 diaboli
3194 1617 3406 1692 (Ep/tes.
3438 1636 3510 1687 ιι,
3541 1621 3618 1692 2).
3649 1621 3798 1690 Quo-

2192 1707 2350 1761 modo
2381 1707 2480 1762 sibi
2511 1718 2753 1777 quaarunt
2776 1709 2997 1763 escam?
3022 1709 3247 1776 Quando
3277 1719 3501 1765 tentant.
3534 1710 3639 1767 Sed
3667 1712 3794 1782 quia

2191 1815 2295 1854 non
2323 1800 2623 1868 accedunt,
2652 1800 2754 1855 nisi
2785 1801 2925 1856 Deus
2951 1792 3030 1857 eis
3058 1801 3265 1858 dederit
3287 1811 3602 1872 potestatem
3626 1822 3640 1871 ;
3671 1805 3798 1860 ideo

2190 1893 2386 1947 dictum
2431 1901 2544 1957 est,
2592 1893 2882 1958 Quaerentes
2931 1911 2962 1947 a
3007 1893 3117 1948 Deo
3157 1911 3318 1948 escam
3358 1896 3469 1950 sibi.
3510 1896 3798 1953 PctiitJob

2191 1984 2522 2040 tentandum.
2551 1984 2770 2050 Qualem
2799 1985 3019 2040 escam?
3058 1985 3372 2056 Opulentam
3406 1987 3426 2018 '
3449 2029 3464 2053 ,
3507 1989 3754 2060 pinguem
3776 2031 3796 2056 ,

2183 2086 2382 2168 justum
2425 2076 2553 2140 Dei,
2583 2077 2668 2129 eui
2701 2075 2812 2145 ipse
2843 2076 2980 2130 Deus
3013 2076 3369 2131 testimonium
3402 2077 3705 2148 perhibuit,
3739 2088 3796 2134 et

2187 2162 2259 2222 ait
2299 2185 2314 2222 :
2357 2167 2525 2222 Homo
2555 2167 2664 2220 sine
2691 2162 2895 2236 querela
2916 2207 2930 2232 ,
2965 2183 3108 2220 verus
3137 2165 3233 2220 Dei
3263 2167 3425 2221 cultor
3450 2167 3565 2237 fuit.
3599 2167 3796 2224 Pettvit

2187 2262 2332 2332 illum
2375 2259 2686 2315 tentandum
2712 2301 2726 2326 ,
2773 2275 3020 2329 quaerens
3061 2274 3090 2312 a
3146 2261 3255 2314 Deo
3296 2275 3472 2314 escam
3506 2279 3518 2314 :
3547 2269 3600 2315 et
3638 2277 3795 2316 acce-

2187 2355 2262 2422 pit
2311 2352 2620 2409 tentandum
2647 2394 2662 2417 ,
2701 2351 2792 2406 sed
2853 2367 2957 2405 non
3006 2351 3415 2422 opprimendum
3445 2351 3587 2424 (Job
3640 2369 3692 2417 ι,
3721 2354 3795 2409 8.

2187 2444 2274 2515 12)
2301 2461 2315 2510 ;
2345 2443 2699 2514 purgandum,
2723 2457 2829 2497 non
2851 2442 3200 2498 everteudum
3225 2459 3238 2509 ;
3262 2453 3353 2497 aut
3377 2442 3512 2499 forte
3537 2459 3634 2498 nec
3657 2460 3792 2515 pur-

2183 2536 2435 2608 gandum,
2456 2536 2549 2590 sed
2579 2535 2930 2604 probandum.
2957 2535 3158 2590 Tamen
3183 2544 3236 2590 et
3259 2537 3350 2606 qui
3376 2545 3663 2601 tentantur,
3695 2538 3793 2590 ali-

2184 2627 2396 2698 quando
2431 2627 2708 2682 u-aduntur
2733 2627 2942 2682 occulto
2969 2627 3162 2682 merito
3188 2642 3288 2682 suo
3316 2627 3368 2682 in
3400 2643 3587 2683 manus
3616 2638 3793 2684 lenta-

2185 2718 2314 2773 toris
2336 2759 2352 2785 ,
2383 2717 2503 2788 quia
2546 2716 2722 2772 traditi
2751 2725 2875 2771 sunt
2904 2717 3038 2771 forte
3063 2717 3114 2771 in
3143 2718 3605 2788 concupiscentias
3634 2734 3790 2773 suas.

2182 2809 2312 2864 Nam
2352 2809 2594 2864 diabolus
2619 2809 2748 2862 nulli
2776 2819 2966 2874 nocet,
2994 2809 3098 2862 nisi
3122 2809 3388 2878 acceperit
3418 2819 3735 2879 potestatem
3760 2828 3789 2866 τι

2183 2901 2312 2956 Deo.
2356 2899 2461 2956 Sed
2504 2899 2760 2970 quando?
2801 2898 2855 2953 In
2901 2908 3076 2954 nocte.
3109 2899 3246 2966 Quid
3275 2909 3358 2954 est
3381 2941 3396 2965 ,
3430 2900 3480 2954 in
3508 2896 3704 2954 nocte?
3730 2902 3790 2956 In

2182 2993 2284 3046 isto
2329 3001 2589 3060 tempore.
2631 2990 2765 3044 Cum
2807 2998 2986 3044 autem
3033 2989 3302 3044 transierit
3329 3006 3466 3056 nox,
3499 3000 3554 3045 et
3579 2996 3790 3052 veneris

2180 3084 2292 3139 dies
2316 3125 2331 3152 ,
2359 3083 2642 3138 mittuntur
2671 3083 2794 3136 mali
2821 3098 2941 3136 cum
2971 3083 3062 3138 illo
3086 3083 3135 3136 in
3165 3083 3337 3154 ignem
3361 3093 3618 3138 aeternum
3646 3125 3660 3148 ,
3691 3087 3787 3153 ju-

2179 3177 2244 3230 sti
2283 3190 2412 3230 vero
2450 3173 2502 3228 in
2543 3175 2701 3227 vitam
2743 3183 2997 3228 mternam
3043 3172 3254 3246 (Matth.
3293 3190 3426 3242 xxv,
3455 3173 3566 3245 46).
3596 3175 3788 3249 Nullus

2181 3268 2286 3321 illic
2328 3266 2429 3321 erit
2466 3273 2699 3320 tentator
2723 3306 2738 3331 ,
2767 3265 2888 3335 quia
2917 3280 3022 3319 non
3051 3274 3173 3319 sunt
3202 3265 3306 3320 illic
3335 3265 3493 3321 catuli
3522 3267 3740 3322 leonum
3768 3286 3784 3333 ;

2177 3359 2298 3430 quia
2338 3366 2600 3413 transacta
2641 3367 2722 3412 est
2749 3373 2874 3411 uox.
2912 3356 3036 3411 Ideo
3076 3357 3333 3413 Dominus
3361 3357 3638 3429 discipulis
3665 3360 3786 3415 suis

2175 3451 2250 3506 ait
2280 3469 2294 3505 :
2324 3449 2439 3504 Hac
2472 3458 2612 3503 nocte
2637 3449 2904 3520 postulavit
2931 3459 3136 3503 satanas
3165 3465 3344 3504 vexare
3371 3467 3453 3504 vos
3479 3451 3606 3504 sicut
3637 3453 3785 3506 triti-

2173 3558 2327 3609 cum;
2372 3549 2417 3594 et
2454 3557 2544 3612 ego
2569 3539 2738 3610 rogavi
2767 3555 2858 3608 pro
2887 3549 2965 3604 te,
3000 3537 3149 3593 Pctre
3168 3581 3182 3604 ,
3213 3557 3274 3594 ne
3303 3540 3503 3608 deﬁciat
3529 3541 3656 3610 fides
3692 3551 3783 3597 tua

2175 3631 2326 3702 (Luc.
2367 3646 2474 3686 χιιι
2497 3673 2511 3697 ,
2552 3631 2611 3684 51
2645 3670 2660 3696 ,
2693 3629 2806 3700 59.).
2838 3627 2974 3694 Quid
3007 3638 3122 3694 est,
3149 3645 3330 3683 vexare
3357 3631 3486 3684 sicut
3512 3631 3782 3688 triticwn.’

2173 3721 2449 3792 Quomodo
2486 3721 2554 3776 ab
2593 3720 2806 3774 homine
2848 3719 3080 3774 triticum
3113 3735 3216 3773 non
3254 3719 3637 3787 manducatur,
3673 3723 3781 3778 nisi

2172 3817 2347 3886 primo
2373 3813 2610 3869 attritum
2631 3855 2644 3879 ,
2680 3821 2736 3866 ut
2765 3826 2953 3881 panem
2985 3809 3143 3865 faciat
3168 3827 3182 3876 ;
3215 3811 3291 3866 sic
3321 3811 3589 3867 neminem
3617 3829 3780 3869 man-

2171 3908 2330 3963 ducat
2365 3905 2608 3960 diabolus
2631 3945 2645 3970 ,
2686 3903 2784 3957 nisi
2816 3902 2986 3972 primo
3010 3917 3108 3973 per
3133 3901 3524 3957 tribulationem
3557 3913 3777 3959 everte-

2172 4000 2260 4054 rit.
2301 3996 2572 4061 Conterit,
2612 4002 2669 4048 ut
2705 3992 2986 4048 manducet
3018 4011 3029 4046 :
3065 4001 3118 4047 tu
3149 4001 3325 4047 autem
3355 3992 3567 4062 quando
3598 3995 3777 4049 tribu-

2171 4091 2295 4152 laris
2315 4131 2331 4157 ,
2360 4087 2406 4142 si
2434 4100 2649 4143 maneas
2677 4099 2896 4155 granum
2921 4125 2934 4150 ,
2970 4097 3075 4137 non
3103 4081 3439 4136 conturheris
3464 4099 3478 4148 ;
3516 4081 3650 4136 nihil
3675 4083 3772 4138 tibi

2167 4175 2772 4250 contingit.,Quomodo
2816 4172 3028 4244 quando
3072 4173 3236 4228 boves
3275 4173 3562 4240 trituraut,
3607 4189 3769 4226 num—

2169 4273 2290 4345 quid
2332 4273 2384 4326 in
2411 4270 2582 4325 solum
2613 4266 2842 4321 triticum
2873 4264 3112 4318 intrant?
3142 4262 3307 4318 Simul
3337 4264 3616 4316 mittuntur
3645 4277 3770 4316 cum

2170 4363 2357 4420 tribula
2395 4363 2445 4416 in
2474 4374 2673 4414 arcam.
2704 4355 2808 4412 Sed
2836 4354 3086 4426 numquid
3119 4353 3406 4408 timendum
3435 4364 3515 4408 est
3543 4354 3770 4409 tritici»?

2169 4460 2338 4516 Absit.
2387 4456 2502 4510 Non
2551 4450 2846 4508 conciditur
2881 4448 2980 4502 nisi
3025 4447 3210 4517 palea;
3246 4446 3475 4501 triticum
3503 4445 3767 4516 spoliatus

2167 4547 2448 4620 superﬂuis
2487 4545 2507 4576 ³
2531 4587 2546 4612 ,
2593 4552 2648 4598 ει
2686 4541 2860 4595 veniat
2896 4537 3169 4593 ventilatio
3191 4578 3208 4605 ,
3236 4546 3290 4592 et
3316 4537 3548 4592 inveniet
3574 4536 3764 4607 puram

2168 4657 2395 4699 massam
2444 4663 2457 4693 :
2503 4651 2660 4708 quem
2710 4635 2910 4688 invenit
2947 4647 3171 4704 granum
3210 4630 3367 4684 mittit
3413 4631 3464 4684 in
3507 4629 3763 4685 horreum

2165 4752 2319 4792 suum
2345 4752 2360 4800 ;
2405 4742 2457 4788 et
2496 4744 2744 4785 acervqu
2777 4726 2940 4796 palea:
2967 4725 3241 4780 eomburet
3271 4723 3376 4795 igtti
3407 4723 3761 4795 iuexslingui-

2165 4831 2253 4885 bili
2281 4826 2489 4899 (Matth.
2523 4840 2610 4884 tu,
2643 4821 2752 4891 ιε).

2235 4920 2321 4974 15.
2374 4915 2523 4971 Unde
2565 4913 2672 4968 dixi
2716 4909 2860 4964 hoc?
2899 4908 3031 4977 Quia
3075 4907 3213 4962 diem
3255 4923 3308 4961 tn
3345 4921 3439 4977 spe
3468 4905 3752 4961 habemus.

2164 5012 2284 5066 Dies
2323 5007 2474 5064 nobis
2505 5007 2557 5062 in
2584 5005 2795 5059 Christo
2821 5001 2980 5056 debet
3008 5015 3146 5054 esse.
3177 4999 3304 5052 Nam
3330 4997 3580 5069 quamdiu
3613 4999 3757 5052 inter

2161 5100 2478 5157 tentationes
2507 5110 2689 5150 sumus
2709 5135 2723 5160 ,
2757 5108 2858 5145 nox
2887 5099 2988 5146 est.
3020 5089 3073 5144 in
3106 5091 3204 5143 ista
3232 5099 3384 5144 nocte
3411 5090 3581 5159 parcit
3612 5089 3754 5144 Deus

2158 5191 2524 5264 peccatoribus
2545 5231 2559 5253 ,
2593 5196 2644 5241 ut
2675 5200 2778 5239 non
2809 5185 2930 5237 illos
2961 5181 3107 5236 tollat
3133 5197 3146 5246 ;
3181 5180 3408 5252 ﬂagellat
3436 5181 3553 5235 illos
3576 5189 3754 5234 lenta-

2159 5287 2422 5353 tionibus,
2456 5291 2513 5337 ut
2545 5279 2913 5347 corrigantur;
2947 5275 3134 5329 tolerat
3161 5273 3276 5328 illos
3300 5273 3354 5328 iu
3382 5273 3600 5328 civitate
3625 5287 3746 5327 sua.

2217 5488 2234 5519 ι
2270 5486 2342 5533 sic
2365 5491 2462 5530 Αιιι.
2489 5489 2540 5530 ει
2553 5479 2736 5542 aliquot
2759 5483 2863 5526 Mss.
2879 5482 2934 5524 Αι
2956 5481 3030 5524 Er.
3053 5482 3104 5524 et
3125 5481 3255 5534 t.ov.,
3277 5473 3488 5524 nondum
3511 5478 3608 5522 tam
3625 5471 3748 5522 certi

2153 5559 2448 5668 “Vltima.
2475 5603 2637 5666 proba:
2657 5607 2788 5668 nota:
2812 5605 2917 5662 Ms"
2942 5585 3219 5662 patentem:
3245 5604 3297 5648 et
3317 5596 3429 5646 huic
3453 5596 3616 5646 favent
3631 5597 3742 5656 qut-

2149 5673 2257 5721 dam
2283 5661 2537 5723 habeIites,
2555 5661 2843 5727 opulentem.
2944 5661 2949 5662 ⁷
3381 5717 3392 5728 ο
3415 5717 3446 5728 η

2214 5736 2234 5765 ³
2267 5734 2337 5779 Sic
2359 5720 2594 5777 meliores
2616 5733 2720 5772 mss.
2738 5729 2794 5771 At
2817 5728 2888 5769 Er.
2909 5727 2959 5769 et
2982 5729 3108 5770 bove
3138 5729 3233 5769 Non
3258 5720 3525 5769 conciditur
3548 5726 3642 5779 nisi
3657 5728 3741 5776 po-

2151 5795 2242 5850 Ica,
2267 5777 2296 5840 ii
2319 5791 2477 5841 tritico
2498 5785 2747 5850 spoliatur,
2767 5781 3036 5908 superfuit,
3055 5790 3098 5832 et
3125 5781 3394 5844 renict,etc.
3415 5777 3740 5842 Αιιι.,1ιιδίρα-

2152 5857 2225 5906 lca
2248 5869 2275 5904 a
2300 5852 2456 5903 tritico
2476 5847 2722 5908 spatietur,
2750 5857 2891 5908 super
2933 5851 3013 5907 tut,
3045 5853 3138 5894 etc.
3721 5859 3723 5861 -

2152 5847 2275 5906 lca’a
2300 5852 2456 5903 tritico
2476 5847 2722 5914 spatietur,
2750 5847 3013 5908 superﬂuit,
3045 5853 3138 5894 etc.
3721 5859 3723 5861 -
