4056 6474
353 315 492 374 1293

346 431 604 486 Putamus
644 443 856 500 semper
896 427 1177 487 tolerabit?
1219 427 1274 485 Si
1323 443 1533 501 semper
1573 428 1932 485 misericordia

347 531 426 576 est
453 565 468 588 ,
516 535 620 575 non
668 520 1026 590 est’judicium
1072 537 1085 575 :
1130 521 1172 575 si
1213 529 1422 585 autem,
1463 519 1864 574 Misericordiam
1893 526 1940 573 et

342 611 594 685 iudicium
623 611 830 664 cantabo
862 611 976 678 tibi,
1009 609 1261 675 Domine;
1289 610 1446 666 modo
1473 612 1672 680 parcit,
1707 617 1831 664 tunc
1855 607 1942 678 ju-

346 701 566 757 dicahit.
613 701 717 758 Sed
763 703 974 772 quando
1011 701 1311 774 iudicabit?
1348 701 1480 756 Cum
1514 701 1783 756 transierit
1810 715 1935 755 nox.

343 791 475 848 Ideo
502 792 652 858 dixit,
699 791 766 846 In
793 793 1049 846 matutinis
1072 793 1427 860 interﬁciebam
1455 809 1626 846 omnes
1657 799 1940 862 peccatores

345 891 514 938 terra.
547 884 684 953 Quid
708 893 822 951 est,
853 882 922 938 In
948 885 1242 938 matutinis?
1268 877 1397 939 Cum
1427 883 1534 953 jam
1561 883 1674 937 dies
1695 883 1936 949 venerit,

344 983 509 1030 nocte
541 983 823 1030 transacta.
857 973 924 1028 In
954 975 1212 1029 matutinis
1237 974 1595 1044 interﬁciebam
1624 989 1794 1028 omnes
1826 989 1940 1042 pec-

345 1076 544 1121 calores
588 1075 751 1120 terrae.
793 1065 967 1134 Quare
999 1066 1075 1120 eis
1103 1065 1268 1136 parcit
1295 1080 1462 1136 usque
1489 1063 1555 1119 ad
1581 1061 1940 1118 matutinum?

343 1158 484 1226 Quia
515 1174 617 1213 nox
649 1167 782 1215 erat.
813 1157 949 1226 Quid
977 1167 1059 1212 est
1082 1201 1095 1224 ,
1125 1174 1230 1212 nox
1255 1159 1405 1212 erat?
1433 1157 1567 1224 Quia
1595 1165 1802 1228 tempus
1828 1165 1940 1212 erat

345 1250 602 1322 parcendi
634 1269 646 1304 :
679 1251 960 1321 parcebat,
993 1265 1112 1304 cum
1141 1249 1301 1303 corda
1331 1249 1606 1303 hominum
1635 1257 1816 1304 essent
1845 1263 1937 1302 oc-

346 1333 512 1397 culta.
545 1343 708 1397 Vides
735 1342 962 1412 aliquem
989 1343 1124 1396 male
1151 1342 1329 1397 vivere
1353 1384 1368 1410 ,
1400 1342 1594 1396 toleras
1621 1342 1766 1396 illum
1797 1357 1811 1395 :
1839 1357 1936 1395 ne-

347 1437 457 1491 scis
487 1435 628 1491 enim
659 1436 828 1506 qualis
857 1436 959 1490 erit
982 1477 997 1502 ,
1030 1437 1150 1504 quia
1176 1450 1285 1488 nox
1316 1443 1432 1500 est;
1463 1442 1638 1489 utrum
1669 1433 1756 1504 qui
1783 1432 1941 1488 hodie

345 1527 492 1582 male
518 1527 646 1581 vivit
669 1567 686 1594 ,
712 1542 830 1582 cras
855 1527 997 1582 bene
1017 1527 1155 1582 vivat
1179 1543 1193 1594 ;
1222 1539 1276 1581 et
1301 1537 1474 1580 utrum
1501 1527 1592 1597 qui
1619 1525 1775 1581 hodie
1803 1525 1940 1581 bene

345 1619 516 1687 vivit,
547 1635 668 1674 cras
694 1619 863 1673 malus
889 1621 975 1673 sit.
1007 1617 1121 1674 Nox
1147 1627 1230 1674 est
1256 1620 1397 1673 enim
1419 1661 1433 1686 ,
1463 1627 1516 1674 et
1541 1634 1726 1674 omnes
1753 1620 1942 1674 tolerat

349 1709 493 1766 Deus
512 1751 526 1774 ,
571 1709 692 1779 quia
729 1709 1045 1780 longanimis
1069 1717 1170 1764 est.
1197 1709 1410 1764 Tolerat
1433 1751 1448 1776 ,
1477 1717 1534 1763 ut
1561 1717 1940 1764 convertantur

347 1799 420 1854 ad
463 1800 610 1854 illum
651 1807 977 1869 peccatores.
1024 1797 1129 1854 Sed
1167 1799 1255 1870 qui
1298 1813 1404 1852 non
1443 1814 1502 1852 se
1525 1798 1862 1854 correxerint
1887 1797 1938 1851 in

353 1890 458 1945 isto
500 1898 742 1958 tempore
784 1888 1203 1956 misericordiae,
1249 1889 1648 1943 interﬁcientur.
1681 1887 1749 1942 Et
1777 1903 1941 1956 quare

351 1979 782 2035 interﬁcientur?
805 1978 874 2034 Ut
897 1979 1266 2050 disperguntur
1283 1978 1352 2034 de
1370 1979 1582 2033 civitate
1603 1978 1810 2034 Domini
1831 2022 1846 2046 ,
1873 1977 1940 2035 de

356 2071 605 2127 societate
641 2071 930 2127 Jerusalem
957 2114 971 2135 ,
1012 2071 1077 2125 de
1113 2073 1365 2128 societate
1388 2078 1688 2127 sanctorum
1709 2113 1724 2136 ,
1752 2071 1819 2125 de
1849 2083 1939 2125 so-

360 2163 548 2216 cietate
599 2161 868 2216 Ecclesia).
919 2160 1141 2230 Quando
1187 2172 1362 2217 autem
1408 2161 1832 2216 interiicientur?
1873 2159 1939 2214 In

355 2251 630 2308 matutinis.
662 2253 798 2322 Quid
824 2264 939 2319 est,
969 2253 1034 2308 In
1059 2255 1316 2307 matutinis
1333 2255 1359 2308 ?
1385 2252 1515 2307 Cum
1543 2268 1645 2307 nox
1671 2260 1938 2306 transacta

351 2347 530 2404 fuerit.
573 2345 750 2416 Quare
788 2347 947 2402 modo
992 2347 1202 2418 parcit?
1229 2345 1360 2411 Quia
1391 2355 1596 2414 tempus
1623 2353 1704 2399 est
1728 2344 1939 2398 miseri-

349 2438 569 2493 cordiae.
609 2437 782 2507 Quare
824 2454 928 2492 non
965 2452 1176 2507 semper
1209 2436 1420 2508 parcit?
1447 2436 1577 2502 Quia
1603 2477 1617 2500 ,
1646 2433 1937 2488 Mirericor-

349 2531 491 2584 diam
519 2539 564 2584 et
583 2531 834 2601 judicium
862 2529 1072 2583 cantabo
1098 2527 1214 2594 tibi,
1244 2526 1477 2580 Domine.
1505 2523 1719 2579 Fratres
1743 2565 1758 2592 ,
1781 2539 1940 2578 nemo

349 2623 453 2679 sibi
476 2623 774 2678 blandiatur
795 2640 812 2677 :
841 2621 1223 2677 interiicientur
1242 2633 1426 2674 omnes
1447 2627 1726 2688 operantes
1745 2617 1939 2687 iniqui-

349 2723 514 2769 tatem
541 2732 557 2781 ;
590 2714 868 2769 iuterllciet
889 2728 981 2768 eos
1008 2711 1248 2767 Christus
1272 2711 1322 2764 in
1349 2709 1638 2776 matutinis,
1662 2717 1714 2763 et
1733 2708 1940 2777 disper-

351 2805 442 2860 det
466 2820 560 2860 eos
585 2804 651 2859 de
675 2805 889 2859 civitate
916 2818 1029 2858 sua.
1058 2799 1164 2858 Sed
1195 2801 1352 2856 modo
1378 2815 1498 2856 cum
1530 2809 1737 2869 tempus
1769 2799 1936 2853 mise-

351 2895 596 2950 ricordiae
640 2903 757 2961 est,
803 2893 1018 2948 audiant
1063 2909 1204 2949 eum.
1248 2891 1454 2961 Ubique
1492 2891 1684 2945 clamat
1714 2903 1808 2960 per
1835 2888 1938 2943 Lc-

349 3000 471 3056 gem
493 3027 509 3050 ,
562 3000 656 3055 per
693 2985 984 3056 Prophetas
1010 3026 1024 3052 ,
1072 2999 1168 3054 per
1209 2983 1448 3038 Psalmos
1468 3023 1482 3047 ,
1516 2997 1610 3052 per
1635 2981 1897 3052 Epistolas
1920 3020 1938 3047 ,

351 3093 448 3147 per
487 3077 774 3147 Evangelia
819 3095 832 3131 :
873 3077 1047 3131 videte
1093 3075 1213 3146 quia
1255 3089 1360 3128 non
1393 3082 1560 3139 tacet,
1589 3073 1710 3144 quia
1738 3071 1936 3142 parcit,

349 3167 476 3237 quia
520 3176 702 3237 erogat
745 3165 1160 3221 misericordiam
1188 3181 1202 3232 ;
1244 3163 1336 3222 sed
1364 3174 1577 3231 cavete,
1607 3164 1728 3235 quia
1755 3173 1935 3218 ventu-

347 3275 469 3315 rum
496 3269 578 3315 est
600 3259 872 3330 judicium.

835 3422 915 3482 IN
959 3421 1338 3482 PSALMUM
1381 3417 1456 3481 CI

947 3521 1366 3576 ENARRATIO.

955 3627 1128 3669 ςιειιιιο
1153 3629 1170 3666 ι
1201 3611 1298 3683 (a).
1385 3651 1388 3654 .

811 3723 890 3779 De
917 3726 1080 3795 prima
1105 3735 1245 3796 parte
1271 3724 1485 3778 Psalmi.

425 3819 476 3872 1.
497 3815 646 3890 [vers.
671 3815 745 3888 1.]
772 3817 904 3872 Ecce
925 3831 1056 3872 unus
1077 3833 1274 3888 pauper
1293 3826 1431 3884 orat,
1454 3825 1631 3871 etnon
1652 3824 1770 3870 orat
1787 3817 1839 3870 in
1862 3817 1936 3870 si-

351 3909 536 3966 lentio.
557 3910 705 3964 Licet
725 3925 850 3980 ergo
867 3909 1050 3965 audire
1069 3925 1213 3976 eum,
1233 3910 1474 3964 etvidere
1493 3910 1735 3979 quisnam
1752 3909 1846 3963 sit:
1871 3925 1939 3964 ne

352 3999 490 4056 forte
505 4001 594 4055 ille
609 4000 769 4064 sit,de
785 4015 888 4070 quo
904 4001 1030 4054 dicit
1047 3991 1350 4070 Apestolus,
1374 3999 1472 4065 Qui
1487 4009 1692 4070 pr0pter
1711 4016 1794 4052 vos
1811 4017 1937 4070 pau-

353 4107 442 4156 per
461 4094 624 4160 {actus
641 4097 734 4155 est,
761 4107 873 4143 cum
893 4089 1026 4142 dives
1047 4097 1190 4154 esset,
1219 4099 1272 4142 ut
1287 4088 1428 4142 illius
1452 4097 1742 4158 paupertate
1759 4105 1843 4143 vos
1860 4090 1938 4142 di-

351 4175 586 4236 ‘aremini
607 4180 929 4252 (llCor.vm,
946 4181 1024 4250 9).
1049 4181 1104 4236 Si
1127 4196 1254 4252 ergo
1271 4181 1382 4250 ipse
1399 4191 1498 4248 est,
1517 4181 1784 4251 quomodo
1805 4197 1936 4252 pau-

353 4271 484 4342 per?
511 4271 644 4326 Nam
670 4271 934 4341 quomodo
955 4271 1122 4338 dives,
1145 4273 1262 4342 quis
1283 4287 1390 4326 non
1414 4272 1590 4327 videt?
1617 4271 1768 4328 Unde
1793 4273 1932 4327 enim

351 4363 598 4419 homines
635 4374 757 4419 sunt
795 4363 1021 4420 divites?
1071 4365 1203 4420 Puto
1249 4380 1398 4432 auro,
1433 4375 1670 4435 argento,
1713 4364 1932 4432 familia,

353 4463 493 4510 terra
525 4473 537 4508 :
570 4455 663 4510 sed
695 4455 863 4509 omnia
897 4471 984 4525 per
1003 4456 1168 4524 ipsum
1193 4459 1326 4526 facta
1353 4465 1489 4510 sunt.
1521 4455 1656 4522 Quid
1688 4471 1817 4527 ergo
1846 4457 1934 4512 illo

353 4542 534 4610 ditius,
575 4561 670 4613 per
707 4561 863 4613 quem
911 4543 1060 4599 factae
1086 4554 1209 4599 sunt
1251 4545 1462 4612 divitize,
1495 4548 1653 4600 etiam
1683 4547 1788 4600 illa:
1817 4563 1933 4617 quae

355 4651 458 4688 non
481 4645 604 4690 sunt
624 4651 764 4691 vera:
789 4637 1018 4691 divitiae?
1048 4637 1148 4692 Per
1171 4639 1317 4692 illum
1338 4640 1479 4694 enim
1503 4648 1554 4693 et
1583 4639 1685 4694 illa:
1710 4640 1930 4704 divitize,

353 4723 642 4794 ingenium,
659 4728 922 4781 memoria
947 4729 986 4794 ',
1021 4744 1215 4794 mores,
1245 4729 1373 4795 vita,
1405 4731 1565 4798 ipsius
1587 4733 1824 4801 corporis
1849 4747 1934 4786 sa-

353 4819 510 4880 nitas,
565 4819 772 4880 sensus,
815 4817 1264 4888 conformatioque
1303 4820 1659 4874 membrorum
1690 4837 1704 4874 :
1736 4821 1930 4876 etenim

351 4917 468 4958 cum
500 4905 613 4959 haec
643 4907 786 4960 salva
818 4915 959 4975 sunt,
988 4917 1041 4962 et
1069 4901 1325 4978 pauperes
1351 4910 1539 4964 divites
1561 4921 1702 4966 sunt.
1737 4913 1838 4966 Per
1863 4912 1929 4966 il-

350 4994 457 5049 lum
505 5006 560 5051 et
600 4997 704 5052 illa:
745 4999 974 5069 majores
1016 4999 1230 5066 divitim,
1277 4999 1430 5065 ﬁdes,
1479 5003 1668 5071 pietas,
1706 5003 1927 5072 justitia,

351 5087 604 5154 Charitas,
635 5091 869 5157 castitas,
899 5107 1076 5147 mores
1095 5093 1218 5147 boni
1249 5111 1261 5148 :
1295 5109 1452 5148 nemo
1473 5095 1612 5149 enim
1638 5105 1690 5150 et
1713 5097 1806 5151 has
1833 5098 1929 5150 ha-

351 5178 458 5244 bet,
497 5181 598 5236 nisi
635 5197 730 5251 per
761 5199 880 5238 cum
910 5185 998 5254 qui
1022 5185 1276 5254 justiﬁcat
1301 5186 1516 5255 impium
1542 5186 1714 5256 (Rom.
1746 5205 1817 5252 Iv,
1851 5189 1927 5262 5).

351 5270 486 5327 Ecce
514 5289 673 5344 quam
711 5275 882 5331 dives.
914 5277 1044 5344 Quis
1086 5278 1226 5332 enim
1257 5277 1424 5345 dives,
1464 5280 1552 5350 qui
1592 5279 1750 5336 habet
1789 5283 1928 5352 quod

413 5427 428 5460 ³
454 5435 626 5500 Amaet
635 5429 804 5493 plures
817 5439 920 5481 Mss.
947 5435 1712 5500 non_habent_vocet_n,_memoria.
1731 5437 1812 5486 Alii
1826 5440 1930 5500 qui-

349 5487 466 5563 dam.
480 5487 738 5563 emittant,
753 5505 925 5544 mores.
947 5495 1088 5563 Paulo
1118 5504 1226 5563 post
1249 5487 1729 5563 in_Fdd._'lege_batur,
1752 5487 1930 5563 conﬁr-

349 5557 586 5622 matioqne
600 5559 918 5605 membrorum
943 5567 960 5606 :
996 5557 1084 5606 sed
1107 5557 1281 5608 melius
1301 5558 1350 5607 in
1371 5557 1662 5610 Fulieiisium
1695 5565 1798 5621 Ms.,
1823 5557 1930 5610 έθη-

350 5611 570 5671 formatio
603 5627 677 5674 ue,
703 5625 796 5668 etc.
1784 5611 1797 5621 ’

351 5671 486 5782 sel(3|)
510 5626 828 5788 galitili‘ttéspost
857 5679 967 5730 anni
993 5679 1082 5730 403
1100 5680 1243 5742 leges
1265 5681 1314 5730 in
1331 5684 1622 5745 Donatistas,
1652 5683 1716 5733 de
1753 5684 1928 5748 quibus

351 5743 496 5782 set-In.
513 5743 561 5800 2,
585 5750 634 5785 ιι.
657 5743 706 5788 9.

1495 307 1890 372 ΕΝΑΒΒᾹΤΙΟ
1927 315 1992 371 1N
2029 312 2346 376 PSALMUM
2383 319 2468 378 Cl.

3491 342 3628 400 1296

2041 431 2150 485 vult
2168 431 2271 487 alio
2293 435 2534 500 lactente,
2549 453 2615 492 an
2638 441 2724 509 qui
2745 440 2867 496 facit
2886 445 3026 513 quod
3049 447 3158 503 t'ult
3176 458 3229 504 et
3247 451 3351 506 alio
3371 451 3626 512 habente?

2046 523 2180 613 Puto
2197 527 2316 594 quia
2329 525 2486 582 ditior
2506 529 2595 584 ille
2613 533 2699 600 qui
2716 531 2840 588 fecit
2854 536 2993 605 quod
3015 536 3208 606 habes;
3234 543 3353 611 quia
3375 546 3515 613 quod
3533 547 3622 602 ille

2043 612 2223 681 habet,
2245 626 2298 670 tu
2316 633 2420 672 non
2439 619 2618 674 habes.
2635 623 2771 678 Ecce
2788 641 2885 695 qua
2895 643 2942 679 ιιι
2959 627 3127 684 dives.
3147 629 3201 684 in
3218 631 3322 687 hoc
3339 612 3442 689 tam
3461 635 3625 693 divite

2046 705 2186 761 unde
2218 710 2441 777 agnituri
2462 726 2642 768 sumus
2665 715 2776 772 hinc
2806 719 2962 773 verba
2992 739 3004 774 :
3039 722 3264 778 (.‘inerem
3292 726 3417 782 sicut
3443 746 3623 799 panem

2045 797 2362 863 manducavi,
2391 811 2438 854 et
2461 813 2629 872 potum
2651 824 2814 861 meum
2833 826 2945 864 cum
2966 814 3088 881 ﬂetu
3122 815 3423 873 miscebant?
3442 797 3624 878 Hucne

2007 959 2010 962 Q
2045 885 2318 942 illzetanta:
2335 889 2530 946 divitize
2543 885 2929 962 pervenerunt?
2947 901 3164 957 Multum
3184 905 3310 960 illud
3329 911 3618 974 excelsum,

2047 977 2266 1032 multum
2289 978 2390 1034 hoc
2411 981 2693 1051 abiectum.
2717 986 2850 1055 Quid
2873 989 3156 1048 faciemus?
3176 998 3628 1066 quemadmodum

2047 1067 2144 1121 ista
2175 1069 2280 1124 ima
2310 1071 2414 1127 illis
2440 1077 2661 1131 summis
2687 1085 3239 1151 contemperabimus?
3257 1087 3425 1146 Nimis
3443 1092 3512 1150 ab
3537 1093 3621 1147 in-

2044 1161 2214 1214 vicem
2234 1160 2388 1232 longe
2407 1173 2548 1218 sunt.
2580 1166 2823 1224 Nondum
2853 1187 3081 1242 agnosco
3105 1175 3261 1234 istum
3298 1195 3618 1252 pauperem;

2045 1249 2182 1305 alius
2200 1260 2280 1306 est
2295 1253 2516 1310 fortasse
2538 1275 2550 1312 :
2569 1259 2664 1312 sed
2683 1261 2854 1318 adhuc
2865 1279 3179 1333 quaeramus.
3206 1249 3356 1328 Unde
3367 1249 3507 1329 enim
3527 1249 3624 1332 no-

2045 1340 2126 1395 bis
2141 1357 2243 1396 non
2264 1343 2470 1399 videtur
2495 1347 2629 1418 ipse,
2653 1351 2842 1406 mirum
2866 1355 2909 1408 si
2939 1355 3229 1429 interrogas
3253 1370 3429 1418 etnon
3458 1379 3620 1436 expa-

2045 1433 2214 1487 vescis
2255 1433 2496 1492 divitias:
2526 1437 2592 1492 In
2637 1441 2883 1513 principio
2923 1455 3028 1500 erat
3067 1446 3300 1518 Verbum,
3333 1463 3379 1508 et
3406 1433 3620 1510 Verbum

2045 1531 2150 1576 erat
2166 1525 2302 1594 apud
2321 1523 2504 1594 Deum,
2534 1539 2580 1582 et
2603 1529 2742 1586 Deus
2767 1545 2870 1588 erat
2897 1533 3110 1591 Verbum
3132 1553 3152 1593 :
3171 1541 3264 1594 hoc
3279 1552 3384 1598 erat
3403 1545 3456 1598 in
3471 1547 3618 1616 prin-

2045 1615 2175 1684 cipio
2200 1617 2338 1686 apud
2365 1617 2546 1673 Deum.
2583 1621 2768 1677 Omnia
2795 1641 2884 1693 per
2903 1627 3065 1696 ipsum
3093 1632 3229 1701 facta
3257 1643 3374 1687 sunt
3391 1674 3406 1700 ,
3439 1615 3486 1690 et
3514 1638 3620 1691 sine

2042 1706 2153 1776 ipso
2183 1709 2375 1778 factum
2415 1719 2484 1764 est
2508 1713 2656 1767 nihil.
2690 1715 2786 1782 Qui
2829 1717 2926 1771 ista
2955 1719 3104 1786 dixit,
3135 1737 3254 1778 cum
3285 1724 3502 1793 diceret,
3535 1727 3616 1782 di.

2046 1811 2137 1851 ves
2167 1809 2310 1865 erat;
2357 1813 2556 1871 quanto
2584 1808 2751 1884 magis
2783 1808 2870 1863 ille
2902 1809 2968 1864 de
2993 1827 3098 1881 quo
3123 1815 3349 1884 dicebat,
3383 1817 3448 1872 In
3475 1821 3618 1890 prin-

2043 1888 2176 1956 cipio
2196 1899 2299 1944 erat
2325 1889 2540 1947 Verbum
2568 1911 2586 1948 :
2630 1907 2682 1950 ct
2707 1913 2810 1952 non
2842 1901 3223 1975 qualecumque
3239 1888 3494 1975 Verbum,
3524 1911 3618 1968 sed

2053 1976 2268 2035 Verbum
2299 1981 2476 2052 Deus;
2509 2000 2560 2043 et
2599 2002 2702 2044 non
2735 1990 3073 2063 ubicumque,
3120 1997 3212 2052 sed
3251 2001 3390 2068 apud
3421 1999 3620 2068 Deum;

2043 2081 2098 2126 et
2125 2087 2228 2127 non
2257 2089 2470 2143 vacans,
2495 2079 2588 2134 sed
2619 2083 2784 2135 omnia
2809 2099 2896 2153 per
2925 2083 3090 2155 ipsum
3114 2085 3250 2157 facta
3272 2085 3432 2146 sunt?
3458 2089 3619 2146 Cinc-4

2041 2175 2154 2215 rem
2203 2161 2340 2217 sicut
2387 2181 2577 2234 panem
2621 2172 2970 2240 manducavit,
3002 2184 3058 2231 et
3084 2189 3264 2247 potum
3303 2195 3458 2236 suum
3497 2197 3615 2238 cum

2043 2248 2166 2304 tletu
2207 2256 2571 2312 commiscuit?
2613 2261 2951 2320 Metuendum
2999 2277 3081 2323 est
3119 2285 3187 2325 ue
3227 2273 3388 2328 tantis
3422 2273 3620 2331 divitiis

2044 2351 2224 2399 nostra
2253 2359 2534 2416 paupertas
2559 2350 2714 2408 meiat
2739 2355 3003 2425 injuriam.
3034 2360 3224 2427 Quzere
3245 2363 3418 2422 adhuc
3442 2375 3620 2423 tamen

2043 2441 2112 2480 ne
2137 2427 2250 2496 ipse
2277 2431 2346 2484 sit
2369 2447 2568 2502 pauper
2591 2435 2721 2501 iste;
2752 2441 2998 2508 quoniam
3038 2441 3252 2500 Verbum
3281 2464 3399 2502 caro
3425 2453 3616 2520 factum

2043 2528 2136 2582 est,
2165 2528 2208 2572 et
2230 2521 2466 2577 habitavit
2486 2527 2538 2579 in
2559 2527 2698 2582 nobis
2727 2529 2902 2602 (Joan.
2935 2549 2972 2598 ι,
3007 2535 3058 2600 1,
3087 2536 3141 2602 2,
3170 2538 3223 2604 5,
3249 2540 3360 2611 14).
3392 2541 3620 2614 Respice

2043 2618 2096 2664 et
2127 2611 2270 2666 illam
2298 2629 2481 2670 vocem
2528 2635 2542 2671 :
2574 2617 2685 2690 Ego
2711 2639 2882 2678 servus
2908 2634 3022 2680 tuus
3047 2637 3092 2681 et
3127 2629 3264 2698 filius
3292 2611 3620 2690 ancillazvtute

2044 2699 2215 2792 (Paul.
2243 2717 2366 2771 cxv,
2399 2707 2508 2778 16).
2539 2711 2766 2767 Attende
2806 2717 3050 2770 ancillam
3099 2719 3240 2776 illam
3289 2731 3520 2792 castam,
3564 2737 3619 2782 et

2041 2791 2322 2862 virginem,
2362 2805 2416 2851 et
2457 2808 2676 2856 matrem
2713 2821 2726 2858 :
2759 2804 2826 2860 ibi
2853 2807 2996 2861 enim
3023 2813 3228 2882 accepit
3255 2791 3616 2885 paupertatem

2043 2894 2302 2956 nostram,
2354 2891 2442 2948 ubi
2486 2896 2625 2950 servi
2667 2896 2836 2954 forma
2881 2901 3093 2958 indutus
3133 2914 3233 2972 est,
3275 2911 3618 2982 semetipsum

2043 2979 2390 3050 exinaniens;
2423 3000 2488 3040 ne
2515 2985 2721 3044 divitias
2749 2991 2862 3060 ejus
2885 3008 3285 3064 cxpavesceres,
3316 3008 3368 3053 et
3394 2979 3616 3070 adieum

2042 3071 2296 3128 accedere
2333 3089 2452 3130 cum
2501 3084 2588 3132 tua
2617 3081 2956 3138 mendicitate
2994 3101 3099 3139 non
3130 3088 3373 3144 auderes.
3415 3081 3500 3146 lbi
3529 3107 3620 3148 ac-

2039 3162 2200 3230 cepit,
2232 3163 2464 3234 inquam,
2509 3167 2735 3226 formam
2775 3176 2932 3239 servi,
2974 3176 3044 3230 ibi
3085 3185 3265 3234 nostra
3294 3173 3507 3238 indutus
3537 3193 3618 3240 est

2039 3263 2386 3322 paupertate;
2429 3258 2496 3312 ibi
2542 3274 2602 3315 se
2647 3267 2986 3332 pauperavit,
3019 3267 3090 3322 ibi
3133 3283 3230 3324 nos
3255 3271 3458 3327 ditavit.
3499 3273 3614 3328 Jam

2041 3357 2166 3412 ergo
2191 3346 2603 3416 prepinquamus
2638 3352 2704 3407 de
2741 3354 2831 3408 illo
2875 3355 2986 3411 haec
3014 3358 3308 3430 intelligere
3347 3379 3361 3416 :
3407 3378 3620 3418 verum-

2044 3443 2216 3488 tamen
2247 3437 2418 3493 adhuc
2445 3455 2548 3494 non
2586 3451 2668 3496 est
2696 3453 2894 3500 temere
2931 3451 3396 3517 pronuntiandum.
3427 3453 3616 3510 Partus

2042 3526 2260 3596 virginis
2301 3539 2384 3584 est
2421 3531 2556 3600 lapis
2597 3533 2711 3589 sine
2765 3537 3010 3593 manibus
3052 3539 3119 3594 de
3149 3550 3329 3597 monte
3364 3545 3617 3612 praecisus

2039 3616 2202 3688 (Dan.
2231 3635 2287 3686 ιι,
2317 3619 2432 3689 54),
2459 3622 2548 3677 ubi
2577 3623 2750 3680 nullus
2778 3628 3052 3684 hominum
3073 3641 3320 3700 operatus
3342 3643 3442 3700 ρει,
3470 3635 3614 3690 nulla

2043 3711 2303 3766 transfusa
2349 3715 2794 3784 concupiscentia,
2839 3719 2932 3774 sed
2971 3722 3082 3775 sola
3123 3723 3251 3778 tides
3277 3737 3519 3792 accensa,
3565 3733 3618 3781 et

2043 3801 2202 3856 Verbi
2230 3818 2354 3858 caro
2377 3817 2652 3876 concepta.
2691 3809 2892 3866 Deinde
2931 3813 3190 3881 processit
3219 3829 3284 3869 ex
3319 3825 3504 3882 utero;
3535 3817 3620 3872 lo-

2041 3895 2146 3947 cuti
2183 3903 2306 3948 sunt
2331 3897 2472 3962 coeli,
2518 3898 2704 3968 Angeli
2733 3901 3032 3968 pastoribus
3055 3904 3436 3960 nuntiaverunt
3459 3905 3613 3977 (Luc.

2041 3998 2097 4044 ιι,
2141 3985 2320 4057 7-14),
2355 3987 2508 4042 stella
2549 3989 2614 4041 ad
2654 3989 2982 4046 adorandum
3019 4008 3196 4063 regem
3237 4011 3418 4066 magos
3456 3999 3618 4053 traxit

2043 4074 2253 4145 (Matth.
2284 4093 2339 4142 ιι,
2373 4079 2422 4142 1,
2455 4077 2532 4149 2),
2583 4079 2798 4135 Simeon
2829 4082 3078 4152 impletus
3118 4083 3318 4154 Spiritu
3357 4083 3614 4143 infantem

2041 4165 2206 4220 Deum
2238 4167 2290 4221 in
2319 4173 2506 4224 matris
2527 4172 2768 4226 manibus
2795 4175 3032 4244 agnovit.
3060 4177 3298 4232 Accessit
3323 4187 3472 4247 tetas,
3505 4195 3612 4235 non

2040 4255 2320 4322 divinitati,
2359 4259 2450 4314 sed
2486 4263 2652 4315 carni.
2697 4263 2947 4330 llorrent,
2993 4266 3357 4337 miranturque
3399 4270 3608 4338 sapienv

2041 4349 2164 4402 tiam
2192 4351 2339 4419 pueri
2369 4350 2664 4407 duodennis
2695 4353 2736 4420 ί,
2782 4355 3009 4426 imperiti
3041 4372 3196 4412 senes
3224 4357 3374 4427 (Luc.
3409 4373 3446 4413 ιι
3471 4401 3485 4426 ,
3512 4359 3616 4416 25-

2038 4439 2148 4511 47).
2181 4441 2287 4494 Αιιι
2313 4441 2516 4496 etiamsi
2549 4443 2702 4512 periti
2730 4457 2918 4511 senes,
2948 4446 3072 4514 quid
3101 4447 3308 4501 illorum
3338 4449 3522 4518 peritia
3546 4449 3614 4505 ad

2038 4531 2270 4586 Verbum
2299 4532 2430 4586 Dei?
2455 4533 2578 4602 quid
2606 4534 2812 4588 illorum
2839 4536 3025 4605 peritia
3048 4538 3112 4591 ad
3133 4537 3454 4608 Sapientiam
3488 4540 3616 4596 Dei?

2035 4623 2222 4678 Nonne
2265 4633 2319 4678 et
2347 4625 2522 4693 periti,
2571 4625 2672 4680 nisi
2713 4625 2803 4680 illo
2850 4628 3220 4697 subveniente,
3258 4631 3438 4702 utique
3486 4647 3610 4703 per-

2039 4714 2198 4768 ituri?
2225 4714 2429 4769 Crescit
2451 4715 2622 4771 adhuc
2647 4725 2800 4771 actate
2821 4719 3062 4788 corporis
3091 4739 3103 4773 :
3131 4723 3276 4776 venit
3304 4722 3370 4776 ad
3397 4723 3611 4778 ﬂuvium

2037 4807 2416 4877 baptizandus;
2447 4808 2741 4878 baptizator
2767 4811 2932 4864 Deum
2961 4815 3220 4881 agnoscit,
3257 4815 3530 4885 indignum
3551 4831 3610 4871 se

2035 4899 2302 4953 solvendae
2347 4900 2694 4956 calCeamenti
2738 4903 2979 4973 corrigia:
3026 4904 3306 4961 conﬁtetur
3345 4907 3533 4980 (Marc.
3567 4925 3605 4974 ι,

2037 4991 2215 5062 7-H).
2244 4992 2360 5046 Jam
2405 4993 2528 5048 inde
2563 4995 2690 5050 creci
2735 4995 3122 5065 illuminantur,
3167 4999 3341 5053 surdis
3378 5001 3606 5070 aperitur

2035 5083 2264 5150 auditus,
2309 5083 2598 5154 loquuntur
2643 5087 2793 5152 muti,
2832 5087 3156 5144 mundantur
3199 5089 3416 5159 leprosi,
3447 5091 3604 5146 strin-

2035 5183 2227 5245 guntur
2257 5175 2550 5246 paralytici,
2598 5178 2976 5234 convalescunt
3019 5179 3271 5249 languidi,
3326 5195 3605 5252 resurgunt

2035 5265 2226 5320 mortui
2259 5266 2466 5336 (Matth.
2497 5284 2571 5332 xi,
2598 5269 2678 5338 5).

2103 5357 2158 5410 2.
2199 5357 2314 5412 Jam
2339 5359 2552 5428 quidem
2584 5359 2634 5414 in
2667 5359 2824 5415 Verbi
2861 5359 2998 5414 illius
3024 5376 3116 5428 per
3144 5361 3288 5431 quod
3326 5361 3462 5417 facta
3487 5375 3606 5420 sunt

2035 5449 2210 5503 omnia
2255 5451 2677 5519 comparatione,
2719 5450 3024 5504 divitiarum
3067 5465 3298 5522 agnosco
3325 5466 3606 5524 pauperta-

2037 5549 2176 5608 tem;
2227 5540 2320 5595 sed
2369 5555 2526 5611 quam
2570 5541 2725 5612 longe
2766 5541 2938 5596 adhuc
2972 5558 3002 5597 a
3043 5543 3221 5600 cinere
3254 5553 3308 5601 et
3335 5545 3462 5601 ﬂetu
3488 5561 3607 5601 cum

2032 5741 2066 5791 ά
2099 5681 2113 5712 ι
2149 5687 2214 5754 tta
2237 5691 2324 5728 sex
2366 5685 2470 5728 Mss.
2497 5677 2580 5726 Αιίι
2614 5691 2722 5728 cum
2757 5677 2890 5738 [ἀξίη
2915 5679 3196 5742 sapientiam
3221 5682 3312 5732 Dei
3330 5682 3469 5743 pueri
3491 5659 3608 5732 duti-

2067 5755 2217 5791 enim.

2067 5755 2217 5791 enim.
