4056 6516
428 380 567 440 1295

421 494 588 569 potu?
613 492 801 550 Adhuc
826 492 987 548 timeo
1012 490 1221 555 dicere,
1262 486 1379 558 ipse
1419 492 1536 553 est;
1566 494 1619 541 et
1649 495 1825 541 tamen
1857 483 2004 540 volo.

421 587 560 645 Sunt
597 586 683 641 hic
717 584 858 642 enim
891 600 1008 656 quae
1033 598 1118 638 me
1147 586 1337 651 cogant
1365 578 1499 634 velle
1526 619 1542 646 ,
1570 586 1623 633 et
1650 591 1833 632 rursus
1862 592 2006 647 qua:-

422 680 543 738 dam
571 694 687 749 qua:
715 690 805 733 me
821 683 1010 746 cogant
1041 675 1244 728 timere.
1274 668 1391 741 Ipse
1414 677 1517 737 est,
1542 676 1594 723 et
1621 685 1725 723 non
1754 678 1837 723 est
1865 668 1999 737 ipse.

423 770 537 827 lam
575 771 625 825 in
668 768 833 823 forma
873 764 1014 821 servi
1049 771 1150 829 est,
1191 761 1301 832 jam
1338 760 1615 816 mortalem
1656 758 2004 829 fragilemque

421 876 639 917 carnem
666 864 862 930 portat,
882 858 991 927 jam
1015 854 1305 909 moriturus
1333 851 1566 917 advenit,
1584 860 1639 906 et
1665 859 1840 905 tamen
1870 864 2007 903 non-

422 953 548 1009 dum
580 949 886 1019 intelligitur
913 947 965 1000 in
998 944 1098 999 hac
1126 952 1384 1015 egestate.
1416 943 1645 996 Cinerem
1668 942 1795 995 sicut
1820 955 2002 1012 panem

421 1041 740 1106 manducavi,
764 1048 810 1093 et
830 1046 1002 1109 potum
1022 1052 1185 1090 nteant
1207 1051 1320 1088 cum
1347 1035 1469 1106 ﬂetu
1497 1032 1783 1088 miscebam.
1828 1031 2005 1086 Addat

422 1151 549 1208 ergo
579 1140 945 1205 paupertatem
990 1128 1311 1201 paupertati,
1360 1135 1415 1183 ct
1457 1126 1797 1195 transfiguret
1843 1125 1896 1179 in
1943 1138 2003 1180 se

422 1244 613 1300 corpus
636 1223 948 1281 humilitatis
978 1228 1175 1277 nostrae
1204 1219 1460 1292 (Philipp.
1487 1234 1566 1285 ιιι,
1592 1216 1689 1290 21)
1712 1235 1724 1271 :
1751 1217 1819 1270 sit
1845 1223 2004 1285 caput

420 1326 681 1384 nostrum,
709 1317 877 1371 simus
904 1312 1141 1368 membra
1164 1310 1300 1380 ejus,
1334 1308 1442 1363 sint
1466 1309 1572 1363 duo
1604 1308 1657 1362 in
1684 1322 1846 1362 carne
1876 1322 2001 1361 una.

419 1411 536 1467 Jam
564 1411 706 1466 enim
738 1418 791 1462 ut
818 1406 1060 1477 primitus
1087 1418 1286 1475 pauper
1308 1410 1470 1467 esset,
1496 1400 1723 1456 formam
1754 1416 1895 1455 servr
1920 1414 2003 1455 ac-

419 1501 624 1571 cipiens
672 1497 781 1573 (Id.
816 1514 868 1564 ιι,
900 1498 977 1568 7),
1030 1495 1233 1552 dimisit
1270 1494 1484 1548 Patrem
1516 1511 1529 1546 :
1557 1492 1698 1563 quod
1726 1501 1905 1547 autem
1934 1491 2002 1549 de

420 1594 625 1665 virgine
661 1602 814 1647 natus
840 1600 943 1657 est,
983 1588 1217 1644 dimittat
1252 1594 1306 1642 et
1344 1596 1592 1651 matrem,
1638 1594 1692 1641 et
1730 1585 2000 1641 adhaereat

421 1686 576 1742 uxori
614 1700 745 1749 suae,
792 1692 846 1738 et
880 1683 989 1738 sint
1016 1681 1122 1736 duo
1160 1681 1213 1736 in
1252 1694 1416 1735 carne
1443 1694 1543 1734 una
1574 1678 1792 1751 (Ep/tes.
1827 1694 1879 1744 v,
1907 1679 1999 1745 31,

419 1776 535 1847 32).
567 1775 644 1831 Ita
663 1774 804 1830 enim
835 1781 993 1829 erunt
1017 1770 1124 1827 duo
1152 1770 1277 1826 etin
1306 1784 1436 1825 voce
1460 1784 1584 1835 una,
1612 1780 1666 1825 et
1704 1769 1755 1824 in
1788 1770 1875 1826 illa
1898 1784 1999 1825 una

418 1882 551 1923 voce
587 1868 698 1939 jam
749 1880 853 1919 non
894 1863 1205 1918 mirabimur
1244 1872 1481 1917 nostram
1512 1878 1695 1917 vocem
1728 1877 1743 1916 :
1774 1861 2002 1915 Cinerent

420 1959 549 2013 sicut
580 1974 759 2029 panem
802 1954 1119 2020 manducavi,
1149 1964 1195 2008 et
1226 1963 1396 2023 potum
1422 1969 1585 2006 meum
1611 1969 1725 2006 cum
1752 1954 1876 2024 ﬂetu
1902 1953 2000 2007 mi-

418 2046 635 2103 scebam.
687 2046 942 2117 Dignatus
963 2052 1045 2099 est
1069 2043 1210 2098 enim
1235 2042 1431 2098 habere
1457 2058 1554 2098 nos
1581 2043 1837 2099 membra.
1867 2044 2003 2102 Sunt

416 2147 470 2195 et
499 2138 816 2209 poenitentes
846 2137 897 2190 in
929 2135 1181 2190 membris
1207 2134 1341 2204 ejus.
1382 2134 1496 2191 Non
1526 2136 1669 2192 enim
1698 2137 1920 2205 exclusi,
1948 2148 2003 2194 et

420 2229 653 2301 separati
690 2237 812 2283 sunt
841 2228 906 2282 ab
943 2223 1183 2282 Ecclesia
1213 2226 1327 2297 ejus
1357 2244 1369 2280 :
1408 2242 1505 2281 nec
1533 2227 1749 2282 omnino
1774 2228 1873 2283 sibi
1902 2228 1999 2283 ad-

415 2323 657 2394 iungeret
683 2320 957 2391 conjugem
981 2362 996 2385 ,
1027 2319 1127 2373 nisi
1155 2318 1240 2373 illa
1270 2334 1402 2374 voce
1422 2360 1438 2386 ,
1468 2319 1608 2390 Agite
1638 2321 1997 2390 paenitentiam,

414 2412 832 2484 appropinquavit
872 2411 1004 2465 enim
1052 2426 1263 2481 regnum
1305 2408 1543 2463 caelorum
1571 2409 1779 2482 (Matth.
1813 2428 1888 2474 ιιι.
1917 2412 1997 2482 2).

413 2506 531 2563 Jam
556 2520 684 2576 ergo
713 2504 988 2559 audiamus
1010 2502 1136 2572 quid
1163 2511 1278 2557 oret
1305 2511 1463 2571 caput
1487 2500 1701 2573 (Ep/tes.
1724 2519 1796 2567 Iv,
1828 2503 1914 2571 15)
1947 2513 2000 2559 ει

414 2612 629 2667 corpus,
662 2609 889 2666 sponsus
916 2593 1099 2664 (Joan.
1122 2608 1199 2657 ιιι,
1227 2591 1318 2663 99)
1357 2602 1411 2647 et
1439 2606 1653 2661 sponsa,
1677 2592 1920 2649 Christus
1947 2604 1999 2650 et

411 2687 651 2743 Ecclesia
679 2728 696 2755 ,
741 2695 1025 2754 utrumque
1064 2700 1197 2738 unus
1230 2700 1243 2736 :
1273 2682 1367 2738 sed
1400 2682 1629 2738 Verbum
1660 2692 1715 2739 et
1734 2700 1863 2739 caro
1892 2700 1995 2741 non

412 2787 694 2848 utrumque
724 2790 921 2841 unum;
970 2774 1124 2829 Pater
1151 2779 1207 2828 et
1228 2771 1460 2828 Verbum
1489 2781 1769 2843 utrumque
1799 2790 1993 2840 unum;

412 2867 655 2923 Christus
684 2873 739 2922 et
766 2862 1001 2921 Ecclesia
1044 2873 1327 2933 utrumque
1350 2877 1537 2931 unus,
1579 2880 1711 2918 ιιιιιιε
1740 2864 1952 2935 quidam
1978 2866 1993 2897 ¹

411 2960 491 3013 vir
518 2958 780 3028 perfectus
805 2956 859 3011 in
880 2954 1057 3009 forma.
1072 2953 1415 3024 plenitudinis
1441 2938 1553 3009 sua:
1578 2969 1593 3007 :
1627 2953 1795 3009 Donec
1815 2971 1995 3009 occur-

410 3065 583 3104 ramus
615 3064 784 3102 omnes
806 3048 858 3101 in
882 3047 1125 3101 unitatem
1151 3044 1289 3115 ﬁdei,
1322 3045 1373 3099 in
1396 3045 1701 3115 agnitionem
1725 3044 1850 3100 Filii
1874 3045 1993 3116 Dei,

410 3140 461 3193 in
502 3140 660 3193 virum
707 3138 1001 3210 perfectum,
1028 3137 1104 3190 in
1151 3151 1436 3189 mensuram
1464 3136 1627 3191 aetatis
1667 3137 1996 3207 plenitudinis

410 3228 597 3284 Christi
618 3229 841 3302 (Ephes.
875 3244 947 3295 Iv,
994 3228 1104 3297 15).
1145 3227 1247 3283 Sed
1278 3227 1450 3283 donec
1478 3244 1818 3285 occurramus
1843 3272 1859 3298 ,
1886 3232 1998 3303 agi-

409 3329 499 3377 tur
545 3321 631 3376 hic
677 3328 959 3390 paupertas
988 3326 1188 3385 nostra,
1232 3318 1405 3390 agitur
1446 3318 1532 3374 hic
1557 3320 1731 3376 adhuc
1765 3322 1915 3378 labor
1940 3332 1997 3380 et

408 3412 656 3482 gemitus.
688 3411 895 3466 Gratias
918 3408 1293 3464 misericordiae
1322 3410 1509 3480 ipsius.
1542 3412 1695 3469 Unde
1716 3414 1790 3469 illi
1818 3415 1988 3483 labor,

410 3503 550 3558 unde
574 3501 800 3572 gemitus
838 3500 1032 3567 Verbo,
1059 3515 1154 3569 per
1179 3500 1320 3570 quod
1364 3500 1499 3557 facta
1538 3511 1662 3557 sunt
1690 3506 1906 3560 omnia?
1935 3507 1992 3563 Si

409 3592 653 3662 dignatus
672 3599 755 3644 est
780 3590 974 3644 habere
1006 3598 1230 3645 mortem
1255 3600 1514 3659 nostram,
1543 3608 1648 3647 non
1677 3594 1829 3650 nobis
1850 3596 1997 3652 dabit

409 3686 570 3740 vitam
616 3682 807 3738 suam?
854 3681 909 3737 In
957 3697 1201 3751 magnam
1237 3698 1386 3753 spem
1427 3690 1615 3751 erexit,
1659 3701 1996 3759 cummagna

410 3791 506 3846 spe
553 3774 833 3845 gemimus.
898 3772 1139 3828 Gemitus
1208 3774 1367 3830 habet
1423 3777 1727 3843 tristitiam;
1777 3780 1870 3835 sed
1917 3789 1999 3836 est

409 3867 636 3939 gemitus
685 3865 774 3935 qui
820 3864 979 3921 habet
1029 3873 1085 3919 et
1132 3866 1401 3936 gaudium.
1455 3868 1569 3940 Ego
1623 3879 1749 3941 puto
1811 3872 1996 3929 Saram

411 3960 645 4027 sterilem
698 3959 875 4013 laetam
928 3958 1262 4028 gemuissc',
1309 3975 1430 4015 cum
1481 3972 1687 4031 pareret
1732 3982 1746 4018 :
1792 3974 1845 4021 et
1901 3981 1998 4021 nos

410 4070 439 4108 a
482 4053 669 4109 timore
714 4058 806 4105 tuo
843 4051 1183 4120 concepimus
1225 4058 1281 4105 et
1329 4053 1704 4122 parturivimus
1753 4057 1995 4126 spiritum

412 4144 600 4200 salutis
652 4141 805 4212 (Isai.
856 4157 1002 4206 xxvr,
1034 4138 1144 4214 18).
1206 4141 1497 4201 Audiamus
1551 4158 1678 4216 ergo
1724 4145 1997 4205 Christum

414 4248 705 4306 pauperem
733 4233 785 4286 in
818 4232 971 4285 nobis
996 4239 1049 4285 et
1088 4232 1386 4299 nobiscum,
1423 4242 1476 4289 et
1496 4244 1721 4305 propter
1754 4253 1872 4293 nos.
1905 4238 1997 4294 Ti-

413 4327 551 4382 tulus
578 4324 721 4380 enim
770 4323 885 4393 ipse
909 4323 1113 4379 indicat
1145 4340 1457 4395 pauperem.
1501 4327 1781 4385 Postremo
1818 4340 1999 4401 putato

412 4434 499 4473 me
526 4417 845 4487 suspicatum
874 4414 1116 4484 quisnam
1162 4415 1232 4470 sit
1279 4416 1379 4473 iste
1421 4431 1653 4489 pauper;
1706 4422 1998 4478 orationem

413 4509 708 4574 audiamus,
740 4514 795 4561 et
838 4521 1120 4576 personam
1147 4520 1498 4577 agnoscamus
1543 4528 1557 4565 :
1597 4512 1784 4567 necubi
1830 4529 1997 4582 erres,

415 4598 627 4668 quando
650 4595 878 4651 audieris
899 4594 1096 4665 aliquid
1120 4596 1259 4665 quod
1279 4586 1518 4669 cooptari
1545 4601 1703 4670 capiti
1735 4602 1875 4657 illius
1894 4619 1999 4659 non

416 4691 613 4762 possit;
660 4688 780 4743 ideo
808 4688 1128 4758 prmlocutus
1155 4704 1270 4745 sum
1297 4733 1312 4757 ,
1346 4701 1403 4745 ut
1431 4692 1570 4762 quod
1617 4694 1721 4749 tale
1745 4695 1999 4764 audieris,

412 4796 480 4837 ex
524 4779 827 4835 infirmitate
868 4780 1107 4848 corporis
1152 4780 1400 4835 advertas
1447 4796 1679 4848 sonare,
1724 4794 1778 4840 et
1819 4802 2002 4842 vocem

419 4872 777 4929 membrorum
807 4887 1062 4943 agnoscas
1088 4873 1139 4927 in
1162 4873 1354 4944 capite.
1382 4873 1562 4930 Oratio
1584 4878 1768 4948 inopis,
1786 4879 1889 4935 hoc
1909 4880 2006 4934 ba-

408 4963 503 5020 bct
529 4962 709 5018 titulus
729 5006 743 5030 ,
775 4980 887 5017 cum
913 4974 1178 5035 angeretur
1204 5005 1217 5029 ,
1250 4975 1296 5019 et
1324 4966 1376 5019 in
1406 4979 1671 5038 conspectu
1700 4969 1903 5025 Domini
1930 4974 2004 5043 ef-

413 5057 547 5125 fudit
590 5071 785 5127 precem
828 5072 990 5110 suam.
1032 5056 1147 5125 Ipse
1175 5057 1260 5113 ille
1292 5072 1493 5127 pauper
1518 5068 1630 5127 est,
1656 5062 1743 5131 qui
1774 5062 1897 5117 alibi
1923 5063 2005 5117 di-

416 5147 491 5203 cit
522 5164 535 5201 :
579 5148 619 5200 A
661 5147 844 5213 ﬁnibus
869 5155 1014 5200 terra!
1041 5148 1108 5199 ad
1138 5156 1183 5200 te
1206 5148 1421 5202 clamavi
1443 5191 1456 5214 ,
1488 5166 1603 5204 cum
1631 5163 1894 5222 angeretur
1920 5169 2008 5207 cor

415 5254 580 5292 meum
623 5236 795 5308 (Psal.
827 5252 894 5291 ιιι
917 5277 933 5303 ,
963 5237 1038 5305 5).
1072 5236 1173 5291 lste
1199 5238 1312 5307 ipse
1340 5253 1538 5308 pauper
1565 5250 1648 5295 est
1670 5284 1684 5307 ,
1714 5243 1834 5312 quia
1867 5244 2003 5299 idem

414 5331 530 5399 ipse
573 5329 818 5384 Christus
861 5338 979 5393 est;
1020 5330 1108 5399 qui
1136 5344 1194 5385 se
1218 5331 1353 5401 apud
1383 5333 1692 5403 prophetam
1716 5376 1730 5401 ,
1764 5346 1817 5389 et
1846 5351 2007 5404 spon-

418 5437 534 5476 sum
579 5422 745 5493 dixit,
785 5429 839 5477 et
866 5436 1124 5491 Sponsam
1172 5439 1186 5475 :
1234 5422 1377 5477 Sicut
1413 5441 1598 5493 sponso
1626 5427 1851 5497 alligavit
1882 5429 2007 5482 mihi

415 5514 617 5566 mitram
644 5529 664 5578 ;
706 5520 755 5567 et
799 5512 926 5565 sicut
965 5529 1203 5583 sponsam
1230 5513 1396 5567 induit
1425 5531 1502 5568 me
1531 5528 1823 5571 ornamento
1855 5517 2005 5589 (Isai.

414 5618 505 5658 ιιιι
528 5645 541 5669 ,
586 5602 697 5670 10).
729 5602 797 5658 Se
823 5602 955 5657 dixit
981 5618 1232 5673 sponsum
1255 5646 1269 5671 ,
1298 5619 1355 5659 se
1380 5602 1513 5659 dixit
1541 5620 1789 5675 sponsam
1819 5624 1834 5676 ;
1869 5610 2006 5666 unde

483 5738 499 5806 ξ
535 5737 606 5806 sic
628 5742 733 5806 Mss.
757 5743 808 5785 Αι
832 5736 962 5796 Ει1ι1.,
989 5734 1225 5806 quident._

478 5799 499 5830 ⁸
533 5803 611 5846 Er.
638 5806 687 5847 et
708 5804 839 5859 t.ov.,
863 5799 1096 5861 genuisse.
1122 5799 1289 5849 Verius
1305 5805 1407 5848 Am.
1435 5806 1486 5852 et
1506 5805 1632 5864 lites,
1659 5801 1910 5863 gemuisse.

1651 371 1711 430 S.
1751 367 2113 430 AUGUSTINI
2153 372 2459 431 EPISCOPI

3567 371 3705 434 me

2117 487 2218 545 hoc
2240 529 2255 555 ,
2281 488 2383 544 nisi
2412 488 2531 560 quia
2555 502 2808 559 sponsum
2838 493 3055 559 propter
3076 494 3234 559 caput
3252 530 3266 557 ,
3294 502 3544 559 sponsam
3572 505 3699 563 pro—

2109 590 2229 649 pter
2247 581 2479 649 corpus?
2504 577 2617 635 Vox
2639 595 2765 650 ergo
2788 593 2889 634 una
2910 621 2926 647 ,
2951 578 3073 650 quia
3094 594 3219 636 caro
3240 594 3361 635 una.
3386 578 3700 650 Audiamus,

2109 682 2162 727 et
2187 673 2360 742 potius
2382 673 2433 727 in
2459 672 2540 726 his
2563 673 2777 728 vocibus
2798 687 2895 727 nos
2915 689 3126 743 quoque
3153 687 3547 744 agnoscamus;
3572 674 3627 730 e‘t
3651 668 3701 730 si

2109 779 2206 819 nos
2231 773 2379 819 extra
2406 778 2525 819 esse
2552 764 2838 819 viderimus
2857 805 2871 828 ,
2902 763 2973 818 ibi
3002 778 3121 819 esse
3146 763 3474 820 laboremus.

2178 854 2231 909 ὅ.
2282 852 2431 926 [vers.
2471 854 2507 907 2
2536 896 2551 921 ,
2598 853 2682 928 5.]
2732 872 2751 907 ι
2805 854 3049 921 Exaudi,
3094 854 3352 921 Domine,
3403 855 3699 915 orationem

2109 958 2279 997 meam
2306 985 2321 1009 ,
2367 954 2420 999 et
2458 944 2662 999 clamor
2689 960 2839 1000 meus
2867 945 2934 999 ad
2966 953 3015 1000 te
3045 945 3338 1015 perveniat.
3377 963 3397 999 ι
3432 945 3546 1001 Hoc
3574 956 3700 1013 est,

2113 1053 2132 1088 ι
2180 1035 2426 1102 Exaudi,
2474 1037 2728 1102 Domine,
2773 1037 3065 1091 orationem
3108 1052 3322 1103 meam;
3358 1054 3379 1089 ι
3409 1036 3551 1107 quod
3576 1046 3701 1105 est,

2112 1144 2132 1179 ι
2165 1128 2370 1183 clamor
2399 1143 2545 1182 meus
2574 1127 2641 1182 ad
2674 1138 2723 1182 te
2748 1128 3020 1196 perveniat
3050 1146 3063 1181 :
3099 1146 3118 1180 ι
3152 1129 3202 1183 in
3225 1128 3582 1199 geminatione
3618 1126 3701 1182 af-
3796 1128 3809 1140 ⁸

2108 1219 2276 1275 fectus
2321 1221 2546 1291 petentis
2589 1229 2691 1275 est.
2742 1219 2825 1275 Ne
2869 1230 3063 1275 avertas
3106 1221 3287 1291 faciem
3329 1232 3469 1275 tuam
3514 1238 3546 1274 a
3593 1236 3697 1275 me.

2106 1310 2328 1378 Quando
2352 1313 2489 1366 Deus
2506 1328 2533 1365 a
2562 1312 2738 1367 Filio?
2759 1312 2969 1383 quando
3000 1312 3157 1368 Pater
3178 1312 3252 1383 (a)
3269 1328 3297 1366 a
3314 1311 3571 1368 Christo?
3592 1311 3701 1369 Sed

2108 1410 2324 1471 propter
2368 1402 2728 1457 membrorum
2759 1411 3118 1473 paupertatem
3143 1444 3159 1469 ,
3192 1402 3275 1457 Ne
3298 1414 3491 1457 avertas
3517 1403 3701 1475 faciem

2106 1502 2244 1546 tuam
2282 1510 2314 1546 a
2352 1510 2447 1547 me.
2486 1492 2552 1547 In
2589 1510 2900 1565 quacumque
2925 1495 3006 1548 die
3032 1494 3243 1548 tribulor
3264 1537 3279 1561 ,
3311 1495 3500 1549 inclina
3527 1512 3702 1550 aurem

2108 1592 2245 1639 tuam
2271 1583 2339 1637 ad
2364 1601 2459 1637 me.
2490 1584 2735 1639 Tribulor
2755 1586 2895 1640 enim
2925 1578 3170 1639 deorsum
3196 1603 3210 1651 ;
3232 1594 3285 1639 tu
3306 1594 3482 1640 autem
3503 1601 3560 1641 es
3581 1601 3702 1640 sur-

2106 1690 2221 1729 sum
2258 1693 2271 1729 :
2304 1675 2347 1729 si
2380 1691 2463 1730 me
2493 1676 2690 1731 extollo
2715 1718 2727 1740 ,
2762 1676 2914 1745 longe
2946 1675 3045 1742 fis;
3074 1678 3116 1729 si
3146 1691 3230 1732 me
3256 1676 3475 1731 humilio
3496 1718 3511 1744 ,
3543 1677 3697 1731 incli-

2107 1782 2203 1821 nas
2233 1782 2416 1820 aurem
2456 1776 2595 1820 tuam
2623 1766 2687 1820 ad
2716 1781 2821 1822 me.
2857 1767 2960 1822 Sed
2990 1767 3115 1837 quid
3144 1777 3225 1822 est
3249 1809 3264 1831 ,
3293 1766 3360 1820 In
3389 1784 3703 1837 quacumque

2107 1858 2188 1911 die
2216 1857 2425 1911 tribulor
2446 1858 2471 1911 ἱ)
2496 1858 2645 1912 Νιιηε
2674 1858 2811 1912 enim
2842 1874 2943 1911 non
2978 1856 3298 1912 tribulatur?
3326 1868 3418 1912 aut
3446 1857 3543 1913 ista
3574 1857 3592 1889 ¹
3620 1857 3700 1912 di-

2106 1959 2277 2015 ceret,
2302 1949 2399 2002 nisi
2426 1949 2608 2003 tribula
2619 1950 2799 2003 retur?
2820 1948 3099 2004 Sufficeret
3128 1964 3275 2019 ergo,
3301 1948 3493 2003 lnclina
3515 1964 3699 2004 aurem

2109 2049 2252 2093 tuam
2293 2039 2359 2093 ad
2391 2054 2505 2107 me,
2532 2040 2779 2109 quoniam
2811 2040 3053 2094 tribulor.
3084 2038 3149 2093 In
3173 2056 3483 2111 quacumque
3506 2040 3588 2094 die
3611 2039 3699 2093 tri-

2108 2130 2283 2195 bulor.
2330 2130 2517 2184 inclina
2557 2146 2729 2183 aurem
2775 2140 2914 2183 tuam
2958 2130 3026 2183 ad
3068 2148 3144 2184 me
3187 2147 3205 2184 :
3251 2140 3495 2201 tanquam
3523 2131 3699 2186 unitas

2107 2220 2382 2289 corporis;
2426 2220 2471 2274 si
2507 2221 2703 2289 patitur
2736 2236 2896 2274 unum
2943 2220 3240 2274 membrum
3263 2263 3277 2285 ,
3308 2222 3700 2290 compatiuntur

2106 2311 2281 2364 omnia
2313 2309 2548 2365 membra
2582 2310 2625 2379 (l
2657 2310 2771 2363 Cor.
2804 2326 2915 2377 xu,
2946 2311 3061 2384 9.6).
3093 2311 3384 2365 Tribularis
3414 2320 3469 2366 tu
3498 2310 3693 2380 hodie,

2106 2418 2204 2473 ego
2241 2404 2497 2466 tribulor;
2528 2404 2806 2458 tribulatur
2834 2404 2967 2457 alius
2997 2404 3230 2459 crastino
3256 2445 3269 2469 ,
3301 2419 3401 2473 ego
3430 2403 3695 2470 tribulor;

2106 2506 2225 2565 post
2265 2497 2418 2551 istam
2455 2497 2850 2567 generationem
2890 2498 2976 2551 alii
3020 2497 3262 2567 posteri,
3287 2498 3375 2568 qui
3404 2496 3697 2552 succedunt

2107 2590 2362 2659 posteris,
2414 2590 2763 2653 tribulantur,
2810 2587 2909 2659 ego
2954 2589 3216 2655 tribulor;
3260 2604 3427 2659 usque
3454 2588 3504 2643 in
3535 2589 3697 2645 ﬁnem

2104 2681 2282 2735 seculi
2305 2722 2318 2743 ,
2364 2682 2682 2751 quicumque
2731 2682 2781 2734 in
2811 2696 2930 2736 meo
2956 2696 3181 2751 corpore
3213 2681 3529 2735 tribulantur
3554 2723 3570 2746 ,
3596 2695 3697 2751 ego

2105 2770 2347 2826 tribulor.
2384 2789 2402 2822 ι
2437 2772 2495 2826 In
2525 2786 2851 2842 quacumque
2880 2790 2897 2823 ι
2926 2787 3052 2841 ergo
3080 2790 3098 2823 ι
3129 2772 3213 2826 die
3236 2771 3476 2836 tribulor.
3500 2770 3695 2827 inclina

2103 2880 2287 2921 aurem
2326 2874 2468 2920 tuam
2507 2865 2571 2919 ad
2611 2881 2715 2920 me.
2772 2865 2827 2921 In
2872 2880 3205 2935 quacumque
3253 2864 3340 2919 die
3379 2866 3696 2920 invocarem

2104 2966 2191 3023 te,
2227 2956 2333 3011 cito
2376 2955 2565 3010 exaudi
2613 2971 2718 3010 me.
2756 2976 2774 3008 ι
2814 2956 2927 3010 [loc
2964 2956 3105 3009 idem
3145 2964 3244 3010 est.
3288 2954 3405 3010 Jam
3449 2942 3695 3009 nunc-in-

2102 3062 2271 3111 voco;
2312 3048 2403 3100 sed
2426 3088 2443 3112 ,
2491 3064 2511 3097 ι
2564 3046 2620 3100 1η
2650 3061 2981 3117 quacumque
3011 3046 3097 3100 die
3129 3046 3443 3101 invocavero
3473 3054 3558 3110 te,
3586 3046 3695 3099 cito

2102 3137 2286 3191 exaudi
2313 3152 2416 3192 me.
2448 3156 2465 3189 ι
2501 3137 2681 3191 Oravit
2708 3137 2896 3192 Petrus
2918 3178 2935 3201 ,
2962 3138 3132 3191 oravit
3155 3124 3383 3203 Paulus,
3405 3143 3694 3190 oraverunt

2101 3228 2278 3283 carteri
2317 3228 2597 3299 Apostnli;
2636 3238 2920 3282 oraverunt
2962 3227 3148 3282 fideles
3189 3226 3514 3295 temporibus
3544 3225 3691 3294 illis,

2100 3327 2386 3374 oraverunt
2427 3318 2610 3374 fideles
2644 3319 3089 3389 consequentibus
3120 3317 3444 3388 temporibus
3464 3359 3477 3382 ,
3504 3332 3693 3373 orave-

2099 3422 2224 3465 runt
2265 3409 2449 3465 fideles
2487 3421 2780 3482 martyrum
2814 3410 3140 3479 temporibus
3160 3449 3175 3474 ,
3204 3418 3358 3463 orant
3387 3409 3568 3464 fideles
3596 3424 3694 3463 no-

2099 3503 2224 3558 stris
2262 3502 2587 3571 temporibus
2607 3542 2623 3568 ,
2652 3501 2879 3556 orabunt
2908 3500 3092 3555 fideles
3124 3509 3455 3571 posterorum
3485 3508 3695 3570 tempo-

2101 3595 2247 3650 ribus
2275 3612 2288 3648 :
2322 3594 2387 3648 In
2414 3611 2723 3665 quacumque
2743 3596 2823 3647 die
2849 3596 3139 3648 invocavero
3166 3602 3231 3657 te,
3256 3594 3355 3647 cito
3380 3594 3565 3647 exaudi
3584 3609 3687 3647 me.

2100 3687 2207 3741 Cito
2251 3688 2433 3740 exaudi
2472 3702 2491 3740 :
2529 3687 2639 3756 jam
2664 3687 2806 3741 enim
2836 3688 2934 3740 hoc
2964 3701 3092 3756 rogo
3118 3686 3260 3755 quod
3288 3686 3415 3740 dare
3446 3686 3542 3739 vis.
3574 3678 3692 3739 Non

2102 3788 2308 3834 terrena
2343 3780 2492 3850 quasi
2539 3790 2779 3833 terrenus
2804 3820 2819 3845 ,
2847 3778 2940 3833 sed
2967 3793 3030 3833 ex
3062 3780 3231 3848 prima
3256 3778 3560 3847 captivitate
3579 3775 3691 3847 jam

2101 3872 2439 3942 redemptus,
2481 3887 2701 3941 regnum
2743 3871 2999 3925 oculorum
3037 3870 3321 3935 desidero;
3367 3867 3476 3923 Cito
3505 3867 3694 3921 exaudi

2102 3982 2180 4019 me
2202 3982 2221 4019 :
2252 3980 2355 4019 non
2377 3965 2517 4019 enim
2549 3964 2648 4017 nisi
2680 3963 2767 4017 tali
2793 3963 3057 4018 desiderio
3094 3962 3312 4028 dixisti,
3338 3960 3513 4013 Adhuc
3540 3969 3587 4013 te
3608 3958 3691 4013 lo-

2101 4068 2282 4127 quente
2326 4058 2524 4122 dicam,
2570 4054 2703 4108 Ecce
2742 4055 2922 4108 adsum
2961 4053 3113 4126 (Isni.
3164 4069 3326 4121 Lvm,
3357 4052 3433 4124 9).
3466 4050 3532 4105 In
3561 4067 3693 4122 qua-

2103 4166 2314 4220 cumque
2352 4149 2433 4203 die
2476 4150 2765 4203 invocavcro
2792 4158 2871 4213 te,
2901 4148 2998 4216 gito
3025 4147 3208 4201 exaudi
3235 4162 3331 4200 me.
3361 4145 3512 4202 Unde
3542 4145 3695 4200 invo-

2103 4242 2229 4295 cas?
2263 4240 2330 4295 de
2365 4255 2465 4309 qua
2503 4238 2883 4293 tribulatione?
2908 4237 2974 4293 de
3002 4254 3102 4308 qua
3130 4237 3401 4307 egestate?
3423 4236 3466 4291 Ο
3492 4251 3695 4306 pauper

2104 4342 2226 4387 ante
2246 4331 2460 4402 januam
2486 4330 2664 4384 divitis
2692 4329 2816 4396 Dei,
2840 4343 2945 4400 quo
2968 4328 3233 4383 desiderio
3258 4326 3525 4382 mendicas
3544 4327 3569 4380 ?
3588 4341 3690 4396 qua

2108 4426 2281 4496 inopia
2302 4426 2569 4497 requiris?
2590 4442 2688 4498 qua
2711 4436 2943 4496 egestate
2971 4426 3169 4495 pulsas,
3194 4434 3251 4480 ut
3267 4425 3534 4495 aperiatur
3555 4420 3693 4479 tibi?

2108 4518 2222 4584 Dic,
2246 4518 2519 4573 audiamus
2547 4518 2712 4588 ipsam
2735 4526 3054 4588 egestatem;
3083 4518 3135 4572 in
3152 4518 3236 4572 illa
3257 4526 3312 4574 et
3335 4533 3429 4572 nos
3454 4518 3599 4589 ipsos
3620 4516 3691 4571 in-

2108 4611 2401 4676 veniamus,
2417 4619 2471 4665 et
2492 4619 2661 4665 tecum
2677 4624 2943 4679 rogemus.
2960 4610 3117 4676 Audi,
3133 4619 3184 4665 et
3196 4625 3444 4681 agnosce,
3460 4610 3503 4664 si
3518 4617 3691 4679 potes.

2180 4704 2232 4755 4.
2264 4699 2412 4773 [vers.
2453 4700 2531 4772 4.]
2561 4700 2693 4765 Quia
2730 4700 3019 4769 defecerunt
3053 4702 3183 4755 sicut
3235 4702 3403 4772 fumus
3432 4700 3538 4753 dies
3572 4699 3687 4753 mei.

2110 4792 2154 4847 Ο
2181 4790 2332 4847 dies!
2366 4792 2409 4846 si
2440 4791 2557 4847 dies
2585 4810 2597 4845 :
2631 4790 2719 4845 ubi
2749 4793 2893 4847 enim
2920 4792 3034 4846 dies
3058 4791 3289 4857 auditur,
3325 4791 3410 4845 lux
3443 4789 3692 4859 intelligi-

2113 4892 2216 4938 tur.
2262 4883 2367 4938 Sed
2406 4884 2690 4955 defecerunt
2720 4884 2849 4937 sicut
2878 4883 3049 4953 fumus
3084 4882 3191 4936 dies
3227 4882 3341 4935 mei.
3388 4879 3511 4935 Dies
3554 4880 3691 4943 mei,

2113 4984 2353 5045 tempora
2384 4989 2501 5027 mea
2533 4994 2544 5027 :
2577 4972 2717 5027 unde
2745 4975 2871 5027 sicut
2898 4977 3097 5044 fumus,
3126 4972 3226 5026 nisi
3256 4981 3475 5043 propter
3501 4970 3695 5025 elatio-

2112 5083 2232 5122 nem
2276 5067 2579 5135 superbiae?
2624 5066 2779 5121 Tales
2822 5067 2937 5120 dies
2964 5065 3152 5134 dignus
3189 5064 3288 5118 fuit
3326 5065 3573 5134 accipere
3607 5078 3697 5117 su-

2112 5159 2306 5227 perbus
2342 5158 2531 5225 Adam,
2573 5157 2711 5211 unde
2757 5172 2973 5212 carnem
3010 5155 3253 5211 Christus
3298 5156 3520 5225 accepit.
3556 5153 3699 5224 Ergo

2114 5248 2164 5301 in
2193 5247 2358 5301 Adam
2386 5248 2648 5313 Christus,
2677 5255 2729 5301 et
2752 5247 2921 5300 Adam
2943 5249 2993 5298 iu
3022 5245 3252 5300 Christo.
3278 5244 3548 5299 Liberavit
3571 5258 3698 5312 [πο-

2112 5337 2250 5393 fecto
2280 5348 2332 5393 et
2358 5354 2387 5392 a
2412 5339 2598 5393 diebus
2620 5337 2766 5401 fumi,
2794 5338 2882 5406 qui
2906 5337 3151 5406 dignatus
3178 5344 3261 5390 est
3284 5334 3483 5390 habere
3508 5349 3697 5389 vocem

2113 5430 2315 5484 dierum
2333 5430 2479 5482 fumi.
2499 5429 2629 5494 Quin
2643 5428 3064 5497 defeceruntsicnt
3077 5431 3246 5499 fumus
3262 5428 3368 5481 dies
3385 5425 3699 5481 mei.Videta

2114 5518 2312 5573 fumum
2331 5519 2589 5588 superbia:
2606 5519 2831 5573 similem
2842 5519 3265 5586 ,'ascendentem,
3288 5527 3697 5579 tumescentem.

2115 5618 2487 5664 vanescentem
2522 5627 2535 5663 :
2568 5608 2759 5663 metito
2789 5624 2916 5680 ergo
2958 5609 3292 5665 deficientem
3318 5651 3334 5675 ,
3378 5622 3483 5662 non
3514 5609 3697 5677 utique

2176 5748 2198 5805 ί,
2227 5750 2376 5805 vetus
2397 5742 2522 5805 liber
2544 5744 2680 5805 COI'b.
2706 5745 2897 5805 Optimae
2920 5750 3075 5795 notae:
3099 5750 3182 5795 aut
3204 5742 3295 5793 ista
3317 5754 3410 5793 non
3432 5738 3634 5791 diceret.

2129 5835 2143 5844 .
2180 5804 2252 5867 (a)
2287 5803 2703 5873 subaudi,faciem
2727 5803 2908 5856 avertit.
