4056 6488
370 375 512 436 αυτ

365 494 810 561 permanentem.
837 484 972 554 Quia
1010 484 1298 557 defecerunt
1334 482 1459 537 sicut
1485 485 1653 553 fumus
1681 481 1786 536 dies
1815 480 1949 545 mei;

369 593 422 640 α
462 598 578 638 ossa
622 597 733 635 mea
771 579 902 634 sicut
943 578 998 632 in
1037 577 1253 646 [riaorio
1291 575 1526 646 confrixa
1555 583 1695 629 sunt.
1739 573 1806 627 Et
1841 573 1952 642 ipsa

371 689 492 728 ossa
519 687 659 737 mea,
684 679 739 726 et
757 670 867 741 ipsa
890 667 1146 723 fortitudo
1171 682 1309 731 mea,
1338 682 1442 720 non
1459 666 1574 720 sine
1592 663 1950 728 tribulatione,

373 778 481 818 non
513 764 631 817 sine
661 760 891 815 ustione.
910 756 1041 814 Ossa
1063 757 1300 827 corporis
1319 755 1538 822 Christi,
1564 754 1815 809 fortitudo
1836 769 1954 808 cor-

373 853 522 922 poris
550 851 744 906 Christi
767 892 780 913 ,
810 850 899 904 ubi
938 850 1108 917 major
1133 862 1290 918 quam
1331 847 1382 901 in
1411 846 1609 902 sanctis
1638 843 1954 915 Apostolis?

293 958 312 981 ·
372 944 441 998 Et
471 953 645 997 tamen
676 941 796 996 vide
822 956 941 995 ossa
973 939 1090 1008 frigi
1127 956 1138 991 :
1173 939 1297 1006 Quis
1321 937 1730 1002 scandalizatur,
1768 945 1814 988 et
1853 952 1954 990 non

373 1050 466 1103 ego
491 1049 613 1086 uror
639 1031 700 1102 (ll
731 1031 848 1087 Cor.
871 1047 942 1095 XI,
969 1029 1106 1100 29)?
1135 1029 1324 1084 Fortes
1353 1037 1476 1083 sunt
1497 1068 1512 1094 ,
1559 1026 1742 1082 fideles
1766 1066 1781 1094 ,
1829 1025 1953 1080 boni

370 1123 738 1180 intellectores
775 1130 829 1176 et
868 1119 1243 1190 prredieatores
1281 1118 1468 1184 verbi,
1500 1117 1736 1172 viventes
1779 1125 1836 1170 ut
1876 1115 1955 1170 lo-

373 1221 613 1282 quuntur
635 1251 651 1278 ,
683 1211 961 1280 loquentes
1002 1219 1061 1264 ut
1097 1208 1320 1262 audiunt
1350 1226 1364 1264 :
1397 1206 1560 1262 fortes
1595 1207 1748 1276 plane
1790 1213 1950 1271 sunt,

372 1303 469 1359 sed
499 1318 688 1359 omnes
715 1302 802 1371 qui
829 1299 1072 1355 scandala
1100 1299 1387 1369 patiuntur,
1419 1296 1694 1352 frixorium
1718 1296 1952 1364 ipsorum

372 1402 520 1449 sunt.
557 1393 654 1448 Est
691 1393 831 1448 enim
865 1391 934 1446 ibi
965 1390 1197 1444 eharitas
1217 1430 1232 1456 ,
1263 1398 1316 1443 et
1343 1388 1510 1458 magis
1536 1388 1589 1442 in
1615 1386 1842 1441 ossibus.
1870 1385 1957 1440 lu-

373 1486 571 1542 teriora
592 1494 714 1540 sunt
735 1499 858 1538 ossa
883 1481 1131 1537 omnibus
1155 1479 1423 1545 carnibus,
1453 1488 1506 1534 et
1537 1486 1744 1547 portant
1769 1491 1956 1531 omnes

373 1591 588 1632 carnes.
621 1573 819 1631 Verum
849 1575 894 1630 si
926 1573 1204 1644 quisquam
1232 1572 1461 1640 patiatur
1491 1568 1703 1640 aliquod
1734 1567 1956 1622 scanda-

377 1669 484 1722 lum
511 1707 526 1732 ,
559 1675 619 1721 et
659 1665 711 1720 in
737 1665 914 1719 anima
960 1662 1321 1733 periclitetur;
1367 1670 1567 1714 tantum
1611 1673 1672 1713 os
1711 1658 1953 1728 frigitur,

375 1768 631 1831 quantum
659 1766 820 1812 amat.
855 1757 1001 1812 Desit
1019 1771 1188 1819 amor,
1223 1769 1379 1808 nemo
1406 1752 1614 1824 frigitur
1642 1770 1655 1806 :
1683 1752 1821 1806 adsit
1840 1749 1958 1806 cha-

378 1851 531 1916 ritas,
558 1858 614 1902 et
643 1849 687 1902 si
717 1847 1014 1902 membrum
1042 1846 1379 1916 compatitur,
1407 1845 1637 1914 patiente
1658 1858 1764 1898 uno
1791 1858 1957 1896 mem-

379 1940 516 2005 bro;
546 1939 814 2009 quomodo
855 1937 1116 2007 friguntur
1144 1937 1232 2008 qui
1267 1943 1478 2006 portant
1513 1935 1758 1990 universa
1789 1950 1955 1989 mem-

371 2030 512 2088 bra?
545 2031 674 2084 Ossa
703 2046 812 2084 mea
835 2029 962 2084 sicut
990 2029 1041 2082 in
1069 2028 1282 2100 [ήκω-ἕο
1307 2029 1537 2093 confrixa
1566 2034 1708 2082 sunt.

457 2120 509 2175 5.
540 2117 688 2192 [verm
718 2116 798 2190 5.]
828 2117 1132 2172 Percussum
1161 2126 1231 2172 est
1255 2119 1383 2172 sicut
1414 2122 1603 2188 fenum,
1640 2126 1686 2170 et
1717 2117 1847 2171 aruit
1873 2134 1960 2172 cor

383 2228 566 2266 mm.
610 2210 836 2281 Respice
879 2209 945 2264 ad
992 2210 1160 2264 Adam
1186 2250 1200 2275 ,
1247 2209 1386 2264 unde
1434 2225 1602 2279 genus
1646 2209 1955 2263 humanum.

381 2302 533 2361 Unde
571 2303 716 2358 enim
743 2301 846 2356 nisi
874 2301 940 2356 ab
967 2302 1057 2356 illo
1085 2310 1364 2372 propagata
1409 2301 1620 2356 miseria
1652 2301 1769 2356 est?
1809 2299 1960 2356 Unde

379 2394 522 2449 enim
566 2394 668 2448 nisi
703 2394 770 2448 ab
811 2393 904 2447 illo
945 2391 1278 2447 hacreditaria
1319 2392 1417 2446 ista
1449 2390 1772 2461 paupertas?
1811 2389 1961 2445 Dicat

377 2501 508 2556 ergo
531 2500 655 2540 cum
683 2499 776 2554 spe
800 2483 908 2554 jam
937 2483 989 2538 in
1020 2497 1245 2552 corpore
1269 2480 1463 2537 Christi
1497 2480 1715 2551 positus,
1749 2480 1836 2535 ille
1861 2480 1959 2534 ali-

379 2576 593 2648 quando
623 2576 676 2630 in
701 2591 798 2630 suo
825 2589 1049 2645 corpore
1073 2574 1403 2642 desperatus,
1431 2570 1733 2626 Percussum
1759 2580 1830 2625 est
1860 2571 1954 2625 sic-

378 2680 437 2727 ut
489 2672 702 2742 fenum,
745 2679 792 2725 et
827 2669 960 2722 aruit
1004 2685 1092 2722 cor
1134 2685 1314 2723 meum.
1363 2665 1582 2730 Merito,
1626 2664 1745 2734 quia
1786 2664 1961 2718 omnis

378 2779 508 2819 caro
552 2762 729 2817 fenutn
773 2759 922 2835 (Isai.
968 2776 1038 2814 χι.
1062 2802 1075 2822 ,
1106 2759 1185 2830 6).
1219 2758 1324 2814 Sed
1357 2767 1530 2813 tamen
1560 2757 1700 2812 unde
1729 2756 1820 2811 tibi
1859 2755 1961 2810 hoc

378 2853 646 2924 contigit?
709 2852 958 2918 Quoniam
1009 2850 1192 2904 oblitus
1251 2866 1364 2904 sum
1418 2847 1723 2902 manducare
1779 2863 1958 2918 panem

379 2962 566 3000 nicum.
601 2945 826 3000 Dederat
849 2946 990 3000 enim
1017 2945 1156 3000 Dens
1179 2958 1366 3012 panem
1399 2942 1666 3012 praecepti.
1703 2941 1832 2996 Nam
1865 2956 1960 3012 pa-

380 3035 467 3091 nis
490 3037 682 3090 animae
721 3035 845 3106 quid
867 3077 883 3101 ,
933 3035 1034 3090 nisi
1063 3033 1283 3089 verbum
1327 3034 1458 3088 Dei?
1487 3033 1814 3104 Suggerente
1843 3047 1958 3087 ser-

378 3134 574 3195 pente,
606 3125 987 3194 prsevaricante
1019 3124 1245 3179 muliere
1272 3124 1312 3192 ι,
1348 3124 1516 3193 tetigit
1559 3123 1777 3178 vetitum
1807 3120 1957 3192 (Gen.

379 3230 463 3281 tu,
495 3215 576 3281 6),
601 3216 795 3270 oblitus
821 3224 904 3271 est
931 3224 1257 3286 praeceptum
1281 3232 1295 3268 :
1329 3214 1520 3270 merito
1546 3229 1853 3285 percussum
1881 3222 1962 3268 est

378 3307 518 3364 sicut
547 3308 767 3383 fenum,
808 3319 860 3365 et
889 3309 1029 3364 aruit
1057 3325 1151 3364 eor
1177 3308 1293 3379 ejus
1317 3349 1331 3373 ,
1359 3307 1610 3378 quoniam
1654 3307 1853 3362 oblitus
1879 3314 1962 3363 est

379 3400 706 3456 manducare
731 3416 920 3470 panem
950 3416 1125 3456 suum.
1153 3399 1364 3455 Oblitus
1394 3399 1714 3454 manducare
1745 3413 1958 3468 panem,

378 3492 514 3548 bibit
537 3507 800 3548 venenum
823 3508 838 3558 ;
864 3505 1174 3562 percussum
1200 3499 1282 3546 est
1305 3506 1399 3552 cor
1420 3490 1554 3559 ejus,
1581 3499 1636 3544 et
1663 3489 1802 3543 aruit
1825 3488 1962 3543 sicut

378 3581 587 3638 ferrum.
611 3582 728 3653 lpse
747 3591 828 3638 est
849 3583 940 3638 ille
960 3597 1245 3652 percussus
1265 3580 1318 3636 in
1350 3582 1502 3647 Isaia,
1526 3580 1593 3635 de
1619 3593 1724 3650 quo
1746 3579 1958 3646 dicitur,

378 3682 438 3729 et
458 3673 543 3728 cui
573 3672 766 3728 dicitur
796 3688 811 3727 :
843 3691 863 3724 ι
901 3672 1014 3727 Non
1043 3673 1098 3726 in
1125 3681 1386 3728 aiternum
1414 3679 1624 3740 tempus
1649 3670 1846 3724 irascar
1870 3685 1963 3724 vo-

379 3763 467 3819 bis
496 3782 509 3817 :
536 3763 758 3833 spiritus
783 3764 922 3817 enim
961 3778 991 3816 a
1039 3778 1126 3818 me
1157 3762 1413 3832 procedit,
1457 3769 1510 3816 et
1538 3775 1750 3814 omnem
1779 3758 1960 3813 flatum

381 3869 484 3924 ego
511 3853 630 3908 feci.
656 3854 879 3922 Propter
908 3862 1180 3921 peccatum
1205 3853 1473 3907 modicum
1504 3851 1630 3921 quid
1652 3851 1959 3905 contristavi

381 3945 555 4010 illum,
599 3953 652 3998 et
693 3943 927 4013 percussi
960 3943 1106 3997 illum
1131 3983 1146 4008 ,
1177 3952 1230 3998 et
1255 3943 1422 3997 averti
1453 3942 1640 3996 faciem
1685 3956 1855 3995 meam
1896 3941 1964 3997 ab

373 4036 497 4090 illo.
537 4055 557 4088 ι
587 4036 774 4090 Merito
804 4035 908 4100 hic,
944 4053 962 4086 ι
999 4034 1075 4089 Ne
1101 4043 1308 4088 avertas
1338 4033 1524 4089 faciem
1555 4042 1694 4087 tuam
1721 4049 1750 4087 a
1779 4048 1864 4088 me
1889 4052 1902 4088 :
1937 4051 1955 4086 ι

381 4126 490 4183 hoc
514 4134 598 4182 est
619 4169 633 4192 ,
675 4141 705 4182 a
733 4140 992 4198 percusso
1017 4167 1030 4190 ,
1075 4124 1144 4180 de
1182 4140 1288 4195 quo
1313 4123 1530 4188 dixisti,
1564 4143 1583 4176 ι
1617 4124 1862 4179 Percussi
1895 4124 1960 4178 il-

383 4219 531 4284 lum;
570 4237 590 4271 ›
632 4217 700 4273 de
728 4234 832 4288 quo
877 4218 1094 4283 dixisti,
1140 4235 1160 4268 ι
1197 4217 1319 4272 Vias
1362 4217 1477 4286 ejus
1506 4215 1652 4281 vidi,
1690 4225 1744 4272 et
1780 4217 1961 4272 sanavi

385 4327 511 4368 eum
556 4311 708 4382 (Isai.
741 4311 1095 4381 svium-18).
1123 4310 1440 4365 Percussum
1476 4318 1557 4366 est
1588 4310 1726 4366 sicut
1757 4309 1959 4374 fenum,

385 4411 440 4459 et
463 4403 602 4458 aruit
628 4419 723 4458 cor
746 4418 921 4458 meum
944 4445 959 4468 ,
996 4403 1243 4472 quoniam
1271 4401 1466 4457 oblitus
1494 4417 1612 4456 sum
1641 4401 1962 4458 manducare

384 4508 576 4563 panem
606 4509 802 4548 meum.
841 4511 860 4546 ι
895 4492 1050 4547 Modo
1078 4492 1335 4547 manduca
1363 4507 1520 4563 quem
1545 4492 1740 4548 oblitus
1765 4507 1886 4548 eras
1915 4495 1960 4548 ¹.

385 4578 490 4640 Sed
521 4586 665 4640 venit
692 4595 743 4640 et
767 4584 880 4654 ipse
907 4585 1076 4654 panis,
1104 4585 1155 4639 in
1179 4584 1332 4653 cujus
1352 4599 1578 4654 corpore
1606 4585 1695 4639 tibi
1725 4585 1848 4640 licet
1873 4601 1961 4640 re-

386 4677 596 4732 cordari
625 4691 811 4732 vocem
842 4677 1128 4731 oblivionis
1175 4685 1313 4744 tum,
1359 4683 1415 4732 et
1455 4676 1685 4732 clamare
1724 4693 1793 4733 ex
1835 4693 1964 4749 pau-

390 4777 592 4838 pertate
615 4810 631 4831 ,
662 4776 719 4821 ut
755 4782 935 4822 sumas
963 4767 1192 4822 divitias.
1226 4767 1380 4823 Modo
1409 4767 1665 4823 manduca
1691 4785 1706 4834 ;
1751 4768 1804 4822 in
1846 4768 1964 4838 ejus

389 4858 530 4915 enim
557 4872 783 4927 corpore
803 4873 881 4922 es,
913 4857 999 4927 qui
1026 4858 1102 4911 ait
1131 4875 1144 4910 :
1180 4857 1286 4928 Ego
1310 4874 1423 4911 sum
1449 4859 1593 4927 panis
1617 4859 1774 4926 vivus,
1798 4859 1881 4928 qui
1903 4859 1966 4912 de

386 4949 509 5004 calo
538 4949 771 5004 descendi
803 4947 978 5020 (Joan.
1008 4963 1089 5012 vi,
1119 4947 1234 5019 4|).
1266 4946 1472 5003 Oblitus
1498 4963 1618 5004 eras
1643 4949 1966 5006 manducare

383 5053 578 5116 panem
609 5049 787 5106 tuum;
818 5039 910 5094 sed
932 5038 1040 5108 jam
1065 5038 1156 5092 illo
1176 5037 1447 5104 crucifixo,
1469 5041 1964 5098 commemorabun-

389 5141 474 5186 tur
499 5141 554 5187 et
579 5139 959 5186 convertentur
987 5129 1052 5186 ad
1081 5131 1358 5186 Dominum
1389 5131 1618 5186 universi
1647 5132 1781 5188 fines
1811 5143 1965 5191 terra:

390 5229 562 5296 (Psal.
586 5245 699 5292 xxi,
728 5228 842 5298 28).
873 5228 998 5283 Post
1025 5227 1344 5284 oblivionem
1371 5226 1546 5282 veniat
1575 5241 1963 5282 commemora-

389 5322 485 5389 tio,
531 5318 886 5376 manducetur
926 5319 1078 5388 panis
1118 5319 1185 5374 de
1227 5317 1363 5372 cmlo
1389 5359 1404 5384 ,
1457 5326 1515 5372 ut
1567 5317 1811 5382 vivatur;
1859 5335 1963 5374 non

391 5427 606 5481 manna,
628 5412 766 5468 sicut
788 5411 860 5465 illi
884 5411 1335 5466 manducaverunt
1353 5419 1406 5464 et
1427 5409 1619 5464 mortui
1638 5419 1759 5463 sunt
1783 5409 1962 5480 (Joan.

390 5519 460 5570 vt,
485 5502 578 5574 49)
605 5520 621 5557 :
649 5501 803 5574 panis
826 5501 894 5557 de
921 5515 1027 5570 quo
1053 5500 1264 5566 dicitur,
1296 5499 1440 5555 Beati
1467 5501 1552 5567 qui
1579 5500 1799 5554 esuriant
1835 5510 1878 5555 et
1901 5503 1967 5554 si-

454 5636 695 5702 '__Aliqttot
716 5644 822 5687 uss.
840 5675 853 5698 ,
900 5636 1219 5701 prwvtu'icata
1262 5633 1449 5687 mulier.
1493 5635 1607 5698 Alii,
1654 5639 1971 5702 pt'tzvartcata

390 5698 603 5750 muliere.

453 5767 471 5793 ⁸
659 5759 784 5820 quod
805 5758 975 5810 oblitus
992 5773 1117 5810 ms.

1504 366 1900 430 ENARR’ATIO
1936 365 2002 422 ιη
2039 366 2376 424 ΡεΑιΜυΜ
2395 365 2483 422 Cl.

3499 362 3640 422 ιειθι

2055 479 2187 532 tiunt
2204 479 2457 551 justitiam
2484 477 2695 550 (Matth.
2721 493 2782 548 v,
2815 476 2893 548 6).
3627 526 3630 530 .

2127 572 2180 627 6.
2210 571 2359 645 [rem
2382 570 2462 644 6.]
2490 571 2531 626 Α
2552 587 2665 626 voce
2689 570 2900 642 gemitus
2927 567 3025 623 mei
3045 567 3363 624 adhaeserunt
3385 584 3498 624 ossa
3521 585 3636 626 mea

2057 665 2197 720 carni
2235 681 2376 719 πίσω.
2422 666 2466 722 Α
2511 680 2643 720 voce
2687 680 2843 735 quam
2889 663 3158 734 intelligo,
3213 677 3244 718 a
3293 678 3424 719 voce
3470 677 3640 740 quam

2058 757 2179 811 uovi
2204 757 2220 788 ³
2251 775 2265 811 :
2293 757 2338 810 A
2362 771 2478 812 voce
2505 757 2718 827 gemitus
2741 756 2841 812 mei
2862 796 2877 821 ,
2911 769 3017 811 non
3048 771 3079 810 a
3110 769 3238 811 voce
3260 755 3490 826 gemitus
3517 752 3636 810 illo-

2059 864 2178 904 rum
2202 848 2394 920 quibus
2416 847 2730 918 compatior.
2763 846 2906 902 Multi
2934 846 3078 903 enim
3107 853 3366 917 gemunt,
3394 859 3548 916 gemo
3577 853 3636 900 et

2058 955 2187 1010 ego;
2218 948 2273 995 et
2299 940 2398 994 hoc
2422 954 2596 1010 gemo,
2628 939 2750 1008 quia
2790 937 2930 994 male
2956 944 3193 1008 gemunt.
3235 935 3430 992 Amisit
3473 950 3638 990 nums

2059 1045 2203 1084 mum
2223 1071 2239 1097 ,
2264 1030 2461 1100 gemit;
2489 1028 2665 1084 amisit
2691 1027 2871 1092 fidem,
2902 1041 3010 1082 non
3034 1026 3196 1098 gemit
3223 1043 3236 1082 :
3265 1039 3364 1095 ego
3389 1023 3633 1094 appendo

2060 1133 2332 1174 nummum
2357 1127 2414 1174 et
2439 1117 2594 1175 fidem
2617 1161 2630 1184 ,
2661 1127 2714 1172 et
2751 1117 2963 1173 invenio
3002 1117 3257 1188 majorem
3286 1114 3538 1185 gemitum
3563 1113 3638 1171 de

2061 1211 2198 1267 male
2223 1219 2492 1282 gemente,
2520 1218 2610 1265 aut
2649 1224 2755 1265 non
2801 1218 3065 1278 gemente.
3107 1208 3256 1264 Facit
3293 1206 3554 1270 fraudem,
3583 1218 3638 1262 et

2059 1301 2273 1372 gaudet.
2318 1301 2435 1369 Quo
2477 1299 2668 1356 lucro?
2711 1314 2817 1370 quo
2861 1300 3094 1354 damno?
3139 1299 3432 1370 Acquisivit
3472 1313 3636 1370 pecu:

2061 1394 2201 1449 uiam
2221 1434 2236 1458 ,
2271 1392 2500 1464 perdidit
2520 1392 2802 1464 justitiam.
2831 1391 3007 1448 Gemit
3033 1391 3156 1446 hinc
3184 1391 3270 1462 qui
3299 1406 3512 1462 gemere
3538 1405 3636 1444 no.

2062 1487 2171 1552 vit;
2202 1487 2290 1556 qui
2311 1485 2468 1556 capiti
2495 1485 2834 1556 propinquat,
2868 1485 2956 1554 qui
2978 1491 3121 1539 recte
3145 1482 3220 1554 (a)
3244 1482 3408 1537 lueret
3427 1482 3636 1553 corpori

2062 1576 2276 1642 Christi,
2299 1577 2462 1647 gemit
2483 1575 2626 1632 inde.
2649 1575 2899 1631 Carnales
2923 1584 3225 1631 autemnon
3253 1573 3374 1630 inde
3398 1584 3638 1648 gemunt,

2062 1678 2115 1726 et
2137 1667 2427 1739 gemendos
2467 1683 2524 1724 se
2551 1667 2766 1736 faciunt,
2796 1669 2917 1740 quia
2948 1685 3052 1724 non
3085 1667 3205 1724 inde
3242 1677 3460 1739 gemunt
3493 1687 3505 1723 :
3538 1683 3640 1724 nec

2061 1773 2154 1813 eos
2184 1772 2489 1828 possumus,
2517 1758 2600 1814 vel
2633 1774 2736 1814 non
2769 1767 3062 1829 gementes.
3093 1759 3176 1814 vel
3210 1759 3344 1814 male
3369 1766 3641 1830 gementes

2063 1859 2428 1906 contemnere.
2455 1849 2715 1905 Volumus
2739 1850 2881 1906 enim
2921 1851 3316 1921 eostcorrigere
3339 1894 3354 1915 ,
3396 1849 3642 1906 volumus

2063 1939 2382 2006 emendare,
2411 1940 2654 1996 volumus
2681 1955 2933 2012 reparare
2954 1944 2974 1972 ²
3008 1961 3020 1996 :
3052 1950 3105 1998 et
3129 1941 3342 2012 quando
3372 1956 3476 1996 non
3516 1955 3643 2012 pos.-

2062 2045 2269 2098 sumus,
2295 2031 2555 2102 gemimus
2579 2048 2594 2098 ;
2635 2040 2688 2086 et
2714 2047 2832 2087 cum
2863 2033 3143 2104 gemimus,
3169 2047 3274 2086 non
3303 2031 3525 2102 abipsis
3549 2045 3644 2087 se-

2064 2136 2328 2192 paramur.
2347 2120 2520 2177 Avoce
2540 2122 2679 2177 enim
2696 2123 2907 2193 gemitus
2922 2123 3018 2177 mei
3039 2122 3362 2177 adlueseruut
3389 2140 3502 2179 ossa
3530 2139 3642 2180 mea

2064 2212 2208 2266 carni
2233 2227 2355 2265 mea:
2384 2228 2402 2267 :
2436 2210 2780 2270 adhaeserunt
2809 2212 2972 2267 fortes
3000 2212 3264 2279 invalidis,
3307 2211 3647 2270 adlueserunt

2065 2303 2202 2359 firmi
2246 2304 2488 2358 infirmis.
2534 2303 2686 2360 Unde
2731 2303 3105 2360 adlueserunt?
3149 2305 3194 2360 A
3240 2320 3372 2360 voce
3417 2305 3647 2376 gemitus

2065 2397 2144 2453 sui
2170 2437 2186 2464 ,
2223 2412 2327 2452 non
2358 2412 2388 2450 a
2413 2411 2543 2452 voce
2569 2397 2797 2468 gemitus
2829 2397 3063 2452 illorum.
3106 2397 3219 2467 Qua
3259 2397 3378 2468 lege
3405 2396 3647 2452 adhaese-

2064 2497 2207 2555 runt,
2231 2490 2330 2546 nisi
2359 2505 2460 2561 qua
2484 2490 2679 2545 dictum
2707 2500 2788 2546 est
2818 2509 2831 2544 :
2867 2489 3112 2545 Debemus
3133 2491 3261 2544 enim
3285 2506 3374 2544 nos
3401 2489 3538 2560 ﬁrmi
3562 2490 3644 2542 iu-

2065 2581 2353 2648 ﬁrmitatem
2393 2581 2711 2650 inﬁrmorum
2753 2589 2953 2652 portare
2999 2579 3174 2651 (Rom.
3204 2597 3294 2650 xv,
3329 2581 3425 2652 1)?
3461 2579 3644 2634 Adita:-

2064 2681 2233 2727 scrunt
2257 2688 2371 2727 ossa
2400 2689 2511 2726 mea
2535 2674 2682 2726 carni
2710 2690 2847 2727 tltt’tL’.

2136 2763 2188 2816 7.
2213 2761 2363 2834 [vers.
2389 2762 2442 2829 7,
2475 2761 2553 2835 8.]
2579 2763 2774 2818 Similis
2801 2765 2966 2836 factus
2995 2781 3104 2819 sum
3135 2766 3363 2837 pelicano
3388 2765 3408 2797 ³
3436 2766 3521 2838 qui
3549 2767 3646 2820 Ita-

2064 2851 2189 2906 bitat
2227 2853 2278 2907 in
2316 2853 2613 2919 solitudine;
2651 2858 2812 2924 {actus
2840 2857 2952 2910 sum
2978 2856 3106 2910 sicut
3146 2856 3438 2928 nycticoraa:
3477 2857 3528 2910 in
3553 2872 3648 2928 pa-

2071 2941 2286 2997 rietinis.
2336 2941 2555 3012 Vigilavi
2574 2985 2588 3010 ,
2623 2955 2667 2997 et
2693 2947 2854 3016 [actus
2883 2961 2994 2998 sum
3027 2946 3152 2999 sicut
3179 2962 3351 3018 passer
3377 2945 3648 3018 singulm‘is

2066 3032 2118 3086 in
2146 3042 2291 3087 tecto.
2322 3033 2458 3088 Ecce
2480 3041 2590 3089 tres
2611 3050 2756 3100 aves,
2784 3043 2837 3090 et
2867 3035 2966 3090 tria
2995 3036 3142 3102 loca;
3175 3035 3300 3107 quid
3323 3035 3424 3091 sibi
3455 3036 3645 3104 velint,

2065 3121 2228 3178 donet
2272 3123 2526 3180 Dominus
2573 3133 2629 3178 ut
2675 3124 2935 3193 dicamus,
2983 3136 3035 3182 et
3073 3134 3134 3182 ut
3176 3125 3405 3183 audiatis
3447 3127 3650 3183 utiliter

2066 3211 2206 3282 quod
2235 3212 2426 3268 dicitur
2453 3214 2756 3270 salubriter.
2787 3216 2926 3284 Quid
2952 3217 3050 3272 sibi
3075 3218 3256 3274 volunt
3284 3228 3392 3274 tres
3410 3233 3568 3286 aves,
3595 3229 3647 3274 et

2067 3303 2164 3358 tria
2195 3303 2352 3358 loca?
2377 3303 2504 3372 Quae
2545 3314 2652 3360 trcs
2685 3307 2842 3362 aves?
2872 3307 3155 3364 Pelicanus
3175 3351 3190 3376 ,
3219 3310 3528 3382 nycticorax
3549 3351 3563 3376 ,
3597 3318 3649 3364 ct

2067 3407 2253 3461 passer
2282 3411 2295 3447 :
2321 3403 2375 3450 et
2405 3395 2502 3449 tria
2532 3395 2668 3461 loca,
2706 3397 2936 3454 solitudo
2955 3440 2971 3466 ,
3002 3398 3276 3470 parietina:
3296 3441 3312 3466 ,
3345 3408 3398 3456 et
3426 3408 3646 3456 tectum.

2067 3483 2344 3542 Pelicanus
2372 3487 2424 3542 in
2453 3486 2760 3555 solitudine,
2795 3490 3101 3561 nycticorax
3124 3491 3176 3546 in
3199 3492 3498 3563 parietinis,
3523 3507 3646 3563 pas-

2066 3591 2155 3633 ser
2185 3580 2234 3632 in
2266 3587 2424 3634 tecto.
2458 3579 2637 3635 Primo
2661 3580 2786 3651 quid
2813 3582 2880 3636 sit
2906 3582 3201 3652 pelicanus,
3231 3583 3516 3640 dicendum
3544 3592 3647 3640 est.

2067 3667 2123 3723 In
2151 3684 2210 3725 ea
2237 3670 2431 3740 quippe
2461 3672 2677 3740 regione
2715 3673 2953 3728 nascitur
2975 3715 2992 3741 ,
3032 3682 3091 3728 ut
3119 3673 3274 3730 nobis
3314 3674 3493 3746 ignota
3534 3674 3649 3731 hmo

2066 3761 2179 3814 avis
2195 3761 2282 3816 sit.
2305 3761 2612 3817 Nasciturin
2625 3763 3266 3833 solitudinibus,maxime
3277 3767 3376 3823 Nili
3390 3767 3646 3834 ﬂuminis,

2067 3853 2120 3906 in
2135 3851 2385 3923 Egypto.
2399 3853 2658 3921 Qumlibet
2683 3856 2752 3909 sit
2769 3856 2881 3911 avis
2902 3856 3032 3921 haec,
3053 3856 3193 3926 quod
3215 3857 3280 3912 de
3302 3857 3389 3914 illa
3408 3859 3650 3916 Psalmus

2067 3941 2244 3996 dicere
2269 3941 2452 4008 voluit,
2481 3942 2581 3998 hoc
2608 3943 2934 4000 intueamur.
2962 3944 3191 4014 Habitat,
3227 3949 3415 4018 inquit,
3450 3949 3502 4003 in
3523 3951 3646 4009 soli,-

2065 4031 2257 4086 tudine.
2291 4030 2424 4098 Quid
2451 4034 2646 4103 qumris
2675 4034 2902 4090 formam
2946 4036 3080 4107 ejus,
3104 4037 3344 4097 membra
3372 4038 3510 4110 ejus,
3531 4056 3640 4101 tvo-

2066 4136 2183 4176 cem
2211 4120 2344 4192 ejus,
2371 4138 2550 4178 mores
2577 4124 2732 4195 ejus?
2753 4126 3020 4193 Quantum
3046 4128 3139 4184 tibi
3168 4129 3412 4185 Psalmus
3436 4129 3609 4188 dicit.‘
3631 4174 3644 4196 ,

2065 4211 2178 4267 avis
2203 4222 2285 4267 est
2326 4211 2570 4268 habitans
2601 4214 2653 4268 in
2677 4214 2986 4272 solitudine.
3031 4215 3344 4290 Nycticorax
3368 4261 3384 4287 ,
3415 4220 3528 4276 avis
3567 4235 3599 4277 e
3631 4231 3650 4278 ι

2067 4316 2250 4358 amans
2277 4313 2513 4358 noctem.
2549 4304 2830 4361 Parietina:
2857 4305 3106 4362 dicuntur
3126 4349 3140 4374 ,
3171 4323 3302 4378 quas
3329 4311 3486 4382 vulgo
3521 4311 3654 4368 dici-

2067 4407 2186 4447 mus
2215 4391 2417 4457 ruinas,
2450 4393 2540 4449 ubi
2571 4396 2802 4464 parietes
2828 4404 2972 4451 stant
2997 4397 3112 4454 sine
3145 4405 3306 4465 tecto,
3344 4400 3460 4456 sine
3497 4399 3648 4455 habio

2069 4484 2304 4540 tantibus
2332 4501 2345 4539 :
2377 4485 2448 4540 ibi
2479 4485 2680 4540 habitat
2708 4488 3038 4559 nycticorax.
3070 4489 3187 4546 Jam
3215 4507 3344 4548 vero
3371 4508 3556 4563 passer
3597 4503 3646 4550 et

2071 4585 2264 4631 tectum
2292 4576 2416 4646 quid
2445 4578 2532 4641 sit,
2562 4579 2750 4634 nostis.
2773 4579 2997 4636 Invenio
3023 4597 3150 4653 ergo
3176 4582 3408 4654 aliquem
3436 4585 3504 4642 de
3530 4601 3648 4642 cor-

2069 4679 2198 4734 pore
2228 4665 2446 4734 Christi,
2475 4667 2879 4737 prmdicalorem
2912 4670 3057 4726 verbi
3084 4713 3097 4736 ,
3126 4673 3538 4743 compatientem
3571 4675 3651 4730 in-

2070 4755 2255 4825 ﬁrmis,
2275 4767 2598 4827 quaerentem
2617 4759 2764 4814 lucra
2786 4759 3002 4830 Christi,
3021 4762 3446 4820 reminiscentem
3470 4766 3652 4820 Domi-

2071 4849 2123 4903 ni
2148 4849 2225 4903 sui
2247 4849 2474 4914 venturi,
2516 4865 2584 4905 ne
2616 4849 2784 4906 dicat:
2813 4851 2967 4907 Serve
2987 4870 3198 4924 nequam
3227 4864 3274 4911 et
3311 4857 3474 4926 piger,
3506 4855 3651 4912 dares

2073 4938 2336 5006 pecuniast
2358 4954 2518 4992 meum
2540 4942 2893 4996 nummulariis
2921 4942 3130 5016 (Matth.
3157 4960 3287 5010 xxv,
3310 4945 3402 5014 26,
3425 4943 3538 5018 27).
3571 4946 3647 5000 Ex

2075 5027 2230 5098 hujus
2257 5027 2637 5099 dispensatoris
2663 5031 2840 5088 officio
2869 5034 3144 5091 videamus
3169 5037 3282 5091 haec
3311 5037 3429 5094 tria.
3469 5035 3649 5093 Vene-

2071 5119 2142 5174 rit
2173 5119 2309 5174 inter
2337 5119 2541 5190 aliquos
2567 5121 2657 5176 ubi
2695 5122 2972 5180 christiani
3017 5142 3122 5182 non
3171 5135 3327 5193 sunt;
3378 5127 3648 5198 pelicanus

2072 5208 2229 5265 estin
2253 5210 2539 5267 solitudine
2567 5229 2579 5265 :
2614 5215 2820 5268 venerit
2844 5215 2908 5270 ad
2938 5230 3031 5271 eos
3061 5216 3150 5286 qui
3176 5214 3388 5272 fuerunt
3413 5219 3480 5273 et'
3507 5220 3647 5275 ceci-

2073 5299 2286 5365 derunt,
2317 5301 2620 5372 nycticorax
2659 5313 2739 5358 est
2767 5305 2818 5358 in
2852 5305 3158 5374 parietinis;
3191 5321 3295 5361 non
3324 5307 3467 5364 enim
3495 5307 3652 5366 deso-

2070 5392 2270 5503 ώὲδῗίο
2290 5391 2400 5440 ΡΜ.
2441 5393 2641 5454 addunt,
2675 5394 2979 5458 probabiliter
3003 5409 3020 5447 :
3042 5397 3168 5459 quod
3204 5411 3231 5448 a
3263 5401 3516 5463 pratcrpuis
3547 5409 3646 5454 Mss.

2135 5461 2412 5579 Ssi’lerique
2435 5523 2566 5579 Mss,
2581 5531 2825 5579 separare.

2136 5577 2167 5649 ξ.
2187 5577 2452 5648 corb.'ttts.,
2472 5577 2678 5639 prliami
2705 5590 2722 5627 :
2749 5587 2799 5628 et
2823 5577 2942 5640 loco,
2982 5579 3245 5647 pelicanus,
3270 5597 3317 5636 sc
3328 5598 3464 5649 mper
3487 5584 3650 5649 habet,

2073 5640 2316 5704 pelicatus.

2137 5703 2156 5731 ι
2191 5711 2287 5748 nm.
2315 5706 2367 5749 et
2389 5712 2558 5748 omnes
2581 5708 2704 5760 Mss,
2738 5699 2887 5752 dedit.

2144 5761 2215 5822 (tt)
2250 5768 2406 5820 Forte,
2438 5762 2614 5813 slt'it‘lt'.
