4058 6478
446 385 466 437 1
482 385 586 440 9.99

434 497 517 550 rit
539 505 594 550 et
620 492 871 550 tenebras
897 504 1083 546 eorum
1118 503 1206 559 qut
1237 485 1479 555 habitant
1506 483 1556 538 in
1596 489 1774 546 nocte,
1807 487 1862 533 et
1887 478 2033 547 ipsos

451 586 648 644 lucrari
682 585 796 641 vult
825 600 840 640 :
871 563 1077 638 venerit
1102 581 1168 634 ad
1206 593 1299 634 eos
1326 577 1414 645 qui
1457 573 1732 631 christiani
1765 578 1888 625 sunt
1917 568 2035 637 qui-

450 681 576 735 dem
614 677 913 732 habitantes
941 675 990 727 iu
1018 673 1197 736 domo,
1224 685 1328 724 non
1356 668 1504 739 quasi
1535 667 1623 736 qui
1652 679 1760 719 non
1789 660 2031 718 credide-

450 773 582 841 rinL.
608 780 702 828 aut
723 768 861 841 quod
886 766 1224 824 crediderant
1249 761 1571 824 dimiserint,
1599 758 1692 814 sed
1719 758 1770 810 in
1801 770 1864 810 eo
1890 753 2029 824 quod

448 865 676 921 credunt
697 860 871 933 tepide
891 859 1258 923 ambulantes;
1283 857 1478 910 clamat
1494 852 1559 908 ad
1578 866 1670 906 eos
1694 863 1897 920 passer,
1921 861 2029 900 non

448 958 502 1012 in
531 955 836 1019 solitudine,
869 953 992 1022 quia
1016 949 1291 1006 christiani
1321 956 1478 1012 sunt;
1511 960 1608 999 nec
1632 944 1682 997 in
1711 940 1986 1013 parietinis
2011 979 2027 1006 ,

449 1049 572 1118 quia
605 1062 707 1101 non
748 1045 1086 1110 ceciderunt;
1133 1043 1227 1099 sed
1257 1049 1430 1096 tamen
1465 1040 1519 1093 in
1565 1046 1703 1092 tecto
1731 1043 1888 1100 sunt;
1935 1032 2034 1088 sub

451 1149 591 1196 tecto
617 1139 810 1209 potius,
841 1139 963 1208 quia
999 1135 1099 1191 sub
1129 1150 1288 1190 carne
1313 1141 1456 1187 sunt.
1488 1124 1580 1184 llle
1618 1142 1779 1198 super
1816 1139 2030 1178 carnem

448 1233 640 1286 clamat
664 1244 868 1298 passer,
887 1237 1149 1299 przeccpta
1170 1226 1259 1280 Dei
1277 1241 1379 1278 non
1405 1229 1562 1286 tacet,
1585 1235 1686 1275 nec
1706 1218 1761 1272 fit
1781 1216 2030 1280 carnalis,

450 1331 508 1376 ut
532 1322 840 1391 subjiciatur
867 1329 1026 1375 tecto.
1075 1318 1175 1386 Qui
1201 1318 1339 1372 enim
1365 1317 1418 1369 in
1440 1323 1563 1368 tecto
1585 1321 1677 1378 est,
1706 1327 1805 1364 non
1826 1310 2034 1363 descen-

454 1413 542 1468 dat
567 1416 740 1469 tollere
759 1413 952 1483 aliquid
986 1412 1048 1466 de
1068 1412 1215 1464 domo
1237 1407 1445 1479 (Matth.
1469 1421 1621 1470 xxxv,
1641 1401 1759 1476 l7);
1784 1410 1857 1466 et,
1889 1399 2034 1466 Quod

449 1508 502 1560 in
533 1524 656 1560 aure
684 1508 891 1572 auditis,
920 1505 1190 1576 prtedicate
1215 1519 1365 1573 super
1391 1511 1518 1556 tecta
1544 1497 1654 1569 (Id.
1687 1513 1741 1561 ι,
1771 1494 1884 1568 27).
1917 1493 2035 1547 Ista:

451 1609 564 1654 tres
589 1613 714 1654 aves
742 1609 795 1653 et
841 1599 937 1652 tria
975 1598 1127 1662 loca;
1169 1605 1220 1651 et
1262 1609 1402 1650 unus
1443 1593 1604 1647 homo
1633 1599 1812 1661 potest
1840 1589 2036 1642 habere

451 1706 737 1761 personam
766 1691 922 1744 trium
953 1690 1150 1752 avium,
1182 1696 1236 1742 et
1263 1695 1373 1741 tres
1398 1685 1647 1740 homines
1675 1691 1898 1752 possunt
1935 1681 2031 1733 ba-

455 1783 587 1838 bere
611 1797 893 1854 personam
917 1782 1075 1836 trium
1097 1779 1305 1846 avium;
1328 1787 1382 1833 et
1405 1778 1504 1832 tria
1529 1791 1727 1847 genera
1760 1776 1998 1828 locorum
2017 1815 2031 1839 ,

457 1874 559 1929 tria
606 1888 802 1944 genera
847 1881 972 1928 sunt
1000 1873 1016 1904 ί
1048 1871 1325 1926 hominum
1359 1885 1373 1925 :
1407 1878 1582 1923 tamen
1630 1865 1862 1921 solitudo
1886 1906 1901 1930 ,
1947 1879 2036 1933 pa-

453 1963 679 2027 rietinae,
701 1972 755 2018 et
775 1973 990 2030 tectum,
1016 1963 1227 2017 nonnisi
1253 1963 1350 2016 tria
1376 1975 1572 2031 genera
1593 1959 1867 2014 hominum
1890 1965 2032 2011 sunt.

527 2054 582 2108 8.
621 2052 727 2108 Sed
766 2053 890 2123 quid
933 2052 998 2107 de
1043 2051 1126 2106 his
1165 2051 1498 2123 plurimum?
1538 2049 1712 2119 [psum
1757 2047 2036 2101 Dominum

457 2146 753 2210 videamus,
786 2161 853 2200 ne
880 2145 1016 2200 forte
1045 2146 1158 2215 ipse
1185 2145 1288 2210 sit,
1321 2152 1376 2198 et
1414 2142 1602 2197 melius
1637 2142 1752 2210 ipse
1778 2154 2035 2210 agnosca-

453 2246 562 2305 tur,
591 2247 645 2293 et
674 2237 949 2309 pelicanus
975 2237 1025 2291 in
1055 2235 1365 2302 solitudine,
1388 2245 1442 2290 et
1462 2233 1769 2306 nycticorax
1792 2233 1842 2286 in
1868 2232 2034 2301 parie-

452 2331 576 2385 tinis
595 2372 610 2396 ,
637 2339 694 2386 ct
719 2344 903 2400 passer
930 2330 1214 2400 singularis
1258 2330 1316 2384 in
1347 2336 1504 2385 tecto.
1553 2328 1703 2382 Dicat
1730 2325 1883 2380 nobis
1911 2340 2038 2394 pau-

454 2433 552 2490 per
580 2420 700 2483 iste,
732 2428 890 2490 caput
919 2428 1190 2477 nostrum:
1231 2434 1436 2490 pauper
1460 2418 1758 2481 voluntate,
1789 2417 2036 2486 loquatur

453 2513 778 2584 pauperibus
817 2513 869 2567 in
915 2513 1253 2569 necessitate.
1302 2511 1452 2578 Quod
1503 2511 1644 2566 enim
1689 2509 1924 2574 dicitur,
1953 2507 2036 2562 vel

455 2604 616 2658 etiam
643 2603 835 2673 legitur
858 2603 926 2658 de
956 2603 1056 2659 hac
1082 2618 1210 2669 ave,
1240 2602 1292 2657 id
1323 2611 1405 2657 est
1433 2601 1694 2671 pelicano,
1726 2614 1830 2653 non
1860 2608 2037 2653 tacea-

454 2708 610 2760 mus;
645 2709 751 2747 non
779 2693 975 2763 aliquid
1010 2693 1337 2748 afﬁrmantes
1360 2701 1582 2758 temere,
1606 2690 1703 2746 sed
1731 2698 1906 2745 tamen
1930 2706 2036 2743 non

457 2793 696 2839 tacentes
731 2784 872 2854 quod
899 2785 987 2854 qui
1018 2785 1385 2854 scripserunt,
1416 2795 1470 2839 et
1498 2783 1598 2853 legi
1639 2790 1692 2837 et
1719 2781 1823 2836 dici
1852 2781 2036 2836 volue-

456 2883 602 2930 runt.
645 2873 752 2929 Vos
778 2875 855 2929 sic
884 2875 1063 2930 audite
1087 2917 1102 2943 ,
1135 2883 1194 2928 ut
1218 2875 1265 2929 si
1295 2889 1478 2930 verum
1509 2882 1591 2929 est
1614 2916 1629 2940 ,
1663 2881 1951 2944 congruat;
1994 2873 2038 2926 si

457 2965 650 3021 falsum
681 2975 800 3034 est,
849 2982 956 3021 non
989 2975 1184 3023 teneat.
1215 2967 1471 3022 Dicuntur
1511 2966 1593 3021 ha:
1619 2981 1744 3021 aves
1788 2976 2038 3036 tanquam

458 3059 698 3129 colaphis
727 3068 1025 3115 rostrorum
1054 3059 1297 3116 occidere
1326 3059 1574 3130 parvulos
1601 3074 1726 3113 suos
1745 3100 1758 3124 ,
1788 3058 2038 3114 eosdem-

455 3165 560 3219 que
589 3149 642 3204 in
687 3150 814 3205 nido
855 3151 1062 3206 occisos
1090 3165 1122 3205 a
1163 3166 1222 3206 se
1264 3150 1448 3221 lugere
1491 3166 1586 3220 per
1628 3149 1861 3204 triduum
1895 3167 1908 3203 :
1940 3164 2036 3218 po-
2086 3216 2092 3222 _

459 3251 661 3296 stremo
691 3241 877 3296 dicunt
900 3251 1123 3296 matrem
1163 3242 1393 3312 seipsam
1421 3242 1654 3312 graviter
1678 3241 1959 3295 vulnerare
1986 3249 2040 3294 et

463 3331 774 3400 sanguinem
807 3347 961 3385 suum
984 3347 1143 3400 super
1172 3331 1310 3386 filios
1338 3329 1580 3397 fundere,
1611 3348 1718 3402 quo
1745 3332 1818 3385 illi
1847 3347 2038 3400 super-

457 3417 559 3472 fusi
604 3421 930 3474 reviviscunt
961 3422 1000 3472 ’.
1035 3421 1285 3476 Fortasse
1313 3421 1415 3475 hoc
1439 3437 1646 3487 verum,
1673 3421 1901 3476 fortasse
1937 3422 2037 3475 ful-

462 3526 581 3564 sutn
601 3511 668 3564 sit
695 3530 709 3566 :
741 3521 917 3566 tamen
948 3513 990 3564 si
1016 3528 1200 3568 verum
1230 3523 1332 3580 est,
1351 3513 1796 3582 quemadmodum
1820 3514 1891 3567 illi
1912 3528 2041 3567 con-

456 3609 634 3672 gruat,
661 3602 750 3671 qui
777 3617 876 3656 nos
903 3601 1186 3657 viviﬁcavit
1213 3603 1467 3672 sanguine
1494 3618 1592 3658 suo
1617 3642 1632 3667 ,
1660 3602 1857 3657 videte.
1899 3602 2041 3657 Cou-

461 3693 605 3763 gruit
634 3693 707 3748 illi
745 3693 886 3763 quod
929 3695 1114 3748 matris
1147 3710 1275 3749 caro
1301 3695 1536 3749 vivificat
1567 3694 1825 3765 sanguine
1851 3709 1948 3748 suo
1979 3694 2041 3748 li-

462 3787 566 3841 lios
600 3801 759 3854 suos;
805 3788 936 3843 satis
977 3789 1238 3859 congruit.
1286 3787 1417 3842 Nam
1445 3794 1501 3842 et
1542 3787 1656 3857 ipse
1694 3787 1942 3858 gallinam
1982 3803 2042 3844 se

459 3879 592 3935 dicit
629 3895 791 3951 super
818 3881 989 3951 pullos
1025 3895 1152 3936 suos
1183 3901 1196 3937 :
1227 3879 1530 3948 Jerusalem,
1560 3879 1884 3947 Jerusalem,
1911 3897 2062 3950 quo-'

462 3973 554 4027 lies
582 3973 716 4028 volui
739 3991 1042 4046 congregare
1065 3975 1198 4044 ﬁlios
1225 3983 1354 4038 tuos,
1387 3983 1626 4044 tanquam
1650 3974 1844 4045 gallina
1871 3973 2039 4043 pullos

459 4079 580 4118 suos
607 4065 697 4119 sub
719 4063 829 4119 alas
853 4082 971 4119 suas
992 4107 1006 4133 ,
1037 4075 1081 4118 et
1120 4065 1326 4119 noluisti
1351 4063 1461 4135 (Id.
1492 4080 1622 4119 χχιιι
1643 4105 1656 4130 ,
1698 4065 1831 4134 57)?
1873 4062 2042 4118 Habet

463 4158 606 4211 enim
651 4165 928 4228 paternam
954 4157 1320 4212 auctoritatem
1343 4200 1356 4221 ,
1401 4165 1702 4212 maternum
1741 4155 1988 4210 allectum
2023 4173 2036 4209 :

462 4248 602 4302 sicut
647 4256 702 4302 et
751 4248 944 4304 Paulus
991 4256 1048 4303 et
1095 4259 1243 4317 pater
1273 4257 1433 4304 estet
1460 4258 1628 4304 mater
1672 4258 1783 4314 est;
1811 4263 1914 4302 non
1947 4264 2042 4316 per

461 4337 738 4406 seipsum,
797 4337 890 4391 sed
935 4353 1030 4407 per
1078 4337 1424 4408 Evangelium
1481 4356 1494 4391 :
1543 4346 1694 4408 pater
1741 4337 1830 4392 ubi
1875 4336 2040 4403 dicit,

469 4445 491 4478 ι
525 4427 637 4482 Etsi
660 4426 898 4483 habeatis
919 4427 1114 4482 multos
1136 4429 1452 4498 paedagogos
1476 4427 1527 4481 in
1551 4427 1782 4491 Christo,
1813 4426 1906 4481 sed
1936 4443 2039 4480 non

462 4520 660 4574 multos
691 4527 895 4590 patres;
930 4521 982 4574 in
1009 4519 1222 4575 Christo
1251 4521 1392 4576 enim
1420 4521 1544 4575 Jesu
1571 4535 1666 4588 per
1693 4518 2040 4589 Evangelium

463 4629 563 4684 ego
605 4627 700 4666 vos
743 4613 898 4683 genui
937 4634 956 4666 ›
1007 4611 1050 4682 (l
1087 4611 1326 4680 Cor.1v,
1359 4613 1482 4685 15);
1524 4619 1694 4666 mater
1735 4621 1910 4666 autem
1955 4611 2042 4666 ubi

465 4707 560 4774 ait,
594 4725 612 4756 ‹
645 4705 817 4760 Filioli
845 4705 968 4772 mei,
996 4721 1130 4776 quos
1173 4705 1364 4760 iterum
1409 4706 1669 4777 parturio,
1699 4704 2046 4782 donecChri-

463 4806 578 4852 stus
619 4799 876 4851 formetur
915 4797 967 4850 in
994 4797 1143 4851 vobis
1173 4815 1192 4849 ›
1221 4795 1409 4867 (Galat.
1438 4813 1489 4851 tv
1513 4839 1526 4860 ,
1549 4797 1660 4866 19).
1706 4796 1876 4851 liabet
1917 4812 2044 4867 ergo

463 4889 579 4945 haec
620 4889 738 4943 avis
765 4930 799 4969 ,‘
832 4889 875 4943 si
923 4905 1046 4944 vere
1087 4890 1158 4943 ita
1205 4897 1306 4954 est,
1348 4905 1593 4959 magnam
1637 4889 2040 4944 similitudinem

462 4981 642 5035 carnis
673 4979 867 5035 Christi
894 5022 908 5045 ,
936 4980 1089 5049 cujus
1115 4980 1373 5050 sanguine
1408 4979 1659 5034 viviﬁcati
1699 4995 1902 5035 sumus.
1936 4980 2042 5035 Sed

465 5070 733 5139 quomodo
760 5080 1017 5141 congruat
1045 5069 1259 5124 Christo
1283 5110 1298 5135 ,
1344 5069 1486 5140 quod
1526 5071 1635 5139 ipsa
1676 5072 1870 5126 occidit
1906 5071 2044 5127 ﬁlios

462 5161 630 5227 suos?
655 5162 734 5215 An
767 5174 818 5215 et
848 5161 921 5215 illi
949 5177 1055 5216 non
1077 5162 1318 5232 congruit
1346 5179 1358 5214 :
1383 5160 1493 5232 Ego
1519 5163 1764 5228 occidam,
1794 5173 1839 5216 et
1867 5179 1957 5232 ego
1980 5165 2045 5216 vi-

465 5251 699 5318 liﬁcabo;
713 5268 802 5323 ego
825 5253 1119 5322 percutiam,
1144 5261 1188 5306 et
1205 5268 1293 5323 ego
1312 5253 1499 5307 sonabo
1523 5250 1700 5326 (Deut.
1727 5269 1903 5318 xxxu,
1928 5254 2044 5319 '59)?

462 5342 547 5396 An
577 5357 702 5396 vero
731 5342 920 5397 Saulus
957 5353 1263 5414 persecutor
1290 5352 1590 5398 moreretur
1611 5385 1625 5408 ,
1667 5343 1766 5397 nisi
1812 5343 1880 5398 de
1908 5345 2045 5398 carlo

467 5439 832 5500 percuteretur
862 5434 993 5502 (Act.
1019 5452 1092 5502 ιχ,
1124 5436 1218 5505 4·);
1248 5445 1338 5490 aut
1361 5435 1674 5505 praedicator
1701 5435 2040 5504 excitaretur,

465 5523 566 5578 nisi
609 5523 748 5578 illius
787 5527 1040 5595 sanguine
1082 5527 1485 5583 vivificaretur?
1527 5526 1630 5582 Sed
1674 5526 1774 5582 hoc
1815 5527 2046 5584 viderint

463 5693 769 5809 ⁸ηἔηιιιὶαιιοι
799 5703 904 5746 Mss.
931 5699 1157 5750 omittunt
1178 5701 1283 5751 hinc
1305 5703 1474 5763 verba,
1500 5701 1726 5767 locorum,
1753 5705 1846 5755 tria
1868 5716 2044 5769 genera

529 5821 558 5852 ι
583 5828 717 5883 Mss.
731 5833 822 5883 quo
846 5818 916 5872 illi
939 5821 1188 5887 superfuso
1203 5823 1498 5879 revivisctmt.

1681 369 1738 424 S.
1777 361 2137 422 AUGUSTINI
2177 361 2478 420 EPISCOPI

3590 373 3734 430 “[500

2147 477 2240 545 qui
2277 479 2635 550 scripserunt;
2669 471 2774 537 nOn
2815 482 3096 539 in‘incerto
3128 472 3452 542 intellectum
3490 498 3732 545 nostrum

2147 572 2472 629 constituere
2511 589 2610 630 nos
2645 575 2920 632 debemus.
2955 578 3100 634 lianc
3128 595 3278 635 avem
3309 583 3484 650 pOtius
3514 584 3566 638 in
3606 585 3736 640 soli-

2145 663 2328 718 tudine
2367 679 2749 734 agnoscamus;
2797 668 2898 724 hoc
2933 669 3076 723 enim
3117 669 3240 725 inde
3283 671 3524 726 Psalmus
3564 673 3734 736 voluit

2142 769 2364 824 ponere,
2396 755 2668 812 Pelicanus
2696 759 2751 812 in
2779 761 3072 814 solitudine.
3101 760 3236 816 Puto
3260 777 3360 830 ego
3391 762 3477 818 hic
3507 764 3736 836 intelligi

2146 847 2416 902 Christum
2442 857 2624 903 natum
2649 849 2714 906 de
2733 851 2957 922 virgine.
2979 851 3134 908 Solus
3160 855 3302 908 enim
3328 855 3425 922 sic,
3454 854 3576 911 ideo
3599 857 3733 910 soli-

2146 940 2274 994 tudo
2306 958 2320 993 :
2352 941 2405 996 in
2432 941 2717 1000 solitudine
2746 953 2900 1000 natus
2925 987 2939 1013 ,
2978 946 3101 1017 quia
3129 948 3276 1003 solus
3302 947 3372 1002 ita
3400 957 3574 1004 natus.
3605 949 3734 1005 Post

2143 1031 2473 1088 nativitatem
2505 1045 2721 1090 ventum
2752 1045 2836 1092 est
2858 1035 2926 1091 ad
2953 1038 3253 1107 passionem
3288 1056 3302 1093 :
3332 1054 3364 1094 a
3391 1039 3581 1108 quibus
3611 1056 3734 1094 cru-

2143 1126 2490 1196 ciﬁgebatur?
2517 1127 2772 1199 numquid
2797 1129 2864 1184 ab
2892 1129 3192 1185 stantibus?
3219 1131 3472 1200 numquid
3494 1147 3522 1185 a
3547 1132 3738 1202 lugen-

2145 1217 2288 1272 tibus
2314 1217 2375 1271 ‘?
2405 1218 2544 1288 Ergo
2575 1228 2822 1290 tanquam
2851 1221 2901 1273 in
2932 1229 3090 1276 nocte
3115 1222 3427 1292 ignorantia:
3452 1223 3691 1292 ipsorum
3714 1267 3728 1288 ,

2145 1318 2198 1364 et
2227 1318 2473 1380 tanquam
2505 1313 2554 1366 in
2589 1313 2862 1382 parietinis
2889 1314 3057 1369 ruina:
3099 1314 3356 1384 ipsorum.
3388 1315 3525 1371 Ecce
3556 1317 3731 1390 nycti-

2144 1415 2302 1455 corax
2336 1412 2389 1457 et
2418 1403 2470 1458 in
2499 1404 2770 1472 parietinis
2792 1445 2808 1471 ,
2845 1415 2988 1460 amat
3027 1415 3082 1460 et
3123 1415 3336 1461 noctem
3369 1408 3410 1460 '.
3453 1407 3584 1463 Nam
3629 1409 3732 1463 nisi

2145 1502 2369 1560 amaret,
2399 1493 2538 1549 unde
2567 1494 2800 1563 diceret,
2833 1495 3025 1562 Pater,
3056 1497 3261 1568 ignosce
3295 1499 3398 1552 illis
3418 1540 3433 1564 ,
3480 1499 3600 1569 quia
3643 1516 3734 1552 nc-

2137 1585 2308 1639 sciunt
2335 1587 2456 1656 quid
2485 1589 2677 1658 faciunt
2700 1588 2846 1659 (Luc.
2886 1605 3018 1643 xxm
3043 1631 3056 1653 ,
3088 1590 3222 1658 '54)?
3258 1589 3454 1645 Deinde
3484 1599 3637 1644 natus
3679 1591 3732 1645 in

2145 1678 2432 1734 solitudine
2456 1721 2470 1746 ,
2515 1681 2636 1749 quia
2667 1681 2812 1736 solus
2844 1680 2913 1734 ita
2948 1690 3131 1748 natus;
3178 1696 3364 1751 passus
3400 1682 3452 1736 iu
3495 1680 3733 1736 tenebris

2141 1773 2447 1829 Judzeorum
2481 1783 2728 1846 tanquam
2756 1775 2809 1829 in
2842 1784 3020 1841 nocte,
3051 1776 3102 1830 in
3134 1776 3569 1845 praevaricatione
3610 1785 3732 1830 tau-

2143 1881 2301 1937 quam
2332 1867 2383 1920 in
2411 1867 2578 1922 ruinis
2611 1886 2624 1922 :
2654 1868 2780 1938 quid
2808 1869 3037 1936 postea?
3076 1867 3310 1940 Vigilavi.
3338 1869 3476 1938 Ergo
3495 1869 3734 1925 dormie-

2144 1973 2232 2012 ras
2258 1959 2311 2013 in
2340 1959 2644 2028 parietinis,
2671 1969 2725 2015 et
2753 1959 2964 2015 dixeras
2996 1979 3008 2014 :
3040 1960 3150 2031 Ego
3175 1959 3408 2014 dormivi.
3437 1960 3576 2030 Quid
3605 1971 3688 2017 est
3712 2005 3730 2029 ,

2143 2049 2257 2122 Ego
2296 2051 2554 2107 dormivi?
2579 2053 2712 2121 Quia
2751 2054 2930 2119 volui,
2959 2053 3224 2120 dormivi;
3258 2065 3466 2110 noctem
3503 2056 3735 2111 amando

2143 2143 2368 2197 dormivi
2399 2160 2412 2197 :
2443 2143 2537 2199 sed
2564 2144 2634 2201 ibi
2661 2145 2920 2216 sequitur,
2949 2143 3020 2199 Et
3053 2146 3312 2200 exsurrexi
3337 2144 3507 2218 (Psal.
3538 2162 3616 2214 ιιι,
3650 2146 3729 2220 6).

2144 2232 2286 2303 Ergo
2313 2234 2439 2303 hic,
2475 2233 2711 2306 Vigilavi.
2759 2235 2864 2291 Sed
2902 2245 3250 2306 posteaquam
3291 2238 3564 2308 vigilavit,
3604 2238 3732 2308 quid

2141 2327 2286 2396 egit?
2307 2326 2561 2383 Ascendit
2580 2329 2633 2382 in
2663 2328 2878 2396 etelum,
2913 2327 3079 2384 factus
3101 2339 3182 2383 est
3206 2329 3332 2384 sicut
3355 2347 3527 2400 passer
3547 2332 3733 2386 volan-

2144 2417 2214 2472 do
2237 2459 2251 2482 ,
2284 2418 2336 2473 id
2367 2428 2449 2474 est
2474 2419 2813 2474 ascendendo
2845 2438 2858 2473 :
2887 2420 3160 2490 singularis
3193 2421 3250 2474 in
3287 2430 3415 2474 tecto
3438 2462 3451 2486 ,
3487 2421 3536 2475 id
3567 2431 3649 2477 est
3676 2422 3732 2476 in

2144 2509 2302 2564 cmlo.
2330 2510 2468 2580 Ergo
2491 2510 2759 2579 pelicanus
2782 2511 3072 2576 nascendo,
3099 2511 3404 2582 nyeticorax
3425 2512 3730 2580 moriendo,

2146 2614 2330 2670 passer
2356 2602 2684 2672 resurgendo
2715 2618 2728 2654 :
2759 2601 2829 2656 ibi
2860 2601 2912 2655 in
2939 2602 3241 2668 solitudine,
3269 2602 3413 2657 velut
3435 2602 3613 2668 solus;
3645 2601 3733 2658 hic

2147 2692 2200 2746 in
2227 2692 2522 2761 parietinis,
2554 2694 2693 2747 velut
2721 2693 2788 2748 ab
2814 2694 2892 2748 eis
2924 2695 3131 2748 occisus
3154 2736 3169 2761 ,
3211 2694 3300 2763 qui
3331 2703 3472 2750 stare
3498 2709 3603 2749 non
3636 2709 3736 2764 po-

2149 2790 2362 2837 luerunt
2393 2783 2445 2836 in
2471 2783 2732 2849 aedilicio;
2777 2783 2864 2839 hic
2887 2800 3014 2839 vero
3036 2785 3145 2853 jam
3187 2785 3409 2855 vigilans
3451 2794 3505 2840 et
3541 2786 3736 2842 volans

2148 2874 2428 2943 singularis
2460 2875 2512 2929 in
2546 2884 2685 2930 tecto
2709 2915 2722 2939 ,
2770 2875 2841 2931 ibi
2882 2875 3189 2945 interpellat
3229 2891 3324 2946 pro
3366 2876 3517 2931 nobis
3551 2875 3728 2948 (Rom.

2146 2979 2261 3031 vut,
2293 2963 2407 3032 54).
2437 2961 2607 3033 Caput
2632 2965 2773 3019 enim
2816 2977 3055 3020 nostrum
3085 2981 3270 3036 passer
3299 2975 3380 3021 est
3400 3007 3413 3030 ,
3442 2981 3637 3042 corpus
3663 2967 3729 3022 il-

2148 3055 2250 3111 lius
2281 3064 2473 3110 turtur.
2508 3056 2711 3110 Etenim
2740 3075 2915 3126 passer
2941 3058 3128 3111 invenit
3166 3057 3262 3111 sibi
3301 3057 3524 3111 domum.
3556 3059 3734 3126 Quam

2146 3146 2404 3202 domum?
2432 3147 2487 3202 In
2515 3149 2652 3204 coelo
2683 3158 2783 3215 est,
2812 3149 3115 3219 interpellat
3141 3165 3238 3220 pro
3264 3149 3438 3204 nobis.
3470 3149 3537 3204 Et
3567 3159 3740 3206 turtur

2146 3241 2321 3295 nidum
2365 3242 2478 3308 sibi,
2534 3241 2773 3296 Ecclesia
2831 3241 2922 3296 Dei
2979 3242 3158 3296 nidum
3214 3241 3280 3297 de
3351 3243 3508 3312 lignis
3555 3243 3740 3297 crucis

2147 3335 2350 3405 ipsius;
2380 3335 2464 3387 ubi
2492 3344 2645 3404 ponat
2670 3335 2837 3404 pullos
2859 3350 2976 3388 suos
3005 3332 3167 3404 (Psal.
3212 3349 3418 3387 Lxxxtn
3440 3376 3455 3400 ,
3486 3333 3540 3394 4)
3561 3375 3575 3398 ,
3607 3348 3740 3404 par-

2146 3426 2299 3480 vulos
2327 3440 2471 3479 suos.
2517 3423 2730 3496 Vigilavi
2748 3466 2761 3490 ,
2790 3433 2836 3478 et
2873 3427 3038 3495 factus
3065 3441 3176 3478 sum
3205 3423 3332 3477 sicut
3363 3441 3534 3494 passer
3557 3425 3746 3495 singu-

2147 3518 2269 3572 laris
2298 3518 2350 3570 in
2378 3527 2524 3570 tecto.

2217 3608 2266 3663 9.
2301 3606 2450 3681 [vers.
2477 3606 2555 3680 9.]
2583 3607 2711 3660 Tota
2738 3607 2818 3660 die
2837 3607 3204 3676 exprobrabant
3233 3608 3357 3660 nti/ti
3383 3607 3576 3661 inimici
3601 3609 3740 3674 mei,

2147 3709 2194 3753 et
2219 3701 2300 3768 qui
2329 3699 2601 3753 laudabant
2631 3715 2728 3763 me,
2751 3697 2990 3752 adversus
3028 3716 3106 3751 me
3120 3697 3382 3770 jurabant.
3417 3697 3520 3753 Ore
3547 3698 3742 3753 lauda-

2145 3789 2295 3858 bant,
2328 3790 2488 3846 corde
2513 3789 2732 3845 insidias
2762 3790 3151 3861 praeparabant.
3181 3788 3318 3843 Audi
3345 3789 3553 3845 laudem
3582 3791 3738 3860 ipso-

2148 3901 2289 3939 rum.
2311 3883 2575 3956 Magister,
2607 3885 2790 3938 scimus
2829 3884 2946 3956 quia
2975 3884 3108 3937 viam
3139 3883 3234 3936 Dei
3259 3884 3311 3936 in
3336 3883 3540 3948 veritate
3560 3885 3738 3948 doces,

2147 3985 2195 4029 et
2239 3992 2507 4044 personam
2555 3992 2655 4029 non
2701 3975 3070 4043 accipis:licet
3098 3972 3338 4026 tributum
3388 3973 3509 4026 dare
3541 3970 3744 4026 Caesari

2149 4067 2357 4141 (Matth.
2406 4086 2534 4133 χιιι,
2588 4069 2674 4132 16,
2722 4068 2855 4137 l7)?
2907 4067 3077 4134 Quem
3121 4066 3348 4134 laudas,
3401 4066 3739 4137 supplantas.

2146 4161 2322 4229 Quare
2369 4160 2469 4214 nisi
2517 4161 2636 4230 quia
2674 4161 2758 4230 qui
2785 4160 3058 4214 laudabant
3084 4177 3193 4225 me,
3222 4159 3457 4212 adversus
3487 4176 3566 4213 me
3581 4160 3743 4228 jura-

2149 4252 2309 4305 bant?
2335 4251 2486 4306 Unde
2511 4259 2688 4306 autem
2716 4250 2819 4306 hoc
2845 4251 3208 4321 opprobrium,
3237 4251 3336 4305 nisi
3363 4251 3482 4319 quia
3509 4251 3629 4305 veni
3651 4250 3742 4304 fa-

2149 4358 2270 4398 cere
2298 4342 2533 4396 membra
2565 4357 2680 4397 mea
2713 4353 3036 4410 peccatores,
3057 4351 3112 4396 ut
3132 4341 3339 4412 agendo
3366 4341 3742 4410 paenitentiam

2149 4435 2257 4490 sint
2282 4433 2335 4488 in
2362 4448 2586 4504 corpore
2616 4433 2774 4488 meo?
2813 4432 2937 4488 lude
2977 4441 3145 4486 totttm
3190 4429 3534 4501 opprobrium
3557 4473 3571 4496 ,
3609 4431 3742 4487 inde

2150 4528 2450 4597 persecutio
2480 4545 2492 4581 :
2527 4527 2694 4592 Quare
2732 4527 2967 4597 magister
2993 4535 3149 4580 vester
3178 4541 3292 4577 cum
3322 4524 3667 4596 peccatoribus
3688 4535 3744 4580 et

2152 4619 2431 4689 publicanis
2471 4618 2779 4671 ntanducat?
2809 4617 2926 4671 Non
2955 4627 3026 4671 est
3052 4633 3181 4684 Opus
3206 4616 3342 4671 sanis
3363 4616 3602 4681 medicus,
3643 4617 3745 4672 sed

2149 4709 2506 4780 wgrotantibus
2544 4709 2652 4780 (Id.
2692 4726 2764 4774 ιιι,
2797 4707 3288 4776 11ει12).ι]ιίιι;ιιη
3334 4725 3428 4764 vos
3471 4717 3761 4780 a‘grotare.

2151 4801 2401 4866 nossetis,
2434 4811 2491 4854 ut
2517 4801 2778 4855 medicum
2809 4801 3145 4869 quaereretis;
3179 4816 3284 4854 non
3316 4801 3652 4868 occideretis,
3684 4811 3746 4857 et

2151 4910 2245 4965 per
2270 4893 2551 4964 superbam
2576 4893 2898 4948 dementiam
2930 4891 3057 4946 falsa
3087 4893 3313 4948 sanitate
3336 4893 3598 4963 periretis.

2225 4986 2311 5040 10.
2338 4984 2484 5058 [vers.
2511 4983 2624 5057 10.]
2659 4983 2788 5038 Mihi
2826 4993 3001 5038 autem
3053 4983 3192 5038 unde
3222 4991 3323 5037 tota
3350 4985 3432 5038 die
3459 4985 3745 5054 exprobra-

2153 5079 2272 5131 bant
2300 5077 2490 5131 inimici
2513 5077 2645 5130 mei?
2668 5077 2808 5131 unde
2836 5075 2922 5146 qui
2951 5075 3223 5129 laudabant
3253 5093 3361 5145 me,
3392 5077 3631 5132 adversus
3656 5095 3746 5134 me

2142 5168 2426 5241 jurabant?
2451 5168 2700 5233 Quoniam
2725 5169 2938 5222 cinerem
2960 5169 3088 5221 sicut
3108 5185 3287 5238 panem
3321 5171 3648 5235 manducavi,
3687 5179 3746 5224 et

2152 5268 2325 5328 potum
2371 5274 2535 5312 meum
2569 5275 2681 5312 cum
2717 5259 2839 5326 ﬂetu
2877 5257 3163 5313 miscebant.
3203 5259 3337 5326 Quia
3378 5261 3492 5314 lucc
3534 5275 3742 5331 genera

2151 5350 2428 5406 hominum
2457 5351 2653 5407 habere
2685 5349 2739 5404 in
2768 5351 2880 5406 suis
2912 5352 3166 5407 membris
3201 5353 3437 5408 sananda
3478 5353 3640 5408 voluit
3679 5365 3747 5411 et

2150 5443 2442 5508 liberanda,
2492 5443 2616 5497 inde
2659 5443 3022 5513 opprobrium.
3073 5444 3348 5514 Hodieque
3399 5445 3745 5517 Paganorum

2151 5536 2496 5608 opprobrium
2522 5536 2679 5605 quale
2708 5535 2760 5589 in
2790 5551 2888 5591 nos
2919 5537 3039 5591 est?
3069 5537 3193 5607 quid
3239 5539 3436 5608 putatis
3455 5581 3470 5605 ,
3519 5539 3742 5609 fratres,

2149 5629 2275 5700 quid
2304 5641 2397 5682 eos
2419 5627 2615 5697 putatis
2637 5627 2816 5682 dicere
2850 5627 3042 5682 nobis?
3063 5627 3170 5684 Vos
3198 5631 3538 5701 corrumpitis
3568 5631 3745 5687 disci-

2213 5767 2228 5796 ί
2266 5771 2394 5828 Unus
2412 5770 2517 5821 δίδη
2536 5776 2566 5812 a
2581 5762 2866 5828 ludentibus:
2892 5770 3030 5828 Forte
3052 5762 3175 5825 leg.,
3199 5762 3663 5828 abintelligentibus.

2214 5829 2234 5859 ²
2267 5823 2457 5893 Aliquot
2474 5833 2603 5889 Mss,
2624 5832 2670 5877 et
2693 5825 2740 5876 in
2754 5823 3001 5891 parietinis
3024 5823 3180 5889 amat,
3194 5832 3237 5877 et
3260 5825 3309 5876 in
3332 5823 3482 5877 nocte.
