4056 6526
365 361 498 420 15θί

365 482 584 549 plinam,
607 489 890 547 moresque
907 475 1119 546 generis
1139 474 1354 530 humani
1375 473 1692 544 pervertitis.
1717 471 1850 540 Quid
1873 472 1952 524 iii-

363 569 610 626 veheris?
627 569 710 624 dic
721 567 1086 638 quamobrem;
1111 566 1236 637 quid
1259 565 1514 622 fecimus?
1533 565 1734 630 Dando,
1757 565 1943 634 inquit,

357 659 661 716 hominibus
684 659 1010 729 pmnitentiie
1033 658 1226 720 locum,
1275 655 1630 727 promittendo
1659 656 1940 724 impunita.

359 765 464 810 tem
491 753 730 808 omnium
747 751 1060 808 delictorum
1093 751 1256 806 :idco
1285 750 1526 806 homines
1551 751 1687 806 mala
1713 749 1944 817 faciunt,

355 849 534 902 securi
563 845 706 916 quod
721 845 816 912 eis,
862 860 982 900 cum
1003 845 1244 900 conversi
1299 843 1512 912 fuerint,
1548 845 1723 899 omnia
1770 844 1946 900 dimit-

353 945 552 992 tuntur.
585 918 722 992 Hinc
745 949 872 1006 ergo
893 934 1258 1006 opprobrium,
1279 935 1528 1001 Quoniam
1561 937 1778 991 cinerem
1817 937 1944 990 sicut

353 1045 540 1096 partem
566 1029 890 1094 manducavi,
911 1037 956 1084 et
973 1037 1147 1100 potum
1175 1045 1341 1084 meum
1367 1045 1480 1082 cum
1502 1029 1625 1098 ﬂetu
1654 1028 1939 1084 miscebant.

351 1121 398 1176 Ο
433 1124 523 1192 qui
555 1124 811 1190 insultas,
845 1124 1014 1180 invito
1041 1133 1092 1180 te
1119 1122 1186 1178 ad
1213 1123 1370 1178 istum
1396 1136 1611 1192 panem.
1652 1120 1770 1176 Non
1798 1121 1940 1178 enim

351 1216 520 1272 audes
551 1225 603 1272 te
632 1217 814 1273 dicere
843 1232 950 1272 non
981 1232 1100 1272 esse
1140 1223 1498 1288 peccatorem.
1543 1215 1760 1272 Discute
1811 1232 1940 1272 con-

351 1311 632 1365 scientiam
653 1319 816 1376 tuam,
845 1311 1072 1366 ascende
1097 1310 1326 1364 tribunal
1349 1310 1542 1364 mentis
1567 1318 1690 1375 tuae,
1711 1309 1820 1364 noli
1847 1309 1938 1366 tibi

353 1413 574 1469 parcere
595 1443 610 1466 ,
641 1403 884 1458 examina
926 1410 1006 1468 te,
1058 1401 1305 1472 loquatur
1337 1401 1426 1456 tibi
1455 1400 1688 1456 medulla
1716 1400 1892 1456 cordis
1919 1417 1934 1466 ;

349 1493 474 1550 vide
503 1504 684 1554 utrum
722 1495 922 1550 audeas
961 1495 1314 1550 innocentiam
1361 1494 1618 1564 proﬁteri.
1660 1495 1756 1550 llic
1785 1495 1937 1564 plane

349 1584 398 1640 si
425 1599 486 1640 se
511 1587 832 1656 respexerit,
865 1587 1298 1652 conturbabitur;
1321 1586 1368 1641 si
1387 1601 1444 1642 se
1473 1601 1578 1642 non
1603 1587 1896 1656 palpaverit
1917 1627 1934 1652 ,

347 1677 712 1733 conﬁtebitur.
733 1678 804 1734 Et
825 1679 946 1748 quid
967 1681 1079 1749 agis
1105 1679 1284 1744 miser,
1311 1679 1356 1734 si
1379 1693 1484 1734 non
1509 1680 1612 1736 erit
1631 1690 1813 1750 portus
1833 1679 1934 1734 iui-

349 1769 638 1836 punitatis?
667 1769 726 1825 Si
751 1771 860 1826 sola
891 1771 988 1826 luit
1013 1770 1263 1840 peccandi
1291 1770 1525 1836 licentia,
1553 1779 1608 1826 et
1633 1771 1772 1826 nulla
1805 1787 1932 1842 pec-

345 1869 590 1914 catorum
619 1868 702 1914 est
724 1859 1066 1930 indulgentia,
1098 1860 1186 1916 ubi
1213 1860 1363 1916 eris?
1391 1875 1496 1930 quo
1522 1861 1661 1916 ibis?
1690 1860 1852 1917 Certe
1879 1871 1933 1916 et

347 1965 446 2019 pro
475 1959 526 2006 te
552 1949 750 2006 factum
773 1960 872 2017 est,
892 1961 952 2006 ut
973 1966 1170 2022 pauper
1195 1953 1293 2006 iste
1319 1952 1554 2006 cinerem
1585 1952 1720 2006 sicut
1741 1967 1932 2022 panem

347 2041 710 2107 manducaret,
738 2050 793 2097 et
815 2052 998 2112 potum
1025 2058 1178 2098 suum
1201 2057 1322 2098 cum
1349 2042 1476 2098 ﬂetu
1505 2043 1774 2098 misceret.
1813 2043 1931 2098 Non

351 2141 408 2188 te
441 2132 546 2202 jam
573 2131 802 2188 delectat
845 2134 950 2188 tale
989 2134 1326 2188 convivium?
1358 2133 1464 2190 Sed
1491 2143 1689 2200 tamen,
1725 2135 1926 2205 inquit,

345 2233 538 2293 augent
585 2223 826 2280 homines
875 2234 1088 2294 peccata
1135 2239 1232 2293 spe
1281 2225 1470 2282 veniae.
1523 2225 1634 2282 imo
1675 2233 1930 2296 augerent

345 2324 558 2383 peccata
609 2316 981 2386 desperatione
1031 2318 1218 2374 venite.
1260 2317 1447 2374 Nonne
1493 2317 1725 2376 attendis
1766 2333 1925 2389 quam

341 2407 616 2462 licentiosa
645 2408 958 2466 crudelitate
995 2410 1174 2466 vivant
1203 2410 1566 2481 gladiatores?
1607 2409 1762 2468 Unde
1797 2411 1924 2476 hoc,

339 2498 440 2554 nisi
489 2499 598 2569 jam
654 2508 900 2571 tanquam
963 2502 1030 2558 ad
1067 2501 1266 2558 ferrum
1323 2510 1377 2558 et
1431 2502 1700 2558 victimam
1762 2501 1926 2556 desti-

337 2593 468 2658 nati,
501 2592 720 2662 explere
763 2595 948 2650 volunt
989 2595 1263 2651 libidinem
1291 2637 1304 2660 ,
1359 2603 1644 2666 antequam
1702 2594 1923 2650 fundant

335 2687 692 2754 sanguinem?
723 2685 908 2742 Nonne
934 2697 990 2742 et
1032 2697 1088 2744 tu
1117 2688 1219 2744 hoc
1249 2689 1342 2744 tibi
1371 2688 1578 2745 diceres
1607 2707 1620 2742 :
1648 2688 1764 2744 Jam
1798 2703 1922 2758 pec-

335 2785 492 2831 cator
507 2778 772 2847 sum,jam
803 2779 1035 2850 iniquus,
1065 2779 1174 2849 jam
1200 2780 1554 2847 damnandus,
1581 2780 1724 2834 nulla
1749 2780 1921 2834 venite

333 2883 458 2937 spes
479 2877 592 2934 est;
619 2884 716 2924 cur
739 2871 845 2940 jam
873 2887 979 2926 non
1007 2871 1200 2928 faciam
1223 2871 1475 2942 quidquid
1502 2872 1650 2936 libet,
1683 2874 1783 2929 etsi
1813 2889 1920 2930 non

334 2959 492 3013 licet?
520 2959 626 3015 Cur
651 2979 756 3016 non
799 2963 1068 3033 impleam,
1095 2971 1350 3034 quantum
1383 2977 1620 3034 possum,
1643 2981 1916 3036 quaecum-

331 3067 436 3119 que
461 3050 756 3118 desideria,
790 3055 834 3108 si
875 3065 996 3124 post
1023 3058 1138 3110 time
1167 3070 1270 3110 non
1309 3065 1510 3112 restant
1539 3058 1640 3112 nisi
1669 3059 1782 3115 sola
1808 3067 1920 3114 tor-

331 3143 548 3198 menta?
571 3143 758 3200 Nonne
789 3145 890 3201 hoc
921 3146 1013 3201 tibi
1047 3147 1280 3214 diceres,
1316 3155 1370 3204 et
1402 3148 1774 3220 desperatione
1804 3151 1916 3220 ipsa

331 3234 484 3304 pejor
501 3235 697 3292 lieres?
724 3236 904 3292 Potius
943 3252 1070 3308 ergo
1101 3246 1154 3293 te
1177 3239 1395 3309 corrigit
1415 3241 1506 3308 qui
1535 3239 1914 3310 indulgentiam

332 3328 615 3396 promittit,
647 3338 702 3384 et
723 3327 850 3384 dicit
878 3346 890 3382 :
921 3329 1103 3384 Redite
1136 3331 1544 3400 praevaricatores
1569 3330 1638 3382 ad
1659 3347 1744 3394 cor
1761 3329 1910 3402 (Isai.

329 3433 474 3484 XLVI,
505 3419 582 3490 8).
613 3419 752 3474 Nolo
780 3429 988 3475 mortem
1013 3422 1192 3490 impii;
1225 3423 1508 3486 quantum‘
1531 3431 1588 3476 ut
1613 3431 1910 3490 revertatur,

329 3523 378 3566 et
407 3514 540 3568 vivat
565 3512 776 3583 (Ezecli.
825 3531 1012 3579 xxxiii,
1056 3516 1169 3586 ii).
1203 3514 1314 3569 Hoc
1347 3515 1533 3585 procul
1571 3514 1732 3570 dubio
1759 3522 1913 3584 portu

329 3605 624 3674 proposito,
655 3605 880 3675 deponis
908 3607 1022 3662 vela
1055 3605 1653 3676 iniquitatis,convertis
1673 3601 1924 3676 proram,

329 3695 566 3750 veliﬁcas
595 3697 658 3750 ad
685 3695 966 3766 justitiam,
997 3705 1050 3751 et
1075 3711 1298 3765 sperans
1322 3697 1504 3759 vitam,
1543 3711 1649 3750 non
1687 3697 1910 3767 negligis

328 3785 666 3842 iedicinam.
693 3786 802 3842 Nec
829 3787 880 3840 in
907 3787 1008 3842 hoc
1037 3787 1132 3841 tibi
1154 3787 1432 3856 displiceat
1467 3787 1624 3850 Deus,
1659 3795 1908 3856 tanquam

329 3896 422 3949 per
461 3881 614 3936 istam
661 3881 1002 3950 indulgentiae
1029 3880 1436 3951 promissionem
1483 3893 1699 3936 securos
1727 3879 1912 3935 iecerit

329 3981 656 4041 peccatores.
701 3972 914 4027 Etenim
960 3986 1028 4027 ne
1065 3971 1436 4043 desperatione
1481 3969 1724 4026 homines
1761 3969 1912 4039 pejus

328 4068 569 4122 viverent
597 4109 610 4133 ,
671 4066 912 4136 promisit
957 4065 1296 4135 indulgentia:
1325 4071 1536 4134 portum
1556 4103 1572 4129 ,
1609 4077 1812 4128 rursus,
1841 4077 1910 4123 ne

329 4174 421 4226 spe
447 4159 615 4212 venia:
637 4157 786 4228 pejus
807 4158 1064 4225 viverent,
1082 4157 1205 4213 fecit
1223 4156 1364 4211 diem
1395 4154 1582 4222 mortis
1611 4153 1906 4208 incertum:

329 4247 794 4319 providentissime
823 4257 1104 4318 utrumque
1125 4247 1476 4314 constituens,
1500 4253 1554 4301 et
1580 4251 1908 4301 revertentes

328 4355 432 4410 quo
475 4341 799 4410 recipiantur
828 4382 843 4408 ,
896 4347 952 4395 et
1005 4338 1310 4394 ditferentes
1381 4337 1522 4393 unde
1587 4344 1904 4392 terreantur.

329 4433 580 4488 Manduca
611 4435 845 4489 cinerem
871 4432 1016 4488 velut
1053 4445 1239 4500 panem
1259 4473 1274 4500 ,
1306 4439 1360 4488 et
1386 4431 1570 4486 ﬂetum
1599 4437 1746 4482 tuum
1785 4440 1907 4482 eum

329 4541 453 4600 potu
484 4532 679 4596 misce;
721 4547 816 4602 per
853 4531 956 4585 hoc
1001 4529 1298 4585 convivium
1343 4526 1528 4580 venies
1565 4523 1630 4578 ad
1665 4536 1906 4578 mensam

333 4625 444 4678 Dei.
475 4623 595 4679 Noli
627 4625 939 4694 desperare;
985 4623 1248 4694 promissa
1291 4627 1374 4676 est
1419 4617 1740 4688 indulgentia
1791 4613 1904 4669 tibi.

305 4713 440 4800 'Deo
463 4716 682 4784 gratias,
707 4716 893 4786 inquit,
923 4716 1044 4784 quia
1074 4713 1330 4784 promissa
1355 4719 1465 4776 est;
1495 4717 1651 4765 teneo
1675 4706 1904 4778 promis-

334 4821 444 4864 sum
491 4807 607 4862 Dei.
649 4807 791 4878 Ergo
829 4809 938 4877 jam
986 4807 1124 4862 bene
1165 4805 1305 4860 vive.
1351 4805 1502 4868 Cras,
1547 4800 1736 4870 inquit,
1767 4799 1906 4854 bene

338 4899 520 4952 vivam.
553 4898 935 4969 indulgentiam
967 4897 1058 4953 tibi
1107 4898 1246 4951 Deus
1281 4893 1560 4965 promisit;
1613 4891 1904 4946 crastinum

329 4991 469 5046 diem
499 4991 591 5046 tibi
618 5005 776 5046 nemo
804 4990 1066 5060 promisit.
1097 4989 1153 5044 Si
1193 4988 1330 5042 male
1367 4985 1576 5050 vixisti,
1609 4983 1746 5038 bene
1785 4983 1907 5038 vive

327 5082 432 5152 jam
461 5082 638 5138 hodie.
669 5081 835 5137 Stulte
854 5122 871 5150 ,
902 5082 996 5136 hac
1021 5089 1165 5136 nocte
1185 5082 1446 5151 auferetur
1471 5095 1502 5132 α
1528 5087 1575 5131 te
1599 5077 1768 5131 anima
1798 5085 1902 5130 tua.

329 5173 441 5229 Non
471 5173 613 5240 dico,
649 5174 776 5240 Qutv
800 5175 1117 5244 praeparasti,
1144 5173 1288 5242 cuius
1315 5179 1458 5225 erunt
1479 5169 1628 5239 (Luc.
1657 5183 1753 5234 xu,
1775 5167 1906 5238 20)?

329 5263 443 5330 sed,
475 5263 779 5320 Secundum
806 5263 946 5335 quod
986 5265 1195 5331 vixisti,
1237 5263 1326 5318 ubi
1368 5261 1508 5316 eris?
1532 5259 1750 5330 Corrige
1777 5273 1907 5330 ergo

329 5365 400 5422 te,
427 5363 484 5410 ut
509 5357 682 5427 possis
708 5357 760 5411 in
791 5369 1012 5426 corpore
1035 5354 1231 5411 Christi
1261 5353 1462 5409 habere
1489 5367 1673 5407 vocem
1702 5353 1856 5406 istam
1887 5389 1908 5418 ,

248 5451 254 5456 ”
328 5464 508 5518 quam,
555 5449 659 5504 nisi
703 5449 888 5516 fallor,
918 5449 1142 5503 libenter
1170 5445 1413 5517 agnoscis
1447 5461 1459 5496 :
1493 5443 1744 5511 Quoniam
1773 5443 1910 5496 cine-

329 5555 432 5594 rem
459 5541 590 5593 sicut
618 5557 797 5610 panem
823 5539 1141 5604 manducavi,
1171 5547 1216 5592 et
1253 5545 1425 5608 potum
1454 5551 1618 5591 meum
1641 5551 1760 5590 cum
1783 5536 1907 5604 ﬂetu

333 5631 612 5685 miscebant.
1005 5635 1008 5644 ’

389 5813 412 5873 _'
444 5814 516 5864 Sic
669 5819 722 5862 At
747 5811 878 5875 ειη,
903 5815 1096 5861 tantum.

1495 355 1886 414 ENARRATIO
1925 351 1990 408 ΙΝ
2032 353 2354 416 PSALMUH
2395 361 2480 416 Cl.

3451 401 3476 408 -~
3501 375 3637 432 i302

2135 475 2220 528 il.
2263 473 2411 547 [vers.
2457 476 2566 550 iL]
2607 479 2650 532 Λ
2691 483 2822 553 {tu-ie
2873 483 2963 538 ira:
3003 495 3102 540 tua:
3140 487 3157 518 ⁸
3187 497 3234 540 et
3273 487 3635 560 indignationis

2059 580 2176 630 tua}.
2203 571 2438 639 quoniam
2469 572 2642 627 levasti
2657 615 2671 639 ,
2695 575 2873 629 elisisti
2901 594 2996 632 ine.
3021 578 3134 649 Ipsa
3164 589 3247 635 est
3280 579 3368 635 illa
3397 582 3477 638 ira
3505 592 3590 638 tua
3615 625 3630 649 ,

2059 659 2298 726 Domine,
2339 661 2392 716 in
2433 663 2637 731 Adam;
2672 666 2747 722 ira
2777 683 2896 722 cum
2923 687 3022 740 qua
3051 685 3237 728 omnes
3263 675 3374 728 nati
3403 689 3589 732 sumus
3612 719 3627 741 ,

2054 753 2136 806 cui
2167 755 2432 810 nascendo
2458 757 2804 826 coliaesimus;
2825 761 2900 816 ira
2923 762 2988 818 de
3005 766 3293 836 propagine
3317 766 3628 837 iniquitatis,

2055 844 2130 897 ira
2156 844 2221 900 de
2251 859 2424 900 massa
2451 850 2648 916 peccati
2681 867 2692 901 :
2723 852 3014 908 secundum
3043 871 3200 924 quam
3229 857 3358 912 dicit
3393 858 3627 928 Aposto-

2053 934 2150 998 lus,
2183 934 2401 991 Fuimus
2426 947 2470 992 et
2498 955 2588 992 nos
2617 941 2886 1010 aliquando
2913 953 3098 999 natura
3119 947 3214 1016 ﬁlii
3240 948 3332 1002 irae
3353 988 3369 1014 ,
3409 948 3538 1004 sicut
3579 959 3628 1004 et

2049 1027 2250 1092 atteri;
2279 1037 2333 1082 et
2362 1029 2499 1085 unde
2527 1031 2654 1086 dicit
2691 1034 2943 1092 Dominus
2965 1076 2982 1100 ,
3028 1036 3120 1091 Ira
3147 1038 3246 1093 Dci
3273 1051 3440 1095 manet
3475 1059 3628 1112 super

2047 1137 2180 1184 eum,
2208 1123 2326 1192 quia
2351 1139 2452 1178 non
2479 1125 2688 1178 credidit
2715 1128 2766 1180 in
2789 1127 3101 1198 unigenitum
3120 1129 3310 1186 Filium
3329 1132 3425 1189 Dei
3445 1134 3622 1208 (Joan.
3685 1167 3690 1172 ’

2047 1229 2123 1276 iu,
2156 1213 2268 1282 56).
2299 1213 2416 1269 Non
2446 1217 2587 1270 enim
2633 1217 2738 1283 ait,
2780 1217 2860 1272 lra
2909 1221 3000 1276 Dei
3040 1224 3215 1280 veniet
3250 1239 3411 1296 super
3457 1243 3622 1295 eum;

2045 1304 2160 1372 sed,
2189 1315 2354 1360 manet
2379 1324 2531 1378 super
2554 1326 2667 1362 eum
2698 1312 2858 1380 :quia
2887 1327 2992 1367 non
3025 1315 3224 1370 tollitur
3263 1318 3314 1372 in
3342 1333 3445 1388 qua
3469 1329 3624 1376 natus

2044 1403 2145 1450 est.
2175 1395 2352 1462 Quare
2397 1413 2545 1468 ergo,
2575 1400 2772 1469 etquid
2799 1401 2898 1456 sibi
2931 1404 3040 1458 vult
3065 1422 3164 1460 vox
3193 1407 3291 1462 ista
3315 1449 3331 1476 ,
3367 1409 3622 1476 Quoniam

2043 1486 2235 1553 levasti,
2258 1489 2434 1544 elisisti
2463 1507 2574 1544 me:
2601 1489 2715 1548 Non
2752 1494 2892 1548 enim
2919 1495 3009 1558 ait,
3031 1495 3288 1564 Quoniam
3315 1501 3498 1556 levasti
3521 1545 3538 1569 ,
3568 1512 3620 1558 et

2042 1579 2226 1636 elisisti
2253 1598 2366 1648 me;
2393 1583 2508 1648 sed,
2532 1583 2782 1650 Quoniam
2801 1586 2992 1652 levasti,
3011 1588 3185 1644 elisisti
3208 1607 3303 1644 me.
3333 1590 3454 1647 Ideo
3471 1593 3619 1650 elisi-

2039 1671 2127 1738 sti,
2170 1673 2290 1742 quia
2321 1673 2525 1728 levasti.
2571 1674 2722 1730 Uude
2763 1677 2903 1731 hoc?
2946 1677 3114 1734 llomo
3142 1681 3192 1734 in
3229 1682 3434 1737 honore
3471 1683 3616 1752 posi—

2041 1773 2124 1819 tus
2148 1805 2162 1830 ,
2205 1763 2371 1821 factus
2414 1775 2496 1820 est
2531 1766 2595 1822 ad
2632 1766 2914 1838 imaginem
2959 1771 3052 1825 Dei
3102 1791 3114 1826 :
3156 1773 3356 1828 levatus
3387 1775 3438 1829 in
3477 1774 3618 1832 hunc

2037 1853 2318 1920 honorem,
2351 1865 2558 1911 erectus
2580 1873 2608 1912 a
2657 1869 2894 1928 pulvere,
2921 1871 3128 1918 erectus
3155 1879 3183 1917 a
3212 1874 3372 1932 terra,
3412 1871 3616 1942 accepit

2036 1947 2265 2004 animam
2283 1949 2612 2018 rationalem,
2637 1953 2946 2021 prmpositus
2963 1961 3043 2008 est
3059 1956 3275 2010 rationis
3292 1958 3457 2027 ipsius
3473 1960 3616 2014 viva-

2035 2038 2194 2094 citate
2215 2040 2458 2094 omnibus
2481 2040 2681 2106 bestiis,
2707 2043 3008 2111 pecoribus,
3034 2046 3352 2116 volatilibus,
3381 2049 3613 2120 piscibus

2035 2129 2186 2200 (Gen.
2211 2147 2247 2198 i,
2265 2131 2376 2201 26).
2401 2133 2536 2200 Quid
2563 2134 2702 2188 enim
2733 2135 2920 2190 horum
2959 2136 3115 2193 habet
3142 2139 3498 2210 intelligentiin
3525 2154 3612 2198 r3-

2034 2221 2264 2278 tionem?
2297 2222 2428 2289 Quia
2456 2224 2654 2278 nullum
2687 2225 2874 2280 borum
2906 2225 3100 2304 factum
3132 2237 3212 2284 est
3240 2229 3306 2284 ad
3329 2231 3610 2303 imaginem

2035 2313 2148 2368 Dei.
2177 2313 2453 2380 Quomodo
2498 2315 2698 2369 nullum
2735 2317 2919 2370 horum
2967 2317 3121 2372 habet
3150 2319 3292 2376 hunc
3316 2321 3572 2380 honorem
3593 2365 3607 2390 ,

2030 2405 2108 2459 sic
2147 2405 2348 2459 nullum
2388 2404 2576 2460 horum
2619 2407 2780 2464 habet
2817 2409 2955 2464 hanc
2984 2411 3440 2480 miseriam.Quod
3466 2417 3608 2472 enim

2029 2511 2188 2566 pecus
2201 2497 2400 2568 plangit
2413 2497 2862 2568 dcpeccato?qu;e
2879 2500 2991 2555 avis
3007 2501 3460 2574 timetgeliennam
3474 2506 3608 2576 ignis

2028 2589 2210 2642 aeterni
2229 2587 2251 2640 ?
2271 2587 2403 2655 Quia
2428 2587 2570 2642 nulla
2591 2589 2639 2642 ei
2662 2589 2994 2660 participatio
3014 2592 3181 2648 beata:
3197 2593 3338 2662 vitm,
3365 2595 3490 2650 nulli
3511 2597 3608 2652 sti-

2027 2679 2155 2734 muli
2177 2679 2532 2734 miseriarum.
2555 2679 2725 2734 l-lomo
2745 2690 2941 2746 autem,
2984 2686 3102 2754 quia
3126 2684 3291 2742 factus
3317 2689 3511 2758 estqui
3537 2689 3608 2744 sit

2026 2770 2076 2825 in
2105 2771 2256 2826 beata
2283 2771 2406 2836 vita,
2440 2772 2482 2825 si
2503 2773 2636 2828 bene
2654 2773 2872 2840 vixerit;
2905 2774 3023 2830 ideo
3053 2777 3156 2832 erit
3182 2777 3234 2832 in
3255 2778 3448 2834 misera
3473 2781 3600 2846 vita,

2023 2863 2148 2931 quia
2177 2864 2315 2920 male
2343 2861 2490 2918 vixit.
2525 2865 2665 2935 Ergo
2685 2907 2699 2930 ,
2739 2867 2869 2932 Quia
2895 2867 3090 2934 levasti,
3118 2869 3293 2925 elisisti
3321 2888 3400 2926 me
3427 2888 3446 2927 :
3476 2873 3596 2930 ideo
3645 2919 3656 2934 ι

2024 2955 2262 3024 sequitur
2301 2971 2385 3010 me
2431 2970 2617 3024 paena,
2663 2957 2781 3026 quia
2811 2957 3002 3014 dedisti
3033 2960 3160 3015 mihi
3185 2961 3412 3018 liberum
3459 2965 3598 3020 arbi-

2023 3050 2202 3104 trium.
2230 3047 2285 3103 Si
2314 3049 2455 3104 enim
2488 3048 2615 3102 milii
2643 3065 2746 3103 nou
2775 3049 3016 3106 dedisses
3047 3052 3267 3108 liberum
3291 3055 3592 3122 arbitrium,

2022 3147 2077 3196 et
2101 3155 2196 3210 per
2221 3139 2357 3196 hanc
2379 3141 2637 3195 rationem
2673 3142 2952 3210 pecoribus
2993 3157 3077 3198 me
3108 3159 3210 3198 non
3245 3143 3452 3201 faceres
3480 3163 3598 3202 iue-

2022 3231 2242 3298 liorem,
2289 3247 2392 3286 non
2427 3247 2514 3286 me
2543 3243 2856 3301 sequeretur
2883 3233 3152 3288 damnatio
3189 3235 3332 3305 justa
3375 3252 3600 3306 peccan-

2019 3331 2147 3378 tem.
2181 3322 2320 3392 Ergo
2347 3338 2440 3392 per
2468 3321 2744 3376 arbitrium
2773 3323 2998 3378 liberum
3028 3325 3210 3380 levasti
3253 3342 3358 3393 inc,
3403 3339 3457 3384 et
3504 3345 3599 3398 per

2013 3413 2232 3484 justitiac
2255 3413 2510 3482 judicium
2538 3413 2722 3468 elisisti
2753 3429 2858 3468 me.

2091 3506 2177 3562 12.
2225 3503 2374 3578 [vers.
2402 3504 2514 3578 i2]
2545 3505 2664 3560 Dies
2706 3507 2802 3559 mei
2835 3507 2962 3560 sicut
2995 3507 3172 3562 umbra
3197 3509 3594 3566 declinaverunt.

2017 3598 2308 3653 Potuerunt
2335 3597 2476 3652 enim
2503 3611 2620 3651 esse
2651 3597 2763 3652 dies
2793 3596 2866 3652 tui
2903 3612 3008 3652 non
3038 3597 3396 3666 declinantes,
3418 3600 3463 3655 si
3487 3608 3540 3655 tu
3565 3617 3596 3655 a

2017 3690 2104 3745 die
2129 3703 2256 3744 vero
2287 3705 2390 3743 non
2418 3687 2741 3743 declinasses
2769 3706 2780 3740 :
2805 3687 3106 3755 decliuasti,
3131 3697 3185 3744 et
3208 3690 3458 3760 accepisti
3481 3689 3596 3746 dies

2017 3781 2364 3835 declinantes.
2395 3779 2531 3846 Ωιιιά
2557 3778 2748 3832 mirum
2772 3778 2814 3833 si
2838 3778 2951 3834 dies
2985 3779 3059 3833 tui
3087 3778 3208 3834 facti
3238 3789 3362 3834 sunt
3390 3779 3594 3836 similes

2019 3873 2130 3927 tui?
2159 3872 2260 3942 ipsi
2296 3881 2420 3926 sunt
2447 3871 2590 3924 enim
2630 3869 2742 3925 dies
2781 3869 3129 3937 declinantes,
3179 3871 3297 3940 quia
3333 3871 3591 3939 deviasti,

2014 3963 2103 4032 qui
2129 3970 2252 4016 sunt
2275 3961 2389 4016 dies
2413 3959 2564 4024 fumi,
2597 3961 2716 4029 quia
2749 3959 3000 4013 tumuisti.
3049 3959 3217 4030 Supra
3265 3961 3404 4014 enim
3446 3961 3594 4016 dixe-

2014 4061 2130 4121 rat,
2176 4051 2482 4122 Defecerunt
2510 4051 2639 4104 sicut
2679 4053 2848 4118 fumus
2880 4049 2986 4102 dies
3018 4049 3152 4114 mei;
3186 4057 3239 4103 et
3275 4064 3414 4105 nunc
3437 4047 3586 4116 dicit,

2013 4143 2136 4198 Dies
2168 4142 2260 4196 mei
2307 4143 2435 4196 sicut
2481 4140 2658 4194 umbra
2699 4139 3095 4194 declinaverunt.
3153 4139 3208 4194 in
3255 4140 3355 4195 hac
3403 4140 3590 4196 umbra

2013 4233 2379 4304 agnoscendus
2407 4239 2491 4285 est
2511 4229 2646 4296 dies,
2679 4231 2729 4283 in
2753 4229 2852 4284 hac
2877 4229 3065 4284 umbra
3097 4228 3320 4284 videnda
3353 4238 3436 4285 est
3463 4231 3590 4298 lux;

2014 4343 2082 4382 ne
2127 4334 2308 4396 postea
2351 4337 2469 4378 sera
2512 4330 2565 4376 et
2613 4320 2940 4374 infructuosa
2988 4321 3297 4389 pmniteutia
3339 4319 3590 4376 dicatur:

2017 4417 2150 4484 Quid
2191 4415 2332 4470 nobis
2377 4413 2566 4485 profuit
2607 4411 2891 4480 superbia?
2938 4419 2984 4464 et
3027 4411 3313 4464 divitiarum
3349 4410 3593 4477 iactantia

2013 4511 2132 4582 quid
2158 4507 2367 4563 contulit
2389 4504 2574 4560 nobis?
2601 4502 2930 4557 Transierunt
2955 4503 3121 4556 omnia
3148 4513 3387 4572 tanquam
3416 4502 3594 4556 umbra

2013 4605 2168 4675 (Sap.
2192 4617 2244 4666 v,
2271 4601 2324 4666 8,
2357 4596 2437 4672 9).
2459 4596 2616 4652 Modo
2637 4595 2740 4662 dic,
2769 4593 3092 4650 Transibunt
3123 4595 3300 4648 omnia
3341 4601 3590 4664 tanquam

2013 4697 2220 4761 umbra,
2251 4701 2304 4748 et
2334 4700 2391 4746 tu
2418 4704 2522 4744 non
2553 4697 2792 4744 transeas
2822 4694 3071 4755 tauquam
3111 4685 3316 4740 umbra.
3345 4683 3469 4739 Dies
3495 4685 3590 4738 mei

2011 4788 2140 4846 sicut
2166 4783 2343 4838 umbra
2363 4779 2769 4841 declinaverunt;
2789 4786 2835 4830 et
2853 4793 2942 4846 ego
2965 4775 3096 4830 velut
3109 4779 3280 4847 fenum
3299 4775 3430 4828 arui.
3459 4773 3592 4842 Quia

2012 4889 2065 4935 et
2092 4891 2250 4946 supra
2281 4874 2506 4942 dixerat,
2555 4871 2858 4924 Percussum
2884 4876 2958 4922 est
2983 4867 3112 4922 sicut
3147 4865 3356 4936 fenum,
3388 4872 3434 4917 et
3457 4865 3592 4917 aruit

2009 4985 2097 5024 cor
2121 4981 2305 5020 nteant.
2338 4962 2444 5018 Sed
2477 4961 2766 5016 revirescet
2802 4957 2982 5013 fenum
3025 4955 3295 5027 irrigatum
3335 4953 3591 5024 sanguine

2011 5059 2318 5115 Salvatoris.
2369 5053 2480 5124 Ego
2530 5052 2659 5106 sicut
2691 5052 2863 5121 fenum
2909 5049 3021 5102 arui
3065 5064 3084 5102 :
3127 5062 3226 5117 ego
3267 5046 3446 5110 homo,
3473 5053 3594 5113 post

2012 5155 2154 5208 illam
2194 5146 2716 5220 praivaricationem;
2761 5141 2864 5198 hoc
2903 5155 3002 5211 ego
3034 5141 3180 5210 justo
3221 5135 3420 5208 judicio
3452 5143 3584 5192 tuo:

2015 5255 2066 5300 tu
2100 5252 2275 5298 autem
2303 5239 2466 5312 quid?

2087 5336 2174 5392 i5.
2207 5333 2356 5406 [vers.
2389 5328 2501 5402 15.]
2530 5327 2607 5381 Tu
2631 5343 2765 5393 vero,
2793 5323 3021 5386 Domine,
3053 5321 3104 5374 in
3133 5328 3376 5374 teternu‘m
3399 5335 3588 5376 manes.

2015 5429 2118 5484 Mei
2143 5428 2256 5482 dies
2281 5425 2414 5479 sicut
2443 5422 2628 5476 umbra
2652 5418 3070 5478 declinaverunt,
3091 5420 3145 5468 et
3169 5419 3220 5466 tu
3257 5412 3306 5465 in
3334 5419 3591 5466 :eternum

2017 5534 2200 5577 inanes
2233 5514 2620 5585 :teinporalem
2661 5512 2828 5564 salvet
2865 5515 3116 5562 aeternus.
3144 5504 3260 5560 Non
3290 5505 3432 5560 enim
3469 5505 3590 5576 quia

2017 5629 2115 5686 ego
2145 5609 2332 5676 cecidi,
2361 5615 2416 5663 et
2449 5616 2502 5661 tu
2529 5601 2750 5659 scuuisti
2779 5618 2790 5653 :
2826 5612 2947 5652 nam
2975 5598 3122 5670 viges
3157 5597 3223 5653 ad
3252 5613 3338 5652 me
3367 5596 3594 5652 liberan-

2087 5795 2098 5825 ί
2141 5791 2248 5840 lidd.
2284 5789 2524 5842 omittunt,
2549 5787 2643 5829 tuo:
2675 5789 2690 5826 :
2725 5775 2854 5839 quod
2879 5783 2980 5826 Mss.
3006 5775 3204 5839 habent,
3225 5775 3362 5838 juxta
3395 5779 3519 5822 LXX.
