4056 6484
483 331 622 389 1503

477 449 627 517 dum,
666 450 754 519 qui
785 448 997 522 viguisti
1032 448 1098 504 ad
1129 463 1215 505 me
1242 445 1645 502 bunnliandum.
1678 445 1758 500 Tu
1778 462 1922 513 vero,
1947 446 2052 500 Do-

476 538 631 611 mine,
662 542 715 596 in
741 552 981 598 aeternum
1009 557 1216 607 manes;
1252 550 1298 595 et
1330 540 1615 594 memoriale
1645 549 1785 593 tuum
1822 541 1873 593 in
1903 557 2053 610 gene-

474 635 720 689 rationem
762 645 811 689 et
848 634 1234 707 generationem.
1285 631 1582 687 Memoriale
1607 641 1763 695 tuum,
1799 633 1917 700 quia
1949 647 2052 686 non

476 725 843 792 oblivisceris;
873 729 925 781 in
947 725 1339 797 generationem,
1379 738 1484 777 non
1514 738 1693 789 unam,
1725 723 1816 778 sed
1845 740 2054 793 genera-

473 821 657 875 tionem
675 831 719 876 et
734 820 1099 892 generationem
1119 818 1556 888 :promissionem
1580 818 1773 888 quippe
1795 817 2052 873 habemus

472 902 594 968 vite
622 912 895 984 prtesentis
924 919 977 965 et
1002 911 1189 965 futura:
1217 909 1274 983 (1
1302 908 1431 963 Tim.
1464 925 1533 975 tv,
1558 909 1633 979 8).

543 1004 631 1059 14.
673 1001 823 1076 [υεη.
856 998 968 1073 14.]
1002 1000 1077 1055 Tu
1103 1017 1371 1072 exsurgens
1402 1000 1705 1054 misereberis
1736 1000 1885 1065 Sion,
1928 1016 2053 1065 quo-

471 1097 608 1150 niam
633 1105 827 1164 tempus
868 1104 924 1149 ut
969 1094 1251 1148 miserearis
1279 1095 1404 1165 eius.
1435 1092 1583 1162 Quod
1628 1093 1877 1161 tempus?
1924 1090 2049 1146 Cum

470 1197 635 1241 autem
662 1185 1059 1257 venitplenitudo
1086 1187 1339 1256 temporis,
1370 1186 1501 1238 misit
1520 1184 1655 1238 Deus
1680 1183 1867 1237 Filium
1881 1201 2043 1247 suum,

470 1281 659 1347 factum
688 1293 751 1332 ex
769 1277 995 1344 muliere,
1029 1282 1217 1349 factum
1255 1276 1343 1331 sub
1388 1275 1536 1347 Lege.
1569 1276 1636 1329 Et
1663 1276 1746 1330 ubi
1770 1276 1932 1329 Sion?
1980 1275 2048 1328 Ut

468 1387 550 1425 eos
578 1369 664 1437 qui
690 1368 780 1424 sub
801 1368 933 1439 Lege
951 1378 1091 1423 erant
1120 1368 1379 1423 redimeret
1403 1367 1597 1441 (Colat.
1612 1383 1681 1431 tv,
1700 1369 1751 1432 -1,
1768 1366 1842 1438 5).
1860 1367 2047 1420 Primi-

468 1469 555 1515 tus
581 1475 707 1532 ergo
752 1460 921 1516 ,ἰυάωί
953 1477 967 1513 :
999 1460 1121 1516 inde
1170 1460 1310 1518 enim
1358 1459 1619 1530 Apastoli,
1652 1459 1774 1514 inde
1812 1459 1884 1512 illi
1930 1460 2048 1527 plus

468 1568 627 1624 quam
656 1553 927 1624 quingenti
958 1552 1146 1608 fratres
1176 1551 1215 1624 (l
1245 1551 1361 1607 Cor.
1386 1568 1473 1617 xv,
1508 1552 1587 1622 6),
1620 1549 1739 1605 inde
1779 1550 1867 1605 illa
1897 1549 2047 1603 dein-

468 1658 598 1713 ceps
640 1643 945 1707 multitudo,
1001 1644 1085 1697 cui
1131 1652 1243 1698 erat
1268 1643 1442 1697 anima
1469 1657 1572 1697 una
1596 1652 1758 1697 etcor
1789 1657 1948 1694 unum
1991 1641 2043 1694 in

465 1734 634 1789 Deum
667 1734 800 1805 (Act.
839 1750 915 1801 tv,
959 1734 1073 1804 '52).
1119 1735 1275 1803 Ergo,
1324 1733 1398 1786 Tu
1430 1748 1699 1801 exsurgens
1738 1732 2045 1786 misereberis

466 1825 614 1892 Sion,
639 1827 873 1897 quoniam
901 1837 1094 1895 tempus
1123 1836 1177 1879 ut
1203 1824 1481 1879 miserearis
1508 1824 1635 1892 ejus,
1654 1823 1887 1890 quoniam
1912 1831 2044 1876 venit

468 1933 683 1992 tempus.
717 1920 867 1989 Quod
896 1917 1143 1987 tempus?
1186 1918 1314 1971 Ecce
1338 1933 1471 1970 nunc
1499 1926 1693 1985 tempus
1721 1916 2040 1986 acceptabile,

466 2029 580 2069 ecce
612 2028 747 2066 nunc
786 2012 892 2065 dies
918 2011 1093 2065 salutis
1127 2008 1190 2083 (ll
1231 2007 1348 2065 Cor.
1378 2025 1449 2072 Vl,
1489 2008 1568 2078 2).
1601 2008 1728 2075 Quis
1756 2007 1856 2062 ltoc
1882 2007 2042 2062 dicit?

463 2104 656 2159 Servus
680 2104 770 2158 Dei
787 2103 1090 2167 aediﬁcator,
1112 2103 1197 2172 qui
1226 2101 1453 2164 dicebat,
1474 2099 1570 2153 Dei
1591 2100 1862 2167 aedi/icium
1890 2099 2042 2163 estis;

462 2199 549 2269 qui
573 2197 801 2267 dicebat,
834 2197 976 2251 Sicut
1003 2196 1206 2265 sapiens
1230 2197 1527 2248 architectus
1553 2194 1928 2263 fundamentum
1948 2208 2042 2262 po-

463 2290 578 2352 sui;
604 2297 676 2352 et,
709 2287 1117 2342 Fundamentum
1145 2286 1286 2339 aliud
1314 2303 1456 2339 nemo
1488 2293 1649 2356 potest
1676 2301 1876 2355 ponere,
1911 2298 2042 2351 pra:-

462 2392 687 2450 terquam
728 2378 867 2450 quod
908 2379 1122 2447 positum
1163 2386 1255 2443 est,
1302 2376 1435 2447 quod
1478 2384 1549 2431 est
1600 2374 1828 2429 Christus
1869 2373 2037 2428 Jesus.

463 2472 508 2545 (Ι
533 2471 649 2528 Cor.
676 2487 753 2538 tu,
781 2469 960 2542 9-11).

532 2566 619 2621 14.
661 2557 810 2639 [vers
840 2562 957 2637 15.]
987 2564 1121 2633 Ergo
1147 2571 1200 2617 et
1227 2562 1312 2618 hic
1339 2561 1462 2633 quid
1489 2559 1659 2617 dicit?
1680 2560 1928 2627 Quoniam
1954 2557 2039 2613 be-

463 2659 769 2730 neplacitum
790 2657 1067 2713 habuerunt
1094 2656 1224 2710 servi
1249 2657 1321 2709 tui
1347 2656 1397 2709 in
1427 2654 1619 2723 lapides
1647 2655 1773 2725 ejus.
1806 2654 1859 2707 In
1909 2653 2042 2721 lapi-

460 2752 555 2807 des
581 2750 765 2821 cujus?
787 2750 841 2804 In
859 2748 1060 2820 lapides
1080 2747 1229 2805 Sion.
1256 2746 1362 2803 Sed
1386 2754 1507 2801 sunt
1531 2746 1597 2801 ibi
1622 2754 1671 2799 et
1694 2760 1796 2799 non
1815 2744 2036 2813 lapides.

459 2844 623 2915 Cujus
650 2858 754 2897 non
778 2842 1018 2912 lapides?
1057 2839 1199 2910 Ergo
1226 2838 1353 2909 quid
1391 2836 1671 2908 sequitur?
1719 2835 1785 2889 Et
1821 2834 2039 2906 pulveris

460 2936 570 3007 ejus
612 2932 993 2988 miserebantur.
1047 2930 1449 3001 Agnoscamus‘
1513 2928 1713 2997 lapides
1764 2928 1817 2981 in
1868 2926 2036 2991 Sion,

458 3038 809 3097 agnoscamus
837 3023 1109 3094 pulverem
1141 3023 1191 3076 in
1216 3020 1364 3075 Sion.
1396 3018 1511 3074 Non
1542 3020 1681 3074 enim
1703 3019 1849 3084 dicit,
1877 3017 2036 3088 Lapi-

459 3116 586 3172 dum
608 3116 723 3187 ejus
745 3114 1137 3170 miserebuntur
1160 3129 1175 3177 ;
1207 3112 1298 3167 sed
1320 3111 1445 3182 quid
1470 3111 1575 3165 ait?
1610 3110 1859 3177 Quoniam
1886 3111 2037 3163 bene-

458 3208 699 3279 placitum
720 3190 1004 3260 habuerunt
1029 3203 1158 3259 servi
1186 3204 1257 3256 tui
1282 3203 1333 3257 in
1373 3202 1567 3273 lapides
1588 3202 1717 3273 ejus,
1747 3210 1793 3255 et
1821 3201 2038 3271 pulveris

456 3300 568 3371 ejus
594 3298 975 3352 miserebantur.
1006 3294 1393 3363 Beneplacitum
1422 3293 1719 3347 habuerunt
1757 3293 1807 3347 in
1837 3292 2037 3361 lapides

460 3389 617 3458 ejus:
646 3388 879 3459 pulveris
900 3395 1078 3440 autem
1108 3384 1518 3438 miserebuntur.
1550 3381 1789 3453 Intelligo
1834 3382 2037 3452 lapides

454 3479 605 3543 Sion,
652 3494 839 3534 omnes
864 3476 1157 3547 Pr0phetas
1187 3494 1200 3531 :
1234 3475 1301 3530 ibi
1329 3476 1602 3545 praemissa
1650 3486 1732 3530 est
1760 3492 1863 3529 vox
1894 3490 2036 3544 prae-

456 3571 759 3638 dicationis,
796 3570 918 3625 inde
970 3579 1298 3639 assumptum
1346 3568 1727 3639 Evangelieum
1776 3566 2031 3632 ofﬁcium,

455 3679 554 3735 per
580 3662 707 3719 illud
754 3661 1078 3732 prtecouium
1130 3660 1372 3730 cognitus
1410 3658 1675 3713 Christus.
1708 3658 1850 3729 Ergo
1894 3660 2036 3713 servi

455 3755 531 3809 tui
564 3753 955 3824 beneplaeilum
987 3751 1285 3807 habuerunt
1323 3752 1373 3804 iu
1407 3751 1605 3821 lapides
1633 3749 1784 3807 Sion.
1826 3751 1929 3805 Sed
1960 3751 2036 3805 illi

451 3845 915 3916 prtevaricatores,
940 3843 1249 3899 recedentes
1273 3858 1304 3897 a
1337 3843 1577 3906 Domino,
1605 3842 1861 3912 malisque
1882 3840 2035 3897 factis

452 3938 567 3992 suis
615 3935 947 3991 oﬁendentes
976 3935 1307 3999 Creatorem,
1337 3933 1389 3987 in
1435 3942 1626 3988 terram
1666 3934 1804 3988 unde
1834 3934 2033 4003 sumpti

454 4037 597 4090 stmt.
651 4027 943 4083 redierunt.
983 4026 1161 4080 Pulsis
1190 4024 1313 4080 facti
1342 4034 1485 4091 sunt,
1511 4025 1657 4095 impii
1698 4024 1822 4080 facti
1868 4032 2032 4080 sunt:

451 4119 522 4175 de
580 4119 771 4189 quibus
819 4117 1043 4182 dicitur,
1103 4114 1222 4170 Non
1271 4116 1342 4169 sic
1392 4115 1573 4185 impii,
1630 4132 1729 4169 non
1781 4116 1889 4182 sic;
1946 4116 2035 4170 sed

453 4222 692 4282 tanquam
735 4210 896 4281 pulvis
943 4225 1090 4281 quem
1143 4208 1343 4279 projicit
1402 4215 1579 4261 ventus
1627 4223 1658 4258 a
1707 4206 1837 4274 facie
1888 4216 2036 4261 terra:

453 4302 623 4377 (Psal.
678 4319 715 4370 ι,
769 4304 846 4374 4).
893 4301 997 4357 Sed
1037 4308 1315 4369 exspecta,
1362 4298 1615 4359 Domine;
1647 4298 1879 4363 sustine,
1934 4298 2037 4351 Do-

447 4396 630 4459 mine;
669 4394 876 4463 patiens
915 4400 1063 4455 esto,
1107 4389 1327 4444 Domine
1372 4406 1385 4442 :
1429 4404 1533 4443 non
1588 4389 1754 4442 irruat
1809 4397 2030 4455 ventus,

451 4494 508 4541 et
545 4484 750 4539 auferat
792 4482 933 4537 hunc
980 4482 1251 4552 pulverem
1290 4495 1320 4534 a
1368 4479 1503 4535 facie
1550 4489 1725 4533 terrae.
1769 4476 2031 4545 Veniant,

449 4576 669 4633 veniant
712 4573 856 4630 servi
903 4574 1013 4642 ttti,
1061 4580 1353 4644 agnoscant
1401 4572 1451 4625 in
1501 4571 1764 4640 lapidibus
1821 4570 2031 4641 eloquia

449 4678 540 4722 tua
564 4708 577 4732 ,
618 4665 972 4721 misereantur
1006 4664 1236 4735 pulvetis
1262 4664 1408 4726 Sion,
1455 4663 1710 4717 formetur
1751 4662 1911 4717 homo
1966 4663 2032 4718 ad

449 4759 735 4829 imaginem
799 4767 941 4812 tuam
978 4775 991 4811 :
1027 4756 1169 4810 dicat
1215 4756 1383 4823 pulvis
1426 4769 1493 4809 ne
1524 4762 1738 4823 pereat,
1781 4752 2032 4810 Memento

447 4849 569 4920 quia
591 4849 756 4919 pulvis
776 4864 949 4902 sumus
977 4845 1147 4916 (Psal.
1176 4860 1267 4909 Cll,
1301 4842 1410 4915 14).
1445 4842 1512 4896 Et
1554 4843 1771 4913 pulveris
1799 4846 1909 4913 ejus
1932 4844 2030 4897 nti-

451 4940 766 4996 serebantur.
796 4940 910 4995 Hoc
954 4938 1020 4993 de
1055 4937 1204 4992 Sion.
1234 4935 1498 5006 Numquid
1530 4949 1634 4989 non
1679 4946 1793 4990 erat
1834 4936 2027 5004 pulvis,

449 5032 541 5101 qui
580 5032 862 5085 Dominum
892 5027 1199 5084 cruciﬁxit?
1228 5026 1378 5094 Quod
1409 5026 1559 5095 pejus
1593 5034 1692 5091 est,
1738 5026 1912 5096 pulvis
1965 5024 2031 5078 de

453 5122 729 5195 parietinis
756 5122 1049 5176 ruinarum.
1082 5118 1266 5174 Pulvis
1305 5127 1422 5172 erat
1464 5131 1684 5187 prorsus
1712 5135 1723 5170 :
1766 5126 2031 5171 verumta-

448 5230 571 5269 men
585 5228 689 5268 non
710 5211 901 5267 frustra
927 5211 994 5265 de
1015 5212 1230 5282 pulvere
1256 5209 1451 5263 dictum
1476 5216 1609 5273 erat,
1635 5206 1809 5272 Pater,
1832 5208 2032 5278 ignosce

446 5305 574 5373 illis,
619 5305 738 5377 quia
780 5304 1007 5359 nesciunt
1049 5303 1170 5373 quid
1196 5302 1387 5371 faciunt
1428 5299 1578 5374 (Luc.
1611 5316 1737 5355 mn
1770 5342 1784 5367 ,
1811 5300 1922 5369 51).
1957 5302 2031 5354 De

446 5396 566 5465 ipso
595 5395 810 5465 pulvere
838 5394 986 5449 venit
1026 5394 1199 5464 paries
1227 5400 1304 5448 tot
1341 5390 1563 5447 millium
1593 5391 1947 5457 credentium,
1974 5401 2031 5445 et

445 5488 617 5558 pretia
648 5501 824 5541 rerum
870 5501 1083 5540 suarum
1112 5485 1178 5539 ad
1223 5482 1385 5555 pedes
1415 5482 1789 5553 Apostolorum
1821 5497 2028 5553 ponen-

451 5576 604 5631 tium.
637 5576 777 5645 Ergo
801 5576 1004 5630 exstitit
1026 5574 1093 5630 de
1119 5574 1211 5630 illo
1249 5574 1467 5645 pulvere
1508 5573 1808 5629 humanitas
1836 5583 1890 5629 et
1914 5572 2024 5629 for-

444 5712 534 5824 “;
562 5712 644 5762 Hic
669 5716 803 5773 Lov.,
829 5709 1128 5775 agnoscimus
1169 5722 1187 5764 :
1224 5708 1629 5764 dissentienttl‘us
1670 5706 1782 5759 md.
1830 5705 1936 5759 aliis
1980 5715 2029 5760 et

1718 322 1776 385 Β.
1817 326 2178 386 AUGUSTINI
2219 330 2515 390 EPISCOPI

3608 338 3743 397 1301

2161 460 2301 504 mata
2325 461 2379 507 et
2426 450 2681 509 formosa.
2703 454 2833 524 Quis
2862 456 3004 512 enim
3031 458 3098 515 de
3131 458 3391 517 Gentibus
3412 459 3531 516 sic?
3567 458 3742 528 Quam

2160 556 2357 609 paucos
2396 543 2654 600 miramur
2682 545 2787 602 hoc
2832 547 3023 605 fecisse
3073 550 3139 607 ad
3178 552 3391 607 illorum
3423 560 3500 607 tot
3525 551 3743 607 millia?

2156 632 2343 689 Subito
2373 636 2545 705 primo
2572 638 2694 702 tria,
2724 648 2907 709 postea
2937 642 3170 712 quinque
3217 641 3423 709 millia;
3469 656 3660 698 omnes
3688 642 3741 696 in

2155 727 2357 783 unitate
2401 730 2661 798 viventes,
2703 748 2890 788 omnes
2919 734 3249 791 venditarum
3284 751 3467 792 rerum
3519 749 3738 791 suarum

2154 818 2323 887 pretia
2352 819 2416 874 ad
2448 823 2610 890 pedes
2628 824 3004 894 Apostolorum
3031 834 3312 896 ponentes,
3339 834 3401 881 ut
3444 825 3740 881 distribue-

2153 919 2302 965 retur
2346 915 2627 986 unicuique
2678 917 2814 972 sicut
2855 919 3047 989 cuique
3082 934 3217 990 opus
3252 926 3389 985 erat,
3413 919 3603 989 quibus
3622 927 3742 975 erat

2152 999 2328 1055 anima
2360 1019 2458 1058 una
2482 1015 2535 1059 et
2558 1021 2654 1061 cor
2674 1024 2834 1063 unum
2859 1009 2910 1063 in
2945 1010 3108 1065 Deum
3139 1010 3280 1080 (Act.
3314 1026 3374 1077 tt,
3404 1011 3493 1078 11,
3517 1020 3563 1065 et
3584 1025 3656 1076 tv,
3682 1013 3735 1074 1,

2152 1092 2240 1156 52,
2264 1093 2404 1166 ete.).
2430 1097 2558 1164 Quis
2582 1099 2679 1153 hoc
2699 1100 2821 1154 feeit
2845 1101 3003 1156 etiam
3026 1102 3093 1157 de
3118 1102 3220 1156 isto
3248 1102 3488 1173 pulvere,
3517 1103 3616 1156 nisi
3645 1104 3735 1172 qui

2150 1191 2205 1236 et
2244 1184 2413 1252 ipsum
2444 1187 2611 1242 Adam
2652 1189 2775 1244 fecit
2807 1206 2873 1246 ex
2902 1192 3159 1262 pulvere?
3196 1193 3312 1249 Hoc
3335 1208 3463 1264 ergo
3492 1193 3560 1248 de
3578 1193 3729 1257 Sion,

2152 1273 2246 1329 sed
2279 1290 2383 1331 non
2413 1286 2617 1332 tantum
2647 1280 2699 1333 in
2725 1279 2878 1336 Sion.

2220 1369 2306 1424 16.
2350 1368 2499 1443 [vers.
2548 1371 2663 1446 16.]
2703 1374 2841 1441 Quid
2885 1376 3045 1446 igitur
3072 1376 3355 1447 sequitur?
3389 1376 3453 1431 Et
3495 1376 3736 1430 timebunt

2150 1461 2329 1517 Gentes
2353 1479 2532 1518 nomen
2561 1472 2719 1532 tuum,
2755 1465 2989 1536 Domine,
3021 1479 3068 1523 et
3088 1486 3260 1524 omnes
3287 1485 3428 1541 reges
3456 1482 3602 1523 terra!
3622 1470 3736 1540 glo-

2146 1557 2277 1609 riam
2306 1564 2461 1610 tuam.
2491 1558 2607 1613 Jam
2636 1560 2885 1629 quoniam
2914 1562 3165 1617 misertus
3196 1577 3256 1616 es
3279 1563 3429 1625 Sion,
3458 1562 3567 1632 jam
3596 1577 3734 1633 quo-

2148 1647 2287 1701 niam
2316 1648 2455 1702 servi
2480 1648 2552 1702 tui
2575 1650 2958 1720 beneplaeitum
2982 1652 3281 1707 habuerunt
3302 1654 3351 1707 in
3371 1653 3571 1723 lapides
3592 1654 3731 1723 ejus,

2146 1740 2518 1809 cognoscendo
2545 1741 2945 1798 fundamentum
2968 1744 3344 1815 Apostolorum
3366 1755 3421 1801 et
3445 1744 3735 1815 Propheta—

2148 1843 2301 1893 rum;
2336 1829 2446 1898 jam
2495 1833 2744 1901 quoniam
2791 1833 2992 1888 miserti
3042 1843 3168 1888 sunt
3210 1835 3448 1905 pulveris
3491 1835 3625 1905 ejus,
3674 1845 3734 1889 ut

2145 1920 2483 1988 formaretur,
2530 1923 2615 1977 vel
2661 1924 2837 1992 potius
2871 1923 3255 1979 reformaretur
3294 1926 3454 1979 homo
3485 1926 3634 1980 vivus
3660 1940 3729 1981 ex

2148 2009 2396 2080 pulvere;
2420 2010 2542 2067 hinc
2570 2013 2876 2082 praedicatio
2904 2014 3076 2069 crevit
3105 2015 3155 2068 in
3183 2015 3439 2071 Gentibus
3464 2032 3478 2069 :
3504 2017 3729 2071 timeant

2146 2116 2338 2157 nomen
2369 2112 2514 2157 tuum
2553 2102 2770 2171 Gentes,
2819 2114 2873 2160 et
2900 2121 3086 2161 omnes
3132 2122 3284 2178 reges
3327 2117 3480 2162 terra:
3505 2107 3727 2178 gloriam

2145 2201 2322 2257 tuam;
2358 2194 2534 2247 veniat
2562 2202 2616 2249 et
2644 2195 2779 2249 alius
2803 2196 2977 2265 paries
3004 2196 3071 2251 de
3098 2196 3377 2262 Gentibus,
3406 2208 3731 2268 agnoscatur

2146 2283 2279 2354 lapis
2305 2284 2575 2353 angularis
2605 2284 2817 2357 (Ephes.
2849 2302 2908 2352 tt,
2937 2286 3053 2358 20),
3081 2288 3150 2342 ibi
3177 2287 3415 2343 haereant
3431 2288 3536 2343 duo
3559 2289 3629 2345 de
3646 2289 3729 2345 di-

2146 2390 2300 2429 verso
2324 2376 2618 2445 venientes,
2650 2377 2743 2432 sed
2766 2378 2874 2447 jam
2902 2393 3009 2433 non
3038 2378 3260 2433 adversa
3288 2380 3601 2435 sentientes.

2214 2467 2300 2521 17.
2344 2464 2493 2539 [νοτε.
2526 2465 2638 2540 17.]
2669 2467 2920 2535 Quoniam
2943 2469 3213 2539 atdi/icabit
3239 2470 3255 2501 ¹
3286 2468 3536 2524 Dominus
3573 2468 3725 2526 Sion.

2145 2558 2256 2613 Hoc
2288 2558 2461 2631 agitur
2485 2574 2644 2613 nunc.
2674 2559 2767 2614 Eia
2796 2560 2995 2630 lapides
3015 2560 3121 2615 vivi
3152 2563 3207 2615 in
3246 2569 3563 2616 structuram
3591 2577 3720 2619 cur-

2143 2651 2263 2713 rite,
2291 2666 2394 2705 non
2420 2652 2471 2705 in
2494 2652 2720 2706 ruinam.
2755 2652 3072 2709 Ediﬁcatur
3099 2653 3225 2709 Sion
3252 2668 3268 2720 ;
3298 2663 3479 2710 cavete
3504 2654 3722 2724 parieti-

2143 2757 2240 2797 nas
2269 2760 2283 2796 :
2311 2742 2602 2799 :ediﬁcatur
2646 2745 2841 2813 turris,
2892 2745 3183 2801 :ediﬁeatur
3231 2761 3391 2811 area;
3442 2746 3725 2803 observate

2142 2835 2415 2890 diluvium.
2442 2836 2554 2892 Hoc
2578 2838 2753 2908 agitur
2779 2853 2941 2906 nunc,
2973 2839 3225 2906 Quoniam
3244 2838 3510 2909 wdiﬁcabit
3535 2837 3723 2894 Domi-

2141 2943 2237 2980 nus
2260 2927 2406 2981 Sion.
2440 2926 2544 2981 Sed
2567 2927 2826 2982 :ediﬁcata
2866 2928 2993 2984 Sion
3018 2971 3034 2996 ,
3058 2930 3183 2999 quid
3213 2929 3337 2984 fiet?
3380 2929 3446 2983 Et
3473 2928 3720 2984 videbitur

2139 3019 2191 3072 in
2216 3019 2377 3087 gloria
2394 3035 2505 3073 sua.
2523 3018 2593 3075 Ut
2616 3019 2897 3075 ardiﬁcarel
2918 3020 3068 3087 Sion,
3086 3029 3144 3075 ut
3163 3031 3303 3077 esset
3324 3020 3721 3076 fundamentum

2142 3112 2194 3166 in
2221 3111 2371 3179 Sion,
2405 3112 2549 3166 visus
2577 3120 2661 3168 est
2683 3127 2714 3167 a
2744 3112 2893 3176 Sion,
2926 3113 3018 3168 sed
3043 3130 3147 3169 non
3174 3106 3224 3167 in
3257 3114 3423 3184 gloria
3450 3130 3578 3169 sua:
3621 3113 3716 3167 Vi-

2141 3203 2306 3257 dimus
2352 3219 2483 3269 eum,
2530 3213 2576 3257 et
2626 3220 2727 3258 non
2772 3204 2981 3258 habebat
3027 3206 3242 3275 speciem
3285 3221 3440 3277 neque
3488 3204 3721 3259 decorem

2141 3296 2292 3363 (Isai.
2321 3314 2431 3363 un,
2459 3297 2539 3368 Ξ).
2570 3298 2636 3351 At
2659 3312 2787 3352 vero
2811 3312 2931 3352 eum
2962 3299 3164 3353 venerit
3186 3298 3425 3368 judicare
3457 3313 3575 3353 cum
3606 3300 3719 3357 An-

2138 3389 2271 3457 gelis
2296 3390 2426 3454 suis,
2481 3388 2697 3458 quando
2720 3387 3179 3459 congregabuutur
3206 3396 3330 3442 ante
3372 3403 3494 3445 eum
3530 3403 3720 3443 omnes

2140 3488 2346 3549 gentes,
2378 3479 2590 3549 quando
2615 3494 2744 3533 oves
2772 3479 2837 3533 ad
2864 3479 3157 3544 dexteram,
3190 3478 3327 3534 laedi
3355 3478 3423 3534 ad
3451 3478 3722 3535 sinistram

2140 3569 2527 3640 separabuntur
2555 3570 2769 3639 (Matth.
2799 3586 2923 3636 xxv,
2954 3571 3166 3640 31-35),
3191 3585 3368 3625 nonne
3407 3580 3533 3626 tunc
3574 3570 3724 3625 vide-

2139 3664 2270 3717 bunt
2295 3662 2345 3716 in
2367 3678 2522 3732 quem
2551 3672 2888 3732 pupugerunt
2910 3661 3091 3730 (Zach.
3122 3678 3215 3726 xu,
3245 3662 3380 3731 10)?
3405 3662 3468 3715 Et
3493 3660 3725 3717 confun-

2138 3754 2334 3808 dentur
2354 3767 2494 3815 sero,
2522 3754 2611 3822 qui
2640 3755 2805 3822 prima
2833 3752 3142 3821 poenitentia
3162 3762 3217 3807 et
3243 3753 3442 3807 salubri
3466 3750 3727 3807 confundi

2140 3844 2440 3897 noluerunt.
2469 3841 2770 3912 λΕάὶβεαὺὶι
2798 3842 3048 3896 Dominus
3089 3842 3237 3908 Sion,
3285 3852 3331 3896 et
3374 3843 3621 3897 videbitur
3665 3844 3726 3896 in

2138 3934 2300 4005 gloria
2316 3951 2407 3989 sua
2425 3948 2446 3988 :
2464 3936 2551 4004 qui
2576 3937 2625 3987 in
2647 3935 2734 3987 illa
2754 3936 2925 4002 primo
2944 3935 3087 3990 visus
3103 3942 3185 3989 est
3206 3936 3255 3988 in
3277 3933 3584 3989 infirmitate
3600 3948 3723 3988 sua.

2212 4024 2301 4080 18.
2342 4022 2491 4096 [vers.
2525 4023 2637 4097 18.]
2672 4024 2907 4095 Respexit
2938 4024 2993 4077 in
3038 4026 3315 4078 orationem
3358 4025 3641 4090 humilium,
3672 4034 3726 4080 et

2150 4132 2251 4168 non
2273 4115 2500 4185 despexit
2544 4131 2738 4185 precem
2761 4131 2951 4168 eorum.
3001 4115 3056 4169 In
3086 4115 3435 4170 :ediﬁcatione
3462 4116 3589 4172 Sion
3620 4117 3725 4171 hoc

2125 4195 2312 4276 agitur
2323 4207 2509 4271 modo;
2529 4206 2851 4263 aediﬁcantes
2871 4207 2997 4261 Sion
3016 4216 3189 4273 orant,
3211 4217 3456 4278 gemunt:
3474 4208 3563 4263 ille
3586 4222 3725 4263 unus

2141 4310 2366 4364 pauper,
2393 4295 2537 4364 quod
2558 4309 2820 4364 pauperes
2847 4296 3035 4359 multi;
3065 4298 3187 4367 quia
3212 4296 3374 4356 millia
3399 4297 3451 4351 in
3484 4304 3559 4351 tot
3584 4312 3723 4367 gen-

2140 4386 2279 4439 tibus
2299 4401 2455 4451 uuus,
2472 4387 2593 4455 quia
2615 4386 2793 4441 unitas
2810 4388 2955 4456 pacis
2978 4388 3250 4442 Ecclesiae.
3285 4389 3399 4457 Ipse
3422 4403 3580 4454 unus,
3606 4388 3725 4458 ipso

2139 4478 2289 4531 multi
2322 4494 2335 4529 :
2365 4494 2520 4541 unus,
2552 4484 2771 4547 propter
2794 4478 3107 4533 charitatem
3134 4494 3152 4538 ;
3180 4479 3350 4544 multi,
3394 4489 3610 4549 propter
3641 4479 3723 4532 la-

2139 4566 2437 4621 titudinem.
2467 4568 2609 4637 Ergo
2635 4583 2775 4623 nunc
2795 4579 2997 4631 oratur,
3024 4583 3163 4623 nunc
3183 4570 3453 4635 curritur;
3481 4583 3642 4635 nunc,
3670 4569 3719 4623 si

2137 4658 2257 4727 quis
2271 4657 2427 4713 aliter
2448 4667 2584 4725 erat,
2617 4667 2671 4714 et
2691 4659 2846 4714 aliter
2881 4676 2940 4715 se
2978 4660 3229 4727 habebat,
3259 4660 3543 4717 manducet
3569 4662 3721 4717 cine-

2138 4762 2251 4801 rem
2278 4748 2413 4802 sicut
2458 4764 2668 4816 panem,
2715 4759 2772 4804 et
2800 4759 2979 4820 potum
3009 4766 3160 4806 suum
3187 4766 3309 4805 cum
3338 4752 3465 4807 fletu
3491 4751 3721 4808 commi-

2137 4846 2305 4894 sceat.
2350 4837 2503 4893 Nunc
2530 4847 2738 4910 tempus
2776 4849 2880 4908 est,
2904 4856 3026 4897 eum
3048 4841 3345 4897 aediﬁcatur
3382 4842 3546 4909 Sion;
3577 4858 3719 4898 nunc

2137 4931 2337 4985 intrant
2358 4930 2560 5000 lapides
2577 4931 2630 4986 in
2650 4942 2970 4988 structuram
3000 4951 3013 4986 :
3044 4932 3281 5003 perfecto
3305 4933 3527 4989 aediﬁcio
3553 4942 3607 4988 et
3625 4933 3721 4989 de-

2136 5021 2309 5075 dicata
2340 5020 2526 5089 domo,
2565 5022 2689 5092 quid
2719 5023 2913 5086 curris,
2960 5038 3083 5078 sero
3110 5025 3447 5093 quaesiturus,
3490 5024 3720 5079 inaniter

2138 5113 2421 5182 petiturus,
2468 5114 2663 5169 frustra
2699 5115 3021 5184 pulsaturus,
3062 5116 3191 5169 foris
3221 5130 3565 5171 remansurus
3592 5131 3714 5171 cum

2135 5205 2371 5273 quinque
2392 5205 2681 5273 virginibus
2709 5203 2869 5258 fatuis
2901 5202 3112 5273 (Matth.
3140 5220 3264 5271 xxv,
3296 5205 3425 5277 12)?
3452 5206 3605 5261 Nunc
3627 5221 3718 5261 er-

2134 5309 2204 5363 go
2227 5309 2382 5351 curre
2412 5314 2426 5351 :
2447 5295 2687 5365 Respexit
2706 5296 2848 5350 enim
2873 5296 2923 5349 in
2941 5298 3214 5357 orationem
3236 5299 3518 5367 humilium,
3546 5310 3593 5355 et
3612 5315 3715 5355 non

2135 5385 2362 5455 despexit
2388 5402 2585 5455 precem
2610 5403 2800 5440 eorum.

2206 5478 2298 5533 19.
2337 5474 2486 5549 [vers.
2518 5477 2609 5544 19,
2632 5475 2751 5549 20.]
2795 5478 3095 5534 Scribantur
3122 5481 3229 5536 lttec
3258 5481 3308 5535 in
3346 5483 3717 5553 generationem

2135 5569 2367 5624 alteram.
2399 5567 2623 5635 Quando
2642 5569 3011 5625 scribebantur
3033 5572 3167 5638 luec,
3202 5588 3304 5628 non
3328 5575 3398 5629 ita
3429 5574 3715 5645 proderant

2137 5662 2214 5719 eis
2257 5659 2396 5716 inter
2421 5674 2553 5730 quos
2583 5660 2999 5719 scribebantur:
3037 5664 3405 5722 scribebantur
3452 5665 3594 5723 enim
3644 5667 3714 5729 ad

2205 5775 2221 5805 ¹
2258 5779 2361 5823 uss.
2384 5769 2634 5839 plerique,
2657 5769 2930 5837 ediﬁcarit.
