4058 6480
255 349 383 409 ιωό

245 467 666 540 prophetandum
690 467 897 528 Novum
926 471 1353 539 Testamentum,
1400 474 1539 529 inter
1581 472 1752 529 homir
1768 490 1824 530 es

242 559 329 627 qui
375 559 629 615 vivebant
670 577 733 616 ex
784 561 977 617 Vetere
1027 562 1392 617 Testamento.
1442 563 1543 617 Sed
1594 572 1648 618 et
1699 563 1824 618 illud

241 649 403 706 Vetus
445 651 846 707 Testamentum
891 653 1032 707 Deus
1077 652 1314 719 dederat,
1360 660 1415 707 et
1453 654 1505 707 in
1556 653 1644 708 illa
1684 663 1824 710 terra

201 761 203 766 ·
236 742 615 813 promissionis
641 745 890 815 p0pulum
919 759 1074 799 suum
1128 745 1505 799 collocaverat.
1550 745 1653 800 Sed
1693 763 1825 816 quo.

233 835 373 888 niam
399 835 694 889 memoriale
722 845 861 888 tuum
886 834 938 888 in
959 836 1326 906 generationem
1355 847 1399 888 ct
1427 836 1818 906 generationem,

230 939 337 979 non
366 923 672 994 iniquorum
700 936 804 992 est,
829 926 921 980 sed
949 927 1210 997 iustorum
1236 944 1248 979 :
1278 925 1330 980 in
1361 942 1459 980 una
1482 929 1822 997 generatione

228 1014 466 1085 pertinet
491 1014 558 1069 ad
590 1014 753 1070 Vetus
774 1016 1171 1071 Testamentum
1198 1033 1213 1082 ;
1247 1015 1298 1070 in
1329 1017 1429 1071 alia
1456 1027 1629 1072 autem
1659 1034 1822 1088 gene-

227 1106 438 1161 ratione
476 1107 713 1176 pertinet
759 1107 824 1160 ad
871 1107 1080 1162 Novum
1104 1107 1527 1162 Testamentum.
1585 1109 1652 1163 Et
1695 1109 1818 1179 quia

228 1195 328 1251 hoc
376 1196 523 1266 quod
572 1197 944 1266 prophetatum
992 1207 1104 1264 est,
1159 1198 1366 1253 Novum
1412 1200 1816 1255 Testamentum

224 1290 592 1359 prmnuntiat;
621 1289 921 1344 Scribantur
942 1291 1048 1344 ha'c
1086 1291 1138 1344 in
1173 1292 1540 1362 generationem
1564 1293 1774 1346 alteram
1797 1308 1816 1346 τ

221 1381 515 1453 “populus
544 1381 633 1452 qui
656 1381 927 1448 creabitur,
967 1381 1191 1435 laudabit
1222 1381 1515 1436 Dominum.
1556 1381 1671 1438 Non
1723 1398 1816 1454 po-

221 1474 376 1544 pulus
405 1473 498 1543 qui
526 1483 742 1528 creatus
771 1483 873 1533 est.
903 1474 996 1528 sed
1019 1475 1236 1545 populus
1264 1475 1352 1544 qui
1376 1474 1645 1528 creabitur.
1676 1475 1812 1542 Quid

220 1563 545 1629 evidentius,
571 1563 765 1619 fratres
796 1563 940 1619 mei?
968 1563 1069 1619 llic
1095 1563 1343 1634 praedicta
1366 1574 1447 1618 est
1463 1565 1548 1618 illa
1570 1574 1811 1619 creatura

217 1655 282 1710 de
311 1670 418 1725 qua
459 1655 594 1709 dicit
625 1655 912 1725 Apostolus
939 1673 952 1711 :
984 1655 1045 1710 Si
1069 1673 1169 1726 qua
1195 1655 1351 1726 igitur
1371 1656 1426 1710 in
1461 1654 1660 1710 Christo
1684 1673 1812 1710 nova

216 1755 473 1812 creatura,
501 1754 668 1800 vetera
688 1746 1012 1809 transierunt,
1039 1762 1149 1800 ecce
1173 1749 1310 1817 facta
1327 1756 1443 1801 sunt
1464 1750 1632 1802 omnia
1652 1763 1778 1801 nova
1790 1763 1811 1812 ;

217 1835 385 1888 omnia
401 1845 569 1887 autem
594 1850 658 1888 ea:
678 1833 786 1888 Deo
810 1833 876 1907 (ll
895 1833 1013 1890 Cor.
1037 1851 1091 1902 ν,
1116 1835 1358 1907 i7et18).
1373 1837 1508 1907 Quid
1524 1847 1624 1902 est,
1643 1841 1811 1892 omnia

219 1935 390 1980 autem
445 1943 512 1982 ea:
552 1925 662 1981 Deo
683 1926 710 1981 .9
754 1927 821 1982 Et
849 1937 1027 1982 vetera
1057 1937 1112 1983 et
1153 1943 1289 1982 nova
1311 1971 1325 1993 ,
1354 1930 1475 1998 quia
1501 1930 1809 1986 memoriale

217 2025 370 2071 tuum
404 2017 458 2071 in
500 2017 906 2086 generationem
949 2027 1002 2072 et
1029 2018 1423 2089 generationem
1454 2037 1468 2074 :
1500 2019 1567 2073 Et
1593 2022 1808 2092 populus

219 2108 300 2176 qui
336 2107 614 2171 creabitur,
665 2107 894 2162 laudabit
915 2107 1211 2172 Dominum.
1254 2111 1508 2179 Quoniam
1551 2113 1808 2183 prospexit

218 2216 277 2256 ex
308 2201 419 2256 alto
460 2212 639 2256 sancto
669 2218 780 2256 suo.
823 2202 1104 2272 Prosliexit
1146 2219 1208 2256 cx
1245 2203 1373 2269 alto,
1417 2213 1476 2259 ut
1515 2205 1717 2259 veniret
1740 2205 1806 2259 ad

221 2290 443 2347 humiles
471 2308 485 2346 :
516 2307 582 2348 ex
614 2291 723 2346 alto
742 2290 913 2348 factus
942 2302 1024 2348 est
1053 2294 1291 2360 humilis,
1324 2305 1382 2350 ut
1412 2295 1639 2351 humiles
1664 2296 1809 2351 exal-

219 2389 368 2438 taret.

879 2489 1052 2530 εειιιιο
1089 2492 1148 2530 11.

640 2586 722 2642 De
743 2587 964 2642 secunda
994 2597 1135 2659 parte
1161 2586 1378 2643 Psalmi.

283 2725 334 2780 l.
375 2725 642 2781 llesterno
669 2726 756 2782 die
797 2727 1094 2782 audivimus
1133 2727 1406 2797 cujusdam
1437 2728 1685 2798 pauperis
1708 2743 1808 2800 ge-

214 2815 396 2871 mitum
441 2815 495 2870 in
550 2817 824 2882 oratione;
872 2833 1100 2889 eumque
1146 2833 1267 2874 esse
1305 2822 1671 2888 cognovimus,
1716 2821 1802 2886 qui

213 2917 429 2977 propter
451 2921 548 2962 nos
577 2923 778 2978 pauper
807 2907 975 2964 lactus
991 2917 1088 2974 est,
1113 2923 1234 2963 cum
1260 2909 1412 2964 dives
1429 2919 1571 2964 esset
1595 2909 1658 2980 (ll
1678 2909 1797 2965 Cor.

213 3013 316 3064 rm,
344 3000 429 3066 9),
458 3002 616 3071 eique
642 3001 880 3056 membra
905 3001 1226 3058 cohaerentia
1252 3011 1308 3058 et
1333 3018 1428 3074 per
1453 3018 1606 3056 suum
1647 3013 1805 3072 caput

213 3089 481 3161 loquentia
504 3093 544 3144 ¹.
574 3091 816 3146 Vidimus
843 3093 984 3147 enim
1014 3093 1086 3147 ibi
1125 3103 1179 3148 et
1203 3108 1302 3148 nos
1335 3094 1513 3162 ipsos;
1555 3093 1599 3147 si
1629 3102 1804 3147 tamen

215 3196 305 3252 per
345 3182 464 3253 ejus
503 3183 726 3253 gratiam
765 3184 963 3254 aliquid
1011 3193 1068 3239 et
1100 3200 1220 3240 nos.
1265 3184 1436 3239 Finita
1479 3195 1654 3240 autem
1691 3184 1801 3254 jam

215 3285 364 3330 erant
392 3275 561 3330 verba
580 3276 893 3345 gemituum,
937 3286 992 3332 et
1018 3285 1293 3346 crept-rant
1335 3277 1801 3344 consolationum;

213 3366 304 3422 sed
329 3382 394 3423 ea
422 3366 569 3422 [iniri
608 3367 861 3422 hesterno
896 3367 984 3423 die
1027 3367 1302 3422 tractando
1350 3369 1570 3423 minimc
1617 3377 1805 3439 potue-

210 3469 330 3515 runt
361 3476 377 3514 :
410 3461 466 3514 in
505 3461 571 3514 iis
595 3475 715 3530 qua:
745 3470 966 3527 restant,
1015 3460 1291 3514 audiamus
1335 3461 1494 3516 hodie
1541 3475 1646 3515 non
1690 3461 1801 3529 jam

209 3561 507 3623 gementem
526 3568 834 3624 pauperem,
854 3553 947 3608 sed
963 3553 1304 3624 gaudentem;
1326 3553 1444 3608 ideo
1455 3554 1800 3623 gaudentem,

209 3643 326 3713 quia
347 3653 687 3712 sperantem;
715 3644 838 3700 ideo
866 3655 1195 3714 Sperantem,
1224 3645 1345 3714 quia
1367 3660 1471 3698 non
1499 3645 1567 3699 de
1596 3658 1654 3699 se
1675 3658 1808 3714 prm-

210 3745 527 3791 sumentem.
546 3735 926 3790 Prmuuntiavit
944 3735 1246 3790 felicitatem
1261 3751 1438 3791 rerum
1453 3735 1802 3789 humanarum

210 3827 260 3880 in
282 3825 508 3896 Scriptis
535 3826 654 3890 Dei,
685 3834 740 3881 et
767 3825 1002 3894 adjecit:
1033 3825 1334 3880 Scribuntur
1358 3826 1466 3880 haec
1504 3825 1556 3878 in
1587 3839 1802 3895 genera-

211 3917 388 3970 tionem
405 3917 621 3971 alleram
641 3932 660 3970 :
679 3926 724 3970 et
745 3917 964 3988 populus
983 3917 1068 3988 qui
1081 3917 1354 3982 creabilur,
1373 3915 1598 3970 laudabit
1618 3914 1801 3968 Domi-

211 4025 346 4062 num.
382 4009 638 4076 Quoniam
657 4010 918 4080 prospexit
945 4026 1007 4064 ea:
1032 4009 1134 4063 alto
1155 4019 1328 4063 sancto
1352 4025 1463 4063 suo.
1497 4008 1610 4062 Huc
1635 4023 1804 4078 usque

211 4112 385 4152 sermo
401 4099 686 4155 hcsternus
702 4100 986 4166 perductus
1001 4110 1084 4155 est
1105 4116 1120 4165 ;
1150 4101 1324 4156 videte
1344 4117 1463 4171 qua:
1493 4108 1800 4171 sequantur.

277 4189 332 4244 9..
374 4188 528 4263 [rem
553 4189 769 4263 30-22.]
803 4191 1048 4244 Dominus
1069 4192 1133 4245 de
1155 4191 1278 4245 creto
1301 4192 1352 4244 in
1379 4201 1562 4245 terram
1592 4206 1803 4260 prospe-

211 4283 304 4345 xit,
331 4292 388 4337 ut
414 4283 616 4337 audiret
653 4285 890 4355 gemitum
929 4283 1345 4353 compeditorum,
1373 4292 1429 4336 ut
1473 4281 1632 4337 soluat
1671 4281 1806 4350 ﬁlios

211 4375 652 4444 morti/iratorum.
706 4375 1010 4434 Invenimus
1058 4376 1111 4430 in
1154 4376 1259 4430 alio
1313 4374 1518 4444 pSalmo
1573 4374 1802 4439 dictum,

215 4462 371 4518 Intret
399 4467 452 4519 in
481 4474 805 4536 conspectum
832 4475 969 4519 tuum
985 4465 1196 4537 gemitus
1213 4465 1609 4535 compeditorum
1628 4462 1800 4534 (Psal.

217 4572 432 4624 um",
458 4558 585 4627 il);
613 4567 668 4613 et
697 4559 748 4612 in
775 4573 844 4614 eo
863 4558 983 4613 loco
1005 4557 1228 4622 dictum,
1263 4557 1350 4611 ubi
1389 4573 1490 4611 vox
1511 4566 1804 4628 martyrum

214 4649 608 4720 intelligebatur
628 4650 672 4703 ³.
689 4649 845 4706 Unde
869 4659 1132 4722 martyres
1150 4647 1482 4720 compediti?
1501 4648 1688 4703 Nonne
1709 4662 1804 4702 ca-

217 4741 376 4796 tenati
418 4741 761 4812 potiusquam
803 4741 1130 4811 compediti?
1175 4741 1370 4796 Ductos
1401 4741 1545 4795 enim
1591 4748 1804 4794 sanctos

216 4831 307 4886 Dei
333 4841 598 4904 martyres
622 4840 744 4902 post
761 4832 990 4903 judices,
1020 4847 1118 4903 per
1146 4833 1444 4903 provincias
1471 4832 1806 4887 circumeun-

215 4930 317 4988 ιω,
342 4923 398 4978 in
426 4923 687 4979 catenas‘
710 4922 960 4978 novimus
975 4924 1202 4989 missos;
1233 4925 1285 4978 in
1311 4922 1600 4993 compedes
1626 4932 1802 4977 autem

219 5031 326 5072 non
371 5017 645 5072 nrvimus.
690 5017 1064 5087 Agnoscuntnr
1087 5024 1144 5071 et
1183 5015 1470 5088 compedes
1508 5015 1803 5084 disciplina:

185 5107 390 5165 ‘Deiet
415 5108 623 5163 timoris
647 5109 784 5176 ejus,
813 5107 881 5164 de
927 5124 1034 5178 quo
1073 5108 1273 5163 dictum
1304 5117 1422 5163 est:
1461 5105 1676 5161 Initium
1715 5123 1802 5162 sa-

213 5201 421 5268 pientia
457 5201 609 5255 timor
652 5199 861 5254 Domini
898 5200 1088 5271 (Eccli.
1117 5217 1159 5266 ι,
1197 5199 1307 5270 16).
1340 5199 1444 5254 Per
1473 5199 1615 5254 hunc
1662 5198 1803 5254 enim

217 5290 467 5347 timorem
499 5305 606 5345 non
636 5290 934 5346 timuerunt
961 5291 1100 5346 servi
1130 5289 1224 5345 Dei
1247 5303 1344 5345 eos
1364 5288 1455 5360 qui
1483 5302 1678 5359 corpus
1701 5303 1799 5345 oc-

278 5443 296 5476 ί
328 5447 404 5492 ετ.
436 5450 555 5491 Ven.
585 5449 636 5494 et
677 5449 788 5493 Lov.
809 5443 880 5493 sic
912 5441 1149 5492 exhibent
1168 5442 1298 5491 hunc
1319 5439 1477 5490 locum
1502 5454 1514 5488 :
1541 5453 1651 5489 cum
1677 5439 1807 5490 dives

212 5511 352 5569 gssit,
377 5510 430 5569 ut
451 5501 586 5554 illius
602 5509 881 5569 paupertate
901 5514 985 5553 nos
1002 5503 1287 5569 ditaremur,
1305 5501 1686 5569 eiquemembra
1717 5513 1805 5569 co-

213 5561 451 5616 haerentia
493 5570 540 5616 et
592 5561 680 5630 per
699 5561 866 5616 'suum
909 5570 1053 5629 caput
1107 5561 1349 5628 loquentia
1371 5561 1616 5614 "viduitas.
1668 5562 1807 5615 ridi-

208 5640 336 5686 mus,
362 5634 460 5676 etc.
525 5633 586 5678 It.

276 5690 298 5754 ξ
327 5695 452 5754 ηεξ
467 5693 598 5747 διδ,
619 5685 934 5754 intelligatur.

279 5750 300 5781 ³
331 5748 557 5828 Plerique
589 5756 716 5811 uas,
757 5747 843 5814 per
886 5747 1179 5811 provinciam
1208 5747 1552 5801 rircumetmles
1589 5747 1638 5800 in
1679 5753 1807 5800 catc-

213 5822 341 5879 ηιι,
367 5818 463 5861 etc.

1395 354 1790 416 ENARRA'HO
1828 359 1894 416 IN
1933 359 2254 421 PSALMUM
2291 363 2376 422 Cl.

1932 476 2134 546 cidunt,
2162 479 2392 535 animam
2424 489 2600 538 autem
2643 496 2752 538 non
2797 490 3019 554 possunt
3061 484 3344 554 occidere;
3383 492 3508 558 quia

1929 582 2050 621 eum
2080 569 2333 625 timebant
2355 572 2444 642 qui
2476 571 2634 629 habet
2660 581 2978 646 potestatem
3005 585 3058 632 et
3083 566 3277 649 corpus
3310 588 3365 634 et
3391 580 3500 634 atti-

1929 674 2068 712 mam
2096 663 2340 718 occidere
2365 664 2414 717 in
2442 667 2736 735 gehennam
2761 669 2895 738 ignis
2915 667 3122 739 (Matth.
3154 686 3207 737 ι,
3236 669 3353 745 28).
3395 671 3504 728 Nisi

1927 752 2068 805 enim
2095 755 2438 823 compedibus
2480 759 2685 814 timoris
2725 760 2881 830 hujus
2922 763 3066 833 ligati
3099 775 3274 819 essent
3305 775 3505 839 marty-

1927 856 2014 896 res
2033 885 2047 906 ,
2078 845 2288 913 quando
2316 847 2400 900 illa
2425 849 2600 902 omnia
2629 850 2762 905 dura
2790 860 2842 906 et
2867 853 3090 908 molesta
3114 855 3444 911 sustinerent
3474 873 3505 910 a

1925 936 2353 1002 persecutoribus
2400 940 2529 1005 suis,
2583 957 2704 995 cum
2758 944 2837 998 eis
2880 944 3101 999 liberum
3150 946 3507 1003 lueritlaccre

1925 1026 2068 1096 quod
2095 1029 2438 1097 cogebantur,
2468 1041 2521 1086 et
2547 1033 2772 1088 evadere
2800 1036 2938 1105 quod
2969 1037 3344 1106 patiebantur?
3389 1039 3497 1094 Sed

1922 1118 2228 1189 alligaverat
2252 1136 2347 1176 eos
2385 1122 2524 1176 Deus
2555 1124 2668 1178 istis
2697 1124 3062 1193 compedibus,
3105 1126 3250 1181 duris
3279 1127 3493 1198 quidem

1921 1219 1978 1264 et
2007 1211 2246 1266 molestis
2294 1212 2359 1265 ad
2392 1221 2620 1282 tempus,
2667 1214 2761 1269 sed
2811 1215 3098 1269 tolerandis
3126 1227 3343 1286 propter
3373 1234 3499 1287 pro-

1921 1303 2081 1358 missa
2107 1305 2242 1373 ejus.
2267 1305 2350 1358 cui
2369 1305 2559 1359 dicitur
2578 1323 2591 1360 :
2611 1305 2828 1373 Propter
2844 1307 2988 1360 verba
3009 1307 3255 1361 labiorum
3275 1318 3496 1365 tuarum.

1918 1410 2006 1464 ego
2032 1395 2274 1449 custodiri
2302 1396 2406 1447 vias
2425 1396 2579 1449 duras
2603 1395 2774 1464 (Psal.
2801 1413 2906 1460 xvt,
2929 1394 3003 1467 4).
3029 1396 3355 1452 Gemendum
3383 1401 3502 1468 qui~

1917 1484 2036 1538 dem
2067 1493 2149 1538 est
2178 1485 2230 1538 iu
2263 1485 2344 1538 his
2372 1485 2719 1555 compedibus
2761 1486 2828 1540 ad
2875 1487 3259 1556 impetrandam
3287 1490 3499 1544 miscri-

1915 1574 2151 1630 Cordiam
2181 1576 2311 1642 Dei;
2345 1577 2484 1631 unde
2511 1591 2611 1630 vox
2638 1586 2932 1648 martyrum
2958 1586 3040 1631 est
3061 1577 3111 1630 in
3138 1578 3244 1630 alio
3270 1579 3496 1648 psalmo,

1915 1667 2078 1721 Intret
2105 1667 2157 1722 in
2184 1680 2505 1738 conspectum
2527 1679 2668 1723 tuum
2697 1671 2908 1740 gemitus
2932 1671 3322 1741 compeditorum
3345 1687 3364 1725 :
3390 1687 3499 1726 non

1921 1769 2094 1814 tamen
2137 1759 2398 1814 evitanda:
2439 1767 2566 1814 sunt
2593 1759 2728 1814 tales
2757 1760 3062 1830 compedes,
3111 1769 3170 1815 ut
3205 1771 3490 1831 appetatur
3542 1833 3544 1836 ν

1916 1851 2214 1920 perniciosa
2246 1851 2483 1918 libertas,
2505 1861 2559 1907 et
2584 1852 2889 1921 temporalis
2914 1853 3034 1907 vitro
3062 1853 3345 1923 breviSque
3371 1853 3496 1909 dulo

1913 1941 2066 2007 cedo,
2121 1959 2276 2013 quam
2320 1958 2573 2014 sequatur
2611 1944 2909 1998 amaritudo
2947 1954 3220 2015 perpetua.
3269 1945 3499 2000 Proinde

1913 2031 2206 2101 Scriptura,
2254 2049 2319 2088 ne
2371 2049 2680 2089 recusemus
2715 2051 2834 2088 esse
2864 2035 3145 2102 compediti
3196 2035 3495 2104 sapientiae.

1911 2125 1990 2178 sic
2015 2140 2111 2178 nos
2137 2125 2425 2195 alloquitur
2455 2144 2467 2179 :
2511 2145 2531 2178 ι
2567 2127 2723 2192 Audi,
2749 2127 2844 2190 lili,
2885 2137 2938 2180 et
2967 2129 3153 2195 excipe
3179 2128 3496 2183 sententiam

1912 2217 2106 2276 meam.
2131 2226 2182 2269 et
2203 2232 2269 2271 ne
2294 2217 2510 2284 abjicias
2531 2218 2810 2272 consilium
2841 2234 3016 2272 meum
3039 2236 3052 2282 ;
3081 2231 3131 2272 et
3154 2219 3290 2274 infer
3305 2218 3498 2290 pedem

1913 2317 2059 2362 tuum
2092 2308 2142 2362 in
2191 2310 2476 2378 Compedes
2515 2309 2672 2373 illius,
2706 2317 2759 2364 et
2807 2310 2859 2363 in
2893 2319 3130 2379 torquem
3160 2311 3274 2380 ejus
3303 2310 3496 2364 collum

1913 2409 2056 2454 tuttm
2085 2399 2319 2468 :subjice
2363 2400 2640 2454 humerum
2674 2410 2819 2454 tuum
2867 2410 2921 2454 ct
2953 2409 3104 2469 porta
3132 2400 3299 2466 illam,
3344 2408 3396 2454 et
3427 2415 3497 2454 ne

1911 2491 2090 2546 oderis
2130 2491 2335 2546 vincula
2387 2491 2548 2545 illius.
2597 2491 2651 2544 In
2695 2490 2840 2545 omni
2880 2492 3053 2544 anima
3086 2499 3171 2545 tua
3202 2490 3399 2547 accede
3427 2491 3495 2545 ad

1911 2583 2076 2651 illam,
2109 2593 2162 2638 et
2187 2585 2238 2638 in
2266 2584 2409 2638 onmi
2432 2585 2626 2639 virtute
2655 2594 2744 2639 tua
2773 2600 2926 2638 serva
2953 2585 3066 2639 vias
3087 2583 3203 2654 ejus
3233 2602 3246 2637 :
3281 2582 3493 2638 investi-

1909 2691 1972 2746 ga
1998 2686 2052 2731 et
2073 2692 2273 2745 qumre,
2302 2686 2357 2731 ct
2377 2677 2672 2730 innotescat
2695 2676 2819 2741 tibi;
2844 2685 2897 2729 et
2922 2676 3200 2730 continens
3220 2675 3408 2739 lactus,
3429 2689 3498 2731 ne

1909 2768 2246 2839 derelinquas
2269 2785 2408 2824 eam.
2435 2770 2489 2824 lu
2519 2771 2819 2826 novissimis
2832 2771 2972 2824 enim
3000 2769 3234 2824 invenies
3258 2768 3496 2838 requiem

1910 2861 2046 2928 ejus,
2099 2871 2150 2916 ct
2196 2872 2539 2916 convertatur
2591 2862 2684 2916 tibi
2731 2861 2781 2915 in
2827 2861 3086 2927 lmtitiam,
3125 2869 3179 2914 ει
3220 2869 3374 2914 erunt
3403 2860 3498 2913 tibi

1910 2953 2196 3022 compedes
2222 2954 2339 3021 ejus
2371 2955 2421 3007 in
2452 2955 2842 3026 proli-ctionem
2886 2952 3236 3018 fortitudinis,
3286 2959 3339 3006 et
3390 2959 3500 3005 tor-

1911 3058 2041 3114 ques
2069 3043 2212 3099 illius
2243 3044 2292 3097 in
2321 3045 2511 3098 stolam
2542 3045 2747 3114 glorim.
2782 3045 2953 3099 Decus
2995 3045 3138 3098 enim
3167 3057 3385 3098 aureum
3417 3050 3499 3096 est

1910 3134 1963 3190 in
1996 3135 2105 3200 illa,
2139 3136 2422 3190 etvinenla
2454 3136 2595 3190 illius
2627 3135 2710 3190 (ila
2741 3136 3082 3208 hyacinthina
3117 3153 3130 3188 :
3164 3135 3355 3188 stolam
3384 3134 3498 3204 glo-

1910 3227 2004 3282 riae
2032 3226 2219 3281 indues
2248 3244 2383 3288 eam.
2415 3237 2469 3282 et
2498 3243 2752 3282 coronam
2776 3227 3146 3281 cssoltationis
3167 3240 3498 3296 superponcs

1909 3319 2034 3373 tibi:
2085 3317 2269 3390 (Eccli.
2323 3333 2398 3382 vt,
2430 3317 2647 3388 Ξιοὸἓὶ).
2694 3318 2940 3373 Clament
2977 3333 3107 3388 ergo
3165 3317 3493 3386 compediti,

1908 3409 2162 3481 qnamdiu
2191 3419 2312 3464 sunt
2341 3409 2392 3462 in
2419 3408 2644 3464 vinculis
2663 3408 2958 3477 disciplina:
2990 3408 3108 3472 Dei,
3157 3408 3208 3461 in
3236 3422 3339 3477 qua
3367 3416 3491 3460 sunt

1909 3501 2183 3557 exercitati
2230 3510 2536 3573 martyres:
2570 3501 2844 3556 solventur
2888 3500 3206 3571 compedes,
3255 3508 3311 3554 et
3347 3499 3495 3554 vola-

1908 3595 2061 3660 bunt,
2094 3605 2146 3650 et
2167 3593 2368 3655 etcda-m
2399 3595 2525 3664 ipsae
2557 3594 2609 3647 in
2637 3603 3004 3648 ornamentum
3044 3601 3224 3662 postea
3268 3605 3494 3645 convcr-

1911 3693 2108 3740 tentur.
2156 3683 2376 3750 Factum
2426 3693 2509 3740 est
2550 3685 2652 3740 hoc
2676 3683 2744 3739 de
2787 3683 3133 3755 martyribus.
3181 3681 3316 3749 Quid
3347 3681 3491 3736 enim

1910 3788 2289 3850 persecutores
2329 3777 2623 3832 occidendo
2669 3776 2929 3839 fecerunt,
2977 3776 3078 3830 nisi
3125 3783 3181 3829 ut
3211 3774 3496 3844 compedes

1907 3871 2263 3936 solverentur,
2291 3879 2345 3925 et
2370 3871 2420 3924 in
2442 3885 2665 3925 coronas
2691 3877 3148 3925 converterentur.

1980 3965 2032 4020 5.
2076 3963 2294 4018 Daedalo
2319 3977 2446 4034 ergo
2471 3963 2686 4031 respexit
2717 3961 2994 4024 Dominus,
3028 3969 3082 4012 ut
3116 3957 3313 4011 audiret
3336 3956 3496 4028 gemi-

1910 4065 2017 4111 tum
2067 4055 2461 4124 compeditorum
2493 4094 2509 4119 ,
2548 4062 2600 4105 ut
2650 4052 2810 4106 solvat
2864 4051 2998 4120 ﬁlios
3056 4048 3492 4117 morti/icatorum.

1910 4147 2207 4205 blortilicati
2255 4146 2358 4210 illi;
2393 4145 2485 4199 lilii
2531 4153 2705 4197 autem
2751 4141 3185 4197 mortificatorum
3215 4138 3343 4208 qui,
3390 4138 3494 4192 nisi

1910 4241 2046 4295 nos?
2075 4237 2351 4305 Quomodo
2379 4247 2555 4291 autem
2586 4233 2976 4298 Solvimuruos,
3006 4233 3104 4286 nisi
3122 4247 3240 4285 cum
3270 4230 3495 4285 dicimus

1910 4333 1958 4388 ei
2012 4350 2024 4386 :
2070 4330 2348 4401 Disrupisti
2377 4329 2575 4383 vincula
2624 4341 2773 4390 mea;
2813 4326 2901 4381 tibi
2939 4323 3234 4392 sacriﬁcabo
3281 4323 3498 4377 hostiam

1911 4425 2074 4480 laudis
2098 4424 2266 4490 (l’sal.
2293 4437 2414 4485 cxv,
2442 4421 2506 4475 lli
2529 4429 2574 4473 et
2610 4421 2690 4490 l7)
2715 4419 2739 4470 ‘t
2784 4417 3018 4472 Solvitur
3042 4416 3182 4471 enim
3210 4414 3496 4484 unusquis-

1910 4533 2015 4590 que
2043 4533 2072 4570 a
2101 4516 2324 4570 vinculis
2344 4514 2690 4585 cupiditatum
2718 4511 2996 4576 malarum,
3027 4509 3108 4563 vel
3137 4524 3166 4562 a
3198 4507 3349 4561 nodis
3373 4521 3498 4578 pec-

1909 4620 2148 4666 catorum
2174 4623 2409 4662 suorum.
2444 4605 2708 4661 Reinissio
2741 4612 3074 4673 peccatorum
3105 4642 3122 4668 ,
3167 4599 3361 4655 solutio
3389 4607 3495 4655 est.

1910 4702 2048 4770 Quid
2073 4705 2214 4756 enim
2247 4699 2522 4770 prodesset
2547 4697 2768 4761 Lazaro,
2792 4696 2913 4765 quia
2937 4694 3195 4765 processit
3216 4693 3281 4748 de
3308 4707 3499 4746 mouu.

1909 4803 2092 4850 mento
2116 4835 2132 4860 ,
2185 4793 2285 4846 nisi
2339 4791 2606 4846 diceretur
2638 4807 2650 4842 :
2687 4788 2878 4843 Solvite
2926 4805 3037 4842 eum
3065 4828 3081 4854 ,
3120 4797 3164 4841 et
3188 4787 3334 4840 sinite
3360 4784 3501 4839 abire

1912 4884 2108 4953 (Joan.
2138 4899 2212 4948 χι,
2239 4883 2303 4936 44
2326 4880 2384 4953 )?
2415 4881 2531 4950 Ipse
2573 4879 2785 4949 quidem
2813 4894 2940 4933 voce
2965 4879 3031 4933 de
3061 4877 3302 4948 sepulcro
3331 4875 3500 4930 susci-

1903 4976 2060 5046 tavit,
2089 4975 2202 5044 ipse
2229 4973 2506 5029 clamando
2530 4973 2760 5027 animam
2806 4972 3056 5037 reddidit,
3089 4972 3200 5039 ipse
3230 4979 3495 5024 terrenam

1911 5069 2104 5123 molem
2122 5069 2330 5137 sepulto
2347 5067 2644 5137 impositam
2663 5066 2807 5131 vicit,
2821 5074 2875 5119 et
2890 5064 3147 5135 processit
3162 5063 3250 5116 ille
3266 5061 3494 5116 vinctus:

1911 5176 2016 5215 non
2041 5175 2165 5230 ergo
2195 5158 2416 5228 pedibus
2441 5159 2690 5230 propriis,
2709 5157 2802 5213 sed
2826 5157 3018 5212 virtute
3038 5152 3396 5224 producentis.
3415 5152 3499 5208 Fit

1912 5250 2080 5305 hocin
2094 5249 2252 5305 corde
2269 5249 2573 5320 pmnitentis
2598 5267 2612 5304 :
2634 5263 2752 5304 cum
2771 5247 2923 5302 audis
2952 5245 3216 5299 hominem
3239 5243 3500 5312 poenitere

1912 5350 2250 5412 peccatorum
2266 5356 2505 5406 suorum,
2532 5340 2641 5410 jam
2669 5339 2876 5403 revixit;
2903 5352 3022 5390 cum
3049 5333 3198 5388 audis
3225 5333 3498 5389 hominem

1911 5431 2217 5490 conﬁtendo
2263 5431 2496 5502 proferre
2543 5430 2918 5487 conscientiam
2944 5469 2960 5494 ,
3011 5427 3118 5496 jam
3162 5426 3228 5482 de
3257 5427 3496 5495 sepulcro

1913 5524 2135 5580 eductus
2161 5533 2262 5591 est,
2279 5523 2370 5578 sed
2391 5523 2622 5577 nondum
2640 5523 2842 5577 solutus
2863 5529 2962 5575 est.
2989 5519 3212 5584 Quando
3238 5521 3500 5578 solvitur?

1913 5631 1944 5670 a
1970 5616 2162 5685 quibus
2200 5614 2457 5670 solvitur?
2499 5613 2627 5678 Qum
2666 5611 2944 5677 solveritis,
2985 5613 3183 5682 inquit,
3235 5613 3288 5667 iu
3328 5622 3502 5681 terra,

1914 5716 2060 5762 erunt
2087 5704 2255 5761 soluta
2293 5714 2340 5758 et
2361 5704 2415 5758 in
2444 5703 2568 5762 mlo
2607 5700 2628 5775 (
2658 5701 2846 5758 Matth.
2875 5717 2968 5759 XVI
2988 5745 3004 5771 ,
3038 5703 3104 5760 i9
3123 5704 3162 5775 ).
3191 5704 3377 5761 Merito
3409 5721 3503 5774 per

1918 5799 2204 5859 Ecclesiam
2257 5797 2370 5853 dari
2419 5795 2613 5853 solutio
2641 5804 2984 5867 peccatorum
3016 5807 3192 5873 potest
3221 5817 3233 5854 :
3263 5798 3488 5854 suscitar
