4056 6478
545 331 711 388 .1507

577 455 758 502 autem
788 441 900 511 ipse
955 445 1194 494 mortuus
1219 428 1430 490 nonnisi
1466 429 1607 486 intus
1629 429 1890 488 clamante
1934 422 2157 478 Domino

579 545 792 611 potest;
832 533 964 589 haec
994 533 1136 588 enim
1181 532 1319 584 Deus
1343 525 1568 581 interius
1593 521 1718 592 agit.
1749 520 2040 588 Loquimur

572 605 734 686 aures
760 635 998 691 vestras;
1030 623 1170 679 unde
1219 621 1415 674 scimus
1464 615 1591 688 quid
1636 621 1820 684 agatur
1871 609 1926 663 in
1973 605 2151 664 cordi-

571 719 675 776 bus
716 717 948 774 vestris?
969 714 1122 783 Quod
1163 720 1340 766 autem
1369 709 1511 764 intus
1549 707 1739 776 agitur,
1768 718 1871 758 non
1895 717 1926 756 a
1957 700 2109 755 nobis
2133 741 2148 767 ,

574 811 671 868 sed
700 810 766 866 ab
793 810 881 864 illo
907 809 1097 877 agitur.

642 902 698 957 4.
740 895 991 974 Respexit
1048 908 1174 965 ergo
1219 901 1276 946 ut
1322 891 1481 945 solvat
1535 888 1668 957 ﬁlios
1717 883 2151 952 morti/icato‘rum.

572 993 810 1061 Quorum
842 972 1276 1042 mortiﬁcatorum
1302 979 1556 1045 audistis,
1592 992 1724 1047 quos
1755 975 1891 1028 ﬁlios
1913 972 2151 1026 audistis.

573 1081 710 1150 Quid
735 1079 877 1135 enim
900 1077 1056 1132 inde?
1078 1074 1145 1132 Ut
1169 1072 1492 1128 annuntietur
1513 1069 1565 1124 in
1589 1069 1715 1123 Sion
1730 1082 1909 1145 nomen
1926 1062 2153 1117 Domini.

575 1177 756 1230 Primo
785 1173 926 1229 enim
957 1169 1291 1242 premebatur
1321 1163 1556 1219 Ecclesia
1578 1203 1593 1228 ,
1621 1159 1831 1233 quando
1865 1156 2154 1213 mortiﬁca-

575 1269 769 1322 bantur
788 1261 1072 1334 compediti
1102 1279 1114 1313 :
1145 1268 1266 1330 post
1294 1257 1411 1316 illas
1442 1269 1714 1325 pressuras
1738 1249 2079 1306 annuntiatur
2101 1246 2153 1301 in

572 1357 700 1412 Sion
728 1369 919 1411 nomen
942 1351 1186 1417 Domini,
1231 1364 1349 1404 cum
1396 1360 1583 1416 magna
1632 1344 1910 1406 libertate,
1946 1341 2000 1394 in
2042 1339 2155 1409 ipsa

573 1444 835 1500 Ecclesia.
867 1444 984 1515 Ipsa
1012 1443 1151 1496 enim
1177 1440 1304 1495 Sion
1336 1456 1349 1491 :
1377 1453 1482 1492 non
1527 1435 1614 1490 ille
1649 1448 1786 1488 unus
1811 1433 1958 1487 locus
1984 1431 2156 1502 primo

573 1536 873 1606 superbus,
904 1543 1086 1604 postea
1127 1531 1452 1603 captivatus;
1493 1527 1588 1583 sed
1628 1525 1754 1580 Sion
1793 1524 1944 1593 cujus
1970 1521 2153 1576 umbra

573 1637 688 1684 erat
717 1627 803 1682 illa
831 1625 980 1693 Sion,
1001 1639 1118 1696 quae
1152 1625 1527 1692 interpretatur
1556 1615 1891 1688 Speculalio;
1916 1620 2156 1685 propter-

572 1734 640 1774 ea
684 1717 808 1788 quia
854 1717 907 1770 in
951 1730 1109 1770 carne
1157 1713 1312 1784 positi
1350 1711 1590 1766 videmus
1626 1710 1679 1763 in
1723 1709 1934 1779 priora,
1967 1713 2154 1758 exten-

578 1811 769 1866 dentes
799 1823 896 1863 nos
937 1823 1042 1862 non
1071 1806 1138 1860 ad
1175 1818 1408 1876 praesens
1435 1797 1577 1874 quod
1603 1809 1702 1866 est,
1726 1798 1820 1855 sed
1839 1796 1906 1852 ad
1935 1796 1987 1851 id
2013 1793 2153 1865 quod

577 1899 814 1955 futurum
853 1907 954 1953 est.
983 1897 1105 1952 ldeo
1130 1895 1440 1965 speculatio.
1462 1891 1648 1948 Omnis
1687 1891 1826 1946 enim
1857 1886 2157 1958 speculator

575 1993 731 2061 longe
743 1990 1014 2062 prospicit.
1030 1987 1254 2058 Specula
1270 1987 1477 2052 dicitur,
1499 1984 1591 2039 ubi
1609 1990 1873 2051 ponuntur
1884 1980 2151 2036 custodes:

571 2083 707 2136 ﬁunt
733 2082 848 2136 istae
875 2079 1101 2151 speculae
1127 2079 1183 2132 in
1211 2076 1439 2140 saxis,in
1468 2075 1757 2137 montibus,
1777 2073 1830 2126 in
1852 2071 2153 2138 arboribus,

575 2173 642 2228 ad
675 2173 775 2227 hoc
803 2181 859 2226 ut
897 2170 1104 2226 deloco
1145 2166 1493 2223 eminentiore
1523 2166 1677 2236 longe
1719 2163 1980 2218 videatur.
2025 2162 2152 2216 Sion

572 2279 700 2336 ergo
727 2263 1034 2333 speculatio,
1062 2259 1297 2316 Ecclesia
1324 2256 1632 2329 speculatio.
1653 2255 1802 2311 Unde
1827 2252 2156 2324 speculatio?

575 2358 755 2427 Longe
776 2356 986 2421 videre,
1019 2355 1121 2408 hoc
1143 2361 1226 2409 est
1251 2352 1559 2424 spcculatio.
1590 2349 1758 2403 Labor
1777 2357 1845 2403 est
1869 2349 2008 2403 enim
2039 2357 2154 2401 ante

573 2465 676 2514 me,
709 2446 866 2500 donec
894 2447 1137 2499 introeant
1163 2443 1216 2498 in
1249 2441 1593 2496 sanctuarium
1634 2439 1730 2493 Dei
1752 2481 1766 2505 ,
1798 2448 1846 2492 et
1875 2438 2152 2508 intelligam

573 2540 628 2592 in
659 2538 924 2592 novissima
953 2535 1317 2608 (Psal.1.xxn,
1343 2532 1467 2586 lﬁet
1485 2532 1546 2584 Π
1568 2533 1610 2602 ).
1635 2529 1815 2596 Qualis
1839 2529 2148 2598 speculatio,

573 2630 871 2700 intelligere
902 2630 953 2682 in
985 2626 1268 2682 novissima
1287 2623 1309 2677 ?
1327 2623 1577 2677 Transire
1603 2636 1750 2674 mare
1775 2619 2021 2683 videndo,
2048 2633 2152 2670 non

573 2719 867 2790 navigando
891 2759 906 2784 ,
956 2727 1009 2773 et
1060 2716 1299 2770 habitare
1347 2714 1398 2768 in
1427 2723 1662 2768 exterma
1695 2711 1710 2742 ¹
1741 2710 1902 2764 maris
1942 2709 1975 2782 (ι
2006 2709 2150 2764 Psal.

573 2827 826 2875 cxxxvm,
859 2810 966 2880 9);
995 2809 1046 2864 id
1073 2817 1170 2874 est,
1207 2807 1276 2862 ibi
1301 2821 1497 2877 ponere
1525 2820 1693 2874 spem,
1719 2805 1769 2856 in
1793 2819 1856 2858 eo
1884 2803 2023 2872 quod
2053 2803 2154 2857 erit

574 2903 726 2957 ﬁnito
755 2900 969 2956 saeculo.
995 2901 1133 2969 Ergo
1153 2899 1199 2954 si
1221 2897 1456 2952 Ecclesia
1483 2895 1792 2965 speculatio,
1817 2893 1885 2947 ibi
1905 2893 2012 2962 jam
2057 2906 2154 2944 an-

573 2994 846 3048 nuntiatur
871 3007 1063 3046 nomen
1105 2990 1334 3044 Domini.
1376 2988 1490 3043 Non
1520 2987 1688 3042 solum
1717 3001 1911 3040 nomen
1942 2985 2149 3039 Domini

573 3084 627 3138 in
659 3083 756 3137 hac
782 3083 906 3138 Sion
953 3079 1322 3147 annuntiatur,
1353 3077 1445 3134 sed
1473 3088 1518 3132 et
1543 3077 1653 3132 laus
1682 3078 1791 3148 ejus
1815 3116 1828 3142 ,
1865 3075 2068 3145 inquit,
2101 3074 2180 3136 in,

571 3173 873 3230 Jerusalem.

645 3268 699 3322 5.
733 3264 902 3339 [vers.
949 3262 1085 3337 23.]
1120 3264 1188 3318 Et
1227 3261 1495 3333 quomodo
1524 3259 1908 3315 annuntiatur?
1937 3258 2003 3312 In
2032 3274 2154 3312 con-

569 3352 810 3412 veniendo
836 3356 1048 3428 populos
1063 3357 1115 3409 in
1135 3371 1310 3421 unum,
1333 3364 1377 3407 et
1398 3370 1573 3424 regna,
1600 3361 1652 3406 ut
1671 3352 1888 3406 serviant
1910 3349 2148 3404 Domino.

572 3447 726 3502 Unde
755 3449 855 3502 hoc
875 3447 1090 3513 factum,
1113 3447 1213 3500 nisi
1237 3445 1492 3515 sanguine
1510 3443 1944 3499 mortilicatorum
1967 3443 1989 3496 ?
2013 3441 2151 3496 unde

572 3541 675 3596 hoc
703 3539 927 3604 factum,
957 3539 1055 3593 nisi
1095 3537 1377 3607 gemitibus
1414 3535 1876 3606 compeditorum?
1907 3534 2152 3589 Exauditi

571 3647 700 3702 ergo
731 3637 856 3684 sunt
882 3629 968 3699 qui
991 3636 1142 3683 erant
1163 3628 1212 3681 in
1237 3643 1480 3697 pressura
1501 3635 1554 3682 et
1584 3626 1908 3691 humilitate;
1933 3636 1990 3680 ut
2010 3635 2154 3680 esset

572 3721 769 3777 nostris
796 3721 1124 3792 temporibus
1154 3719 1390 3774 Ecclesia
1419 3719 1469 3772 in
1495 3726 1634 3772 tanta
1661 3719 1849 3789 gloria,
1881 3734 2036 3788 quam
2075 3717 2152 3770 vi-

506 3808 522 3821 “
573 3813 760 3891 demus
781 3854 796 3877 ,
831 3822 889 3867 ut
921 3812 1031 3882 jam
1059 3826 1220 3881 regna
1251 3827 1368 3880 qua:
1401 3809 1872 3880 persequebantur,
1897 3808 2006 3877 ipsa
2035 3823 2148 3861 ser-

571 3908 719 3961 viant
735 3907 979 3960 Domino.

553 3982 558 3986 ’
641 3997 694 4052 6.
737 3994 904 4070 [vers.
935 3995 1027 4050 24.
1056 3993 1078 4068 ]
1127 3993 1402 4065 Respondit
1432 3992 1474 4046 ei
1498 3993 1551 4045 in
1579 3991 1656 4044 via
1683 3989 1998 4062 fortitudinis
2022 4005 2150 4044 stite.

566 4090 668 4145 Cui
698 4087 1009 4158 respondit,
1039 4087 1140 4141 nisi
1169 4084 1434 4140 Domino?
1479 4083 1604 4150 Quis
1649 4081 1960 4150 respondit,
1993 4095 2150 4150 supra

574 4182 846 4236 videamus
877 4198 889 4233 :
918 4179 979 4233 Et
1003 4180 1115 4234 laus
1135 4180 1258 4248 ejus,
1286 4177 1473 4246 inquit,
1501 4175 1552 4228 in
1567 4172 1882 4238 Jerusalem;
1904 4173 1954 4226 in
1975 4188 2154 4226 conve-

571 4272 757 4326 niendo
785 4271 997 4343 populos
1017 4271 1069 4323 in
1097 4286 1272 4335 unum,
1297 4278 1342 4321 et
1371 4283 1546 4338 regna,
1580 4273 1634 4318 ut
1663 4265 1880 4318 serviant
1910 4263 2148 4318 Domino.

571 4361 852 4432 Respondit
878 4363 922 4414 ei
946 4361 999 4414 in
1020 4361 1100 4414 via
1120 4359 1426 4430 fortitudinis
1454 4374 1578 4412 sure.
1603 4357 1734 4428 Qua:
1759 4357 1832 4410 illi
1856 4355 2148 4424 respondit.

573 4461 668 4508 aut
693 4453 812 4523 quis
843 4452 914 4504 illi
946 4450 1245 4520 respondit,
1280 4451 1329 4503 in
1357 4449 1437 4501 via
1467 4447 1789 4502 fortitudinis
1815 4445 1960 4499 suae?
1989 4445 2150 4512 Qum-

571 4558 754 4600 ramus
784 4557 912 4612 ergo
953 4542 1123 4611 primo
1166 4540 1282 4610 quis
1327 4537 1636 4607 respondit,
1670 4546 1722 4591 et
1747 4537 1823 4589 sic
1851 4550 2152 4605 quaeremus

569 4651 692 4706 quae
717 4635 786 4688 sit
815 4635 897 4687 via
926 4631 1245 4687 fortitudinis
1269 4631 1401 4707 ejus.
1425 4627 1709 4697 Superiora
1734 4627 1892 4680 verba
1917 4627 2152 4682 indicant

573 4724 913 4796 respondisse
940 4724 1010 4790 ei,
1038 4733 1128 4777 aut
1152 4722 1360 4776 laudem
1391 4719 1525 4790 ejus,
1559 4726 1651 4772 aut
1691 4717 1987 4772 Jerusalem
2018 4735 2032 4771 :
2059 4733 2152 4772 su-

574 4831 668 4889 pra
697 4815 838 4871 enim
863 4815 1087 4880 dixerat,
1119 4815 1184 4868 Et
1205 4815 1318 4867 laus
1338 4813 1446 4879 eius
1466 4812 1518 4865 in
1547 4809 1864 4875 Jerusalem;
1892 4812 1944 4864 in
1972 4827 2154 4865 conve-

575 4909 755 4965 niendo
783 4906 995 4978 papulas
1023 4906 1077 4959 in
1104 4921 1260 4958 unum
1284 4945 1298 4970 ,
1324 4912 1368 4957 et
1391 4919 1564 4974 regna,
1588 4911 1640 4954 ut
1663 4903 1876 4956 serviant
1906 4903 2148 4956 Domino.

576 4999 855 5070 Respondit
883 4999 958 5065 ei,
1009 5012 1112 5051 non
1157 5011 1440 5065 possumus
1490 4993 1666 5049 dicere
1696 5035 1710 5059 ,
1743 4994 1954 5064 Regna;
1985 4995 2106 5064 quia
2131 5036 2147 5061 ,

573 5091 986 5162 ReSponderunt
1031 5089 1272 5144 dixisset.
1306 5087 1587 5158 Respondit
1628 5087 1705 5150 ei,
1732 5103 1836 5141 non
1867 5101 2150 5156 possumus

572 5184 748 5239 dicere
770 5222 783 5246 ,
827 5179 1051 5250 Populi;
1082 5179 1204 5249 quia
1233 5185 1287 5234 et
1311 5177 1396 5232 hic
1418 5220 1433 5244 ,
1461 5177 1870 5246 Responderunt
1908 5177 2149 5231 dixisset.

572 5273 705 5340 Quia
749 5287 875 5341 ergo
903 5271 1160 5340 respondit
1187 5269 1267 5335 ei,
1299 5268 1617 5338 singularem
1645 5283 1921 5321 numerum
1953 5267 2152 5336 quatri-

574 5379 694 5418 mus
754 5365 1017 5433 superius,
1045 5372 1100 5417 et
1150 5377 1255 5416 non
1293 5362 1630 5427 invenimus,
1673 5360 1773 5414 nisi
1799 5370 1889 5428 aut
1937 5359 2148 5414 laudem

573 5454 709 5523 ejus,
733 5464 821 5507 aut
840 5452 1156 5508 Jerusalem.
1173 5453 1240 5507 Et
1260 5452 1380 5523 quia
1406 5451 1506 5506 hoc
1526 5451 1826 5520 ambiguum
1848 5459 1948 5516 est,
1973 5461 2148 5505 utrum

572 5544 692 5598 laus
736 5543 883 5613 ejus,
914 5559 980 5597 an
1027 5543 1364 5611 Jerusalem,
1393 5541 1682 5597 secundum
1722 5549 2002 5611 utrumque
2046 5550 2150 5596 tra-

572 5697 822 5810 ﬁgitﬁgit},
847 5698 897 5750 in
918 5698 1159 5753 extremis.
1189 5707 1240 5751 At
1276 5700 1468 5761 ωε.ρη
1490 5704 1746 5752 extrema:
1773 5704 1822 5749 et
1860 5697 2072 5749 sicini'rs
2107 5699 2154 5748 in

1801 313 1856 365 S.
1902 315 1936 363 .-\
1949 300 2260 363 UCUS'l'lNl
2303 301 2612 362 El’lSCOPl

3705 323 3842 380 1503

2267 425 2491 474 ctctnus.
2520 419 2796 487 Quomodo
2827 439 2873 478 et
2916 425 3190 494 respondit
3212 426 3328 483 laus
3356 427 3512 498 ejus!
3535 430 3755 497 Quando
3791 441 3844 491 ei

2260 511 2454 578 gratias
2480 520 2643 582 agunt
2669 514 2837 567 vocati
2867 515 2934 569 ab
2961 515 3070 569 illo.
3106 516 3197 573 Ille
3228 519 3369 573 enim
3395 532 3551 575 vocat
3576 563 3590 588 ,
3626 538 3723 577 nos
3755 505 3840 582 re-

2260 601 2619 667 Spomlenius;
2650 619 2756 657 non
2783 619 2935 671 voce,
2959 606 3050 660 sed
3077 607 3207 672 ﬁde;
3240 624 3344 662 non
3373 610 3566 680 lingua,
3590 613 3683 667 sed
3711 617 3839 670 vita.

2261 689 2316 744 Si
2344 693 2483 745 enim
2513 703 2664 747 vocat
2697 704 2746 750 te
2775 696 2910 750 Deus
2936 738 2950 762 ,
2979 707 3030 750 et
3058 699 3296 770 praicipit
3324 710 3377 754 ut
3406 701 3544 757 bene
3571 705 3716 761 vivas
3741 748 3754 772 ,
3790 717 3848 762 et

2261 791 2314 836 tu
2362 785 2500 839 male
2552 787 2688 841 vivis
2717 829 2732 854 ,
2780 791 3040 844 vocationi
3079 793 3193 861 ejus
3232 809 3335 847 non
3378 797 3709 866 respondes,
3746 817 3846 856 nec

2261 874 2374 932 laus
2403 876 2518 945 ejus
2540 879 2825 948 reSpondet
2851 882 2897 935 ei
2927 881 2992 935 de
3019 892 3103 948 te;
3131 884 3252 953 quia
3275 885 3351 938 sic
3373 886 3526 954 vivis,
3553 898 3606 941 ut
3629 889 3720 944 ille
3737 905 3848 944 non

2262 965 2525 1034 laudetur,
2555 969 2647 1022 sed
2697 972 2868 1040 potius
2919 970 3315 1042 bIaSphemetur
3346 991 3438 1044 per
3473 986 3524 1032 te
3555 995 3567 1030 :
3601 993 3722 1033 cum
3754 996 3850 1034 au-

2259 1067 2365 1114 tem
2399 1061 2475 1114 sic
2503 1061 2754 1127 vivimus,
2780 1073 2838 1118 ut
2869 1080 2960 1133 per
2987 1081 3081 1119 nos
3104 1066 3350 1120 laudetur
3375 1069 3532 1135 Deus,
3566 1073 3851 1142 respondit

2259 1149 2307 1203 ei
2331 1150 2443 1204 laus
2470 1149 2602 1220 ejus.
2638 1151 2708 1206 De
2735 1155 2934 1208 vocatis
2955 1164 3008 1208 et
3035 1157 3232 1209 sanctis
3278 1157 3393 1228 ejus
3413 1199 3427 1222 ,
3462 1162 3737 1230 respondit
3796 1177 3852 1216 et

2258 1239 2571 1294 Jerusalem.
2596 1241 2789 1296 Vocata
2817 1251 2900 1298 est
2926 1245 3064 1299 enim
3097 1254 3149 1300 et
3200 1247 3488 1304 Jerusalem
3509 1293 3523 1318 ,
3576 1263 3624 1306 et
3672 1255 3850 1324 prima

2258 1330 2552 1388 Jerusalem
2584 1335 2971 1403 noluitaudire,
2990 1349 3042 1392 et
3068 1339 3264 1394 dictum
3298 1351 3378 1396 est
3404 1345 3451 1398 ei
3484 1343 3652 1400 :Ecce
3669 1347 3850 1400 dimit.

2261 1435 2390 1480 tetur
2414 1428 2549 1483 vobis
2579 1429 2758 1485 domus
2785 1442 2944 1486 vestra
2974 1433 3187 1487 deserta.
3217 1435 3536 1503 Jerusalem,
3560 1440 3850 1496 Jerusalem

2265 1519 2515 1589 (clamat,
2539 1529 2594 1576 et
2614 1537 2716 1576 non
2744 1524 3138 1597 respondetur),
3160 1531 3353 1598 quoties
3380 1531 3517 1585 volui
3540 1550 3850 1605 congregare

2260 1609 2395 1679 ﬁlios
2417 1620 2527 1665 tuos
2552 1653 2566 1678 ,
2595 1624 2834 1683 tanquam
2867 1617 3060 1685 gallina
3091 1617 3256 1687 pullos
3280 1638 3398 1675 suos
3434 1623 3525 1676 sub
3555 1625 3664 1678 alas
3687 1643 3812 1680 suas
3831 1670 3845 1693 ,

2259 1712 2307 1757 et
2335 1704 2540 1758 noluisti
2569 1705 2586 1776 (
2619 1705 2805 1762 Matth.
2835 1725 2984 1775 χχιιι,
3013 1711 3101 1778 58,
3135 1712 3238 1782 57)
3267 1713 3279 1766 !
3308 1713 3421 1768 Non
3443 1717 3805 1786 respondetur
3834 1738 3848 1774 :

2262 1796 2465 1865 pluitur
2490 1797 2742 1870 desuper,
2772 1810 2826 1856 et
2852 1819 2946 1871 pro
2980 1803 3150 1858 fructu
3181 1806 3348 1874 spina":
3392 1808 3756 1878 proferuntur.
3783 1813 3850 1867 At

2260 1903 2388 1941 vero
2413 1888 2500 1943 illa
2529 1889 2846 1957 Jerusnlem,
2870 1893 2934 1947 de
2961 1910 3062 1964 qua
3093 1895 3292 1950 dictum
3324 1906 3403 1950 est
3422 1938 3436 1964 ,
3471 1897 3667 1953 Lwtare
3687 1942 3702 1966 ,
3749 1911 3851 1956 ste-

2259 1980 2388 2046 rilis,
2416 1998 2528 2052 quae
2553 2000 2653 2036 non
2684 1985 2858 2054 paris;
2883 2003 3088 2055 erumpe
3119 1997 3165 2040 et
3190 1988 3436 2054 exclama,
3464 2007 3577 2059 qua:
3603 2009 3705 2046 non
3729 2011 3850 2062 par-

2260 2073 2406 2138 turis,
2432 2074 2670 2143 quoniam
2700 2077 2845 2129 multi
2867 2077 2962 2143 ﬁlii
2988 2077 3215 2144 desertor,
3248 2081 3407 2150 magis
3427 2098 3576 2150 quam
3606 2085 3718 2152 ejus
3736 2101 3849 2156 qua:

2257 2162 2403 2217 habet
2435 2164 2594 2218 virum
2615 2164 2634 2235 (
2651 2163 2678 2216 Ι
2684 2166 2777 2219 δαὶ.
2804 2182 2912 2232 Liv,
2937 2169 2962 2222 1
2991 2184 3004 2232 ;
3039 2166 3207 2222 Galat.
3242 2187 3312 2236 tv,
3331 2170 3398 2222 27
3420 2170 3475 2242 );
3501 2176 3760 2243 respondit
3784 2175 3846 2228 ei.

2258 2253 2393 2320 Quid
2447 2264 2529 2308 est
2555 2299 2569 2321 ,
2617 2257 2876 2326 respondit
2908 2259 2997 2312 ei?
3023 2259 3136 2313 Non
3177 2263 3500 2330 contempsit
3543 2273 3845 2319 vocantem.

2257 2344 2391 2412 Quid
2419 2355 2534 2412 est,
2581 2348 2840 2416 respondit
2867 2349 2911 2402 ei
2934 2349 2958 2401 ?
2985 2349 3074 2403 Ille
3110 2351 3274 2418 pluit,
3308 2352 3390 2405 illa
3419 2352 3642 2407 fructum
3676 2355 3846 2411 dedit.
3915 2417 3917 2419 _

2330 2436 2382 2489 7.
2408 2436 2684 2504 Respondit
2701 2439 2764 2503 ei,
2784 2439 2874 2493 sed
2899 2440 3010 2492 ubi?
3028 2439 3186 2493 Invia
3203 2444 3510 2512 fortitudinis
3534 2461 3652 2498 sure.
3675 2445 3846 2500 Num—

2257 2527 2380 2597 quid
2413 2528 2574 2583 inse?
2593 2529 2724 2582 Nam
2755 2530 2880 2600 quid
2901 2533 3114 2585 essetin
3143 2549 3223 2598 se,
3243 2543 3333 2587 aut
3357 2551 3512 2604 quam
3531 2551 3714 2591 Vocem
3749 2541 3845 2593 ha-

2262 2619 2409 2676 beret
2433 2621 2484 2674 in
2507 2637 2585 2686 se,
2627 2621 2693 2676 de
2721 2637 2799 2686 se,
2833 2623 2932 2677 nisi
2960 2627 3127 2679 solam
3155 2642 3336 2680 vocem
3383 2630 3580 2696 peccati
3605 2671 3620 2695 ,
3658 2647 3844 2686 vocem

2257 2709 2544 2780 iniquitatis
2570 2713 2593 2767 ?
2615 2714 2815 2768 Excute
2840 2731 3022 2770 vocem
3047 2717 3229 2785 ipsius,
3256 2719 3378 2787 quid
3423 2723 3627 2776 invenis
3650 2724 3755 2779 nisi
3795 2736 3849 2780 ut

2257 2804 2478 2859 multum
2499 2807 2538 2870 ί,
2557 2805 2664 2877 Ego
2679 2809 2805 2874 dixi,
2824 2807 3054 2876 Domine,
3073 2811 3304 2866 miserere
3323 2815 3420 2866 mei
3435 2832 3454 2879 ;
3468 2832 3594 2868 sana
3613 2819 3846 2872 animant

2257 2913 2447 2962 meam,
2478 2900 2595 2965 quia
2619 2901 2816 2970 peccavi
2835 2902 3104 2973 tibi(Psal.
3124 2921 3211 2966 χι..
3237 2905 3334 2975 5)?
3360 2907 3547 2974 Porro,
3578 2909 3619 2962 si
3643 2909 3848 2979 justiti-

2255 2999 2371 3044 cata
2389 2999 2484 3055 est,
2502 2993 2756 3062 respondit
2773 2994 2837 3059 ei,
2859 3011 2961 3048 non
2989 3011 3052 3049 ex
3081 2996 3281 3050 meritis
3301 2999 3431 3066 suis,
3452 2999 3544 3053 sed
3563 3016 3625 3054 ex
3658 3003 3843 3057 mani.

2257 3081 2355 3135 bus
2385 3083 2404 3113 ²
2433 3083 2616 3152 ipsius.
2649 3083 2864 3139 Ubi?ln
2891 3087 2971 3139 via
2995 3088 3303 3156 fortitudinis
3322 3107 3448 3144 suaz.
3467 3091 3711 3147 Christus
3739 3104 3843 3159 est,

2257 3172 2370 3242 ipse
2395 3182 2476 3228 est
2515 3191 2528 3228 ε
2568 3170 2678 3245 Ego
2707 3192 2839 3241 sum,
2873 3177 3071 3247 inquit,
3099 3180 3198 3244 via,
3227 3181 3404 3234 veritas
3424 3222 3437 3247 ,
3465 3191 3509 3234 et
3540 3184 3640 3236 vita
3662 3182 3845 3256 (Joan.

2257 3279 2365 3330 xiv,
2398 3265 2429 3318 6
2451 3263 2492 3335 ).
2524 3264 2630 3319 Sed
2661 3277 2784 3321 ante
2827 3270 3270 3325 resurrectionem
3311 3288 3415 3325 non
3455 3276 3851 3343 agnoscebatur

2256 3370 2286 3409 a
2332 3356 2528 3426 populo
2571 3372 2699 3420 suo;
2728 3367 2782 3412 et
2836 3360 3066 3414 maxime
3119 3361 3404 3418 cruciﬁxus
3433 3380 3499 3418 ex
3533 3365 3849 3426 inﬁrmitate

2261 3443 2344 3517 (ll
2366 3443 2483 3500 Cor.
2517 3461 2634 3509 xm,
2663 3445 2732 3517 4)
2764 3448 2917 3502 latuit
2940 3450 3059 3518 quis
3085 3460 3258 3518 esset,
3285 3451 3456 3508 donec
3486 3453 3638 3509 fortis
3665 3473 3850 3512 resur-

2257 3535 2431 3604 gendo
2478 3547 2778 3606 appareret.
2827 3539 2940 3594 Non
2971 3541 3018 3594 ei
3063 3557 3193 3612 ergo
3218 3544 3493 3613 respondit
3519 3547 3763 3602 Ecclesia
3797 3551 3849 3604 in

2257 3628 2340 3682 via
2373 3627 2696 3683 inﬁrmitatis
2720 3672 2736 3696 ,
2761 3631 2855 3684 sed
2888 3632 2939 3685 in
2966 3634 3045 3686 via
3071 3634 3384 3702 fortitudinis
3411 3654 3552 3705 suae;
3573 3641 3694 3709 quia
3727 3650 3850 3709 post

2256 3720 2706 3777 resurrectionem
2739 3725 2950 3778 vocavit
2979 3725 3268 3782 Ecclesium
3299 3729 3368 3784 de
3413 3739 3522 3784 toto
3567 3731 3705 3786 orbe
3735 3742 3847 3787 ter-

2256 3826 2453 3877 rarum,
2481 3813 2590 3882 jam
2615 3828 2720 3868 non
2753 3814 2992 3870 iuﬁrnms
3014 3816 3064 3870 in
3090 3832 3272 3885 cruce,
3304 3819 3396 3874 sed
3427 3820 3577 3877 fortis
3607 3825 3659 3876 in
3683 3825 3844 3878 caelo.

2256 3903 2372 3959 Non
2401 3905 2542 3959 enim
2569 3906 2686 3962 laus
2717 3908 2840 3962 hdei
2870 3907 3293 3966 Christianorum
3325 3922 3434 3979 est,
3463 3916 3584 3984 quia
3615 3917 3848 3972 credunt

2257 4004 2523 4050 mortuum
2564 3997 2990 4063 Christum;sed
3042 4002 3164 4070 quia
3213 4003 3437 4058 credunt
3483 4008 3847 4062 rosuri-exisse

2256 4086 2544 4142 Christum.
2573 4089 2706 4144 Nam
2747 4101 3012 4146 mortuum
3040 4102 3093 4146 et
3131 4108 3363 4163 paganus
3391 4096 3598 4162 credit;
3639 4105 3698 4152 et
3741 4099 3846 4153 hoc

2259 4177 2352 4232 tibi
2376 4194 2472 4248 pro
2507 4181 2732 4235 crimine
2759 4182 2964 4250 objicit,
2998 4184 3118 4252 quia
3149 4185 3199 4237 in
3227 4194 3495 4240 mortuum
3541 4187 3843 4244 credidisti.

2257 4270 2386 4338 Quze
2415 4271 2574 4342 igitur
2597 4273 2712 4327 laus
2733 4273 2858 4326 tua?
2883 4275 3114 4330 Credere
3142 4278 3499 4332 resurrexisse
3529 4276 3808 4336 Christum
3828 4321 3844 4344 ,

2256 4372 2308 4416 et
2338 4377 2556 4431 sperare
2587 4374 2637 4418 te
2665 4372 3086 4419 resurrecturum
3118 4382 3236 4422 esse
3265 4384 3361 4437 per
3389 4367 3660 4423 Christum
3685 4387 3699 4422 :
3725 4369 3847 4425 haec

2257 4462 2338 4508 est
2361 4453 2474 4507 laus
2497 4454 2639 4509 ﬁdei.
2672 4454 2731 4510 Si
2758 4457 2890 4508 enim
2925 4457 3196 4511 credideris
3225 4459 3276 4510 in
3303 4459 3455 4512 corde
3480 4469 3564 4512 tuo
3589 4461 3710 4530 quia
3731 4459 3844 4513 Do-

2257 4545 2424 4596 minus
2451 4553 2520 4597 est
2553 4542 2705 4599 Jesus
2729 4585 2744 4612 ,
2785 4553 2829 4598 et
2867 4546 3123 4615 confessus
3153 4548 3308 4618 fueris
3347 4564 3432 4602 ore
3473 4557 3558 4602 tuo
3584 4549 3708 4618 quia
3730 4566 3846 4604 eum

2259 4635 2398 4690 Deus
2425 4638 2678 4690 suscitavit
2703 4654 2735 4690 ιι
2755 4640 2984 4703 mortuis,
3013 4642 3180 4694 salvus
3211 4641 3325 4695 eris.
3357 4641 3472 4696 Non
3500 4643 3572 4696 ait
3595 4683 3608 4705 ,
3637 4643 3692 4697 Si
3716 4659 3848 4698 con-

2255 4728 2431 4784 fessus
2461 4728 2623 4784 fueris
2655 4731 2775 4800 quia
2823 4730 2962 4785 Deus
3011 4746 3131 4786 eum
3183 4732 3399 4787 tradidit
3446 4733 3844 4798 occidendum;

2258 4819 2352 4874 sed
2376 4861 2392 4887 ,
2437 4821 2558 4890 quia
2585 4837 2700 4874 eum
2744 4821 2884 4875 Deus
2921 4822 3177 4876 suscitavit
3205 4840 3238 4876 α
3263 4824 3475 4879 mortuis
3501 4825 3546 4877 si
3583 4828 3847 4895 confessus

2259 4912 2436 4982 fueris,
2472 4923 2596 4969 tunc
2617 4915 2786 4968 salvus
2813 4916 2932 4970 eris.
2979 4913 3145 4972 Corde
3184 4917 3314 4970 enim
3343 4917 3563 4971 creditur
3589 4918 3655 4971 ad
3684 4918 3847 4989 justi-

2260 5007 2418 5071 tiam;
2461 5023 2548 5060 ore
2593 5017 2759 5062 autem
2806 5009 3054 5078 confessio
3092 5009 3152 5077 fit
3185 5008 3255 5061 ad
3296 5008 3511 5063 salutem
3541 5009 3740 5079 (Rom.
3776 5025 3807 5063 x
3829 5049 3843 5072 ,

2260 5097 2466 5169 9,10).
2515 5099 2690 5166 Quare
2739 5108 2915 5154 autem
2969 5099 3236 5154 credimus
3263 5108 3318 5155 et
3371 5099 3679 5155 mortuum?
3710 5100 3846 5168 Quia

2259 5191 2478 5246 credere
2509 5207 2628 5246 eum
2669 5193 3031 5246 resurrexisse
3071 5208 3174 5245 non
3216 5206 3535 5262 possumus,
3562 5193 3664 5247 nisi
3697 5193 3849 5262 prius

2259 5293 2527 5340 mortuum
2573 5285 2736 5340 fuisse
2763 5285 3063 5339 credamus.
3095 5285 3224 5350 Quis
3269 5286 3410 5340 enim
3438 5285 3708 5355 resurgit,
3743 5285 3847 5339 nisi

2259 5387 2501 5432 mortuus
2545 5378 2703 5432 fuerit
2731 5379 2754 5432 ?
2780 5379 2898 5446 quis
2945 5379 3364 5448 expergiscitur,
3395 5379 3494 5433 nisi
3528 5379 3674 5448 prius
3719 5377 3846 5452 dpor-

2259 5469 2478 5524 mierit?
2503 5468 2607 5524 Sed
2652 5469 2894 5539 numquid
2925 5469 3010 5540 qui
3039 5469 3222 5524 dormit
3243 5509 3261 5534 ,
3292 5487 3392 5524 non
3426 5469 3631 5540 adjiciat
3667 5478 3722 5521 ut
3761 5483 3844 5521 re-

2261 5569 2434 5632 surgat
2460 5560 2480 5632 (
2509 5559 2653 5614 Psal.
2683 5576 2770 5625 ιιι,
2797 5560 2878 5630 9)?
2902 5561 3026 5615 Haec
3047 5560 3178 5616 tides
3203 5569 3286 5616 est
3311 5560 3754 5616 Christianorum.
3784 5558 3843 5612 In

2326 5695 2341 5726 ί
2377 5696 2451 5743 sic
2473 5695 2703 5744 meliores
2724 5702 2831 5743 Mss.
2860 5695 2970 5746 add.
2993 5707 3127 5755 vero,
3153 5693 3249 5745 nisi
3263 5693 3531 5744 tumultum.

2329 5758 2349 5789 ²
2383 5762 2542 5818 Forte,
2563 5755 2853 5808 muneribus.
