4056 6482
245 393 272 448 1
281 389 392 450 309

253 509 360 566 hac
387 525 514 580 ergo
541 509 663 572 ﬁde,
693 523 792 576 qua
825 515 1140 575 congregata
1179 511 1260 558 est
1287 503 1522 558 Ecclesia
1551 545 1564 571 ,
1591 504 1738 558 multi
1763 503 1837 557 illi

247 605 346 674 ﬁﬁi
387 607 614 666 desertae,
639 602 799 670 magis
837 616 988 670 quam
1032 599 1142 668 ejus
1198 613 1310 667 qua:
1355 597 1498 650 liabet
1537 601 1730 662 virum;
1762 615 1842 651 re-

245 695 454 763 spondit
481 695 526 746 ei
543 735 558 758 ,
588 691 720 746 dixit
753 691 802 745 ei
833 689 1039 744 laudem
1067 689 1354 742 secundum
1387 689 1504 756 ejus
1535 697 1795 758 prmccpta
1823 705 1837 754 ;

239 785 298 839 in
331 789 412 840 eia
451 784 764 858 fortitudinis
790 784 898 854 ejus
923 825 937 849 ,
985 798 1089 835 non
1135 781 1186 835 in
1229 782 1310 835 via
1347 781 1671 834 inﬁrmitatis
1701 781 1836 850 ejus.

317 879 374 934 8.
414 877 696 945 Quomodo
743 876 792 929 ei
847 874 1352 944 responderit,jam
1397 888 1556 944 supra
1588 873 1833 928 audistis:

245 969 313 1024 In
345 969 688 1024 conveniendo
720 967 938 1036 populos
961 967 1014 1019 in
1035 981 1190 1019 unum
1221 1008 1235 1032 ,
1265 973 1310 1019 et
1339 981 1517 1036 regna,
1545 973 1600 1017 ut
1623 965 1840 1018 serviant

247 1061 494 1117 Domino.
526 1061 585 1116 In
615 1061 716 1116 hoc
760 1061 806 1115 ei
847 1075 975 1128 ergo
1005 1059 1278 1130 reSpondit
1307 1099 1322 1125 ,
1373 1057 1425 1112 in
1478 1059 1676 1112 unitate
1709 1075 1720 1110 :
1749 1058 1838 1128 qui

245 1165 426 1207 autem
455 1169 562 1207 non
587 1163 670 1208 est
695 1153 747 1206 in
776 1152 996 1216 unitate,
1029 1167 1134 1204 non
1166 1151 1214 1204 ei
1243 1149 1548 1218 respondet.
1581 1149 1674 1204 llle
1693 1151 1837 1205 enim

243 1257 386 1297 unus
415 1253 502 1296 est
527 1285 544 1311 ,
575 1243 808 1297 Ecclesia
853 1243 1028 1296 unitas
1061 1259 1074 1297 :
1119 1256 1224 1294 non
1255 1241 1544 1309 respondet
1569 1241 1656 1294 uni
1687 1283 1701 1306 ,
1730 1240 1834 1294 nisi

246 1333 447 1388 unitas.
475 1333 580 1389 Sed
607 1334 842 1387 existunt
863 1333 948 1403 qui
971 1333 1168 1386 dicant.
1210 1331 1325 1386 Jam
1355 1334 1456 1386 hoc
1481 1331 1678 1385 factum
1710 1339 1791 1386 est
1819 1347 1834 1398 ;

245 1423 529 1492 respondit
571 1423 621 1476 ei
653 1423 704 1476 in
743 1423 990 1476 omnibus
1017 1421 1264 1492 gentibus
1303 1421 1540 1476 Ecclesia
1567 1465 1582 1484 ,
1623 1421 1838 1490 pariens

247 1513 386 1566 tilias
413 1513 598 1582 plures
624 1527 780 1582 quam
815 1513 902 1566 illa
929 1528 1048 1582 quze
1076 1511 1304 1566 habebat
1333 1512 1506 1566 virum
1537 1553 1552 1578 ,
1577 1513 1838 1583 respondit

245 1603 296 1654 in
331 1603 414 1656 eia
447 1603 760 1673 fortitudinis
781 1603 921 1673 ejus;
943 1602 1169 1658 credidit
1193 1602 1334 1657 enim
1361 1601 1632 1656 Christum
1657 1615 1838 1656 resur-

245 1692 454 1745 rexisse
479 1732 492 1756 ,
525 1691 866 1746 crediderunt
895 1692 947 1748 in
986 1707 1106 1746 eum
1143 1707 1330 1746 omnes
1355 1699 1540 1761 gentes
1583 1709 1594 1744 :
1628 1691 1720 1746 sed
1747 1691 1834 1746 illa

245 1782 490 1836 Ecclesia
517 1799 636 1852 quae
661 1783 759 1836 fuit
787 1783 1024 1836 omnium
1045 1784 1301 1852 gentium,
1321 1783 1430 1852 jam
1453 1799 1556 1838 non
1579 1792 1660 1838 est
1681 1801 1693 1848 ;
1715 1799 1836 1852 pcr-

245 1873 326 1928 iil.
361 1873 476 1927 lloc
531 1873 712 1928 dicunt
737 1877 826 1944 qui
851 1873 904 1928 in
935 1873 1025 1928 illa
1069 1889 1174 1928 non
1204 1883 1347 1930 sunt.
1389 1875 1434 1929 Ο
1473 1875 1832 1944 impudentem

242 1967 468 2019 vocem!
501 1965 590 2020 Illa
619 1981 726 2020 non
752 1973 853 2033 est,
884 1967 1005 2036 quia
1035 1975 1088 2020 tu
1117 1968 1170 2022 in
1201 1965 1285 2022 illa
1314 1981 1419 2022 non
1451 1969 1576 2023 est?
1603 1968 1736 2023 Vide
1765 1983 1835 2024 ne

243 2069 300 2112 tu
335 2059 458 2114 ideo
485 2076 590 2114 non
619 2061 726 2125 sis;
753 2075 874 2113 nam
901 2059 989 2113 illa
1025 2059 1146 2124 erit,
1197 2061 1296 2114 etsi
1345 2069 1398 2114 tu
1426 2075 1530 2116 non
1561 2061 1654 2115 sis.
1685 2061 1836 2116 Hanc

243 2163 438 2204 vocem
465 2149 890 2216 abominabilem,
909 2149 1300 2216 detestabilem,
1333 2153 1766 2222 prmsumptionis
1780 2162 1836 2208 et

243 2241 494 2298 falsitatis
525 2243 756 2312 plenam,
805 2245 950 2298 nulla
988 2245 1212 2300 veritate
1235 2245 1503 2301 suffultam
1527 2288 1540 2312 ,
1577 2247 1719 2301 nulla
1749 2263 1836 2303 sa-

245 2335 448 2404 pientia
481 2335 830 2390 illuminatam
851 2377 866 2402 ,
911 2337 1058 2391 nullo
1107 2338 1218 2392 sale
1262 2337 1529 2392 conditam
1553 2381 1568 2404 ,
1593 2353 1780 2392 vanam
1814 2380 1830 2404 ,

245 2429 612 2496 temerariam,
645 2429 993 2498 praecipitem,
1025 2429 1377 2499 perniciosam
1397 2472 1412 2496 ,
1445 2431 1689 2499 prawidit
1709 2430 1832 2501 Spi—

245 2517 382 2578 ritus
413 2519 514 2574 Dei
544 2562 558 2584 ,
607 2529 661 2574 et
693 2529 940 2591 tanquam
967 2531 1150 2576 contra
1184 2523 1302 2576 illos
1342 2537 1462 2576 cum
1493 2524 1833 2578 annuntiaret

243 2611 504 2666 unitatem
536 2629 550 2664 :
581 2611 652 2666 In
706 2615 1047 2668 convenientia
1109 2615 1324 2686 papulas
1363 2617 1416 2670 in
1442 2633 1596 2670 unum
1617 2657 1632 2683 ,
1665 2627 1712 2670 et
1751 2634 1832 2672 re-

239 2718 377 2771 gna,
407 2713 464 2756 ut
499 2705 716 2758 serviant
759 2705 998 2760 Domino.
1046 2706 1284 2777 Cumque
1332 2707 1834 2776 subdidisset,-Re-

241 2795 452 2863 spondit
473 2797 548 2862 ei,
581 2795 761 2867 utique
792 2797 907 2852 laus
932 2799 1080 2869 ejus,
1117 2801 1298 2870 utique
1336 2799 1630 2856 Jerusalem
1659 2813 1834 2875 mater

239 2895 426 2942 nostra
487 2888 555 2942 de
613 2887 1036 2960 peregrinatione
1091 2893 1428 2959 revocanda,
1479 2893 1646 2949 fetosa
1707 2911 1827 2951 cum

241 2979 427 3032 multis
457 2978 617 3043 (iliis,
659 2981 827 3049 magis
871 2996 1030 3052 quam
1077 2997 1138 3036 ea
1187 2998 1304 3052 qua:
1335 2983 1566 3039 habebat
1616 2985 1826 3052 virum;

239 3071 498 3138 quoniam
530 3071 744 3140 quidam
788 3073 980 3128 dicturi
1010 3083 1161 3128 erant
1194 3083 1376 3129 contra
1403 3117 1417 3140 ,
1449 3075 1607 3142 Fuit,
1639 3085 1692 3131 et
1722 3094 1826 3132 non

237 3167 326 3214 est
355 3175 372 3212 :
407 3159 748 3231 Exiguitatem
769 3203 785 3230 ,
817 3161 1022 3234 inquit,
1061 3165 1259 3218 dierum
1305 3183 1529 3220 meorum
1582 3170 1828 3223 annuntio

237 3251 386 3305 milii.
419 3253 555 3319 Quid
581 3264 664 3308 est
691 3295 710 3320 ,
739 3255 880 3328 quod
924 3255 1104 3310 nescio
1131 3257 1222 3326 qui
1261 3257 1574 3312 recedentes
1619 3273 1649 3313 a
1699 3275 1784 3315 me
1807 3303 1824 3328 ,

237 3357 574 3401 murmurant
597 3355 782 3402 contra
808 3349 932 3402 me?
951 3347 1076 3418 quid
1097 3357 1197 3414 est,
1213 3349 1352 3418 quod
1373 3350 1560 3419 perditi
1589 3365 1672 3406 me
1697 3367 1818 3421 per-

239 3435 348 3490 isse
369 3437 752 3492 contendunt?
779 3437 936 3494 Certe
960 3440 1100 3494 enim
1125 3440 1226 3494 hoc
1245 3440 1447 3508 dicunt,
1477 3442 1599 3511 quia
1627 3442 1699 3496 fui
1729 3483 1744 3508 ,
1773 3451 1827 3498 et

239 3541 346 3580 non
373 3541 494 3582 sum
526 3546 540 3582 :
563 3527 824 3583 Annuntia
851 3531 977 3583 mihi
1011 3532 1332 3601 exiguitatem
1359 3533 1554 3586 dierum
1579 3549 1822 3588 meorum.

237 3618 354 3674 Non
379 3635 412 3674 a
439 3629 492 3676 te
517 3635 699 3691 quer
728 3621 848 3676 illos
873 3622 988 3676 dies
1014 3632 1278 3678 aeternos:
1306 3623 1379 3678 illi
1405 3624 1523 3680 sine
1552 3625 1656 3681 line
1677 3635 1822 3694 sunt,

239 3711 328 3767 ubi
357 3727 489 3778 ero;
519 3729 622 3766 non
651 3714 795 3784 ipsos
822 3729 1004 3784 quaaro
1029 3729 1044 3767 :
1079 3715 1398 3785 temporales
1427 3731 1608 3786 quer
1635 3757 1649 3782 ,
1694 3725 1826 3770 tem-

239 3806 454 3874 porales
509 3805 622 3861 dies
677 3806 809 3860 mibi
863 3805 1114 3860 annuntio
1165 3824 1180 3862 :
1233 3805 1574 3877 Exiguitatem
1631 3807 1826 3861 dierum

237 3911 470 3949 meorum
491 3939 508 3962 ,
536 3911 640 3950 non
669 3897 1020 3952 :elernitatem
1051 3895 1257 3951 dierum
1287 3912 1548 3961 meorum,
1578 3900 1826 3952 annuntitt

237 3987 386 4040 mihi.
423 3987 686 4056 Quamdiu
723 4003 817 4042 ero
857 3988 908 4042 in
950 3988 1052 4042 isto
1094 3989 1329 4056 saeculo,
1369 3988 1621 4042 annuntia
1670 3989 1820 4043 mihi.

238 4087 464 4148 propter
487 4079 608 4132 illos
629 4079 716 4148 qui
742 4078 948 4144 dicunt,
970 4078 1110 4144 Fuit,
1137 4087 1190 4132 et
1205 4078 1313 4148 jam
1337 4093 1442 4132 non
1468 4085 1550 4134 est
1574 4095 1586 4131 :
1611 4087 1828 4148 propter

239 4169 362 4222 illus
389 4169 480 4239 qui
527 4169 726 4236 dicunt,
755 4169 990 4240 Impietas
1010 4179 1134 4224 sunt
1157 4169 1464 4240 Scriptum,
1487 4170 1829 4226 crediderunt

237 4275 432 4316 omnes
457 4271 682 4332 gentes,
724 4263 818 4318 sed
865 4263 1184 4332 apostatavit
1212 4271 1265 4318 et
1305 4265 1460 4333 periit
1499 4265 1734 4320 Ecclesia
1759 4265 1828 4321 de

237 4351 494 4407 omnibus
523 4353 787 4424 gentibus.
811 4353 948 4421 Quid
979 4364 1060 4408 est
1089 4355 1189 4409 hoc
1215 4397 1229 4422 ,
1267 4355 1604 4426 Exiguitatem
1632 4357 1828 4411 dierum

235 4457 472 4496 meorum
493 4445 740 4498 annuntia
767 4447 890 4499 mihi
911 4446 936 4499 ?
955 4447 1021 4500 Et
1044 4448 1376 4502 annuntiavit
1399 4490 1413 4514 ,
1442 4463 1540 4504 nec
1577 4451 1784 4504 vacavit
1809 4451 1826 4481 ί

239 4533 344 4587 ista
383 4549 505 4588 vox.
535 4534 666 4604 Quis
691 4527 1021 4590 annuntiavit
1062 4537 1188 4591 mihi
1213 4580 1228 4604 ,
1255 4539 1354 4592 nisi
1384 4538 1497 4608 ipsa
1525 4539 1652 4593 via?
1682 4539 1827 4608 Quo-

238 4625 406 4680 modo
443 4627 780 4682 annuntiavit
805 4628 830 4680 ?
861 4627 994 4681 Ecce
1034 4645 1123 4699 ego
1162 4628 1412 4683 uobiscum
1437 4647 1550 4684 sum
1583 4647 1737 4695 usque
1775 4633 1829 4686 in

236 4720 724 4774 consummationem
749 4719 920 4773 sa'cnli
949 4717 1169 4792 (Matth.
1202 4736 1386 4785 xxvm,
1417 4719 1544 4794 ΞΟ).

315 4812 372 4867 9.
401 4812 508 4868 Sed
554 4813 641 4868 hic
682 4816 954 4881 existunt,
1001 4825 1054 4870 et
1091 4815 1320 4870 dicunt:
1369 4814 1638 4870 Vobiscum
1686 4833 1818 4884 sum,

239 4905 458 4974 inquit,
503 4921 660 4972 usque
700 4905 753 4958 in
796 4899 1284 4959 consummationem
1311 4907 1484 4960 διεσαιὶ
1507 4921 1526 4970 ;
1567 4907 1688 4975 quia
1732 4922 1831 4961 nos

237 4995 592 5066 prmvidebat,
638 4997 758 5066 quia
793 5011 914 5068 pars
951 4998 1141 5052 Donati
1164 4997 1264 5052 erit
1288 4997 1340 5052 in
1371 5009 1531 5052 terra.
1565 4997 1829 5068 Numquid

235 5089 356 5158 ipsa
390 5098 472 5144 est
501 5105 620 5159 qua:
646 5089 813 5157 dixit,
859 5089 1202 5161 Exiguitatem
1239 5091 1434 5145 dierum
1473 5107 1696 5145 meorum
1732 5109 1830 5148 an-

237 5183 422 5236 nuntio
460 5183 622 5250 mihi;
661 5198 724 5239 ac
759 5200 865 5239 non
907 5185 992 5239 illa
1025 5187 1200 5256 potius
1228 5203 1346 5256 qua:
1373 5189 1618 5258 superius
1641 5189 1829 5258 loque-

237 5273 436 5340 batur,
477 5273 544 5328 In
565 5276 904 5330 conveniendo
933 5281 1146 5348 populos
1169 5279 1222 5330 in
1251 5295 1444 5344 unum,
1481 5287 1530 5332 et
1557 5294 1711 5348 regna
1732 5320 1746 5344 ,
1777 5287 1831 5332 ut

233 5363 458 5417 serviant
503 5363 766 5419 Domino?
815 5367 963 5422 Unde
1001 5368 1154 5422 vobis
1185 5371 1205 5400 ⁸
1233 5383 1328 5423 eor
1367 5367 1549 5424 dolet?
1601 5369 1734 5436 Quia
1779 5379 1831 5426 et

235 5453 600 5523 imperatores
647 5467 832 5511 contra
875 5456 1157 5513 lnereticos
1203 5459 1344 5528 leges
1379 5469 1722 5530 pr0ponunt:
1757 5461 1830 5515 ibi

235 5545 520 5617 impletum
545 5555 646 5614 est,
676 5547 751 5601 ΕΙ·
765 5565 940 5620 regna,
967 5559 1024 5602 ut
1039 5551 1257 5604 serviant
1277 5551 1514 5606 Domino.
1545 5551 1661 5607 Non
1688 5552 1828 5608 enim

303 5697 324 5770 ξ
359 5697 494 5770 ξρίξη
513 5711 666 5770 vacua
686 5699 796 5770 fuit.
817 5707 918 5751 Duo
942 5711 1066 5762 3:53.,
1091 5702 1258 5770 tacuit.
1280 5704 1486 5770 geliqui,
1511 5707 1713 5758 vacarit.

303 5760 326 5790 ³
359 5759 492 5820 add,
515 5760 665 5812 nobis.
686 5759 860 5811 'tuelius
877 5770 1005 5822 1153.,
1031 5759 1155 5816 vobis
1183 5778 1201 5817 :
1225 5759 1701 5820 scilicet'DMatistis.
1719 5779 1758 5808 ’ἢ
1781 5776 1836 5809 ην

235 5825 317 5872 u‘a
339 5833 460 5880 quos
485 5823 626 5886 leges
647 5823 772 5874 datze
798 5833 910 5876 sunt
933 5839 1012 5876 an.
1047 5825 1130 5876 103
1221 5833 1224 5838 ’

1581 6000 1608 6015 θ’

1405 385 1804 444 ENARRATIO
1843 343 1908 440 tu
1948 381 2398 453 psALunMICI.

3397 395 3536 458 {310

1953 521 2051 562 vos
2081 507 2172 562 lilii
2197 507 2326 563 estis
2367 507 2580 562 illorum
2627 505 3060 563 mortificatorum
3087 551 3102 576 ,
3157 525 3382 580 quorum
3424 531 3532 570 vox

1949 599 2370 669 compeditorum
2413 598 2660 654 exaudita
2709 607 2793 654 est
2830 615 2860 654 a
2901 601 3144 655 Domino.
3199 603 3392 657 Absit:
3423 621 3530 659 non

1950 689 2050 745 boc
2093 691 2332 744 indicant
2371 689 2506 744 facta
2543 699 2718 745 vestra
2745 733 2759 758 ,
2789 707 2895 746 non
2935 691 3036 746 hoc
3062 691 3260 748 indicat
3285 695 3535 764 superbia

1949 791 2144 848 vestra,
2173 797 2276 836 non
2303 782 2401 836 hoc
2423 783 2616 837 indicat
2639 785 2843 838 vanitas
2871 793 3042 839 vestra
3075 803 3088 839 :
3117 801 3222 840 non
3249 787 3453 856 sapitis,
3480 797 3536 844 et

1947 874 2076 928 foris
2103 875 2258 938 estis;
2305 875 2382 928 sal
2415 875 2725 929 infatuatum
2757 877 2886 930 estis
2909 919 2924 944 ,
2969 877 3090 932 ideo
3117 887 3170 932 et
3207 879 3274 933 ab
3301 879 3535 936 homini-

1946 965 2046 1019 bus
2093 967 2476 1020 conculcamini
2517 965 2729 1036 (Matth.
2759 983 2812 1032 v,
2849 965 2957 1040 l5).
2988 969 3181 1024 Audite
3195 969 3320 1039 quid
3345 969 3484 1024 dicat
3515 987 3531 1028 :

1946 1073 2064 1126 quae
2111 1057 2389 1116 Ecclesia?
2437 1059 2566 1125 Qua:
2613 1060 2956 1129 congregavit
3001 1059 3216 1134 populos
3249 1063 3304 1116 in
3345 1078 3528 1116 unum.

1945 1148 2072 1214 Qua:
2101 1149 2375 1204 Ecclesia?
2425 1151 2554 1218 Qua:
2594 1153 2936 1220 congregavit
2976 1171 3166 1223 regna,
3215 1164 3268 1208 ut
3312 1156 3530 1210 serviant

1949 1235 2186 1291 Domino.
2241 1239 2378 1293 Mota
2409 1239 2630 1294 vocibus
2674 1243 2866 1296 vestris
2902 1251 2955 1296 et
3006 1243 3150 1298 falsis
3190 1245 3529 1314 opinionibus

1945 1329 2170 1394 vestris,
2211 1330 2402 1398 quaerit
2428 1345 2458 1384 a
2487 1331 2597 1384 Deo
2625 1339 2681 1384 ut
2705 1331 3044 1401 exiguitatem
3074 1333 3278 1388 dierum
3307 1350 3526 1390 suorum

1943 1421 2221 1476 annuntiet
2263 1423 2403 1490 sibi,
2451 1435 2503 1478 et
2553 1425 2758 1482 invenit
2791 1425 3070 1482 Dominum
3119 1427 3360 1484 dixisse:
3397 1429 3528 1485 Ecce

1943 1529 2032 1584 ego
2057 1513 2308 1568 vobiscum
2328 1531 2440 1568 sum
2460 1533 2616 1586 usque
2635 1518 2686 1570 in
2708 1519 3188 1574 consummationem
3207 1521 3398 1574 steculi.
3427 1521 3527 1578 Hic

1942 1621 2037 1660 vos
2072 1605 2247 1660 dicitis
2273 1625 2285 1659 :
2315 1607 2388 1662 De
2433 1608 2586 1663 nobis
2612 1609 2782 1676 dixit;
2825 1625 2920 1664 nos
2951 1625 3132 1666 sumus
3153 1652 3167 1676 ,
3197 1627 3296 1667 nos
3323 1614 3524 1668 erimus

1943 1711 2108 1767 usque
2139 1699 2191 1752 in
2228 1701 2741 1756 consummationem
2769 1701 2972 1756 saeculi.
3027 1703 3386 1774 lnterrogetur
3413 1705 3526 1774 ipse

1941 1788 2206 1856 Christus,
2239 1792 2322 1844 cui
2349 1791 2545 1844 dictum
2574 1801 2674 1856 est,
2705 1811 2724 1842 ι
2763 1792 3123 1862 Exiguitatem
3146 1793 3352 1849 dierum
3377 1810 3523 1850 meo-

1941 1895 2057 1932 rum
2093 1883 2344 1934 annuntia
2373 1881 2522 1935 mihi.
2559 1883 2624 1936 Et
2653 1884 3043 1954 praedicabitur,
3085 1905 3103 1937 ι
3138 1885 3326 1956 inquit,
3366 1905 3384 1937 ‹
3423 1886 3527 1942 hoc

1941 1971 2287 2041 Evangelium
2316 1973 2369 2027 in
2401 1975 2648 2029 universo
2673 1977 2802 2030 orbe
2823 2019 2836 2044 ,
2875 1977 2924 2030 in
2961 1978 3319 2032 testimonium
3351 1979 3525 2034 omni-

1941 2062 2038 2116 bus
2063 2063 2344 2132 gentibus;
2391 2075 2445 2120 et
2488 2074 2617 2122 tunc
2656 2069 2833 2124 veniet
2865 2069 2984 2125 linis
3023 2090 3041 2122 ι
3076 2069 3185 2142 (Id.
3219 2087 3380 2136 xxrv,
3409 2071 3521 2144 14).

1939 2153 2076 2220 Quid
2104 2161 2184 2208 est
2214 2153 2355 2223 quod
2382 2155 2597 2211 dicebas
2634 2176 2646 2212 :
2678 2155 2788 2212 lloc
2815 2170 2959 2214 certe
2988 2159 3084 2214 fuit
3111 2173 3163 2215 et
3193 2163 3385 2230 periit?
3413 2163 3520 2218 Do-

1939 2245 2143 2298 minum
2171 2245 2293 2298 audi
2322 2247 2726 2302 annuutiantem
2754 2249 3099 2318 exiguitatem
3133 2251 3336 2306 dierum
3369 2269 3521 2307 meo-

1939 2351 2078 2389 rum.
2111 2335 2480 2390 Prtt’dicabitnr
2500 2380 2514 2404 ,
2547 2339 2744 2408 inquit,
2779 2339 2872 2392 hoc
2897 2337 3250 2410 Evangelium.
3282 2341 3422 2396 Ubi?
3451 2339 3522 2400 In

1939 2435 2040 2482 toto
2065 2428 2183 2482 orbe
2209 2438 2480 2483 terrarum.
2522 2430 2763 2498 Quibus?
2807 2429 2876 2484 In
2915 2433 3250 2486 testimonium
3285 2434 3516 2490 onmibns

1935 2520 2181 2590 gentibus.
2211 2519 2345 2588 Quid
2377 2522 2600 2591 postea?
2633 2521 2701 2575 Et
2735 2529 2852 2576 tunc
2873 2525 3031 2578 veniet
3059 2525 3197 2595 ﬁnis.
3229 2525 3342 2580 Non
3365 2526 3516 2582 vides

1937 2608 2109 2665 adhuc
2136 2627 2255 2666 esse
2277 2623 2462 2682 gentes
2492 2613 2545 2666 in
2578 2613 2769 2683 quibus
2799 2614 3034 2668 nondum
3064 2624 3146 2670 est
3172 2617 3516 2686 przedieatum

1937 2702 2324 2772 Evangelium?
2354 2703 2486 2758 Cum
2512 2719 2641 2774 ergo
2667 2719 2888 2760 necesse
2915 2707 2984 2759 sit
3015 2707 3218 2774 impleri
3243 2708 3386 2777 quod
3415 2709 3521 2762 Do-

1897 2803 1906 2810 '
1935 2793 2110 2848 minus
2136 2793 2292 2858 dixit,
2326 2795 2667 2864 exiguitatem
2698 2795 2903 2850 dierum
2928 2812 3170 2852 meorum
3197 2799 3518 2854 annuntians

1933 2887 2210 2954 Ecclesia},
2241 2897 2298 2943 ut
2327 2889 2651 2959 praedicetur
2677 2889 2778 2946 hoc
2803 2891 3154 2962 Evangelium
3185 2893 3238 2948 in
3268 2895 3518 2950 omnibus

1932 2978 2198 3046 gentibus,
2227 2987 2283 3032 et
2311 2989 2436 3034 tunc
2459 2980 2636 3034 veniat
2659 2981 2809 3044 ﬁnis;
2842 2983 2966 3052 quid
2995 2991 3076 3037 est
3096 2983 3235 3054 quod
3261 2984 3518 3056 dicisjam

1931 3069 2138 3138 perisse
2175 3069 2470 3150 Ecclesiam
2496 3070 2564 3126 de
2601 3071 2849 3127 omnibus
2875 3074 3122 3142 gentibus
3147 3116 3162 3140 ,
3205 3075 3417 3146 quando
3447 3077 3516 3132 ad

1933 3159 2035 3215 hoc
2067 3159 2389 3229 prmdicatur
2417 3162 2760 3232 Evangelium
2783 3206 2796 3230 ,
2829 3173 2886 3218 ut
2910 3167 3080 3235 possit
3109 3181 3227 3221 esse.
3259 3169 3309 3222 in
3342 3169 3517 3224 omni-

1931 3247 2030 3304 bus
2053 3251 2338 3319 gentibus?
2365 3253 2506 3323 Ergo
2535 3269 2702 3322 usque
2726 3255 2777 3308 in
2805 3253 2964 3310 ﬁnem
2987 3255 3168 3312 sarculi
3195 3259 3432 3314 Ecclesia
3457 3259 3516 3314 in

1929 3341 2178 3394 omnibus
2207 3341 2490 3410 gentibus;
2523 3351 2578 3398 et
2603 3343 2716 3414 ipsa
2745 3355 2825 3400 est
2845 3347 3106 3418 exiguitas
3133 3349 3358 3416 dierum,
3385 3351 3510 3420 quia

1930 3431 2176 3500 exiguum
2213 3439 2294 3486 est
2321 3447 2482 3488 omne
2516 3434 2658 3504 quod
2685 3435 2892 3500 linitur;
2941 3447 2997 3492 ut
3021 3438 3130 3507 jam
3158 3439 3210 3494 in
3241 3439 3512 3494 aeternita-

1930 3529 2036 3575 tem
2063 3521 2130 3574 ab
2157 3521 2256 3575 ista
2282 3523 2568 3594 exiguitate
2599 3533 2922 3582 transeatur.
2979 3527 3208 3584 Pereant
3247 3531 3510 3596 haeretici,

1929 3621 2150 3682 pereant
2177 3613 2318 3683 quod
2359 3623 2516 3682 sunt,
2563 3625 2615 3670 et
2644 3617 2982 3672 inveniantur
3013 3629 3070 3672 ut
3099 3620 3207 3673 sint
3231 3619 3371 3690 quod
3402 3637 3508 3676 non

1929 3713 2072 3758 sunt.
2108 3705 2379 3775 Exiguitas
2408 3707 2614 3761 dierum
2647 3725 2812 3779 usque
2855 3711 2908 3764 in
2951 3709 3106 3765 finem
3147 3713 3330 3767 saeculi
3374 3714 3510 3768 erit:

1929 3794 2189 3863 exiguitas
2214 3795 2368 3864 ideo,
2400 3798 2522 3866 quia
2554 3809 2722 3852 totum
2753 3801 2852 3854 hoc
2887 3811 3126 3870 tempus,
3160 3817 3264 3856 non
3297 3803 3418 3858 dico
3444 3805 3514 3859 ab

1929 3883 2190 3940 hodierno
2217 3887 2302 3941 die
2341 3903 2511 3958 usque
2553 3889 2608 3943 in
2645 3889 2802 3946 linem
2848 3891 3026 3946 smculi
3059 3934 3072 3958 ,
3123 3891 3217 3948 sed
3248 3893 3313 3948 ab
3337 3893 3509 3948 Adam

1931 3991 2098 4046 usque
2137 3977 2190 4031 in
2233 3977 2394 4033 linem
2425 3979 2608 4034 smculi
2633 4022 2648 4048 ,
2693 3983 2884 4054 exigua
2911 3993 3058 4054 gutta
3089 3993 3172 4038 est
3199 3993 3512 4056 comparata

1929 4061 2230 4122 mteruitati.

2005 4159 2092 4214 l0.
2125 4159 2272 4234 [vers.
2300 4161 2418 4236 25.]
2443 4162 2557 4218 Non
2581 4180 2706 4235 ergo
2735 4165 3072 4222 blandiantur
3098 4168 3198 4224 sibi
3219 4179 3404 4232 contra
3427 4185 3517 4228 mo

1932 4249 2192 4319 lueretici,
2223 4254 2342 4322 quia
2362 4253 2490 4321 dixi,
2517 4253 2855 4327 Eaiguitatem
2882 4259 3074 4312 dierum
3093 4277 3338 4330 meorum,
3363 4263 3522 4332 quasi

1933 4360 2040 4398 non
2073 4361 2474 4414 permansuram
2503 4363 2668 4418 usque
2695 4349 2749 4402 in
2777 4350 2934 4404 linem
2963 4353 3164 4406 suaculi.
3197 4351 3332 4419 Quid
3366 4355 3516 4410 enim

1933 4435 2175 4490 addidit?
2205 4435 2289 4490 Ne
2325 4455 2520 4492 revoces
2557 4457 2636 4493 me
2669 4441 2722 4493 in
2759 4441 3024 4496 dimidium
3054 4443 3248 4498 dierum
3271 4462 3523 4500 meorum.

1933 4527 2071 4594 Noli,
2105 4529 2371 4600 quomodo
2395 4530 2632 4586 haeretici
2663 4534 2967 4604 loquuntur,
2997 4536 3074 4591 sic
3102 4552 3311 4592 mecum
3335 4554 3516 4610 agere.

1937 4618 2114 4690 Usque
2147 4619 2198 4674 in
2227 4620 2385 4676 linem
2417 4622 2600 4678 saeculi
2637 4640 2723 4678 me
2753 4625 2983 4694 perduc,
3017 4643 3122 4682 non
3157 4627 3208 4682 in
3239 4628 3522 4686 dimidium

1934 4712 2140 4768 dierum
2187 4729 2464 4780 meorum;
2514 4726 2569 4770 et
2613 4719 2806 4786 perlice
2849 4718 2978 4773 mihi
3020 4719 3135 4775 dies
3178 4721 3428 4790 exiguos,
3458 4731 3520 4778 ut

1935 4803 2102 4859 dones
2129 4805 2259 4859 mihi
2291 4817 2472 4874 postea
2501 4806 2614 4862 dies
2652 4818 2906 4864 mternos.
2949 4809 3125 4878 Quare
3155 4827 3282 4882 ergo
3308 4812 3376 4867 de
3401 4814 3520 4890 exi-

1934 4895 2134 4966 guitate
2177 4895 2383 4951 dierum
2424 4900 2734 4967 requisisti?
2776 4901 2994 4968 Quare?
3041 4903 3134 4959 Vis
3178 4905 3406 4958 audire?
3449 4903 3520 4958 In

1935 4987 2251 5056 generatione
2281 4990 2660 5058 generationum
2678 4991 2799 5045 anni
2827 4994 2918 5046 tui.
2953 4993 3078 5049 Ideo
3107 5011 3205 5066 ego
3235 4995 3302 5050 de
3330 4995 3520 5051 diebus

1937 5077 2138 5148 exiguis
2163 5079 2408 5148 quaesivi,
2442 5082 2561 5150 quia
2589 5083 2716 5138 licet
2749 5099 2914 5156 usque
2942 5085 2996 5140 in
3025 5086 3183 5142 ﬁnem
3211 5088 3390 5142 saeculi
3418 5087 3521 5142 du-

1938 5179 2059 5224 rent
2106 5186 2314 5226 mecum
2353 5171 2440 5226 isti
2469 5173 2584 5228 dies
2607 5215 2621 5240 ,
2671 5175 2846 5248 exigui
2877 5186 3001 5234 sunt
3029 5178 3086 5232 in
3121 5177 3523 5248 comparatione

1937 5261 2145 5318 dierum
2178 5274 2386 5319 tuorum
2413 5284 2426 5319 :
2457 5267 2592 5320 Anni
2612 5269 2754 5322 enim
2785 5270 2856 5322 tui
2879 5269 2932 5322 in
2963 5270 3282 5340 generatione
3305 5286 3522 5340 genera-

1937 5358 2149 5414 tionum.
2179 5357 2353 5426 Quare
2375 5375 2479 5415 non
2497 5361 2589 5428 ait,
2615 5363 2846 5417 Annitui
2877 5363 2934 5417 in
2953 5363 3144 5418 smcula
3170 5363 3518 5428 surculorum;

1938 5451 2017 5506 sic
2051 5451 2192 5506 enim
2225 5453 2392 5523 magis
2423 5454 2560 5510 solet
2589 5457 2857 5510 :eternitas
2902 5453 3190 5524 signiﬁcari
3231 5453 3285 5509 in
3323 5455 3524 5510 sanctis

1939 5541 2226 5612 Scripturis
2255 5560 2269 5596 :
2299 5544 2392 5598 sed
2419 5545 2520 5608 ait,
2549 5543 2616 5598 In
2651 5546 2967 5616 generatione
2994 5547 3370 5618 generationum
3397 5547 3522 5600 anni

1939 5637 2054 5690 tui?
2091 5635 2188 5692 sed
2220 5637 2308 5706 qui
2340 5638 2461 5691 anni
2504 5637 2622 5692 tui?
2665 5637 2797 5705 Qui,
2839 5638 2939 5692 nisi
2967 5638 3056 5708 qui
3083 5655 3188 5692 non
3219 5637 3438 5694 veniunt
3467 5650 3520 5694 et

1939 5731 2251 5786 transeunt?
2277 5731 2390 5800 qui,
2415 5731 2516 5785 nisi
2537 5733 2622 5800 qui
2647 5747 2750 5786 non
2773 5729 2894 5788 ideo
2915 5733 3153 5802 veniunt,
3173 5741 3230 5788 ut
3255 5747 3361 5788 non
3379 5731 3522 5788 sint?

1939 5811 2126 5874 (lienis
2152 5822 2295 5877 enim
2324 5823 2441 5878 dies
2473 5823 2526 5878 in
2559 5823 2659 5880 hoc
2687 5833 2926 5896 tempore
2955 5825 3076 5882 ideo
3117 5825 3264 5882 venit
3287 5866 3304 5894 ,
3333 5831 3392 5880 ut
3417 5841 3521 5880 non
