4058 6544
534 399 671 463 1311

536 518 636 583 sit;
667 512 843 572 omnis
868 511 997 567 hora
1020 549 1038 578 ,
1064 504 1240 564 omnis
1258 501 1458 560 mensis
1478 539 1495 568 ,
1525 498 1699 556 omnis
1722 512 1894 553 annus
1927 517 1944 555 :
1973 496 2108 552 nihil

536 607 730 662 horum
759 610 902 668 stat;
946 608 1226 668 antequam
1252 594 1425 650 veniat
1452 633 1467 659 ,
1499 592 1601 648 erit
1631 591 1683 656 ¹;
1726 604 1848 645 cum
1872 590 2102 655 venerit,

538 712 646 753 non
685 696 805 752 erit.
856 693 937 748 llli
966 705 1093 760 ergo
1123 688 1246 741 anni
1272 686 1345 740 tui
1372 683 1591 750 :eterni,
1635 681 1759 736 anni
1789 682 1863 735 lui
1891 681 1981 751 qui
2006 695 2110 734 non

540 793 831 850 mutantur,
860 784 914 837 in
932 778 1252 851 generatione
1265 775 1643 847 generationum
1667 781 1843 829 erunt.
1864 771 1960 826 Est
1980 785 2119 841 qua:-

542 876 667 931 dam
703 874 976 946 generatio
1014 870 1448 941 generatiouum;
1479 866 1531 921 in
1559 867 1645 920 illa
1676 875 1834 921 erunt
1860 863 1986 918 anni
2019 863 2113 916 tui.

541 970 671 1036 Quae
697 976 779 1022 est
820 964 957 1019 ista?
1002 962 1098 1016 Est
1122 960 1395 1031 quaedam,
1424 966 1479 1012 et
1505 958 1549 1010 si
1580 957 1716 1012 bene
1748 967 2116 1029 agnoscamus,

538 1061 593 1116 in
625 1060 712 1115 illa
740 1058 962 1122 erimus,
986 1063 1041 1110 et
1065 1055 1189 1107 anni
1224 1054 1318 1108 Dei
1350 1053 1403 1106 in
1434 1050 1590 1106 nobis
1622 1056 1802 1104 erunt.
1839 1045 2118 1112 Quomodo

538 1152 591 1205 in
630 1150 783 1204 nobis
823 1146 1023 1203 erunt?
1069 1143 1347 1213 Quomodo
1388 1142 1501 1212 ipse
1532 1142 1672 1196 Deus
1702 1139 1753 1192 in
1794 1137 1945 1191 nobis
1975 1136 2116 1189 erit:

544 1241 685 1296 unde
709 1241 907 1295 dictum
935 1247 1037 1305 est,
1068 1236 1133 1292 Ut
1155 1240 1218 1291 sit
1244 1233 1383 1289 Deus
1405 1234 1573 1288 omnia
1598 1233 1649 1286 in
1675 1230 1902 1285 omnibus
1933 1229 1975 1297 (l
1998 1224 2116 1283 Cor.

540 1351 632 1408 xv,
659 1335 771 1402 ‘28).
804 1332 918 1388 Non
946 1332 1089 1387 enim
1116 1329 1259 1385 aliud
1284 1328 1407 1382 anni
1436 1328 1550 1393 Dei,
1581 1337 1633 1379 et
1661 1323 1802 1377 aliud
1834 1323 1947 1392 ipse
1983 1340 1995 1375 :
2025 1318 2119 1374 sed

541 1426 665 1480 anui
698 1426 812 1489 Dei,
840 1425 1109 1479 teternitas
1133 1422 1228 1477 Dei
1261 1431 1379 1475 est:
1409 1420 1700 1483 aeternitas,
1733 1418 1842 1487 ipsa
1872 1415 1964 1469 Dei
1991 1412 2119 1467 sub-

542 1516 738 1573 stantia
764 1523 875 1579 est,
925 1531 1043 1586 qua:
1084 1513 1215 1568 nihil
1254 1513 1413 1567 habet
1453 1510 1739 1573 mutabile;
1787 1508 1857 1562 ibi
1887 1506 2013 1559 nihil
2040 1517 2122 1559 est

545 1607 871 1678 prteteritum
896 1648 911 1670 ,
957 1606 1105 1675 quasi
1132 1604 1240 1672 jam
1271 1618 1376 1656 non
1418 1602 1521 1666 sit;
1573 1600 1704 1654 nihil
1746 1608 1827 1653 est
1866 1598 2119 1661 futurum,

545 1700 696 1769 quasi
726 1698 956 1751 nondum
985 1696 1073 1749 sit.
1117 1694 1232 1750 Non
1264 1703 1346 1747 est
1376 1693 1445 1747 ibi
1476 1692 1572 1746 nisi
1599 1733 1613 1757 ,
1644 1691 1767 1755 Est;
1797 1706 1901 1744 non
1927 1698 2009 1743 est
2031 1688 2121 1751 ibi,

546 1789 670 1846 Fuit
694 1800 747 1845 et
776 1791 907 1855 erit;
932 1789 1053 1859 quia
1083 1796 1137 1842 et
1172 1787 1310 1857 quod
1335 1786 1450 1850 fuit,
1479 1785 1587 1853 jam
1624 1799 1730 1837 non
1761 1789 1874 1845 est;
1900 1788 1954 1836 et
1982 1778 2124 1850 quod

547 1881 675 1945 erit,
708 1878 944 1933 nondum
971 1886 1053 1931 est
1085 1894 1099 1931 :
1128 1875 1221 1931 sed
1249 1874 1506 1945 quidquid
1531 1874 1599 1927 ibi
1627 1881 1708 1926 est
1734 1914 1748 1936 ,
1775 1869 1992 1925 nonnisi
2021 1878 2123 1924 est.

550 1969 741 2024 Merito
772 1969 850 2022 sic
884 1967 1027 2022 misit
1054 1967 1193 2021 Deus
1225 1965 1479 2019 fanmlum
1505 1978 1657 2017 suum
1687 1961 1929 2033 Moysen.
1962 1960 2123 2026 Qua:-

551 2061 675 2115 sivit
698 2061 839 2114 enim
868 2074 1063 2113 nomen
1093 2056 1357 2111 mittentis
1384 2070 1477 2120 se;
1516 2052 1792 2122 quaesivit,
1823 2059 1875 2105 et
1901 2049 2124 2113 audivit,

550 2166 654 2207 nec
678 2150 949 2206 desertum
990 2158 1073 2204 est
1114 2146 1442 2203 desiderium
1472 2142 1921 2211 enneapiseentiae
1948 2141 2126 2195 bona}.

551 2241 1038 2309 Quzcsivitantem,
1078 2254 1181 2292 non
1221 2235 1371 2307 quasi
1411 2236 1717 2289 curiositate
1745 2230 2125 2303 prmsumendi,

553 2332 647 2386 sed
676 2331 993 2385 necessitate
1021 2326 1380 2382 miniStrandi.
1418 2326 1572 2391 Quid,
1604 2325 1791 2395 inquit,
1822 2324 1987 2376 dicam
2009 2322 2129 2391 ﬁliis

555 2420 748 2486 Israel,
777 2422 821 2476 si
858 2420 1074 2474 dixerint
1103 2420 1266 2472 mihi:
1298 2418 1423 2483 Quis
1453 2428 1498 2470 te
1527 2417 1658 2469 misit
1695 2414 1759 2467 ad
1785 2413 1918 2467 nos?
1950 2413 2013 2465 Et
2042 2400 2132 2465 ille

554 2511 792 2566 indicans
813 2526 871 2565 se
897 2520 1154 2564 creatura:
1188 2506 1497 2562 Creatorem
1519 2546 1532 2571 ,
1575 2505 1739 2559 Deum
1771 2502 1995 2567 homini,
2026 2504 2128 2555 im-

556 2602 832 2657 mortalem
860 2601 1099 2665 mortali,
1133 2610 1392 2654 asternum
1421 2598 1699 2667 temporali
1728 2613 1741 2649 :
1776 2596 1882 2665 Ego
1904 2637 1918 2657 ,
1943 2595 2131 2665 inquit,

553 2710 665 2749 sum
706 2693 789 2761 qni
827 2708 956 2745 sum.
1008 2691 1086 2744 Tu
1131 2690 1358 2751 diceres,
1412 2688 1519 2757 Ego
1563 2702 1700 2741 sum.
1750 2686 1916 2753 Quis?
1946 2685 2133 2751 Gaius;

558 2784 693 2837 alius
718 2825 733 2849 ,
765 2783 991 2846 Lucius;
1023 2782 1158 2834 alius
1178 2822 1193 2845 ,
1237 2781 1460 2834 Marcus.
1512 2778 1737 2832 Alindne
1766 2778 1971 2833 diceres
1992 2819 2006 2841 ,
2033 2778 2133 2831 nisi

456 2880 469 2893 ‘
558 2890 751 2930 nomen
794 2884 940 2929 tuum
986 2873 1236 2928 diceres?
1294 2871 1407 2927 lloc
1454 2871 1861 2939 exspectabatur
1896 2869 1963 2923 de
2005 2870 2134 2923 Deo.

559 2968 676 3023 lloc
712 2967 855 3021 enim
884 2975 994 3019 erat
1024 2964 1325 3034 quresitum.
1374 2961 1510 3028 Quid
1546 2960 1799 3015 vocaris?
1845 2962 1887 3014 A
1920 2975 2025 3029 quo
2055 2975 2138 3013 me

559 3058 781 3112 missum
834 3070 953 3109 esse
1003 3053 1339 3123 respondebo
1390 3051 1790 3123 quaerentibus?
1844 3050 1954 3121 Ego
2005 3067 2136 3104 sum.

561 3150 731 3219 Quis?
765 3148 864 3215 Qui
884 3165 1013 3202 sum.
1051 3146 1162 3201 lloc
1189 3155 1270 3200 est
1290 3160 1482 3199 nomen
1508 3144 1696 3197 tuum?
1737 3143 1837 3197 hoc
1864 3153 1945 3198 est
1973 3152 2137 3195 totum

560 3240 701 3311 quod
727 3238 970 3293 vocaris?
997 3238 1149 3291 Esset
1171 3236 1260 3291 tibi
1292 3250 1483 3290 nomen
1512 3235 1680 3304 ipsum
1709 3249 1848 3297 esse,
1876 3232 1977 3286 nisi
1997 3231 2141 3300 quid-

561 3330 686 3400 quid
708 3339 789 3385 est
817 3328 980 3395 aliud,
1010 3327 1101 3382 tibi
1131 3335 1515 3397 comparatum,
1545 3325 1871 3379 inveniretur
1897 3339 1999 3378 non
2022 3337 2143 3377 esse

564 3422 729 3477 vere?
759 3422 868 3477 Hoc
899 3431 979 3476 est
1009 3437 1201 3475 nomen
1233 3429 1380 3474 tuum
1412 3436 1425 3473 :
1456 3418 1697 3488 exprime
1725 3421 1825 3472 hoc
1855 3417 1994 3471 idem
2023 3431 2141 3471 me—

565 3514 684 3567 lius.
740 3511 881 3565 Vade
901 3553 914 3576 ,
954 3510 1121 3579 inquit
1140 3552 1154 3575 ,
1184 3520 1228 3563 et
1249 3510 1329 3563 dic
1355 3509 1475 3578 ﬁliis
1502 3507 1665 3563 Israel
1689 3522 1710 3562 :
1742 3507 1842 3572 Qui
1870 3515 1939 3560 est
1964 3548 1979 3573 ,
2010 3505 2144 3558 misit

566 3620 643 3657 me
670 3602 735 3656 ad
764 3618 866 3655 vos.
900 3600 1011 3671 Ego
1037 3616 1147 3654 sum
1169 3600 1253 3669 qui
1274 3617 1384 3652 sum
1413 3616 1431 3652 :
1460 3600 1545 3667 qui
1569 3608 1672 3662 est,
1700 3598 1831 3650 misit
1854 3613 1930 3650 me
1949 3596 2016 3649 ad
2038 3611 2137 3651 vos.

568 3692 811 3761 Magnum
840 3704 963 3744 ecce
991 3688 1120 3756 Est,
1165 3705 1411 3759 magnum
1442 3687 1568 3742 Est!
1597 3687 1675 3742 Ad
1704 3686 1804 3741 hoc
1833 3688 1990 3742 homo
2019 3686 2144 3757 quid

567 3782 693 3837 est?
718 3781 797 3837 Ad
830 3780 954 3835 illud
981 3791 1086 3835 tam
1116 3796 1362 3849 magnum
1389 3778 1499 3845 Est,
1527 3780 1686 3834 homo
1714 3779 1838 3849 quid
1864 3788 1967 3845 est,
1994 3779 2147 3849 quid-

568 3873 693 3944 quid
720 3873 840 3929 est?
868 3872 996 3940 Quis
1019 3872 1381 3943 apprehendat
1408 3871 1533 3926 illud
1560 3871 1718 3926 esse?
1748 3871 1863 3940 quis
1890 3872 2005 3941 ejus
2028 3887 2141 3940 pars

574 3966 742 4035 ticeps
780 3963 907 4017 fiat?
948 3964 1066 4034 quis
1094 3963 1349 4017 anhelet?
1393 3962 1509 4031 quis
1549 3960 1786 4031 aspiret?
1824 3962 1943 4031 quis
1983 3961 2054 4017 ibi
2089 3976 2147 4015 se

570 4072 691 4112 esse
718 4070 874 4126 posse
918 4056 1238 4125 praesumat?
1282 4054 1399 4108 Noli
1429 4054 1747 4122 desperare,
1780 4052 2005 4107 humana
2039 4052 2147 4107 fra-

571 4150 768 4220 gilitas.
802 4148 910 4219 Ego
926 4164 1057 4211 sum,
1083 4147 1268 4217 inquit,
1298 4145 1435 4199 Deus
1461 4145 1735 4211 Abraham,
1754 4155 1800 4200 et
1828 4145 1961 4198 Deus
1978 4142 2146 4211 Isaac,

573 4249 619 4295 et
647 4236 786 4292 Deus
828 4236 986 4291 Jacob
1014 4235 1206 4308 (Exod.
1250 4252 1341 4300 ιιι,
1373 4235 1582 4306 15-15).
1642 4235 1846 4288 Audisti
1888 4234 2010 4304 quid
2050 4235 2150 4288 sim

576 4330 716 4400 apud
748 4345 867 4394 me,
911 4329 1113 4383 audiet
1149 4327 1273 4397 quid
1315 4328 1415 4381 sim
1459 4336 1676 4396 propter
1711 4333 1784 4379 te.
1842 4326 1965 4379 11ωο
1996 4326 2153 4394 igitur

576 4421 849 4477 aeternitas
888 4419 1096 4474 vocavit
1141 4434 1238 4472 nos
1263 4458 1276 4481 ,
1308 4426 1361 4471 et
1388 4418 1560 4486 erupit
1596 4434 1666 4476 ex
1694 4416 1991 4470 aeternitate
2018 4415 2153 4471 Ver-

576 4514 723 4570 bum.
746 4513 862 4568 Jam
883 4513 1170 4572 mternitas.
1194 4511 1301 4579 jam
1324 4509 1578 4574 Verbum,
1604 4518 1657 4564 et
1674 4508 1905 4563 nondum
1924 4516 2152 4579 tempus.

579 4605 757 4673 Quare
788 4604 1020 4659 nondum
1052 4604 1297 4672 tempus?
1340 4602 1471 4669 Quia
1516 4602 1710 4655 factum
1738 4610 1817 4655 est
1844 4610 1895 4657 et
1927 4610 2154 4671 tempus.

581 4696 859 4763 Quomodo
903 4694 1097 4749 factum
1128 4703 1209 4749 est
1249 4702 1300 4748 et
1345 4693 1586 4762 tempus?
1647 4692 1829 4747 Omnia
1873 4711 1961 4765 per
1997 4695 2160 4767 ipsum

581 4788 719 4858 facta
737 4795 852 4842 sunt
874 4828 890 4853 ,
933 4794 978 4840 et
1019 4786 1125 4840 sine
1151 4786 1259 4857 ipso
1296 4789 1485 4856 factum
1532 4793 1602 4839 est
1630 4786 1757 4839 nihil
1786 4786 1964 4857 (Joan.
2000 4803 2047 4853 ι,
2079 4786 2157 4857 ⁸5).

585 4880 631 4936 0
669 4878 901 4935 Verbum
929 4887 1053 4933 ante
1092 4886 1329 4946 tempora
1358 4918 1374 4943 ,
1406 4891 1504 4946 per
1530 4876 1668 4945 quod
1712 4876 1846 4931 facta
1878 4886 2000 4932 sunt
2030 4888 2163 4931 tem-

584 4987 738 5045 pora,
770 4981 950 5025 natum
977 4978 1031 5025 et
1056 4970 1109 5023 in
1142 4978 1380 5038 tempore
1400 5009 1414 5033 ,
1446 4984 1567 5022 cum
1591 4968 1659 5021 sit
1685 4970 1790 5022 vita
1815 4979 2034 5033 mterna,
2064 4982 2161 5021 vo-

583 5080 715 5119 cans
738 5061 1077 5133 temporales,
1110 5059 1308 5115 faciens
1335 5060 1595 5114 teternos!
1625 5059 1747 5115 llaec
1776 5061 2047 5130 generatio
2072 5073 2161 5128 ge-

589 5156 947 5211 tteralionum.
995 5153 1278 5210 Generatio
1306 5152 1446 5209 enim
1477 5153 1653 5221 vadit,
1683 5163 1736 5209 et
1764 5153 2036 5222 generatio
2068 5167 2164 5207 ve-

589 5251 672 5304 nit
701 5247 893 5318 (Eccle.
925 5263 976 5311 ι,
1011 5246 1089 5317 4).
1143 5245 1211 5300 Ει
1242 5245 1431 5301 videtis
1477 5246 1846 5317 generationes
1889 5245 2162 5298 hominum

588 5339 669 5393 sic
693 5354 812 5393 esse
843 5338 895 5391 in
929 5346 1068 5392 terra
1095 5378 1107 5399 ,
1168 5347 1413 5407 tanquam
1458 5337 1508 5391 in
1536 5338 1726 5391 arbore
1779 5336 1933 5398 folia;
1975 5335 2066 5389 sed
2113 5334 2164 5389 in

588 5428 782 5482 arbore
811 5427 994 5494 oliva:,
1040 5427 1121 5481 vel
1150 5427 1316 5493 lauri,
1361 5426 1446 5480 vel
1492 5426 1749 5496 cujusque
1789 5424 2007 5478 alterius
2050 5440 2168 5493 qua:

597 5530 713 5574 toto
744 5529 981 5588 tempore
1012 5518 1198 5573 fronde
1240 5517 1427 5573 vestita
1466 5526 1567 5572 est.
1616 5516 1705 5572 Sic
1744 5525 1993 5585 tanquam
2040 5514 2168 5570 folia

600 5624 768 5683 genus
807 5608 1094 5663 humanum
1131 5619 1269 5666 terra
1297 5618 1475 5680 portat
1504 5625 1516 5662 :
1549 5608 1705 5679 plena
1730 5616 1811 5662 est
1842 5606 2166 5674 hominibus,

662 5745 678 5776 ί
714 5744 787 5793 sie
825 5752 923 5794 Am.
966 5750 1044 5797 Er.
1076 5753 1126 5798 et
1161 5743 1327 5808 plures
1348 5750 1452 5800 Mss.
1480 5750 1536 5795 At
1569 5749 1700 5805 μοι,
1737 5754 1829 5793 non
1851 5738 1959 5793 erit.
1980 5740 2173 5801 Quidam

599 5812 726 5868 ωδε..
749 5818 840 5855 non
861 5812 979 5856 erat.

1762 383 1823 442 s.
1860 380 2226 443 AUGUSTINI
2261 379 2563 464 episcopi
2642 408 2645 411 ι

3666 387 3797 443 1312

2227 496 2325 553 sed
2361 496 2487 552 dum
2522 495 2638 551 aliis
2663 495 3009 553 morientibus
3055 496 3147 555 alii
3192 499 3458 557 nascendo
3486 502 3795 559 succedunt.

2224 587 2447 658 Semper
2474 588 2615 643 enim
2645 587 2805 642 arbor
2832 587 2920 643 illa
2959 599 3108 644 veste
3138 590 3290 645 viridi
3331 600 3515 647 ornata
3544 604 3627 649 est
3658 612 3675 649 :
3705 597 3798 650 sed

2223 680 2407 735 subter
2433 679 2649 735 attende
2671 696 2827 750 quam
2853 681 3015 735 multa
3046 682 3219 737 calces
3242 683 3388 739 arida
3418 685 3564 741 folia.

2298 771 2386 825 11.
2415 772 2556 842 Ergo
2600 771 2699 826 fuit
2727 774 2999 841 generatio
3028 774 3128 827 sub
3152 774 3318 829 Adam
3340 817 3356 842 ,
3405 780 3634 833 transiit.
3685 779 3804 837 Nati

2224 871 2347 916 sunt
2390 863 2511 918 inde
2553 863 2765 932 quidam
2813 863 2973 918 futuri
3018 866 3301 934 participes
3350 870 3665 925 teternitatis
3709 871 3805 927 Dei

2224 951 2380 1005 etiam
2411 953 2500 1007 illo
2529 962 2769 1023 tempore
2804 973 2817 1009 :
2852 955 2973 1011 inde
2998 958 3143 1012 enim
3172 958 3327 1023 Abel,
3358 959 3479 1014 inde
3505 960 3655 1028 Seth,
3681 961 3808 1019 inde

2225 1041 2431 1096 Enoch.
2479 1043 2715 1099 Transiit
2758 1045 2845 1099 illa
2888 1046 3194 1115 generatio,
3227 1050 3369 1103 venit
3394 1049 3683 1116 diluvium,
3717 1069 3808 1107 re-

2228 1137 2419 1189 mansit
2446 1152 2547 1190 una
2578 1136 2786 1191 domus.
2838 1138 2907 1191 Et
2947 1137 3032 1192 illa
3069 1141 3345 1209 generatio
3386 1140 3534 1195 dedit
3572 1142 3806 1212 aliquos.

2228 1222 2398 1293 ipsum
2426 1225 2535 1281 Noe
2557 1269 2571 1290 ,
2601 1236 2651 1282 et
2684 1236 2793 1282 tres
2822 1229 2837 1259 ¹
2872 1229 3007 1283 lilios
3039 1230 3157 1299 ejus
3178 1271 3195 1296 ,
3234 1240 3287 1285 et
3315 1241 3424 1287 tres
3451 1249 3616 1288 nurus
3637 1234 3757 1299 ejus
3789 1253 3803 1289 :

2228 1313 2280 1367 in
2311 1323 2419 1370 tota
2446 1318 2585 1371 enim
2611 1318 2771 1373 domo
2797 1319 2895 1373 ista
2920 1321 3185 1374 octonaria
3217 1321 3361 1375 solus
3392 1338 3525 1377 unus
3556 1332 3811 1393 peccator

2229 1407 2470 1463 inventus
2496 1418 2595 1464 est.
2627 1410 2863 1465 Accessit
2892 1427 3146 1467 numerus
3174 1414 3432 1482 Superiori
3452 1417 3810 1485 generationi.

2230 1500 2428 1555 Deinde
2454 1501 2521 1557 de
2552 1502 2719 1557 tribus
2749 1503 2870 1557 liliis
2895 1503 3007 1558 Noe
3031 1545 3046 1571 ,
3091 1515 3339 1574 tanquam
3372 1506 3438 1561 de
3467 1508 3635 1562 tribus
3666 1524 3813 1564 men-

2230 1595 2367 1648 suris
2396 1593 2580 1649 far-inte
2600 1636 2614 1660 ,
2664 1596 2910 1664 impletus
2953 1606 3034 1651 est
3063 1597 3226 1650 orbis.
3278 1598 3490 1651 Electus
3520 1607 3601 1653 est
3632 1600 3813 1655 Abra—

2232 1684 2351 1738 ham
2372 1726 2387 1748 ,
2420 1685 2563 1739 Isaac
2587 1727 2601 1750 ,
2631 1696 2684 1739 et
2713 1685 2914 1751 Jacob;
2966 1690 3136 1741 sancti
3164 1687 3294 1753 viri,
3324 1688 3662 1755 patriarchas,
3694 1691 3815 1760 pla-

2231 1786 2456 1831 cuerunt
2482 1777 2592 1830 Deo
2620 1776 2771 1847 (Gen.
2804 1780 3097 1848 iv-xxvm).
3156 1779 3305 1833 Dedit
3340 1789 3394 1833 et
3418 1780 3502 1833 illa
3532 1782 3816 1851 generatio

2233 1877 2517 1937 sequentes
2543 1871 2701 1924 etiam
2746 1882 3065 1939 generantes
3095 1875 3115 1903 ¹
3136 1914 3151 1937 ,
3187 1871 3450 1927 dederunt
3489 1873 3819 1944 Prophetas,

2233 1958 2495 2013 dederunt
2534 1974 2806 2028 prtecones
2849 1960 2961 2014 Dei.
3020 1961 3174 2015 Venit
3216 1964 3374 2017 etiam
3406 1972 3587 2033 postea
3616 1975 3671 2019 et
3700 1966 3819 2036 ipse

2234 2054 2491 2107 Dominus
2522 2065 2702 2108 noster
2726 2054 2881 2109 Jesus
2906 2054 3182 2121 Christus,
3228 2057 3371 2111 misit
3409 2057 3733 2113 fermentum
3763 2060 3823 2113 in

2236 2153 2345 2198 tres
2375 2160 2651 2199 mensuras
2683 2145 2867 2199 farina:
2888 2188 2903 2213 ,
2934 2162 3213 2216 quousque
3243 2146 3659 2204 fermentaretur
3684 2151 3705 2181 ³
3733 2160 3822 2205 to-

2237 2243 2346 2288 tum
2397 2234 2610 2304 (Matth.
2639 2252 2764 2300 xm,
2794 2237 2905 2305 55).
2971 2237 3318 2307 Temporibus
3364 2239 3416 2293 in
3464 2249 3605 2293 terra
3636 2241 3825 2297 carnis

2238 2328 2377 2382 illius
2404 2326 2909 2398 fueruntApostoli,
2943 2329 3152 2383 fuerunt
3178 2330 3381 2395 sancti;
3429 2339 3549 2399 post
3577 2332 3696 2386 illos
3725 2332 3821 2386 alii

2238 2418 2407 2471 sancti
2438 2434 2451 2472 :
2481 2426 2535 2473 et
2575 2433 2715 2472 nunc
2743 2419 2793 2472 in
2840 2420 3055 2474 nomine
3096 2418 3291 2474 Christi
3335 2420 3651 2491 quicumque
3696 2435 3825 2477 sunt

2240 2510 2427 2575 sancti,
2457 2517 2510 2562 et
2537 2518 2655 2578 post
2673 2524 2769 2562 nos
2784 2511 3102 2579 quicumque
3123 2520 3296 2575 erunt,
3314 2520 3367 2565 et
3388 2527 3553 2581 usque
3581 2514 3637 2565 in
3656 2512 3831 2567 ﬁnem

2242 2601 2419 2655 saeculi
2453 2601 2772 2671 quicumque
2807 2602 2997 2655 sancti.
3031 2603 3104 2656 De
3136 2612 3212 2655 tot
3245 2604 3680 2672 generationibus
3705 2605 3827 2659 col-

2244 2691 2374 2759 liges
2402 2706 2589 2745 omnes
2616 2700 2829 2745 sanctas
2856 2693 3032 2760 proles
3057 2694 3291 2746 omnium
3317 2702 3748 2763 generationum,
3769 2706 3831 2751 et

2247 2780 2405 2835 facies
2434 2781 2557 2835 inde
2599 2798 2757 2835 unam
2801 2784 3203 2852 generationem
3236 2799 3249 2835 :
3278 2781 3345 2836 In
3374 2784 3471 2837 ista
3500 2787 3832 2856 generatione

2245 2875 2620 2943 generationutn
2644 2877 2764 2927 anni
2786 2875 2857 2927 tui
2873 2918 2886 2936 ,
2912 2875 2963 2929 id
2989 2884 3091 2941 est,
3123 2876 3393 2931 mternitas
3420 2876 3509 2931 illa
3538 2879 3588 2931 in
3618 2878 3705 2931 illa
3729 2894 3833 2948 ge-

2248 2968 2523 3021 neratione
2548 2968 2649 3020 erit
2670 3006 2687 3028 ,
2732 2984 2850 3036 quae
2885 2966 2952 3021 de
2983 2967 3229 3021 omnibus
3258 2968 3693 3038 generationibus
3714 2970 3835 3023 eol-

2249 3045 2444 3127 ligitur,
2465 3069 2518 3112 et
2540 3059 2589 3112 in
2611 3076 2766 3112 unum
2790 3058 3049 3129 redigitur
3072 3077 3086 3125 ;
3120 3060 3233 3129 ipsa
3256 3060 3521 3130 particeps
3546 3060 3647 3114 erit
3665 3070 3834 3115 mter-

2249 3149 2428 3203 nitatis
2456 3157 2576 3202 tum.
2618 3146 2839 3203 Cartcrtc
2883 3150 3258 3220 generationes
3293 3149 3573 3221 implendis
3619 3158 3835 3219 tempo-

2250 3242 2396 3295 ribus
2420 3250 2762 3309 generantur,
2805 3255 2869 3293 ex
2896 3240 3085 3309 quibus
3111 3240 3199 3294 illa
3230 3241 3281 3294 in
3312 3252 3569 3294 arternum
3600 3256 3834 3311 regene-

2250 3342 2426 3399 ratur;
2469 3342 2670 3387 mutata
2713 3332 3095 3400 vivilicabitur,
3136 3335 3238 3387 erit
3276 3333 3468 3387 idonea
3496 3343 3712 3403 portare
3755 3343 3829 3399 te,

2251 3424 2393 3477 vires
2438 3424 2705 3495 accipiens
2746 3439 2778 3477 a
2823 3433 2893 3479 te.
2960 3420 3029 3478 In
3078 3426 3396 3496 generatione
3447 3426 3839 3497 generationum

2252 3515 2374 3568 anni
2404 3515 2495 3567 tui.

2324 3608 2411 3662 12.
2445 3604 2607 3679 [vers.
2638 3605 2832 3662 26.28.
2856 3598 2881 3680 ]
2907 3606 2972 3660 1η
3011 3607 3258 3677 principio
3289 3615 3473 3661 terram
3506 3616 3558 3659 tu
3584 3606 3838 3676 fundasti,

2256 3697 2488 3751 Domine.
2517 3697 2646 3751 Novi
2669 3699 3020 3753 :eternitatem
3046 3707 3209 3764 tuam,
3246 3714 3345 3766 qua
3376 3698 3628 3766 prmcedis
3655 3700 3840 3751 omnia

2254 3806 2370 3857 qua:
2402 3789 2590 3845 fecisti.
2622 3788 2883 3861 Principio
2921 3802 3105 3843 terram
3149 3799 3199 3842 tu
3218 3788 3461 3857 fundasti.
3496 3787 3756 3855 Domine;
3793 3800 3843 3843 et

2255 3892 2406 3952 Opera
2433 3898 2669 3935 manuum
2692 3891 2892 3935 tuarum
2920 3891 3035 3936 sunt
3063 3881 3191 3934 caeli.
3220 3878 3333 3950 Ipsi
3374 3881 3636 3949 peribunt;
3666 3890 3720 3933 tu
3741 3897 3845 3933 an-

2257 3983 2352 4027 tem
2376 3989 2671 4043 permanes:
2694 3984 2740 4027 et
2769 3990 2939 4028 omnes
2963 3974 3091 4027 sicut
3125 3974 3468 4026 vestimentum
3511 3982 3841 4038 veterascent,

2258 4074 2304 4118 et
2331 4065 2457 4118 sicut
2486 4066 2791 4135 opertorium
2815 4064 3025 4117 nmtabis
3051 4079 3156 4127 eos,
3183 4074 3229 4116 et
3259 4063 3581 4117 mutabuntur
3608 4080 3626 4128 ;
3656 4074 3705 4117 tu
3724 4078 3845 4117 vero

2258 4156 2390 4209 idem
2418 4155 2558 4225 ipse‘
2580 4173 2647 4209 es.
2670 4156 2746 4209 Tu
2774 4156 2892 4225 quis
2928 4171 2986 4209 es
3010 4155 3031 4208 ?
3057 4154 3203 4209 Idem
3232 4157 3340 4225 ipse
3379 4172 3449 4209 es.
3473 4156 3551 4209 Tu
3578 4156 3666 4225 qui
3696 4156 3844 4210 dixi-

2259 4247 2347 4309 sti,
2375 4244 2481 4315 Ego
2499 4262 2608 4298 sum
2632 4246 2719 4314 qui
2764 4262 2895 4309 sum,
2934 4246 3063 4298 idem
3093 4247 3199 4315 ipse
3225 4262 3294 4299 es.
3326 4246 3390 4299 Et
3418 4246 3657 4315 quamvis
3678 4246 3845 4300 etiam

2261 4340 2375 4410 ipsa
2402 4354 2505 4392 non
2534 4347 2710 4392 essent
2739 4337 2836 4391 nisi
2865 4354 2927 4391 ex
2953 4347 3019 4401 te,
3053 4348 3106 4392 et
3138 4354 3231 4408 per
3269 4347 3340 4404 te,
3364 4348 3418 4392 et
3444 4339 3496 4392 in
3537 4347 3608 4403 te,
3662 4346 3846 4392 tamen

2264 4445 2367 4484 non
2390 4428 2529 4498 quod
2568 4429 2679 4497 ipse
2706 4443 2801 4483 es:
2828 4427 2907 4481 Tu
2955 4430 3095 4483 enim
3141 4430 3271 4481 idem
3300 4430 3407 4499 ipse
3435 4445 3503 4482 es.
3532 4426 3599 4481 Et
3620 4428 3747 4480 anni
3772 4428 3851 4480 tui

2264 4536 2363 4574 non
2388 4519 2636 4587 deﬁcient.
2664 4518 2739 4572 Illi
2760 4520 2884 4572 anni
2908 4520 2978 4573 tui
3002 4536 3104 4573 non
3118 4518 3387 4585 deficient,
3419 4519 3492 4572 illi
3522 4518 3643 4571 anni
3662 4518 3733 4571 tui
3754 4517 3849 4588 qui

2265 4624 2419 4668 erunt
2445 4614 2498 4667 in
2513 4613 2853 4682 generatione
2865 4613 3287 4681 generationum,
3310 4628 3412 4666 non
3430 4611 3696 4667 deﬁcient.
3718 4610 3849 4666 llarc

2266 4704 2599 4775 ergosciens,
2630 4703 2967 4774 exiguitatem
3002 4704 3205 4758 dierum
3263 4718 3502 4757 meorum
3546 4714 3846 4772 quzererem

2267 4812 2295 4850 a
2328 4807 2395 4862 te,
2427 4795 2526 4849 nisi
2554 4796 2745 4850 scirem
2776 4812 2960 4851 omnes
2986 4796 3099 4850 dies
3125 4795 3302 4851 saeculi
3340 4794 3408 4847 ab
3432 4795 3579 4848 initio
3598 4809 3767 4864 usque
3797 4794 3844 4851 in

2270 4890 2426 4943 ﬁnem
2443 4888 2662 4957 exiguos
2691 4890 2885 4943 essein
2916 4888 3311 4957 comparatione
3365 4885 3677 4942 aeternitatis
3720 4894 3848 4940 tum.

2268 4980 2400 5035 Novi
2431 4996 2555 5051 ergo
2583 4980 2723 5035 unde
2752 4982 3206 5051 interrogaverim.
3235 4978 3349 5034 Non
3368 4996 3425 5034 se
3456 4978 3714 5034 extollant.
3740 4975 3855 5031 hae-

2270 5072 2443 5137 retici,
2470 5071 2619 5142 quasi
2661 5072 2837 5142 exigui
2868 5072 2980 5125 dies
3037 5071 3230 5126 fuerint
3276 5071 3549 5139 Ecclesia),
3584 5079 3696 5126 toto
3720 5070 3858 5126 orbe

2272 5163 2477 5218 diffusa:
2507 5181 2521 5230 ;
2552 5180 2670 5218 nam
2694 5174 2747 5219 et
2767 5179 2933 5233 usque
2956 5164 3007 5218 in
3023 5164 3181 5219 finem
3207 5179 3328 5218 cum
3357 5165 3482 5229 sint,
3503 5163 3677 5235 exigui
3706 5172 3850 5217 sunt.

2275 5257 2447 5325 Quare
2475 5257 2819 5327 cxiguisunt?
2843 5255 3101 5325 Quoniam
3128 5256 3443 5326 quandoque
3469 5253 3685 5309 ﬁniendi
3703 5263 3852 5309 sunt.

2277 5350 2414 5404 Anni
2448 5350 2521 5403 illi
2571 5349 2659 5419 qui
2707 5357 2862 5403 erunt
2909 5350 2960 5403 in
3011 5349 3332 5419 generatione
3360 5348 3761 5418 generatianum,
3799 5347 3852 5405 bi

2276 5439 2527 5503 amandi,
2571 5438 2622 5491 hi
2651 5438 3007 5505 desiderandi,
3059 5438 3142 5493 bis
3186 5437 3555 5508 suspirandum
3587 5453 3601 5503 ;
3638 5447 3857 5509 propter

2344 5552 2359 5584 ί
2394 5551 2602 5601 Melioris
2622 5556 2756 5610 notas,
2796 5558 2926 5610 MSS.,
2951 5550 3086 5599 duos.

2341 5614 2522 5698 'oLov.,
2543 5609 2868 5678 generationes
2896 5624 2913 5661 :
2938 5612 3074 5675 cujus
3096 5609 3201 5662 loco
3223 5610 3331 5661 ΡΜ.
3359 5612 3455 5670 alii,
3482 5617 3533 5661 et
3554 5618 3685 5676 Mss,
3712 5624 3866 5676 εις-κ·

2280 5687 2454 5726 rau'es.

2345 5735 2365 5808 ξ
2397 5742 2525 5808 stss.,
2545 5736 2867 5808 (lamentetur.
3012 5797 3023 5808 υ
3094 5796 3105 5806 .

2346 5800 2366 5831 ι
2403 5806 2517 5861 vox,
2541 5797 2659 5860 ipse,
2682 5797 2819 5847 abest
2836 5808 2861 5846 a
2881 5797 3134 5859 praecipuis
3151 5802 3255 5846 Mss.
