4056 6538
207 375 372 438 1313

207 492 326 552 llos
356 495 414 550 in
455 493 660 550 unitate
705 493 1148 564 permanendum,
1180 505 1394 566 propter
1439 496 1537 552 bos
1564 493 1822 566 quidquid

209 587 606 644 hereticorum
629 585 754 642 mali
782 586 1235 652 estdevitandum,
1267 595 1484 657 propter
1527 587 1626 640 bos
1643 585 1822 655 perdi-

213 679 294 732 tis
321 678 783 748 respondendum,
804 687 1020 749 propter
1069 678 1170 733 bos
1219 677 1458 734 lucrandi
1486 677 1575 746 qui
1603 691 1822 730 errave-

211 777 370 830 rant.
401 777 456 822 et
495 767 782 823 revocandi
806 769 894 838 qui
924 769 1192 838 perierant
1222 786 1236 822 :
1279 768 1386 823 illic
1417 768 1576 822 debet
1595 781 1714 820 esse
1735 765 1822 820 de-

213 859 513 914 siderium.
544 859 652 914 Sed
696 867 870 914 tamen
902 869 962 914 ut
984 859 1242 923 verbosis,
1275 868 1330 912 ut
1385 859 1523 914 male
1563 857 1810 928 garrulis,

211 960 276 1004 ut
305 952 680 1016 calumniosis,
709 951 1132 1016 susurrantibus,
1183 951 1571 1006 detractoribus
1597 965 1824 1020 respon-

213 1037 400 1106 deam,
433 1041 556 1096 ideo
582 1043 706 1096 mihi
735 1044 978 1096 annuntio
998 1043 1315 1114 exiguitatem
1336 1043 1530 1096 dierum
1555 1055 1778 1094 meorum
1799 1055 1822 1105 ,°

225 1139 280 1186 et
301 1149 368 1185 ne
391 1149 473 1186 me
496 1150 694 1188 revoces
715 1135 768 1188 in
793 1134 1060 1188 dimidium
1100 1135 1296 1188 dierum
1343 1148 1586 1194 meorum,
1613 1140 1672 1185 ut
1698 1139 1822 1186 ante

219 1237 306 1278 me
329 1223 549 1278 auferas
573 1225 640 1280 de
667 1233 827 1288 terra.
856 1242 1013 1296 quam
1041 1235 1183 1280 totus
1235 1226 1382 1280 orbis
1425 1223 1714 1294 Evangelia
1735 1237 1822 1278 re—

219 1313 454 1382 pleatur,
479 1323 668 1368 contra
697 1316 1094 1386 responsionem
1131 1317 1338 1372 Domini
1379 1317 1520 1382 mei,
1549 1316 1773 1370 dicentis
1801 1332 1817 1368 :

223 1402 441 1474 Oportet
463 1407 735 1476 praedicari
754 1408 849 1460 hoc
874 1407 1198 1478 Evangelium
1217 1409 1270 1462 in
1287 1417 1388 1462 toto
1409 1411 1525 1462 orbe
1545 1418 1814 1472 terrarum,

217 1477 270 1548 θη
317 1497 668 1552 testimonium
707 1498 936 1552 omnibus
979 1501 1204 1570 gentibus
1233 1509 1320 1566 ;et
1363 1510 1480 1554 tunc
1517 1500 1672 1554 veniet
1702 1499 1820 1568 ﬁnis

217 1589 236 1653 (
267 1585 463 1642 Matth.
495 1606 646 1655 XXIV,
667 1591 734 1646 14
755 1591 790 1659 ).
809 1591 946 1659 Quid
972 1592 1036 1646 ad
1059 1593 1192 1660 iure,
1215 1591 1446 1648 fratres?
1475 1591 1636 1646 Plana
1661 1599 1808 1658 sunt,

217 1677 506 1734 manifesta
535 1689 660 1736 sunt
690 1699 702 1734 :
737 1682 874 1736 Deus
899 1680 1140 1736 fundavit
1163 1691 1380 1748 terram,
1405 1682 1602 1738 scimus
1630 1699 1645 1748 ;
1675 1697 1805 1752 ope-

213 1782 552 1822 ramanuum
589 1770 706 1838 ejus
732 1780 858 1826 sunt
901 1772 1044 1828 eteli.
1103 1771 1180 1828 Ne
1229 1773 1426 1842 putetis
1476 1773 1615 1828 enim
1658 1772 1808 1842 quasi

211 1855 362 1910 aliud
393 1857 562 1911 Deum
585 1857 757 1914 facere
775 1876 956 1924 manu,
979 1860 1122 1914 aliud
1146 1862 1326 1916 verbo.
1351 1860 1502 1929 Quod
1528 1861 1652 1916 facit
1681 1877 1804 1916 ver-

213 1945 308 2014 bo,
339 1947 445 2002 hoc
463 1948 584 2003 facit
605 1965 760 2003 manu
791 1966 806 2016 ;
841 1966 942 2004 non
966 1952 1105 2006 enim
1128 1951 1409 2008 distinctus
1429 1962 1512 2008 est
1530 1953 1806 2023 corporeis

215 2037 504 2106 membris,
529 2041 618 2110 qui
649 2042 800 2108 dixit,
828 2039 940 2112 Ego
984 2059 1095 2096 sum
1119 2043 1204 2113 qui
1231 2059 1362 2096 sum.
1415 2043 1482 2098 Et
1521 2041 1662 2098 forte
1687 2058 1812 2098 ver-

217 2130 359 2186 bum
387 2133 506 2202 ejus
534 2144 612 2188 est
635 2150 824 2188 manus
849 2136 985 2204 ejus.
1007 2135 1166 2190 Certe
1194 2153 1379 2190 manus
1407 2137 1520 2206 ejus
1541 2146 1623 2192 est
1645 2137 1810 2194 virtus

219 2221 366 2288 ejus.
389 2221 523 2290 Quia
570 2224 710 2278 enim
758 2224 956 2280 dictum
1003 2235 1118 2292 est,
1150 2225 1270 2280 Fiat
1319 2228 1708 2296 ﬁrmamentum,
1759 2236 1814 2284 et

221 2309 426 2364 factum
456 2322 536 2366 est
565 2313 954 2370 firmamentum
979 2331 994 2382 ;
1027 2316 1192 2370 verbo
1238 2316 1549 2386 intelligitur
1575 2317 1766 2372 fecisse
1793 2336 1806 2372 ε

215 2402 350 2470 quia
381 2418 511 2458 vero
533 2404 700 2472 dixit,
735 2405 1010 2462 Faciamus
1050 2408 1301 2462 hominem
1331 2409 1400 2462 ad
1451 2411 1723 2482 imaginem
1763 2419 1810 2464 et

213 2493 604 2549 similitudinem
651 2507 874 2552 nostram
901 2501 918 2570 (
950 2499 1076 2554 Gen.
1107 2516 1145 2564 ι,
1199 2501 1250 2562 6,
1282 2500 1388 2572 26)
1414 2519 1428 2568 ;
1472 2503 1621 2572 quasi
1650 2518 1809 2558 manu

213 2587 426 2640 videtur
455 2589 666 2644 fecisse.
713 2591 850 2645 Audi
899 2607 1072 2662 ergo:
1116 2592 1282 2664 Opera
1315 2611 1554 2649 manuum
1605 2605 1810 2648 tuarum

213 2679 486 2732 snntcwli.
519 2679 660 2734 Ecce
685 2681 824 2752 quod
867 2683 1031 2736 verbo
1060 2682 1202 2746 fecit,
1235 2683 1413 2754 utique
1442 2686 1604 2740 etiam
1631 2686 1804 2740 mani-

211 2767 318 2821 bus
339 2769 464 2824 fecit
492 2789 508 2836 ;
553 2774 674 2842 quia
701 2775 892 2829 virtute
931 2789 1046 2842 sua,
1097 2776 1220 2846 quia
1251 2785 1511 2854 potestate
1536 2793 1629 2834 sua
1661 2778 1804 2834 fecit.

213 2861 450 2915 Attende
477 2863 652 2931 potius
682 2863 806 2934 quid
834 2864 1038 2934 fecerit,
1062 2874 1116 2920 et
1139 2866 1246 2920 noli
1271 2883 1513 2938 quaerere
1541 2869 1808 2940 quomodo

215 2953 424 3008 fecerit.
456 2955 674 3011 Multum
703 2965 785 3012 est
832 2957 897 3012 ad
928 2967 978 3012 te
1033 2959 1490 3029 comprehendere
1537 2963 1807 3032 quomodo

217 3045 424 3112 fecerit,
455 3063 574 3102 cum
606 3051 829 3116 teipsum
876 3051 952 3104 sic
1003 3050 1208 3118 fecerit,
1241 3060 1298 3106 ut
1319 3053 1466 3124 prius
1495 3054 1570 3110 sis
1620 3071 1806 3112 servus

213 3137 498 3204 obediens,
521 3149 574 3192 et
599 3150 777 3208 postea
818 3140 1041 3198 fortasse
1066 3143 1268 3198 amicus
1291 3143 1612 3215 intelligens.
1643 3146 1801 3216 Ergo,

219 3226 390 3298 Opera
421 3245 659 3282 manuum
687 3239 883 3284 tuarum
898 3243 1014 3285 sunt
1049 3233 1180 3286 caeli.

289 3322 378 3376 15.
409 3320 522 3390 Ipsi
552 3322 822 3392 peribunt;
847 3334 900 3378 tu
929 3335 1096 3379 autent
1125 3343 1406 3397 permanes.
1448 3329 1644 3398 Aperte
1671 3328 1806 3384 dixit

217 3413 322 3468 hoc
344 3415 620 3485 apostolus
665 3415 851 3472 Petrus
882 3433 897 3470 :
943 3416 1066 3472 ϐακειὲ
1086 3427 1228 3472 erant
1247 3419 1366 3474 olim
1407 3419 1468 3474 de
1495 3438 1624 3488 aqua
1649 3431 1694 3476 et
1717 3438 1806 3492 per

215 3521 408 3575 aquam
443 3508 700 3560 constituti
747 3506 848 3561 Dei
889 3507 1034 3564 verba
1054 3525 1074 3575 ;
1116 3527 1206 3580 per
1229 3527 1341 3580 qua:
1364 3513 1380 3543 ¹
1403 3513 1486 3582 qui
1527 3515 1693 3586 [actus
1730 3522 1804 3568 est

218 3598 462 3664 mundus,
484 3613 616 3666 aqua
642 3598 915 3652 inttndatus
946 3599 1196 3668 deperiit:
1221 3611 1355 3656 terra
1405 3613 1574 3658 autem
1619 3613 1664 3658 et
1691 3605 1804 3659 caeli

217 3688 305 3754 qui
325 3705 460 3743 nunc
479 3699 618 3752 sunt,
647 3690 818 3744 eodem
841 3690 985 3745 verba
1017 3693 1221 3760 repositi
1247 3703 1362 3748 sunt
1392 3695 1496 3765 igni
1519 3696 1804 3749 reservandi

217 3779 240 3847 (
269 3777 312 3831 ll
349 3777 492 3834 Petr.
525 3796 602 3846 nt,
641 3781 740 3836 5-7
767 3782 807 3851 ).
835 3781 951 3836 Jam
979 3797 1105 3850 ergo
1129 3782 1262 3838 dixit
1296 3785 1497 3852 perisse
1517 3785 1680 3841 ccelos
1711 3801 1804 3856 per

217 3871 518 3924 diluvium:
553 3873 751 3941 perisse
779 3880 958 3928 autem
1008 3876 1252 3930 novimus
1293 3875 1461 3931 caelos
1509 3877 1802 3936 secundum

213 3963 570 4031 quantitatem
612 3973 668 4020 et
705 3963 876 4033 spatia
930 3965 1070 4022 aeris
1118 3965 1296 4036 hujus.
1361 3967 1610 4022 Excrevit
1659 3969 1802 4024 enim

217 4067 380 4124 aqua,
410 4060 462 4108 et
491 4061 653 4108 totam
682 4053 836 4110 istam
875 4056 1222 4126 capacitatem
1249 4057 1338 4112 ubi
1379 4071 1508 4112 aves
1559 4059 1798 4124 volitant,

217 4143 532 4214 occupavit;
563 4159 627 4200 ac
680 4145 758 4200 sic
800 4146 984 4216 utique
1030 4147 1151 4202 caeli
1201 4146 1470 4216 perierunt
1524 4149 1802 4220 pr0pinqui

219 4235 424 4290 terris:
480 4237 624 4302 cteli,
681 4238 972 4293 secundum
1023 4253 1158 4308 quos
1202 4237 1448 4294 dicuntur
1490 4253 1616 4294 aves
1657 4241 1799 4296 cadi.

215 4327 358 4382 Sunt
401 4337 578 4384 autem
605 4338 660 4385 et
681 4330 803 4386 cteli
829 4330 1086 4386 caelorum
1105 4329 1406 4400 superiores
1433 4331 1484 4386 in
1499 4331 1802 4389 firmamen-

219 4430 278 4474 ιο
307 4439 322 4474 :
349 4421 634 4478 sedutrum
659 4430 716 4478 et
761 4424 1122 4493 ipsi_,perituri
1167 4425 1274 4479 sint
1311 4424 1450 4496 igne,
1495 4441 1564 4483 an
1593 4427 1646 4484 Ιιί
1701 4429 1800 4484 soli

215 4511 346 4566 οωιί
377 4511 468 4582 qui
495 4513 654 4568 etiam
679 4513 876 4570 diluvio
917 4516 1204 4584 perierunt,
1235 4515 1548 4586 disceptatio
1595 4528 1678 4574 est
1700 4520 1802 4576 ali—

217 4612 424 4672 quanto
443 4606 804 4676 scrupulosior
827 4607 965 4664 inter
1005 4607 1210 4674 doctos,
1243 4623 1341 4663 nec
1369 4607 1540 4676 facile,
1571 4611 1802 4668 maxime

217 4697 276 4750 in
323 4697 566 4768 angustia
613 4699 886 4767 temporis,
935 4699 1184 4769 “plicari
1231 4706 1420 4768 potest.
1467 4700 1802 4758 Dimittamus

217 4803 353 4860 ergo
388 4805 506 4845 eam
533 4791 614 4846 vel
661 4790 1002 4858 differamus;
1052 4791 1355 4846 noverimus
1403 4800 1579 4848 tamen
1630 4793 1803 4863 perire

217 4881 346 4949 ista,
377 4879 542 4936 Deum
572 4897 806 4938 manere.
839 4882 904 4937 Et
927 4883 971 4938 si
999 4890 1214 4936 manent
1249 4882 1488 4952 qumdam
1513 4898 1632 4938 cum
1667 4883 1798 4952 Deo,

217 4986 342 5042 qua:
371 4969 510 5026 facta
549 4981 674 5030 sunt
712 4989 744 5028 a
772 4975 900 5040 Deo,
929 4989 1033 5029 non
1063 4982 1277 5028 manent
1297 4974 1438 5040 inse,
1461 4974 1554 5029 sed
1587 4975 1638 5029 in
1669 4976 1799 5041 Deo,

217 5079 328 5118 non
389 5064 742 5120 recedendoa
791 5067 920 5121 Deo.
966 5066 1100 5132 Quid
1147 5066 1548 5122 enimidicturi
1598 5083 1800 5135 sumus,

217 5153 436 5228 fratres,
454 5155 596 5225 quod
623 5157 808 5225 Angeli
839 5157 1056 5226 perituri
1085 5166 1208 5211 sunt
1257 5158 1396 5225 igne,
1419 5172 1524 5226 quo
1552 5157 1803 5212 incende-

216 5252 308 5298 tur
337 5244 568 5298 mundus
591 5243 617 5298 ἲ
644 5243 816 5300 Absit.
844 5245 947 5302 Sed
997 5247 1120 5315 quid
1145 5248 1169 5300 Ἰ
1203 5245 1438 5301 dicemus
1461 5246 1597 5316 quod
1627 5248 1802 5314 Ange-

215 5336 302 5391 los
340 5336 482 5390 Deus
505 5351 612 5392 non
649 5335 874 5392 fecerit?
899 5337 1066 5392 Absit.
1101 5337 1204 5392 Sed
1259 5337 1383 5407 quid
1426 5337 1662 5392 dicemus
1688 5338 1712 5392 Υ
1737 5338 1804 5393 Et

217 5428 364 5484 unde
389 5437 588 5494 essent,
616 5428 662 5482 si
689 5444 796 5483 non
825 5429 890 5482 ab
919 5430 1006 5483 illo
1037 5428 1158 5483 facti
1182 5429 1398 5484 essent?
1423 5428 1542 5500 Ipse
1569 5429 1726 5496 dixit,
1757 5438 1804 5483 et

217 5527 361 5594 facta
396 5533 550 5586 sunt;
590 5521 699 5589 ipse
724 5521 980 5576 mandavit
1013 5531 1058 5575 et
1082 5532 1247 5576 creata
1278 5531 1396 5576 sunt
1422 5520 1591 5596 (Psal.
1626 5538 1800 5590 χχιιι,

223 5613 306 5669 9t.
337 5612 548 5668 Dictum
577 5621 660 5668 est
685 5613 826 5668 enim
857 5611 980 5681 hoc,
1020 5627 1142 5668 cum
1168 5628 1388 5684 operum
1416 5613 1532 5688 ejus
1560 5627 1802 5670 comme-

287 5790 308 5823 ι
344 5794 419 5840 Er.
441 5796 562 5840 \‘cn.
589 5797 641 5842 et
683 5795 814 5854 Lov.,
838 5791 964 5855 quod
1058 5797 1112 5840 tt.

1329 377 1723 456 ENARBATIQ
1761 375 1828 432 IN
1863 367 2194 428 PSALMUII'
2219 373 2306 432 Cl.

3357 395 3504 456 ιω

1931 489 2158 545 moratio
2199 489 2388 560 fleret,
2433 493 2488 548 in
2529 493 2726 566 quibus
2749 505 2803 552 et
2827 497 3014 570 Angeli
3053 503 3308 562 nominati
3356 517 3504 565 sunt.

1929 576 2100 632 Erunt
2123 594 2250 650 ergo
2289 597 2408 638 cum
2447 583 2536 638 illo
2557 585 2780 655 Angeli,
2834 589 2992 644 etiam
3031 592 3228 650 mundo
3257 597 3378 666 igne
3403 598 3503 654 lla.

1927 679 2146 737 grante;
2177 679 2232 726 et
2251 674 2352 726 erit
2381 675 2680 730 incendium
2706 680 2910 748 mundi,
2937 697 3042 738 non
3069 684 3358 742 incendens
3381 704 3506 746 san-

1929 767 2045 848 ctos
2099 759 2192 814 Dei
2230 779 2246 814 :
2285 763 2426 832 quod
2478 765 2576 820 fuit
2623 768 2861 824 caminus
2909 773 3056 842 regis
3103 777 3272 834 tribus
3325 781 3508 848 pueris

1929 847 2089 921 (Dan.
2122 852 2204 924 nt)
2226 894 2241 919 ,
2275 853 2376 910 hoc
2402 856 2503 910 erit
2525 857 2716 914 ardens
2738 862 2966 918 mundus
2985 864 3144 934 justis
3164 869 3219 922 in
3248 847 3506 928 Trinitate

1927 941 2168 1010 signatis.

2001 1031 2086 1086 M.
2119 1031 2280 1088 Forte
2321 1035 2406 1092 hic
2433 1038 2598 1094 cmlos
2636 1041 2792 1096 etiam
2821 1058 2924 1098 non
2972 1045 3276 1116 importune
3313 1051 3508 1110 intelli-

1925 1123 2101 1190 gimus
2127 1123 2270 1192 ipsos
2303 1124 2478 1194 justus
2501 1167 2518 1190 ,
2559 1139 2770 1185 sanctos
2797 1132 2932 1196 Dei,
2977 1135 3026 1188 in
3067 1139 3259 1208 quibus
3283 1158 3508 1202 manens

1929 1211 2070 1266 Deus
2095 1211 2324 1268 intonuit
2349 1219 2648 1288 prmceptis,
2675 1225 2972 1278 coruscavit
3001 1229 3286 1294 miraculis,
3315 1233 3503 1292 imbri-

1926 1302 2107 1356 licavit
2133 1313 2324 1360 terram
2357 1308 2614 1376 sapientia
2643 1312 2912 1380 veritatis;
2952 1318 3072 1372 coeli
3113 1322 3254 1376 enim
3279 1337 3500 1382 enarra-

1927 1404 2122 1448 verunt
2166 1396 2388 1465 gloriam
2441 1400 2528 1454 Dei
2577 1401 2744 1472 (Psal.
2776 1420 2902 1460 xvnt
2930 1448 2942 1470 ,
2971 1408 3052 1478 ‘2).
3111 1409 3216 1466 Sed
3247 1417 3500 1487 numquid

1923 1483 2082 1539 etiam
2111 1485 2212 1556 ipsi
2239 1489 2483 1556 peribunt
2505 1490 2528 1529 ν
2553 1494 2634 1546 An
2655 1494 2948 1552 secundum
2973 1500 3256 1566 quemdam
3281 1483 3498 1563 modum

1923 1577 2216 1645 peribunt?
2255 1579 2556 1636 Secundum
2583 1599 2740 1654 quem
2773 1587 3026 1642 modum?
3071 1589 3374 1650 Secundum
3401 1612 3496 1652 ve-

1921 1667 2251 1723 stimentum.
2295 1669 2430 1736 Quid
2460 1683 2576 1738 est,
2614 1677 2905 1732 secundum
2943 1681 3355 1740 vestimentum?
3397 1685 3503 1744 Se-

1921 1760 2154 1816 cundum
2183 1776 2398 1831 corpus.
2445 1765 2826 1822 Vestimentum
2873 1770 3013 1824 enim
3044 1773 3234 1830 anima:
3263 1791 3496 1848 corpus;

1919 1848 2182 1908 Dominus
2234 1854 2376 1908 enim
2431 1858 2806 1914 vestimentum
2851 1863 3180 1934 nominavit,
3235 1867 3324 1924 ubi
3375 1871 3493 1928 ait:

1921 1937 2107 1996 Nonne
2132 1944 2301 1998 anitna
2323 1945 2438 2014 plus
2467 1958 2539 2002 est
2565 1966 2717 2019 quam
2745 1969 2860 2006 esca
2877 1994 2892 2016 ,
2937 1964 2982 2008 et
3004 1971 3185 2028 corpus
3214 1959 3330 2029 plus
3347 1979 3497 2028 quant

1919 2033 2258 2087 vestimentum
2285 2035 2494 2106 (Matth.
2527 2054 2600 2102 γι,
2626 2040 2718 2112 25)
2742 2042 2764 2094 ?
2789 2042 3064 2109 Quomodo
3089 2062 3216 2117 ergo
3243 2051 3376 2118 perit
3408 2067 3502 2108 ve-

1917 2123 2262 2180 stimentum?
2291 2126 2405 2182 Etsi
2429 2131 2642 2183 exterior
2667 2132 2814 2186 homo
2835 2144 3002 2188 noster
3021 2139 3380 2208 corrumpitur,
3407 2140 3497 2196 sed

1917 2213 2124 2268 interior
2151 2229 2417 2273 renovatur
2445 2221 2508 2274 tle
2535 2221 2615 2274 die
2633 2227 2683 2275 in
2709 2223 2840 2276 diem
2865 2225 2930 2295 (ll
2959 2226 3076 2280 Cor.
3111 2243 3184 2296 Iv,
3217 2231 3324 2302 16).
3356 2233 3496 2304 Ergo

1919 2301 2020 2372 ipsi
2051 2304 2334 2374 peribunt,
2365 2308 2460 2363 sed
2489 2311 2778 2366 secundum
2819 2329 3048 2384 corpus:
3081 2317 3156 2371 Tu
3183 2301 3348 2375 autem
3373 2301 3494 2392 pe}.

1916 2409 2110 2448 manes.
2149 2396 2204 2451 Si
2249 2413 2376 2468 ergo
2403 2401 2692 2456 secundum
2721 2417 2914 2472 corpus
2951 2407 3232 2476 peribunt,
3259 2412 3346 2466 ubi
3368 2428 3498 2485 ergo

1913 2487 2238 2540 resurrectio
2267 2490 2482 2546 carnis?
2514 2491 2600 2546 Ubl
2627 2495 2926 2564 exemplum
2959 2501 3316 2556 membrorum
3350 2505 3492 2574 quod

1916 2576 2258 2642 prtecessitin
2277 2581 2489 2646 capite?
2515 2583 2640 2636 ubi?
2673 2583 2760 2639 Vis
2781 2586 3003 2641 audire?
3031 2588 3352 2660 Mutabitur;
3385 2611 3494 2652 non

1915 2663 2019 2717 tale
2057 2665 2160 2720 erit
2201 2669 2358 2737 quale
2399 2670 2514 2724 fuit.
2561 2673 2698 2726 Audi
2740 2676 3048 2743 Apostolum
3081 2681 3386 2738 dicentem:
3422 2685 3494 2742 Et

1913 2755 2101 2810 mortui
2132 2767 2390 2830 resttrgent
2411 2762 2706 2833 incorrupti,
2738 2776 2784 2820 et
2810 2784 2900 2821 nos
2928 2769 3320 2830 immutabimur.
3343 2779 3491 2846 Quo-

1911 2848 2072 2904 modo
2108 2850 2542 2909 immutabimur?
2585 2855 2879 2913 Seminalur
2897 2878 3080 2932 corpus
3111 2867 3350 2934 animale,
3373 2887 3488 2924 sur-

1910 2949 1992 3009 get
2014 2957 2197 3012 corpus
2223 2946 2496 3014 spirituale
2526 2949 2566 3020 (Ι
2599 2947 2719 3004 Cor.
2743 2968 2834 3018 xv,
2865 2953 2952 3019 52,
2980 2956 3054 3026 4).
3087 2957 3226 3028 Ergo
3253 2962 3489 3020 sentina-

1913 3038 2000 3085 tur
2023 3036 2249 3090 mortale
2269 3078 2283 3101 ,
2315 3050 2554 3110 resurget
2598 3043 2894 3100 immortale
2918 3063 2933 3111 ;
2981 3051 3272 3105 seminatur
3298 3069 3490 3110 eorru-

1914 3121 2128 3190 ptibile,
2176 3140 2420 3198 resurget
2469 3132 2888 3202 incorruptibile.
2939 3138 3280 3198 Mutationem
3313 3146 3489 3216 itaque

1909 3225 2277 3282 erepectamus
2309 3221 2420 3275 :ita
2471 3225 2720 3292 peribunt
2761 3231 2914 3295 caeli,
2965 3239 3019 3285 et
3069 3233 3491 3296 immutabuntur

1908 3306 2050 3359 caeli.
2095 3306 2200 3362 Sed
2243 3311 2466 3368 fortasse
2493 3327 2797 3372 sanctorum
2837 3335 3059 3390 corpora
3090 3341 3192 3378 non
3225 3337 3368 3384 recte
3397 3329 3484 3384 di-

1907 3405 2102 3452 cuntur
2139 3399 2303 3456 cmli?
2344 3401 2397 3458 Si
2428 3419 2532 3458 non
2577 3417 2785 3474 portant
2829 3409 2994 3466 Dettm
3019 3453 3034 3477 ,
3067 3430 3174 3468 non
3201 3415 3308 3470 sint
3333 3420 3482 3474 caeli.

1911 3485 1978 3542 Et
2007 3489 2146 3544 unde
2168 3531 2184 3556 ,
2231 3492 2434 3562 inquit,
2484 3495 2611 3550 milii
2660 3499 2853 3568 probas
2880 3501 3000 3570 quia
3029 3513 3239 3572 portant
3267 3506 3483 3564 Deum?

1910 3577 2090 3650 Usque
2117 3580 2319 3637 adeone
2345 3586 2541 3640 excidit
2563 3589 2674 3653 tibi,
2701 3588 2992 3659 Cloriﬁcate
3025 3603 3070 3647 et
3098 3607 3292 3665 portate
3319 3597 3486 3654 Deum

1907 3669 1961 3724 in
1997 3689 2206 3744 corpore
2243 3685 2404 3730 uestro
2446 3677 2554 3748 (td.
2586 3694 2640 3734 Vl
2662 3721 2678 3748 ,
2719 3681 2848 3754 20)?
2878 3683 3016 3753 Ergo
3054 3687 3184 3742 tales
3211 3689 3334 3744 etnli
3367 3705 3490 3759 per-

1909 3763 2093 3828 ibunt,
2120 3765 2214 3820 sed
2265 3782 2368 3822 non
2401 3768 2452 3822 in
2475 3777 2768 3836 teternum;
2817 3774 3059 3842 peribunt
3099 3786 3156 3832 ut
3193 3790 3485 3838 mutentur.

1907 3853 1988 3906 An
2029 3869 2134 3908 non
2177 3855 2278 3910 hoc
2323 3857 2450 3912 dicit
2493 3859 2774 3916 Psalmus?
2823 3863 2963 3934 Lege
3011 3871 3286 3936 sequentia
3321 3887 3333 3924 :
3368 3889 3388 3923 ι
3423 3873 3490 3926 Et

1908 3958 2098 4000 omnes
2125 3945 2261 4002 sicut
2291 3950 2664 4006 vestimentum
2695 3962 3047 4024 veterascent,
3078 3968 3130 4012 et
3160 3959 3296 4018 sicut
3323 3979 3483 4037 oper-

1909 4037 2100 4090 torium
2127 4039 2360 4095 mutabis
2383 4055 2476 4096 eos
2498 4083 2514 4109 ,
2548 4051 2603 4112 et
2629 4045 3010 4112 mutabuntur;
3044 4057 3100 4103 tu
3127 4060 3302 4108 autem
3335 4053 3480 4110 idem

1909 4125 2022 4194 ipse
2047 4142 2124 4192 es,
2149 4137 2202 4183 et
2229 4131 2350 4184 anni
2383 4132 2454 4188 tui
2482 4149 2586 4188 non
2613 4134 2876 4192 deficient.
2895 4157 2914 4190 ι
2939 4139 3152 4196 Vestem
3183 4145 3352 4208 audis,
3386 4161 3481 4202 co-

1907 4219 2232 4288 orertorium
2259 4222 2410 4278 audis
2431 4265 2446 4290 ,
2496 4235 2550 4280 et
2573 4227 2716 4280 aliud
2759 4243 2917 4298 quam
2947 4245 3144 4302 corpus
3193 4235 3441 4308 intelligis
3461 4239 3486 4290 ἲ

1907 4307 2196 4379 Speremus
2235 4327 2365 4382 ergo
2412 4316 2572 4370 etiam
2611 4317 3031 4376 immutationem
3071 4307 3486 4394 eorporumrno-

1909 4408 2140 4455 strorum
2164 4443 2180 4468 ,
2231 4402 2328 4458 sed
2357 4411 2532 4462 tamen
2559 4407 2627 4462 ab
2665 4407 2757 4462 illo
2785 4409 2872 4478 qui
2899 4419 3012 4465 erat
3037 4423 3092 4468 et
3118 4423 3240 4470 ante
3269 4429 3366 4470 nos
3391 4455 3406 4480 ,
3435 4427 3489 4472 et

1907 4500 2089 4548 manet
2111 4503 2232 4564 post
2258 4511 2385 4561 nos;
2413 4512 2444 4550 a
2470 4513 2574 4567 quo
2601 4513 2786 4554 sumus
2813 4501 2956 4570 quod
2984 4517 3170 4560 sumus
3191 4547 3208 4572 ,
3237 4506 3306 4561 ad
3327 4523 3484 4578 quem

1907 4585 2184 4642 reniemus
2211 4601 2333 4642 cum
2363 4586 2624 4644 fuerimus
2639 4591 2864 4659 mutati;
2893 4602 3208 4663 mutantem,
3235 4612 3341 4654 non
3367 4615 3486 4654 mu-

1911 4686 2106 4742 tatum;
2154 4679 2434 4734 facientem
2461 4722 2476 4748 ,
2527 4697 2634 4737 non
2663 4682 2894 4750 factum;
2933 4694 2986 4740 et
3017 4697 3318 4746 moventem
3343 4733 3360 4760 ,
3391 4692 3488 4748 sed

1909 4776 2251 4836 manentem;
2275 4781 2329 4825 et
2355 4772 2622 4840 quomodo
2651 4773 2872 4845 intelligi
2899 4791 2928 4828 a
2958 4792 3120 4834 carne
3145 4789 3200 4836 et
3228 4783 3488 4852 sanguine

1909 4867 2120 4929 potest,
2166 4859 2281 4930 Ego
2316 4877 2427 4914 sum
2471 4862 2556 4932 qui
2583 4878 2737 4918 sum:
2767 4863 2843 4918 Tu
2881 4880 2996 4920 vero
3029 4867 3161 4922 idem
3185 4869 3294 4940 ipse
3317 4887 3405 4937 es,
3441 4883 3489 4928 et

1907 4947 2031 5002 anni
2052 4949 2125 5002 tui
2153 4965 2254 5002 non
2277 4948 2534 5017 deﬁcient.
2580 4950 2687 5006 Sed
2712 4967 2810 5006 nos
2829 4953 2894 5008 ad
2925 4954 3045 5010 illos
3064 4973 3234 5012 annos
3257 4975 3380 5014 cum
3403 4959 3487 5014 his

1909 5043 2160 5115 pannosis
2200 5046 2353 5098 annis
2379 5044 2506 5114 quid
2550 5047 2780 5101 sumus?
2828 5046 2896 5102 Et
2929 5049 3002 5103 illi
3033 5051 3122 5120 qui
3161 5051 3324 5106 sunt?
3377 5051 3486 5110 Nec

1913 5149 2088 5191 tamen
2130 5135 2416 5204 desperare
2459 5137 2731 5192 debemus.
2778 5137 2894 5193 iam
2943 5141 3084 5196 enim
3115 5142 3484 5211 magnitudine

1909 5227 2136 5297 quadam
2165 5237 2218 5282 et
2243 5227 2556 5282 excellentia
2583 5229 2856 5298 sapientia:
2877 5230 3101 5296 dixerat,
3133 5229 3246 5300 Ego
3264 5247 3376 5285 sum
3396 5235 3484 5304 qui

1907 5336 2060 5385 sum;
2090 5329 2144 5376 et
2172 5329 2347 5376 tamen
2378 5321 2444 5376 ad
2477 5337 2574 5377 nos
2595 5322 2967 5386 consolandos,
2993 5322 3104 5391 Ego
3126 5339 3257 5388 sum,
3289 5324 3482 5394 inquit,

1907 5413 2047 5468 Deus
2067 5413 2322 5467 Abraham
2348 5455 2363 5480 ,
2400 5423 2447 5467 et
2471 5412 2609 5467 Deus
2636 5412 2784 5467 Isaac
2803 5455 2816 5478 ,
2845 5423 2892 5466 et
2918 5413 3050 5466 Deus
3075 5413 3238 5468 Jacob
3261 5432 3280 5469 :
3309 5427 3362 5472 et
3385 5433 3485 5475 nos

1908 5503 2137 5562 Abraltzn
2167 5521 2349 5561 semen
2376 5521 2559 5560 sumus
2591 5505 2782 5578 (Gn/at.
2809 5521 2883 5568 tu,
2912 5505 3003 5576 ‘29)
3039 5524 3052 5560 :
3085 5517 3139 5561 et
3169 5523 3266 5563 nos
3295 5525 3486 5580 quam-

1907 5599 1989 5654 vis
2015 5597 2209 5668 abjecti
2231 5637 2247 5664 ,
2271 5597 2512 5667 quamvis
2550 5605 2690 5651 term
2718 5605 2772 5650 et
2797 5596 2950 5660 cinis,
2984 5596 3034 5650 in
3065 5599 3155 5652 illo
3183 5614 3484 5669 speramus.

1905 5687 2074 5744 Servi.
2101 5701 2318 5752 sumus;
2361 5685 2456 5740 sed
2489 5693 2711 5756 propter
2739 5699 2836 5738 nos
2861 5685 3114 5743 Dominus
3149 5702 3332 5746 noster
3370 5691 3480 5749 for-

1909 5793 2051 5836 mam
2071 5778 2210 5834 servi
2239 5775 2444 5846 accepit
2469 5774 2730 5848 (Philipp.
2757 5791 2816 5844 ιι,
2848 5777 2904 5848 7)
2931 5795 2942 5830 :
2977 5790 3194 5852 propter
3219 5797 3316 5840 nos
3343 5797 3484 5838 mor-
