4058 6472
624 324 762 383 1315

623 441 755 495 tales
783 440 799 470 ⁸
825 435 1143 492 immortalis
1164 435 1301 491 mori
1325 444 1512 502 votmt,
1543 441 1760 505 propter
1777 447 1873 488 nos
1899 431 2001 488 hoc
2020 433 2201 487 'exemo

621 529 769 597 plum
811 526 1223 582 resurrectionis
1257 523 1514 580 ostendit.
1545 523 1686 593 Ergo
1713 537 1988 592 speremus
2015 531 2204 575 ventu-

620 633 712 674 ros
739 632 836 673 nos
857 616 925 672 ad
957 616 1055 670 hos
1079 631 1250 670 annos
1277 624 1480 669 stantes
1502 655 1518 680 ,
1548 614 1602 668 in
1628 614 1822 683 quibus
1850 628 1956 666 non
1977 611 2202 668 circuitu

622 710 754 766 solis
780 717 1108 778 peraguntur
1128 707 1273 772 dies,
1303 706 1399 761 sed
1425 712 1606 760 manet
1639 704 1779 776 quod
1809 713 1893 760 est
1918 704 2070 760 sicuti
2098 709 2200 768 est,

621 801 744 872 quia
779 800 880 854 hoc
909 798 1081 853 solum
1112 807 1237 852 Vere
1257 805 1358 851 est.

691 893 778 948 15.
811 891 957 964 [vers.
983 889 1098 962 29.]
1127 889 1235 943 Nos
1264 897 1440 942 autem
1469 897 1645 942 utrum
1671 885 1955 956 aliquando
1983 885 2054 939 ibi
2081 898 2202 939 esse

619 986 886 1056 possimus
913 985 1018 1039 dic.
1041 983 1199 1047 Audi,
1229 989 1285 1036 et
1305 982 1427 1036 vide
1451 990 1625 1034 utrum
1655 980 1850 1034 debeas
1878 978 2162 1046 desperare
2185 992 2199 1039 ;

617 1077 744 1131 audi
785 1075 924 1145 quod
956 1075 1198 1144 sequitur
1232 1092 1245 1126 :
1281 1071 1407 1126 Filii
1435 1088 1688 1127 servorum
1723 1079 1923 1124 tuorum
1957 1067 2206 1121 inhabita-

621 1173 769 1223 bunt.
801 1167 900 1222 Ubi
935 1165 1033 1218 nisi
1060 1166 1110 1217 in
1136 1164 1288 1218 annis
1318 1179 1422 1216 non
1449 1160 1856 1217 deﬁcientibus?
1887 1158 2013 1211 Filii
2040 1174 2205 1211 servo-

619 1275 736 1312 rum
767 1268 968 1311 tuorum
993 1255 1375 1318 inhabitabant;
1404 1262 1448 1306 et
1477 1270 1644 1307 semen
1673 1267 1844 1305 eorum
1877 1251 1930 1302 in
1965 1248 2205 1302 sa'culum

620 1350 867 1419 dirigetur
887 1350 908 1378 ⁸
939 1365 953 1400 :
978 1348 1029 1400 in
1051 1346 1302 1400 smculum
1333 1345 1532 1411 saeculi,
1561 1345 1612 1397 in
1643 1342 1896 1397 saeculum
1921 1350 2200 1402 mternum,

621 1439 678 1492 in
706 1438 960 1493 saeculum
990 1450 1232 1490 manens.
1261 1433 1364 1490 Sed
1395 1435 1528 1503 ﬁlii,
1560 1433 1762 1503 inquit,
1796 1447 2051 1486 servorum
2089 1440 2204 1483 tuo-

621 1547 734 1582 rum
762 1545 780 1582 :
801 1527 1143 1583 metuendum
1169 1542 1236 1582 ne
1263 1542 1362 1582 nos
1379 1526 1517 1582 servi
1545 1525 1901 1591 Dcisimus,et
1927 1524 2018 1577 ﬁlii
2038 1523 2205 1578 nostri

618 1621 695 1676 ibi
712 1621 869 1676 futuri
887 1621 1010 1683 sint,
1036 1635 1138 1674 non
1153 1635 1247 1676 nos
1266 1619 1408 1676 ?Aut
1428 1619 1470 1674 si
1493 1634 1589 1677 uos
1606 1619 1698 1672 ﬁlii
1710 1632 1891 1673 sumus
1906 1631 2204 1686 servorum,

619 1715 743 1789 quia
760 1715 850 1772 lilii
873 1732 1054 1772 sumus
1068 1715 1440 1787 Apostolorum
1451 1757 1464 1779 ,
1482 1713 1609 1784 quid
1624 1713 1814 1768 dicturi
1834 1727 2016 1766 sumus
2027 1712 2050 1765 ?
2061 1711 2208 1779 Quae-

622 1825 743 1866 nam
761 1810 967 1865 tandem
980 1808 1196 1863 audacia
1211 1818 1314 1862 tam
1330 1807 1507 1861 infelix
1522 1806 1746 1860 ﬁliorum
1761 1803 2207 1865 subnascentium,

623 1909 680 1956 et
700 1901 898 1955 recenti
919 1899 1262 1954 successione
1281 1897 1640 1968 gloriantium,
1661 1911 1779 1964 quae
1790 1895 1981 1948 audeat
1997 1893 2174 1948 dicere
2191 1909 2204 1945 :

625 1992 735 2049 Nos
764 1993 834 2048 ibi
867 1993 1095 2059 erimus;
1129 1992 1369 2061 Apostoli
1399 1990 1470 2045 ibi
1501 2003 1606 2043 non
1635 1986 1835 2042 erunt?
1875 1986 2028 2042 Absit
2055 1985 2154 2039 hoc
2177 1999 2206 2038 a

623 2085 822 2155 pietate
835 2083 1080 2147 ﬁliorum,
1106 2083 1244 2136 absit
1259 2098 1286 2134 a
1306 2082 1408 2135 ﬁde
1426 2079 1785 2150 parvulorum,
1805 2078 1942 2132 absit
1962 2076 2028 2130 ab
2048 2076 2205 2130 intel-

629 2175 845 2246 ligentia
893 2173 1192 2244 grandiora.
1245 2173 1319 2226 lbi
1363 2179 1519 2226 erunt
1557 2178 1612 2224 ει
1657 2168 1900 2239 Apostoli
1951 2185 1966 2221 ι
2016 2168 2207 2221 arietes

619 2266 952 2337 praecedunt,
984 2265 1104 2336 agni
1142 2274 1454 2333 sequuntur.
1485 2263 1662 2330 Quare
1699 2276 1858 2330 ergo,
1890 2260 2012 2314 Filii
2038 2275 2205 2313 servo-

618 2373 734 2410 rum
760 2366 994 2422 tuorum;
1017 2365 1072 2410 et
1095 2369 1197 2409 non
1224 2354 1290 2409 dc
1319 2352 1636 2423 compendio
1660 2395 1675 2419 ,
1709 2351 1860 2406 Servi
1889 2351 2000 2404 tui?
2030 2350 2098 2403 Et
2126 2349 2205 2402 illi

616 2447 756 2503 servi
779 2447 872 2514 tui,
901 2454 954 2501 et
982 2446 1070 2498 ﬁlii
1105 2461 1288 2500 eorum
1327 2445 1466 2499 servi
1505 2443 1604 2506 tui,
1635 2451 1689 2496 ει
1714 2442 1932 2495 istorum
1976 2441 2066 2494 lilii
2111 2456 2205 2493 ne-

616 2545 772 2607 potes
797 2537 1025 2600 illorum,
1051 2535 1199 2605 quid,
1229 2535 1328 2588 nisi
1357 2534 1497 2589 servi
1524 2532 1634 2587 tui?
1660 2531 1859 2586 Omnes
1887 2528 2208 2598 compendio

619 2629 924 2684 includeres
948 2670 962 2693 ,
1003 2628 1046 2682 si
1079 2627 1289 2681 diceres
1323 2645 1335 2678 :
1368 2625 1520 2680 Servi
1564 2625 1636 2678 tui
1679 2622 2070 2677 inbabitabunt.
2118 2620 2209 2674 Vi-

618 2720 840 2776 deamus
866 2718 993 2789 quid
1028 2732 1125 2772 nos
1161 2717 1389 2771 voluerit
1414 2716 1725 2769 admonere.
1755 2713 1850 2767 Est
1879 2713 2021 2767 enim
2055 2709 2210 2781 quid-

616 2811 738 2866 dam
764 2819 968 2881 gestum
996 2810 1046 2863 in
1071 2808 1339 2878 prioribus
1358 2807 1594 2861 saeculis.
1615 2806 1721 2860 Per
1741 2804 2085 2875 quadraginta
2114 2818 2208 2856 an-

617 2918 716 2961 nos
745 2902 841 2958 ﬁlii
880 2903 1040 2957 Israel
1084 2901 1247 2955 attriti
1279 2907 1402 2954 sunt
1425 2899 1494 2953 in
1542 2913 1726 2954 eremo
1755 2914 1768 2950 :
1801 2897 1980 2950 nullus
2022 2911 2205 2948 corum

621 2995 840 3050 intravit
893 2994 944 3048 in
995 3001 1190 3047 terram
1236 2988 1629 3061 promissionis,
1683 2986 1778 3041 sed
1828 2986 1918 3042 ﬁlii
1973 3000 2197 3049 eorum;

614 3088 882 3142 intrarunt
908 3100 1057 3152 sane,
1090 3086 1211 3154 quia
1241 3085 1311 3138 ita
1337 3083 1702 3145 recordamur,
1737 3081 1838 3135 nisi
1871 3079 2048 3143 fallor,
2076 3078 2202 3142 duo,

613 3178 793 3232 caeteri
822 3194 925 3231 non
957 3175 1142 3246 (Num.
1174 3190 1288 3241 xxv,
1317 3174 1411 3241 29,
1440 3172 1552 3245 50).
1583 3173 1851 3226 Intrarunt
1875 3170 1943 3225 de
1969 3178 2046 3224 tot
2074 3169 2196 3223 mil-

526 3328 539 3342 .
614 3271 754 3326 libus
784 3269 909 3324 duo.
949 3268 1267 3322 Laboratum
1297 3275 1378 3320 est
1404 3280 1525 3319 cum
1553 3265 1631 3319 eis
1666 3270 1868 3317 tantum
1903 3280 1915 3315 :
1944 3260 2037 3315 sed
2067 3260 2206 3314 Deus

611 3375 720 3414 non
749 3360 984 3421 laborat;
1015 3367 1160 3412 certe
1191 3357 1572 3411 laboraverunt
1600 3354 1740 3409 servi
1771 3352 1958 3423 ipsius.
1991 3352 2199 3419 Quanta

613 3451 862 3520 pertulit,
891 3458 1086 3519 quanta
1131 3447 1332 3501 audivit
1369 3446 1580 3516 Moyses
1619 3459 1717 3514 pro
1755 3442 2057 3496 hominibus
2095 3456 2202 3495 non

613 3540 889 3594 intraturis
920 3539 972 3592 in
1010 3548 1204 3593 terram
1238 3537 1651 3606 promissionis?
1692 3535 1956 3588 Intrarunt
1991 3533 2081 3587 ﬁlii
2109 3548 2203 3588 eo-

616 3646 763 3696 rum,
793 3631 917 3700 quid
936 3628 1199 3699 signiﬁcat
1217 3629 1241 3682 ?
1262 3628 1527 3682 Intrarunt
1553 3627 1673 3680 novi
1697 3625 1960 3690 homines,
1989 3631 2199 3680 veteres

611 3738 719 3778 non
750 3723 1027 3776 intrarunt.
1065 3721 1189 3776 lndc
1207 3728 1381 3775 tamen
1411 3719 1818 3787 iutraruntduo,
1847 3734 1982 3773 unus
2003 3727 2058 3774 et
2078 3719 2200 3772 uni-

613 3823 725 3881 tas,
765 3824 1013 3884 tanquam
1044 3821 1203 3882 caput
1237 3821 1289 3867 ει
1318 3826 1514 3880 corpus
1534 3854 1548 3878 ,
1578 3811 1819 3867 Christus
1845 3819 1899 3865 et
1937 3810 2200 3876 Ecclesia,

611 3921 734 3962 cum
766 3891 909 3960 omni
943 3905 1028 3960 illa
1067 3909 1300 3958 novitate
1325 3945 1338 3966 ,
1371 3902 1424 3957 id
1451 3910 1534 3958 est
1572 3903 1822 3957 ﬁliorum.
1869 3901 2010 3972 Ergo
2034 3941 2048 3966 ,
2076 3900 2204 3955 Filii

610 4016 865 4055 servorum
889 4008 1089 4052 tuorum
1118 3995 1485 4051 inhabitabant.
1537 3993 1663 4048 Filii
1704 4009 1996 4057 servorum,
2041 4007 2202 4062 opera

611 4107 886 4148 servorum
919 4098 1044 4144 sunt
1071 4106 1086 4154 ;
1145 4105 1301 4144 nemo
1332 4089 1399 4142 ibi
1453 4087 1738 4154 habitabit,
1790 4086 1890 4140 nisi
1920 4101 2014 4156 per
2037 4099 2199 4154 opera

609 4197 727 4236 sua.
756 4180 890 4246 Quid
912 4181 1070 4250 igitur
1096 4189 1198 4246 est,
1231 4189 1284 4233 et
1313 4179 1403 4231 lilii
1435 4177 1786 4231 habitabant?
1813 4175 1982 4230 Nemo
2008 4175 2203 4245 glorie-

609 4279 700 4325 tur
725 4285 783 4324 sc
810 4270 1198 4332 habitatorum,
1229 4269 1274 4321 si
1302 4267 1431 4322 dicit
1457 4281 1515 4321 se
1543 4281 1756 4320 servum
1791 4265 1908 4332 Dei,
1941 4273 1995 4319 et
2037 4279 2200 4335 opera

609 4377 717 4416 non
746 4360 940 4423 habet;
986 4376 1090 4415 non
1119 4361 1259 4413 enim
1292 4358 1604 4412 habitabant
1647 4359 1748 4412 nisi
1796 4357 1909 4412 ﬁlii.
1951 4357 2087 4424 Quid
2119 4367 2202 4414 est

608 4465 738 4519 ergo
757 4491 771 4513 ,
810 4447 933 4501 Filii
973 4464 1230 4502 servorum
1259 4457 1461 4501 tuorum
1499 4447 1848 4500 inhabitabant
1873 4447 1898 4501 ?
1924 4447 2077 4502 Servi
2105 4461 2200 4518 per

609 4553 773 4608 opera
799 4553 895 4592 sua
925 4537 1309 4602 inhabitabant,
1342 4535 1482 4591 servi
1511 4550 1606 4604 per
1626 4536 1762 4590 ﬁlios
1788 4551 1916 4591 suos
1938 4537 2200 4592 inhabita-

610 4629 763 4684 bunt.
783 4629 898 4682 Noli
929 4644 1055 4698 ergo
1085 4642 1204 4682 esse
1232 4627 1446 4692 sterilis,
1477 4627 1521 4681 si
1538 4628 1616 4680 vis
1637 4627 1906 4694 habitare;
1940 4630 2200 4698 prmmitte

610 4719 752 4776 fctus
773 4736 906 4790 quos
926 4720 1182 4789 sequaris,
1214 4718 1603 4788 prmmittendo,
1631 4735 1735 4773 non
1763 4719 2049 4776 elierendo.
2077 4722 2198 4777 Filii

615 4812 693 4866 tui
743 4822 792 4866 te
821 4810 1086 4865 deducant
1114 4810 1179 4864 ad
1213 4819 1405 4865 terram
1432 4810 1802 4880 promissionis
1825 4851 1839 4876 ,
1880 4819 2072 4865 terram
2113 4815 2197 4866 vi-

607 4903 990 4969 ventium,non
1017 4902 1354 4958 morientium
1385 4918 1398 4954 :
1431 4917 1550 4957 cum
1577 4901 1662 4955 hic
1694 4901 1829 4955 vivis
1858 4902 1910 4956 in
1939 4902 2037 4957 hac
2063 4918 2192 4973 per-

606 4993 968 5065 egrinatione,
997 4993 1075 5047 illi
1124 4979 1473 5058 antecedant,
1503 4993 1799 5062 suscipiant
1827 5001 1878 5048 te
1899 4992 1943 5045 ³.
1971 4993 2197 5063 Propter

608 5085 954 5142 refectionem
984 5085 1271 5150 carnalem,
1302 5085 1438 5138 lilius
1469 5085 1754 5140 antecessit
1777 5085 1940 5140 Jacoh
1961 5087 2012 5139 in
2030 5085 2194 5156 Egy-

607 5189 758 5247 ptum
781 5220 794 5243 ,
825 5189 881 5234 et
908 5177 982 5232 ait
1008 5178 1144 5248 patri
1171 5191 1267 5231 suo
1296 5185 1350 5230 et
1380 5175 1630 5230 fratribus
1659 5179 1770 5232 suis
1800 5195 1812 5231 :
1844 5177 1955 5248 Ego
1979 5179 2192 5248 prazveni

608 5289 902 5343 praeparare
943 5272 1078 5326 vobis
1103 5288 1241 5326 escas
1269 5268 1420 5343 (Gen.
1445 5287 1574 5337 xcv,
1611 5263 1684 5342 7).
1726 5272 2035 5328 Praecedant
2063 5289 2192 5345 ergo

607 5463 652 5507 in
667 5405 804 5507 ινὲἰε
828 5417 940 5465 vox,
963 5402 1206 5465 mortales,
1233 5409 1284 5453 et
1313 5404 1536 5467 proximo
1557 5401 1678 5451 infra
1715 5401 1841 5462 loco,
1868 5415 1970 5463 nos,
1994 5417 2089 5453 non
2113 5412 2190 5456 est

603 5476 652 5512 In
677 5473 782 5512 Μεε.

667 5526 687 5596 ξ
722 5525 854 5596 ιςρἀ
868 5523 928 5596 in
948 5524 1178 5596 arculum
1199 5525 1365 5596 εφαιιὶ
1389 5525 1641 5596 dirigetur.
1659 5525 1822 5596 Abest,
1842 5524 2029 5596 siccati,
2042 5535 2184 5596 aMss.

667 5587 689 5618 ³
721 5587 792 5659 sic
834 5587 1016 5659 aliquot
1039 5596 1142 5659 mss.
1168 5587 1272 5659 Alii,
1297 5587 1576 5659 suscipiente
1599 5592 1862 5659 lepropter
1881 5589 2189 5659 refectionem

603 5645 847 5718 carnalem
869 5644 1286 5718 ﬁliosfntecessit
1314 5644 1494 5718 Joseplr
1522 5644 1686 5718 (acab,
1712 5644 1806 5699 et'c.
1833 5644 1948 5718 Edd.’
1973 5652 2186 5718 γει-(ξιξε-

603 5710 813 5775 rebant:
849 5709 1109 5775 mcipitmt
1130 5720 1175 5761 re
1196 5716 1389 5775 propter
1410 5709 1716 5775 refectionem
1744 5713 2007 5761 carnalem.
2033 5711 2186 5765 Filius

601 5771 777 5832 Joseph
803 5769 1052 5824 antecessit
1082 5769 1246 5832 Jacab,
1273 5769 1367 5822 etc.

1857 319 1915 377 S.
1958 315 2324 377 AUGUSTINI
2360 318 2658 378 EPISCOPI

3757 335 3890 392 1316

2315 432 2408 488 ﬁlii
2449 435 2518 488 tui
2543 476 2556 499 ,
2600 436 2903 504 prmeedant
2933 445 2986 494 te
3022 454 3184 511 opera
3216 449 3301 497 tua
3331 459 3344 496 :
3373 427 3568 515 quales.
3588 443 3728 502 ﬁlios
3751 463 3888 516 prae-

2310 525 2542 591 miscris,
2567 529 2699 581 tales
2730 529 2746 558 ¹
2779 537 2833 584 ει
2857 533 3114 601 sequeris.

2323 657 3750 682 Ἣ

3754 670 3882 685 ..δ’

2806 737 2887 797 ΙΝ
2923 738 3300 802 PSALMUM
3342 741 3447 804 CII

2880 859 3296 916 ENARBATIO.

2946 953 3116 1028 sentio
3156 975 3257 1047 (a).

2383 1105 2431 1158 l.
2464 1103 2614 1177 [i-ers.
2648 1105 2722 1180 1.]
2747 1107 2802 1162 ln
2833 1111 2978 1163 omni
3009 1127 3230 1167 munere
3261 1113 3471 1168 Domini
3502 1116 3592 1172 Dei
3627 1119 3820 1184 nostri,
3846 1120 3894 1174 in

2310 1197 2456 1249 omni
2487 1197 2601 1265 ejus
2628 1200 3013 1265 consolatione,
3049 1201 3102 1256 in
3129 1203 3272 1256 omni
3303 1207 3660 1276 correptione,
3696 1210 3750 1263 in
3781 1226 3897 1279 gra—

2311 1289 2381 1341 tia
2429 1305 2584 1357 quam
2629 1289 2828 1347 donare
2871 1292 3116 1362 dignatus
3156 1303 3271 1360 est,
3319 1295 3372 1349 in
3422 1297 3750 1368 indulgentia
3796 1316 3897 1370 qua

2309 1379 2465 1434 nobis
2512 1395 2618 1434 non
2672 1381 2774 1437 hoc
2825 1383 3053 1437 reddidit
3097 1385 3235 1453 quod
3263 1385 3528 1450 debebat,
3562 1388 3614 1441 in
3646 1390 3897 1443 omnibus

2313 1471 2563 1540 aperibus
2587 1472 2722 1542 ejus,
2747 1474 3024 1530 benedicat
3051 1477 3224 1530 anima
3245 1488 3423 1531 nostra
3453 1479 3762 1536 Dominum.
3785 1482 3898 1537 Hoc

2310 1565 2450 1617 enim
2491 1566 2854 1630 cantavimus;
2888 1567 3010 1621 inde
3038 1568 3221 1636 incipit
3247 1568 3518 1634 Psalmus,
3561 1570 3628 1626 de
3667 1587 3778 1641 quo
3819 1573 3898 1628 lo-

2311 1670 2555 1726 quemnr,
2587 1653 2820 1714 donante
2847 1657 2985 1729 ipso,
3018 1659 3156 1731 quod
3190 1675 3493 1731 possumus,
3523 1677 3681 1735 quem
3716 1674 3899 1722 nostra

2312 1748 2484 1802 anima
2515 1749 2801 1806 benedicit.
2833 1751 3204 1823 Unusquisque
3235 1764 3472 1809 nostrum
3500 1757 3700 1812 excitet
3725 1767 3781 1812 et
3810 1773 3902 1814 ex-

2315 1840 2556 1896 hortctur
2583 1844 2811 1897 animam
2843 1860 2992 1898 suam
3013 1887 3030 1910 ,
3069 1855 3122 1899 et
3151 1847 3290 1900 dicat
3317 1848 3365 1900 ei
3401 1865 3414 1901 :
3444 1845 3665 1902 Benedic
3685 1892 3699 1913 ,
3730 1851 3904 1904 anima

2313 1948 2455 1997 mea,
2487 1932 2779 1986 Dominum.
2810 1934 2877 1988 Et
2903 1951 3090 1989 omnes
3130 1951 3259 2003 nos,
3307 1947 3360 1991 et
3399 1939 3487 2006 qui
3535 1939 3732 2009 ubique
3775 1951 3902 1994 sunt

2313 2022 2504 2078 fratres
2535 2025 2585 2078 in
2617 2025 2861 2091 Christo,
2894 2042 3028 2080 unus
3069 2027 3262 2092 homo,
3293 2029 3444 2095 cujus
3478 2039 3637 2098 caput
3677 2031 3730 2084 in
3763 2033 3904 2086 caelo

2313 2124 2413 2179 est,
2444 2115 2760 2170 exhortetur
2787 2117 2898 2186 ipse
2929 2133 3067 2172 unus
3093 2118 3252 2172 homo
3278 2119 3510 2173 animam
3537 2135 3709 2184 suam,
3741 2132 3794 2176 et
3821 2123 3903 2176 di-

2312 2215 2396 2260 cat
2422 2207 2468 2259 ei
2496 2223 2507 2258 :
2539 2203 2757 2259 Benedic
2778 2248 2792 2271 ,
2832 2209 3003 2260 anima
3026 2224 3166 2274 mea,
3200 2208 3490 2261 Dominum.
3521 2209 3770 2275 Obaudit,
3801 2214 3904 2267 ob-

2315 2306 2601 2365 temperat,
2653 2297 2777 2352 facit
2822 2297 2955 2359 hoc,
3005 2298 3354 2368 persuadetur
3383 2299 3467 2365 ei,
3511 2315 3614 2353 non
3653 2317 3719 2355 ex
3745 2300 3906 2356 donis

2315 2387 2544 2450 nostris,
2573 2388 2668 2442 scd
2695 2403 2760 2442 ex
2797 2389 2939 2442 illius
2963 2405 3121 2458 quem
3162 2388 3429 2444 bcnedicit
3466 2392 3643 2445 anima
3692 2401 3900 2446 nostra.

2311 2475 2556 2545 Suscepit
2601 2477 2742 2531 enim
2787 2479 3022 2548 psalmus
3072 2479 3172 2533 istc
3215 2478 3496 2534 ostendere
3542 2481 3696 2536 nobis
3736 2497 3907 2552 quare

2313 2567 2597 2622 benedicat
2621 2569 2795 2622 anima
2822 2577 2999 2624 nostra
3025 2569 3325 2633 Dominum,
3349 2570 3497 2639 quasi
3520 2571 3566 2624 ei
3587 2573 3905 2641 respondis-

2313 2667 2396 2713 set
2423 2659 2597 2713 anima
2626 2674 2718 2713 sua
2743 2677 2756 2713 :
2789 2659 2962 2726 Quare
2987 2659 3114 2714 mihi
3139 2660 3291 2726 dicis,
3317 2661 3545 2716 Benedic
3575 2663 3903 2720 Dominum!

2312 2749 2605 2804 Audiamus
2636 2765 2784 2821 ergo,
2817 2748 3003 2806 audiat'
3028 2752 3140 2822 ipsa
3168 2753 3342 2806 anima
3365 2761 3561 2817 nostra,
3591 2755 3908 2810 consideret

2313 2843 2490 2894 omnia
2519 2842 2710 2911 quibus
2737 2843 3030 2909 excitetur,
3062 2858 3129 2898 ne
3169 2845 3316 2913 pigra
3345 2845 3414 2898 sit
3440 2845 3490 2898 in
3528 2845 3908 2904 benedictione

2314 2931 2556 2996 Domini;
2590 2939 2644 2986 et
2668 2932 2843 2986 videat
2872 2949 2936 2986 an
2963 2933 3166 3001 justum
3196 2934 3264 2987 sit
3291 2933 3432 3002 quod
3473 2934 3520 2989 ei
3548 2933 3764 3003 dicitur,
3794 2936 3907 2993 Be-

2312 3025 2454 3077 nedic
2474 3067 2488 3087 ,
2530 3027 2700 3078 anima
2725 3041 2835 3079 mea
2854 3066 2869 3090 ,
2898 3024 3172 3079 Dominum
3197 3041 3216 3079 :
3241 3025 3418 3080 videat
3461 3027 3504 3080 si
3550 3027 3712 3083 debet
3753 3028 3907 3084 aliud

2312 3115 2627 3171 benedicere
2657 3127 2850 3186 praeter
2877 3119 3180 3172 Dominum.
3209 3117 3428 3172 Benedic
3447 3161 3461 3185 ,
3493 3118 3696 3189 inquit,
3726 3122 3908 3177 animo

2284 3247 2288 3252 .
2311 3223 2441 3271 mea,
2473 3205 2768 3260 Dominum.

2381 3298 2435 3352 2.
2463 3299 2675 3368 Repetit
2710 3299 2814 3354 hoc
2836 3342 2852 3367 ,
2882 3308 2936 3356 et
2964 3301 3270 3369 expressius
3298 3300 3427 3356 dicit
3471 3301 3612 3371 quod
3654 3302 3903 3371 dixerat,

2287 3426 2289 3428 -
2311 3387 2547 3454 Benedic,
2567 3392 2736 3443 anima
2760 3409 2889 3457 mea,
2914 3391 3182 3444 Dominum
3204 3407 3224 3445 .'
3246 3402 3293 3446 et
3314 3394 3482 3449 omnia
3504 3395 3743 3446 interiora
3764 3412 3903 3460 mea,

2310 3498 2488 3536 nomen
2516 3494 2741 3538 sanctum
2772 3485 2901 3549 eius.
2932 3485 3066 3538 Puto
3092 3486 3212 3555 quia
3247 3501 3356 3539 non
3385 3487 3448 3539 ad
3489 3487 3740 3540 interiora
3768 3503 3902 3542 cor-

2317 3574 2462 3643 poris
2503 3574 2767 3644 loquitur;
2809 3585 2938 3645 puto
2983 3591 3104 3630 eum
3145 3591 3248 3629 non
3277 3576 3378 3630 hoc
3403 3576 3600 3640 dicere,
3631 3586 3686 3630 ut
3717 3579 3906 3646 pulmo

2312 3676 2492 3722 noster
2522 3675 2572 3722 ct
2598 3666 2770 3736 jecur,
2800 3677 2853 3721 ει
2878 3669 2920 3720 si
2947 3682 3050 3736 qua
3078 3676 3200 3720 sunt
3221 3667 3469 3720 intestina
3489 3668 3686 3733 carnis,
3712 3684 3901 3723 erom-

2313 3766 2438 3826 pant
2490 3757 2543 3810 in
2590 3771 2777 3810 vocem
2825 3756 3211 3812 benedictionis
3258 3758 3485 3812 Domini.
3535 3758 3631 3812 Est
3678 3759 3903 3828 quidem

2312 3849 2492 3917 pulmo
2522 3849 2752 3917 pectoris
2779 3851 2944 3902 nostri
2977 3849 3128 3917 quasi
3172 3847 3312 3903 l‘ollis
3339 3849 3552 3918 quidam
3591 3849 3857 3906 anhelans
3879 3855 3902 3884 ¹

2309 3940 2549 4008 spiritum
2583 3940 2946 4008 reciprocum,
2978 3940 3067 4009 qui
3100 3939 3318 4009 spiritus
3365 3941 3608 4009 concepti
3656 3942 3795 3994 aeris
3844 3943 3902 3996 in

2307 4047 2490 4086 vocem
2518 4040 2573 4086 et
2601 4047 2788 4086 sonum
2817 4032 3150 4101 exprimitur,
3179 4048 3298 4086 cum
3329 4033 3487 4087 verba
3519 4033 3807 4102 digerimus
3836 4035 3900 4096 ³;

2309 4137 2409 4177 ηεε
2451 4131 2624 4191 potest
2667 4122 2864 4192 aliquid
2895 4123 3042 4176 vocis
3071 4137 3264 4177 sonare
3310 4122 3376 4176 ab
3420 4138 3513 4177 ore
3544 4131 3726 4178 nostro
3747 4165 3763 4189 ,
3791 4124 3902 4180 nisi

2307 4213 2450 4282 quod
2482 4213 2660 4282 pulmo
2685 4229 2971 4281 expressus
2991 4214 3229 4267 emiserit
3255 4231 3268 4268 :
3293 4213 3387 4268 sed
3416 4230 3518 4268 non
3545 4213 3670 4269 hinc
3697 4215 3893 4284 agitur;

2309 4305 2410 4359 hoc
2435 4313 2603 4358 totum
2631 4303 2697 4357 ad
2727 4319 2883 4359 aures
2910 4303 3203 4358 hominum.
3223 4303 3394 4358 Habet
3423 4319 3578 4359 aures
3603 4305 3768 4370 Deus,
3797 4305 3903 4360 ha-

2307 4396 2398 4452 bet
2424 4406 2479 4451 et
2507 4409 2695 4450 sonum
2723 4410 2835 4450 cor.
2864 4394 3122 4450 Interiora
3168 4410 3264 4449 sua
3295 4396 3581 4464 alloquitur
3610 4395 3801 4462 homo,
3839 4411 3902 4453 ut

2307 4487 2623 4543 benedicant
2652 4487 2971 4552 Dominum,
3003 4495 3056 4540 et
3096 4485 3223 4540 dicit
3262 4486 3340 4540 eis
3369 4504 3381 4539 :
3415 4487 3600 4541 Omnia
3635 4488 3898 4544 interiora

2305 4595 2423 4636 mea
2468 4594 2660 4634 nomen
2711 4587 2952 4633 sanctum
3001 4577 3116 4648 ejus
3165 4578 3479 4633 benedicitc.
3527 4580 3736 4645 Quaeris
3772 4597 3898 4650 qum

2303 4681 2426 4727 sunt
2455 4674 2704 4726 interiora
2736 4671 2860 4726 tua?
2887 4671 3002 4742 Ipsa
3032 4673 3206 4726 anima
3254 4682 3359 4725 tua.
3405 4672 3557 4739 Quod
3603 4688 3734 4739 ergo
3777 4674 3890 4736 ait,

2304 4763 2539 4829 Benedic,
2569 4765 2739 4816 anima
2772 4780 2913 4828 mea,
2945 4762 3260 4828 Dominum;
3292 4764 3393 4818 hoc
3417 4764 3490 4816 ait
3515 4805 3529 4828 ,
3562 4765 3735 4816 omnia
3757 4765 3896 4818 inte-

2301 4855 2438 4908 riora
2459 4870 2588 4918 mea,
2620 4869 2799 4907 nomen
2827 4863 3056 4906 sanctum
3083 4855 3190 4923 ejus
3216 4869 3234 4906 :
3260 4852 3574 4907 subauditur
3599 4851 3766 4919 enim,
3793 4853 3898 4907 Βε-

2299 4945 2548 5000 nedicite.
2575 4944 2762 4999 Clama
2787 4943 2810 4977 ‘
2839 4959 2973 4999 voce
2997 4985 3012 5011 ,
3041 4944 3084 4998 si
3113 4952 3194 4998 εει
3219 4943 3382 4997 homo
3410 4945 3497 5013 qui
3529 4943 3712 4998 audiat
3742 4961 3756 4995 :
3792 4945 3899 4997 sile

2299 5053 2451 5104 voce,
2484 5037 2697 5108 quando
2722 5052 2827 5092 non
2856 5046 2939 5092 est
2965 5036 3053 5106 qui
3084 5035 3301 5101 audiat;
3333 5034 3585 5090 interiora
3619 5044 3709 5090 tua
3745 5053 3887 5089 nun-

2297 5148 2454 5203 quam
2497 5133 2647 5187 deest
2689 5130 2778 5201 qui
2827 5130 3026 5184 audiat.
3073 5129 3256 5199 Itaque
3305 5127 3531 5182 sonabat
3568 5127 3896 5197 jamdudum

2298 5226 2602 5282 benedictio
2645 5225 2712 5280 de
2741 5239 2836 5280 ore
2867 5233 3081 5291 nostro,
3128 5232 3182 5278 et
3207 5222 3323 5277 huic
3353 5222 3466 5293 ipsa
3498 5221 3659 5276 verba
3701 5233 3896 5276 canta-

2297 5321 2486 5375 bamus
2511 5339 2524 5375 :
2552 5319 2792 5383 Benedic,
2817 5319 2987 5371 anima
3009 5333 3141 5382 mea,
3167 5316 3440 5370 Dominum
3455 5330 3476 5380 ;
3495 5323 3543 5369 et
3562 5314 3735 5369 omnia
3761 5315 3894 5369 inte-

2359 5468 2374 5499 ι
2412 5471 2601 5514 itaaiss.
2624 5471 2678 5514 Αι
2700 5464 2831 5523 add,
2850 5462 2976 5513 talis.

2357 5529 2376 5560 θ
2411 5529 2484 5588 sic
2505 5525 2687 5588 aliquot
2711 5521 2825 5574 Μεεζ
2841 5534 2896 5588 At
2935 5525 3068 5582 Fdd.,
3095 5521 3377 5574 milielantis.

2357 5589 2378 5620 ³
2402 5586 2622 5648 Plerique
2647 5595 2771 5639 Mss.
2798 5586 3068 5647 diriqimns.
3115 5646 3123 5648 Α
3301 5591 3308 5598 ‘

2353 5651 2376 5680 ι
2408 5651 2481 5697 Sic
2522 5644 2628 5697 uss.
2656 5657 2710 5712 ᾼι
2744 5655 2843 5696 Am.
2871 5644 3055 5712 e't_AEr.,
3078 5646 3254 5698 clamat
3282 5658 3302 5697 :
3326 5654 3379 5698 et
3413 5645 3558 5709 infra,
3582 5644 3709 5696 silet.
3738 5647 3808 5712 ξΙά

2293 5718 2459 5762 autem
2482 5717 2613 5766 l.ov.,
2637 5709 2818 5760 clamas
2847 5721 2864 5760 :
2887 5709 3017 5760 siles.

2359 5770 2430 5835 (a)
2468 5779 2514 5821 ta
2539 5779 2791 5834 Martyrum
2815 5770 3076 5824 festivitate
3087 5768 3300 5824 habitos.
