4056 6506
279 381 398 436 317

233 495 392 547 riora
437 509 586 559 mea,
630 507 812 546 nomen
854 501 1083 545 sanctum
1129 489 1258 561 ejus.
1293 487 1560 556 Quantum
1593 488 1724 542 satis
1752 485 1850 540 fuit

195 569 198 572 ’
239 586 528 658 tempori‘
561 584 916 650 cantavimus,
943 591 998 638 et
1023 582 1268 638 siluimus
1297 598 1310 634 :
1342 580 1597 651 numquid
1623 579 1848 634 interio-

237 694 310 732 ra
345 689 530 736 nostra
559 679 718 733 silere
747 678 947 734 debent
993 693 1025 732 a
1069 674 1442 733 benedictione
1481 674 1724 729 Domini?
1753 673 1848 727 Al-

237 779 433 826 ter-net
463 787 558 842 pro
591 781 830 841 tempore
857 785 1022 826 sonus
1051 784 1236 824 vocum
1264 810 1278 836 ,
1318 777 1576 838 perpetua
1619 766 1689 820 sit
1737 780 1846 820 vox

237 859 595 916 interiorum.
639 863 774 917 Cum
826 861 1083 917 convenis
1132 860 1200 915 ad
1255 859 1536 916 ecclesiam
1587 858 1847 929 hymnum

235 951 436 1008 dicere
462 995 476 1016 ,
509 965 668 1008 sonat
697 969 798 1008 vox
835 962 924 1008 tua
971 951 1154 1007 laudes
1185 952 1281 1006 Dei
1309 969 1321 1005 :
1351 950 1542 1005 Dixisti
1591 957 1846 1020 quantum

237 1045 498 1111 potuisti,
530 1043 860 1110 discessisti;
890 1052 1048 1100 sonet
1073 1044 1248 1097 anima
1277 1053 1364 1098 tua
1391 1042 1575 1096 laudes
1601 1041 1715 1096 Dei.
1738 1039 1848 1095 Ne-

237 1137 456 1204 gotium
483 1139 636 1208 agis;
667 1137 847 1194 laudet
879 1139 1042 1191 Deum
1073 1137 1248 1190 anima
1293 1143 1401 1190 tua.
1430 1134 1622 1190 Cibum
1663 1138 1844 1202 capis;

237 1227 372 1282 vide
401 1228 533 1298 quid
562 1229 638 1282 ait
665 1228 957 1298 Apostolus
986 1245 998 1281 :
1033 1228 1152 1283 Sive
1172 1227 1508 1293 manducatis,
1533 1228 1637 1281 sive
1659 1226 1844 1293 bibitis,

239 1320 426 1372 omnia
447 1321 500 1373 in
523 1321 742 1390 gloriam
771 1321 867 1374 Dei
891 1321 1042 1392 facite
1069 1321 1088 1391 (
1111 1318 1272 1375 [σοι’.
1297 1335 1331 1375 x
1351 1361 1364 1387 ,
1389 1321 1452 1374 51
1551 1318 1738 1373 Audeo
1766 1319 1849 1373 di-

241 1426 564 1466 cerezcum
595 1412 832 1480 dormis,
861 1413 1146 1468 benedicat
1186 1413 1364 1468 anima
1407 1423 1494 1468 tua
1539 1414 1841 1468 Dominum.

237 1502 366 1558 Non
397 1513 450 1559 te
474 1507 676 1560 excitet
699 1507 952 1576 cogitatio
981 1505 1188 1578 ﬂagitii,
1215 1523 1322 1561 non
1351 1515 1402 1561 te
1427 1505 1632 1562 excitet
1661 1505 1844 1576 diSpo-

245 1593 420 1648 sitio'
443 1595 590 1662 furti,
623 1611 728 1651 non
759 1608 810 1652 te
835 1598 1036 1653 excitet
1075 1598 1323 1653 condicta
1371 1597 1511 1654 forte
1551 1599 1843 1668 corruptio.

243 1683 558 1740 lnnoeentia
581 1695 669 1742 tua
692 1689 850 1743 etiam
875 1689 926 1744 in
961 1690 1263 1744 dormiente
1281 1705 1382 1745 vox
1408 1698 1487 1745 est
1506 1690 1697 1744 anima:
1721 1699 1843 1744 luce.

241 1774 508 1842 Benedic,
557 1779 730 1833 anima
773 1797 921 1848 mea,
973 1779 1285 1846 Dominum;
1327 1791 1372 1836 et
1411 1782 1580 1836 omnia
1605 1781 1847 1835 interiora

245 1883 390 1932 mea,
425 1886 606 1924 nomen
631 1881 861 1926 sanctum
892 1875 1020 1944 ejus.

325 1959 378 2012 '5.
413 1958 566 2032 [rem
587 1959 671 2035 2.]
701 1961 920 2017 Benedic
936 2007 950 2031 ,
975 1964 1146 2018 anima
1169 1981 1280 2018 mea
1296 2005 1312 2032 ,
1345 1963 1647 2032 Dominum,
1671 1973 1717 2018 et
1741 1966 1848 2019 noli

241 2050 484 2105 obliuisci
501 2069 668 2107 omnes
685 2055 1034 2110 retributiones
1053 2057 1181 2126 ejus.
1205 2055 1443 2121 Benedic,
1469 2056 1658 2126 inquit,
1678 2057 1846 2110 anima

243 2159 373 2196 mea
403 2141 690 2198 Dominum.
715 2145 850 2214 Quid
883 2155 966 2202 est
991 2149 1168 2202 anima
1212 2149 1334 2203 tua?
1361 2148 1550 2203 Omnia
1593 2149 1846 2204 interiora

243 2241 365 2286 tua.
397 2234 632 2303 Benedic,
662 2240 832 2292 anima
853 2256 962 2293 mea
982 2282 996 2307 ,
1029 2237 1326 2294 Dominum.
1353 2240 1618 2310 Repetitio
1655 2242 1720 2296 ad
1748 2257 1844 2296 ex-

247 2325 610 2383 hortationem
637 2330 798 2384 valet.
829 2329 900 2386 Ut
936 2338 1116 2386 autem
1154 2331 1440 2387 benedicas
1487 2346 1700 2402 semper
1739 2333 1846 2387 Do-

245 2417 478 2471 minum.
531 2417 659 2473 Noli
711 2420 934 2475 oblivisci
981 2438 1152 2476 onmes
1205 2422 1558 2477 retributiones
1602 2423 1731 2494 ejus.
1787 2423 1844 2479 Si

245 2507 608 2576 Oblivisceris,
633 2511 851 2566 tacebis.
879 2511 994 2566 Non
1026 2521 1202 2567 autem
1235 2520 1487 2583 poterunt
1510 2523 1632 2569 ante
1662 2513 1844 2570 oculos

245 2605 372 2653 tuos
393 2613 514 2654 esse
543 2601 918 2656 retributiones
951 2601 1158 2656 Domini
1179 2644 1194 2668 ,
1228 2603 1328 2658 nisi
1360 2611 1483 2658 ante
1503 2604 1685 2658 oculos
1724 2613 1843 2658 tuos

243 2687 449 2745 fuerint
473 2703 694 2762 peccata
719 2700 828 2747 tua.
851 2693 966 2748 Non
999 2695 1070 2748 sit
1099 2703 1224 2749 ante
1251 2695 1437 2749 oculos
1465 2703 1582 2750 tuos
1602 2693 1842 2750 delecta-

245 2781 330 2836 tio
357 2783 616 2852 przctcriti
641 2785 866 2853 peccati,
889 2785 983 2840 sed
1017 2787 1086 2841 sit
1107 2794 1230 2841 ante
1257 2787 1440 2841 oculos
1471 2795 1591 2841 tuos
1619 2787 1842 2842 damna-

245 2873 326 2926 tio
351 2875 560 2944 peccati
585 2892 597 2928 :
623 2875 893 2932 damnatio
914 2892 944 2930 a
968 2886 1038 2944 te,
1068 2879 1312 2932 remissio
1337 2894 1366 2932 a
1393 2879 1520 2933 Deo.
1545 2877 1670 2933 llmc
1698 2879 1840 2934 enim

241 2967 500 3022 retribuit
539 2967 824 3036 Dominus,
857 2977 912 3024 ut
946 2971 1118 3040 possis
1148 2970 1366 3025 dicere:
1398 2971 1537 3036 Quid
1569 2971 1842 3026 retribuam

239 3055 495 3126 Domino,
522 3078 612 3131 pro
629 3061 858 3116 omnibus
873 3078 985 3132 qua:
1005 3063 1226 3116 retribuit
1252 3064 1375 3117 mihi
1395 3061 1562 3136 (Psal.
1583 3079 1705 3131 cxv,
1727 3061 1842 3136 i2)?

239 3151 364 3208 Hoc
389 3153 533 3208 enim
555 3153 954 3209 considerantes
977 3163 1259 3228 martyres,
1284 3171 1510 3225 quorum
1541 3156 1699 3210 etiam
1729 3171 1842 3211 me-

239 3247 476 3300 moriam
525 3245 679 3300 hodie
719 3246 1052 3301 celebramus
1077 3286 1090 3311 ,
1121 3254 1175 3301 et
1203 3261 1388 3301 omnes
1417 3247 1632 3300 omnino
1673 3247 1838 3300 sanc'ti

239 3337 337 3406 qui
367 3337 530 3390 vitam
563 3337 715 3392 istam
745 3345 1216 3406 contempserunt,
1261 3349 1314 3392 et
1360 3337 1498 3392 sicut
1533 3337 1756 3392 audistis
1787 3338 1840 3391 in

241 3427 491 3498 Epistola
534 3428 780 3494 Joannis,
811 3429 1018 3483 animas
1061 3445 1184 3484 suas
1223 3443 1322 3500 pro
1361 3429 1617 3484 fratribus
1647 3445 1839 3499 posue-

239 3529 374 3573 runt
405 3518 644 3589 (lJoan.
675 3535 732 3574 Ill
753 3561 768 3583 ,
805 3521 870 3581 16
896 3523 952 3590 ),
984 3536 1103 3591 qua:
1134 3531 1214 3576 est
1244 3519 1504 3592 perfectio
1533 3521 1838 3588 charitatis,

239 3609 462 3664 dicente
491 3610 734 3678 Domino,
761 3610 1010 3680 Maiorem
1030 3611 1320 3665 charitalem
1337 3629 1478 3666 nemo
1501 3612 1667 3680 habet,
1690 3627 1840 3682 quam

239 3709 304 3751 ut
327 3700 553 3753 animant
573 3717 718 3754 suam
748 3710 900 3770 ponat
920 3717 1012 3773 pro
1035 3703 1210 3756 amicis
1237 3703 1341 3757 suis
1367 3701 1554 3772 (Joan.
1579 3717 1670 3766 xv,
1694 3702 1797 3771 15)
1823 3719 1838 3754 :

241 3790 348 3845 hoc
377 3807 508 3862 ergo
535 3791 938 3848 considerantes
977 3795 1146 3848 sancti
1179 3803 1470 3866 martyres,
1502 3803 1840 3864 contempse-

243 3893 378 3938 runt
405 3885 612 3938 animas
639 3900 762 3941 suas
790 3885 875 3940 hic
898 3928 913 3952 ,
943 3895 1001 3940 ut
1032 3886 1102 3941 ibi
1136 3901 1227 3941 eas
1257 3887 1576 3953 invenirent,
1607 3901 1842 3956 sequen-

245 3985 331 4030 tes
359 3975 526 4031 verba
552 3977 760 4032 Domini
792 3977 1017 4033 dicentis
1040 4019 1056 4045 ,
1093 3977 1195 4044 Qui
1221 3985 1358 4030 amat
1394 3978 1616 4030 animum
1653 3993 1798 4030 suam
1820 4017 1835 4040 ,

243 4067 424 4138 perdet
452 4085 599 4134 eum;
629 4078 675 4122 et
701 4068 786 4138 qui
811 4067 1087 4139 perdiderit
1113 4085 1224 4123 eam
1251 4077 1454 4139 propter
1479 4079 1576 4134 me,
1603 4068 1656 4120 in
1687 4068 1840 4122 vitam

243 4169 492 4212 (sternam
529 4161 746 4214 inveniet
771 4177 880 4214 eam
911 4160 1036 4232 (Id.
1071 4177 1185 4227 xu,
1210 4159 1281 4216 25
1375 4159 1668 4215 Voluerunt
1696 4161 1837 4215 enim

245 4251 589 4306 retribuere:
618 4251 745 4324 qui?
785 4261 839 4308 et
873 4253 1034 4324 quid?
1071 4261 1126 4308 et
1159 4253 1283 4307 cui?
1315 4252 1568 4307 llomines
1594 4252 1840 4308 ministe-

244 4345 388 4397 rium
418 4359 572 4397 suum
600 4359 767 4414 usque
792 4345 856 4399 ad
887 4355 1110 4400 mortem
1139 4345 1249 4400 Deo
1274 4345 1654 4400 retribuerunt.
1679 4345 1833 4414 Quid,

243 4435 394 4505 quod
445 4437 533 4490 ille
579 4453 682 4492 non
729 4437 1204 4505 donaverit?Quid
1232 4437 1526 4504 dederunt,
1562 4439 1702 4510 quod
1732 4455 1834 4494 non

243 4527 596 4596 acceperint?
625 4527 889 4583 Retribuit
916 4545 1042 4598 ergo
1069 4530 1156 4584 ille
1185 4546 1326 4596 vere,
1350 4532 1438 4601 qui
1465 4531 1611 4585 solus
1637 4531 1797 4586 donat
1821 4551 1835 4588 :

245 4615 344 4670 sed
381 4632 486 4670 non
513 4617 759 4672 retribuit
785 4620 1015 4688 peccatis
1043 4621 1274 4686 nostris;
1308 4637 1428 4674 nam
1461 4621 1836 4677 retributiones

247 4707 404 4763 nobis
446 4709 563 4764 alite
603 4707 954 4778 debebantur,
999 4721 1051 4767 et
1092 4713 1208 4767 alia:
1251 4713 1470 4768 reddita:
1505 4724 1646 4769 sunt.
1687 4713 1834 4781 Noli,

245 4797 440 4868 inquit,
490 4801 712 4854 oblivisci
753 4819 924 4857 omnes
950 4804 1300 4858 retributiones
1343 4807 1488 4876 ejus:
1534 4821 1638 4860 non
1668 4807 1837 4861 tribu-

245 4895 460 4958 tiones,
503 4893 598 4948 sed
645 4895 1010 4951 retributiones.
1040 4897 1196 4952 Aliud
1239 4899 1380 4953 enim
1425 4899 1735 4966 debebatur,
1785 4911 1839 4957 et

245 4987 516 5042 redditum
540 4997 622 5042 est
649 4989 788 5059 quod
816 5005 918 5044 non
949 4989 1262 5046 debebatur.
1290 4989 1446 5047 Unde
1470 5002 1525 5048 et
1549 4993 1636 5049 ille
1662 5013 1674 5048 :
1701 4993 1838 5061 Quid

243 5081 526 5134 retribuam
552 5080 791 5147 Domino,
821 5101 912 5153 pro
935 5085 1163 5138 omnibus
1182 5126 1196 5149 ,
1238 5085 1436 5154 inquit,
1472 5102 1585 5156 qute
1611 5087 1837 5140 retribuit

247 5173 384 5237 mihi
405 5169 578 5241 (Psal.
600 5175 879 5244 cxv,12)?
908 5175 1020 5228 Non
1043 5175 1137 5240 ait,
1169 5191 1285 5244 qua:
1313 5175 1493 5230 tribuit
1519 5175 1686 5240 mihi;
1717 5177 1830 5242 sed,

247 5277 364 5332 qute
389 5263 616 5317 retribuit
638 5263 781 5317 mihi.
811 5263 1120 5320 Retribuisti
1151 5275 1205 5319 tu
1227 5267 1364 5320 mala
1397 5283 1494 5336 pro
1523 5267 1714 5332 bonis;
1747 5285 1832 5322 re-

247 5353 432 5408 tribuit
461 5355 576 5425 ipse
600 5355 736 5410 bona
771 5372 864 5424 pro
891 5358 1062 5412 malis.
1093 5357 1374 5425 Quomodo
1413 5361 1704 5416 retribuisti
1749 5371 1831 5429 tu,

247 5461 282 5500 ι)
309 5447 494 5514 homo,
523 5447 632 5502 Deo
653 5448 788 5502 mala
812 5464 908 5519 pro
927 5450 1115 5505 bonis?
1137 5451 1233 5518 Qui
1259 5455 1404 5524 prius
1425 5453 1566 5507 fuisti
1589 5453 1838 5524 hlaSphe-

245 5552 392 5605 mus,
425 5551 479 5594 et
507 5551 836 5608 persecutor,
869 5551 924 5596 et
953 5541 1244 5612 injnriosus
1274 5545 1324 5616 (l
1357 5543 1490 5600 Tim.
1527 5562 1564 5611 ι,
1591 5545 1714 5618 15),
1746 5561 1835 5602 re-

247 5629 484 5684 tribuisti
519 5629 898 5700 blasphetnias.
917 5631 1023 5686 Pro
1051 5633 1249 5703 quibus
1269 5634 1461 5688 bonis?
1487 5636 1686 5702 Primo,
1713 5635 1832 5706 quia

313 5765 336 5834 ξ
367 5767 440 5834 sic
463 5773 564 5814 Am.
591 5772 643 5814 et
667 5773 770 5834 uss.
791 5773 848 5834 at
869 5772 940 5816 Er.
969 5773 1020 5834 et
1045 5773 1174 5827 Lor,
1200 5767 1440 5834 temporis.

313 5825 338 5860 ³
367 5829 437 5876 sic
462 5834 566 5877 uss.
589 5836 643 5878 Al.
663 5828 793 5891 Edd.,
816 5825 1062 5892 depositio.

1407 371 1808 432 ENAllllATlO
1847 371 1910 427 IN
1948 373 2271 435 PSALMUM
2307 377 2412 439 Cll.

3401 395 3542 453 15111

1956 501 2014 542 cs
2037 507 2052 544 :
2075 491 2166 545 sed
2182 502 2262 546 est
2277 503 2330 549 et
2353 495 2502 566 lapis.
2531 497 2749 566 Deinde,
2771 502 2891 572 quia
2909 503 3046 559 vivis
3070 523 3084 560 :
3107 506 3202 562 sed
3221 507 3351 563 vivit
3365 519 3420 566 et
3443 525 3542 580 pe-

1955 595 2069 636 eus.
2117 583 2253 649 Quid
2307 589 2569 645 retribues
2613 591 2872 662 Domino,
2925 611 3024 667 pro
3069 613 3144 660 eo,
3184 600 3328 669 quod
3379 615 3544 672 super
3619 649 3622 652 λ

1953 675 2130 729 omnia
2157 691 2348 746 pecora
2376 690 2432 736 et
2455 697 2614 752 super
2641 687 2818 740 omnia
2848 689 3078 746 volatilia
3101 691 3224 749 fecit
3245 703 3296 750 te
3315 696 3379 750 ad
3403 696 3534 752 ima-

1952 765 2129 834 ginem
2156 777 2206 822 et
2235 769 2633 829 similitudinem
2665 790 2815 831 suam
2847 779 2996 850 (Gen.
3019 799 3058 848 ι,
3090 783 3218 856 26)?
3243 787 3358 841 Noli
3380 804 3530 857 qua:-

1953 871 2072 912 rere
2100 859 2224 928 quid
2251 861 2298 914 ei
2340 863 2603 920 retribuas
2631 884 2644 920 :
2675 869 3072 928 similitudinem
3105 876 3272 945 ipsius
3297 879 3534 935 retribue

1952 948 2062 1019 illi,
2091 967 2196 1006 non
2227 954 2344 1022 plus
2373 958 2593 1024 quaerit;
2623 975 2896 1017 nummum
2926 979 3079 1020 suum
3119 967 3282 1039 exigit
3314 969 3514 1040 (Matth

1951 1055 2060 1095 xxu
2081 1083 2095 1107 ,
2122 1043 2184 1098 21
2213 1043 2254 1116 ).
2285 1044 2363 1100 Tu
2393 1055 2569 1102 autem
2597 1065 2695 1119 pro
2719 1053 2900 1122 gratiis
2925 1058 3163 1126 agendis,
3194 1073 3292 1130 pro
3324 1062 3512 1117 humili

1951 1141 2078 1199 tate,
2107 1149 2203 1202 pro
2227 1136 2503 1207 obsequio,
2531 1155 2628 1209 pro
2656 1143 2802 1198 cultu
2823 1146 3092 1216 religioso,
3123 1151 3173 1205 id
3201 1161 3300 1217 est,
3332 1169 3426 1222 pro
3451 1154 3534 1208 his

1951 1225 2197 1281 omnibus
2223 1227 2378 1284 bonis
2399 1247 2517 1300 qua:
2545 1233 2777 1290 debebas
2809 1237 2922 1292 Deo
2953 1247 3044 1293 tuo
3064 1284 3079 1305 ,
3109 1258 3207 1311 pro
3232 1245 3386 1299 bonis
3416 1261 3536 1317 qum

1951 1317 2242 1386 accepisti,
2279 1335 2398 1390 quae
2437 1322 2586 1390 dixi,
2635 1326 2926 1382 retribuisti
2977 1331 3353 1401 blaSphemias.
3396 1339 3534 1404 Quid

1951 1421 2078 1477 ergo
2122 1409 2248 1465 ille?
2290 1411 2588 1480 Confitere,
2637 1416 2875 1487 ignosco.
2913 1421 3168 1477 Retrihuo
3194 1435 3248 1480 et
3275 1442 3408 1497 ego,
3440 1430 3536 1483 sed

1951 1511 2056 1552 non
2094 1500 2234 1569 quod
2273 1511 2326 1556 tu
2359 1504 2648 1560 retribuisti
2676 1527 2688 1559 :
2721 1516 2776 1561 tu
2808 1510 3097 1567 retribuisti
3143 1515 3280 1568 mala
3312 1533 3408 1585 pro
3443 1519 3538 1573 bo-

1951 1589 2066 1655 nis;
2092 1606 2190 1661 ego
2220 1595 2460 1650 retribuo
2487 1597 2624 1652 bona
2653 1614 2752 1668 pro
2780 1602 2954 1658 malis.

2021 1681 2074 1735 4.
2103 1680 2287 1752 Gegita
2324 1699 2482 1756 ergo,
2514 1689 2690 1744 anima
2713 1733 2728 1758 ,
2771 1707 2960 1750 omnes
2999 1697 3374 1755 retributiones
3402 1701 3532 1766 Dei,

1951 1771 2234 1841 cogitando
2265 1777 2442 1832 omnia
2475 1780 2610 1833 mala
2651 1781 2787 1836 facta
2819 1793 2904 1838 tua
2940 1803 2954 1840 :
2986 1803 3144 1856 quam
3191 1791 3354 1846 multa
3390 1793 3532 1848 enim

1953 1864 2086 1917 tnala
2115 1863 2250 1920 facta
2283 1875 2399 1934 tua,
2433 1877 2538 1922 tam
2571 1872 2750 1926 multa;
2792 1874 2945 1930 bonae
2989 1879 3367 1936 retributiones
3395 1882 3532 1952 ejus.

1949 1953 2017 2006 Et
2042 1954 2168 2024 quid
2199 1957 2275 2010 illi
2308 1959 2502 2015 offeres
2541 1960 2679 2017 forte
2709 1967 2984 2020 xeniorum
3005 1969 3028 2022 ?
3053 1971 3176 2038 quid
3209 1965 3538 2028 munerum?

1949 2045 2075 2114 quid
2118 2049 2542 2108 sacrificiorum?
2568 2053 2830 2124 Quoniam
2875 2074 2980 2112 non
3021 2061 3352 2119 Oblivisceris
3381 2066 3540 2120 retri-

1948 2137 2194 2194 butiones
2235 2141 2386 2211 ejus,
2435 2145 2534 2200 hoc
2577 2148 2840 2204 sacrificio
2883 2152 3176 2208 delectatur
3220 2173 3232 2210 :
3280 2156 3532 2225 Benedic,

1949 2230 2138 2298 anima,
2166 2230 2463 2287 Demittunt.
2497 2236 2820 2305 Sacri/icium
2861 2241 3030 2296 laudis
3067 2245 3372 2315 gloriﬁcabit
3411 2264 3536 2304 me:

1947 2320 2156 2374 immota
2194 2322 2304 2377 Deo
2343 2327 2646 2394 sacri/icium
2676 2329 2864 2396 laudis,
2895 2342 2941 2386 et
2961 2337 3114 2388 redde
3137 2337 3398 2393 Altissimo
3426 2351 3536 2395 vota

1948 2419 2032 2464 tua
2052 2410 2221 2482 (Psal.
2249 2417 2510 2482 xux,M,
2533 2417 2646 2488 ‘25).
2674 2419 2897 2475 Laudari
2925 2437 2984 2478 se
3006 2427 3116 2480 vult
3145 2427 3281 2482 Deus
3301 2445 3315 2494 ;
3335 2440 3382 2483 et
3409 2429 3550 2496 hoc;

1949 2509 2006 2554 ut
2036 2510 2088 2555 tu
2113 2503 2380 2572 proﬁcias,
2410 2521 2517 2560 non
2547 2517 2604 2562 ut
2631 2507 2720 2562 ille
2751 2511 3082 2568 sublimetur.
3113 2515 3228 2570 Non
3259 2527 3338 2572 est
3365 2522 3538 2578 omni-

1947 2605 2018 2646 no
2055 2593 2196 2662 quod
2229 2594 2303 2648 illi
2331 2597 2626 2653 retribuere
2654 2601 2670 2631 ¹
2701 2617 2715 2652 :
2749 2610 2800 2655 et
2829 2605 2970 2672 quod
3017 2607 3212 2676 exigit,
3258 2625 3362 2664 non
3394 2613 3532 2676 sibi,

1947 2684 2043 2739 sed
2072 2685 2164 2740 tibi
2190 2687 2396 2757 exigit;
2427 2689 2520 2744 tibi
2549 2691 2808 2759 proderit,
2843 2695 2932 2748 tibi
2967 2709 3229 2753 servatur.
3267 2701 3384 2756 Non
3436 2704 3537 2760 hoc

1946 2789 1978 2829 a
2007 2783 2058 2830 te
2087 2779 2419 2846 amat,‘quod
2451 2779 2598 2834 illum
2641 2792 2862 2852 augeat,
2893 2785 2989 2840 sed
3031 2790 3172 2856 quod
3213 2799 3265 2845 te
3291 2792 3356 2846 ad
3387 2793 3536 2849 illum

1946 2865 2220 2934 perducat.
2249 2867 2536 2939 Propterea
2564 2874 2877 2940 quaerebant
2901 2887 3188 2948 martyres,
3213 2880 3538 2940 deficiebant

1945 2956 2339 3026 quodammodo
2365 2973 2471 3014 non
2497 2961 2838 3033 inveniendo,
2863 2979 2916 3022 et
2937 2968 3204 3032 dicebant.
3233 2972 3372 3036 Quid
3391 2977 3534 3030 retri-

1946 3047 2096 3102 buam
2115 3047 2356 3117 Domino,
2393 3069 2486 3123 pro
2511 3057 2740 3110 omnibus
2766 3075 2880 3128 qua:
2903 3059 3130 3116 retribuit
3154 3064 3315 3118 mihi?
3335 3065 3402 3121 Et
3429 3083 3534 3122 non

1945 3141 2264 3197 invenerunt
2292 3144 2418 3214 quid
2449 3148 2832 3214 retribuercnt,
2867 3153 2970 3206 nisi
2992 3195 3004 3217 ,
3043 3153 3263 3211 Calicem
3297 3159 3535 3214 salutaris

1944 3234 2206 3303 accipiam,
2233 3242 2280 3288 et
2299 3252 2479 3290 nomen
2499 3236 2710 3292 Domini
2725 3242 2963 3297 invocabo
2983 3243 3151 3316 (Psal.
3173 3262 3293 3313 cxv,
3313 3248 3400 3315 12,
3421 3251 3532 3320 15).

1945 3323 2078 3392 Quid
2101 3325 2366 3381 retribues
2389 3328 2652 3383 Domino?
2677 3329 2959 3402 Cogitabas
2984 3337 3150 3403 enim,
3176 3349 3231 3393 et
3257 3353 3361 3394 non
3385 3340 3533 3397 inve-

1945 3415 2130 3470 niebas
2155 3415 2414 3472 {Culicem
2439 3419 2676 3475 salutaris
2705 3423 2976 3492 accipiam.
3005 3425 3181 3492 Quid?
3207 3430 3418 3484 calicem
3443 3449 3531 3485 sa-

1945 3507 2126 3562 lutaris
2173 3524 2350 3564 nonne
2397 3511 2510 3580 ipse
2556 3512 2810 3570 Dominus
2855 3516 3038 3571 dedit?
3080 3519 3155 3574 De
3205 3528 3294 3574 tuo
3337 3522 3532 3592 aliquid

1945 3601 2196 3669 retribue,
2227 3603 2272 3658 si
2305 3612 2473 3673 potes.
2499 3603 2633 3670 Non,
2668 3605 2928 3672 dixerim;
2957 3623 3024 3663 ne
3056 3609 3248 3666 feceris
3271 3653 3284 3678 ,
3321 3613 3427 3666 noli
3461 3614 3528 3668 de

1947 3699 2036 3746 tuo
2065 3693 2364 3750 retribuere
2393 3713 2408 3760 ;
2435 3711 2542 3750 non
2573 3697 2687 3752 vult
2710 3699 2850 3753 Deus
2875 3699 2940 3754 de
2972 3709 3062 3756 tuo
3087 3701 3186 3756 sibi
3212 3705 3451 3760 retribui.
3477 3704 3532 3760 Si

1944 3783 2012 3838 de
2056 3793 2146 3839 tuo
2193 3787 2473 3851 retribuis,
2521 3797 2798 3856 peccatum
2841 3791 3111 3845 retribuis.
3153 3791 3340 3848 Omnia
3387 3795 3530 3849 enim

1945 3892 2064 3946 quae
2089 3878 2272 3946 habes,
2303 3880 2370 3934 ab
2401 3881 2491 3934 illo
2523 3879 2687 3936 habes
2713 3900 2726 3934 :
2759 3891 2910 3937 tuum
2939 3895 3213 3952 peccatum
3245 3887 3414 3942 solum
3437 3889 3534 3942 ha-

1944 3967 2060 4023 bes.
2091 3968 2207 4023 Non
2238 3971 2352 4024 vult
2377 3971 2478 4025 sibi
2505 3972 2727 4027 retribui
2753 3973 2820 4027 de
2851 3981 2958 4039 tuo,
2993 3975 3060 4029 de
3091 3991 3188 4030 suo
3218 3978 3348 4032 vult.
3383 3979 3531 4043 Quo-

1944 4059 2105 4115 modo
2133 4061 2402 4131 agricolm,
2431 4061 2498 4116 de
2529 4069 2670 4116 terra
2699 4079 2856 4132 quam
2886 4065 3190 4129 seminavit,
3222 4067 3265 4121 si
3288 4081 3524 4138 segetem

1945 4153 2204 4218 attuleris,
2237 4153 2304 4208 de
2333 4155 2578 4224 agricola:
2609 4155 2782 4210 fructu
2811 4157 3131 4222 retribuisti;
3159 4159 3203 4212 si
3231 4161 3431 4229 spinas,
3461 4162 3532 4218 de

1947 4254 2038 4299 tuo
2076 4245 2333 4300 obtulisti.
2369 4245 2657 4300 Veritatem
2701 4247 2969 4313 retribue,
3001 4249 3053 4302 in
3085 4250 3308 4304 veritate
3349 4251 3530 4306 Domi-

1945 4353 2072 4391 num
2101 4338 2253 4392 lauda
2287 4357 2298 4392 :
2328 4339 2374 4393 si
2405 4339 2470 4393 de
2505 4347 2594 4393 tuo
2624 4339 2875 4404 volueris,
2909 4343 3203 4397 mentieris.
3228 4343 3326 4412 Qui
3357 4345 3528 4416 loqui-

1947 4435 2035 4486 tur
2059 4431 2413 4496 mendacium,
2447 4431 2513 4486 de
2543 4446 2642 4485 suo
2671 4431 2905 4502 loquitur
2944 4433 3134 4502 (Joan.
3167 4451 3280 4502 vut,
3312 4437 3382 4492 44
3402 4436 3444 4508 ).
3471 4438 3530 4495 Si

1945 4522 2032 4591 qui
2065 4522 2295 4592 loquitur
2329 4521 2684 4586 mendacium,
2717 4522 2784 4576 de
2811 4537 2907 4576 suo
2937 4523 3201 4592 loquitur;
3235 4528 3324 4595 qui
3355 4528 3527 4598 loqui-

1945 4621 2029 4667 tur
2055 4615 2332 4667 veritatem
2356 4651 2368 4675 ,
2401 4613 2469 4667 de
2501 4613 2594 4667 Dei
2623 4613 2872 4682 loquitur.
2899 4613 3034 4678 Quid
3075 4625 3158 4670 est
3185 4625 3362 4671 autem
3389 4619 3529 4673 acci-

1945 4703 2070 4772 pere
2093 4705 2310 4758 calicem
2341 4703 2610 4769 salutaris,
2640 4704 2738 4756 nisi
2769 4705 3040 4770 passiones
3063 4704 3272 4760 Domini
3297 4708 3530 4764 imitari?

1945 4796 2054 4850 lloc
2080 4803 2342 4867 martyres
2380 4796 2641 4850 fecerunt.
2673 4796 2785 4850 lloc
2827 4798 3255 4866 superbientibus
3283 4801 3448 4867 dixit,
3475 4815 3530 4857 et

1945 4887 2100 4943 sedes
2132 4887 2386 4942 sublimes
2409 4887 2519 4955 jam
2548 4887 2931 4956 qumrentibus,
2961 4899 3014 4944 et
3033 4892 3326 4946 convallem
3357 4893 3528 4961 plora-

1945 4979 2100 5032 tionis
2153 4978 2542 5042 devitantibus,
2599 4978 2690 5046 qui
2739 4979 2988 5033 volebant
3035 4981 3248 5046 sedere,
3281 4997 3416 5036 unus
3457 4983 3526 5037 ad

1943 5067 2246 5131 dexteram,
2285 5069 2419 5122 alius
2448 5068 2514 5122 ad
2545 5070 2836 5122 sinistram.
2863 5067 2998 5136 Quid
3025 5085 3152 5140 ergo
3180 5071 3286 5124 ait?
3307 5071 3525 5127 Potestis

1942 5160 2108 5214 bibere
2129 5161 2336 5214 calicem
2363 5175 2508 5229 quem
2535 5175 2626 5231 ego
2655 5160 2896 5215 bibiturus
2925 5179 3034 5215 sum
3055 5162 3264 5232 (Matth.
3291 5179 3380 5229 xx,
3407 5162 3523 5232 2'2}?

1943 5253 2058 5309 Jam
2087 5269 2214 5322 ergo
2245 5261 2447 5323 martyr
2470 5260 2685 5322 paratus
2712 5252 2776 5307 ad
2807 5254 3074 5306 victimam
3107 5266 3346 5306 sanetam
3375 5253 3514 5312 dicit.

1943 5346 2161 5400 Calicem
2191 5345 2428 5398 salutaris
2454 5345 2704 5412 accipiam
2729 5359 2748 5397 :
2774 5343 3029 5413 accipiam
3057 5343 3276 5398 calicem
3299 5345 3516 5404 Christi.

1943 5437 2116 5492 bibam
2139 5435 2440 5508 passionem
2465 5435 2694 5489 Domini.
2717 5434 2858 5489 Cave
2875 5448 2942 5488 ne
2963 5432 3198 5489 delicias.
3223 5437 3328 5492 Sed
3347 5455 3524 5493 nomen

1943 5527 2152 5582 Domini
2193 5526 2450 5581 invocabo.
2497 5525 2632 5595 Quid
2681 5539 2806 5594 ergo
2852 5523 3192 5592 deiecerunt,
3241 5527 3520 5584 Dominum

1945 5635 2049 5673 non
2071 5619 2485 5682 invocaverunt;
2513 5615 2578 5670 de
2603 5629 2699 5669 sua
2719 5613 3026 5670 fortitudine
3047 5633 3520 5690 praasumpseruut.

2010 5773 2035 5841 ι.
2063 5777 2130 5820 tta
2153 5773 2382 5841 ιιτῃροῑιςιιὶ
2418 5777 2524 5818 Mss.
2565 5767 2760 5829 Quidam
2803 5781 2936 5834 vero,
2977 5773 3245 5828 retribuere
3280 5786 3452 5841 rosus.
3491 5781 3528 5824 Δ

1945 5833 2078 5895 aut,
2101 5834 2354 5883 retribues.
