4058 6490
557 447 637 502 'l‘u
665 449 744 505 sic
769 447 954 514 redde,
978 456 1037 504 ut
1057 457 1109 505 te
1137 448 1407 519 accepisse
1433 445 1572 517 quod
1598 443 1776 501 reddis
1802 445 2132 502 memineris.

555 538 648 594 Sic
672 555 800 610 ergo
829 539 1111 596 benedieat
1134 539 1308 594 anima
1339 548 1426 594 tua
1453 537 1754 603 Dominum,
1783 544 1841 591 ut
1866 552 1972 590 non
2001 535 2138 592 obli-

553 630 786 685 viscatur
814 645 1000 685 omnes
1028 630 1401 685 retributiones
1427 628 1566 698 ejus.

623 720 682 776 5.
725 719 892 794 [vera
933 719 1082 792 3-5.]
1123 718 1317 774 Audite
1341 733 1531 774 omnes
1567 717 1950 774 retributiones
1992 717 2130 788 ejus.

556 829 576 864 ι
616 811 716 879 Qui
740 811 996 880 pr0pitius
1019 810 1079 865 lit
1101 810 1348 864 omnibus
1371 809 1735 880 iniquitatibus
1767 811 1890 874 tuis,
1931 810 2018 880 qui
2046 825 2132 864 sa-

550 914 646 960 ttat
680 919 866 958 omnes
906 904 1186 973 languores
1216 912 1356 958 tuos.
1403 903 1503 971 Qui
1548 902 1794 958 redimitl
1835 903 1900 957 de
1949 919 2132 957 corru-

550 995 732 1064 ptione
755 994 934 1067 vitam
965 1004 1106 1048 tuam
1127 1034 1141 1058 ,
1173 993 1261 1063 qui
1298 1001 1516 1048 coronat
1547 1001 1598 1047 te
1628 993 1679 1046 in
1711 992 2050 1047 miseratione
2078 1001 2134 1048 et

546 1086 933 1141 misericordia.
977 1087 1078 1153 Qui
1107 1088 1266 1142 satiat
1292 1087 1343 1140 in
1385 1085 1537 1142 bonis
1563 1086 1882 1142 desiderium
1927 1093 2074 1138 tuum
2114 1102 2127 1138 :

545 1177 894 1231 renovabitur
932 1178 1071 1232 sicut
1097 1178 1289 1246 aquila:
1319 1177 1570 1249 juventus
1600 1186 1705 1232 tua.
1747 1196 1765 1230 ι
1803 1178 1942 1230 Ecce
1975 1175 2131 1231 retri-

543 1268 812 1325 butiones.
837 1270 973 1338 Quid
1003 1271 1295 1326 debebatur
1320 1271 1608 1341 peccaturi,
1637 1269 1737 1324 nisi
1767 1270 2083 1340 supplicium
2107 1269 2131 1322 ?

543 1358 672 1429 quid
698 1360 990 1416 debebatur
1009 1361 1341 1430 blaspheme,
1370 1361 1470 1415 nisi
1498 1361 1739 1432 gehenna
1768 1361 1901 1430 ignis
1930 1359 2129 1416 arden-

544 1453 658 1508 tis?
681 1452 799 1508 Non
826 1454 938 1523 ipsa
967 1454 1214 1509 retribuit
1246 1471 1258 1507 :
1301 1469 1366 1508 ne
1392 1467 1734 1522 expavescas,
1768 1466 1844 1506 ne
1874 1451 2132 1506 exhorre-

543 1563 758 1616 scas,ne
769 1549 883 1603 sine
901 1563 1080 1603 amore
1098 1547 1306 1602 timeas.
1321 1547 1436 1602 Noli
1454 1546 1690 1601 oblivisci
1703 1560 1889 1600 omnes
1901 1543 2131 1598 retribu-

545 1642 718 1698 tiones
739 1641 851 1710 ejus
872 1640 1071 1706 bonas;
1099 1648 1154 1695 et
1174 1648 1380 1694 mutare
1397 1638 1529 1708 jam,
1562 1653 1628 1692 ne
1650 1635 1943 1707 experiaris
1971 1635 2128 1690 retri-

543 1733 793 1789 butiones
835 1733 988 1802 ejus:
1018 1732 1145 1803 quid
1189 1732 1400 1788 dicam?
1430 1729 1637 1786 malas?
1682 1730 1738 1786 Si
1778 1728 1984 1799 justas,
2018 1743 2123 1781 non

541 1827 728 1882 malas.
764 1824 844 1879 Ad
873 1834 922 1880 te
949 1840 1076 1894 ergo
1105 1824 1300 1887 malas;
1333 1822 1400 1876 ad
1437 1823 1602 1876 Deum
1639 1830 1817 1875 autent
1849 1834 1947 1875 nec
1978 1818 2123 1871 ha-c'

541 1929 659 1984 qua:
683 1913 876 1983 pateris
906 1915 1063 1977 mala,
1094 1912 1229 1967 mala
1260 1922 1383 1968 sunt
1408 1930 1423 1966 :
1449 1913 1494 1966 si
1516 1912 1658 1968 enim
1685 1911 1829 1980 justa
1859 1917 2001 1972 sunt,
2032 1908 2128 1962 bo-

542 2023 610 2062 na
639 2016 791 2072 sunt;
825 2006 918 2062 sed
947 2007 1039 2061 tibi
1070 2006 1286 2073 patienti
1319 1987 1434 2059 lucc
1464 2005 1598 2058 mala
1627 2010 1770 2058 sunt.
1814 2001 1930 2057 Non
1962 2002 2040 2055 vis
2065 2010 2127 2055 ut

541 2099 680 2154 mala
706 2098 811 2152 sint
838 2097 962 2162 tibi,
995 2113 1114 2166 quae
1143 2095 1283 2164 justa
1319 2104 1442 2150 sunt
1482 2094 1614 2149 Dei?
1652 2093 1768 2148 Non
1800 2094 1873 2147 sit
1901 2092 2039 2146 mala
2068 2092 2122 2146 in

539 2198 831 2258 conspectu
861 2187 954 2241 Dei
981 2187 1228 2256 iniquitas
1258 2196 1364 2240 tua.
1395 2185 1508 2239 Non
1538 2185 1678 2238 enim
1711 2183 1939 2238 cessavit
1968 2197 2124 2237 voca-

539 2294 636 2345 re,
675 2285 766 2332 aut
795 2285 1039 2332 vocatum
1083 2277 1315 2346 neglexit
1354 2276 1636 2335 instruere,
1685 2282 1777 2327 aut
1806 2274 2123 2327 instructum

537 2371 766 2426 cessavit
803 2369 1090 2439 perlicere,
1127 2381 1216 2422 aut
1248 2367 1534 2437 perfectum
1576 2367 1806 2436 neglexit
1832 2379 2118 2420 coronare.

538 2462 674 2529 Quid
710 2461 876 2516 dicis?
902 2461 1032 2528 Quia
1061 2477 1118 2515 es
1153 2459 1438 2531 peccator?
1474 2459 1826 2522 Convertere,
1855 2465 1909 2511 et
1935 2459 2120 2527 accipe

537 2555 911 2610 retributiones
943 2555 1110 2620 istas;
1142 2554 1386 2623 propitius
1428 2553 1483 2621 ﬁt
1512 2551 1742 2606 omnibus
1780 2549 2121 2614 iniquitatibus

538 2649 656 2703 tuis.
686 2648 813 2702 Post
849 2647 1218 2702 remissionem
1249 2655 1586 2716 peccatorum
1615 2658 1809 2710 cerpus
1841 2643 2111 2696 inﬁrmum

533 2741 725 2811 geris:
768 2753 990 2794 necesse
1028 2746 1111 2792 est
1147 2737 1254 2792 sint
1296 2735 1536 2805 quaedam
1581 2733 1844 2789 desideria
1884 2733 2118 2788 carnalia

534 2847 654 2901 quze
682 2839 734 2886 te
774 2831 1019 2895 titillent,
1061 2839 1115 2882 et
1141 2845 1259 2898 quae
1288 2827 1378 2881 tibi
1416 2833 1703 2896 suggerant
1735 2825 2119 2879 delectationes

535 2922 780 2988 illicitas;
811 2921 878 2976 de
900 2921 1154 2990 languore
1183 2929 1272 2972 tuo
1301 2919 1542 2973 veniunt.
1577 2917 1764 2972 Adhuc
1792 2917 1935 2971 enim
1966 2917 2118 2970 inlir-

534 3028 677 3067 mam
698 3027 911 3066 carnem
941 3011 1103 3079 geris,
1134 3009 1366 3063 nondum
1397 3017 1479 3063 est
1506 3009 1753 3077 absorpta
1783 3023 1927 3062 mors
1953 3007 2005 3060 in
2037 3007 2116 3061 vi-

531 3102 775 3164 ctoriam,
800 3100 1032 3155 noudum
1061 3098 1404 3168 corruptibile
1431 3098 1530 3150 hoc
1563 3095 1732 3150 induit
1760 3098 2119 3166 incorruptio-

533 3210 656 3250 nem
679 3193 722 3265 (l
749 3193 866 3247 Cor.
899 3207 986 3257 xv,
1018 3191 1106 3255 55,
1139 3187 1229 3260 54)
1257 3207 1270 3242 :
1301 3187 1474 3242 adhuc
1494 3187 1809 3257 quibusdam
1839 3188 2113 3258 perturba-

531 3287 766 3344 tionibus
789 3285 947 3341 etiam
974 3285 1086 3354 ipsa
1115 3283 1290 3337 anima
1323 3281 1558 3350 quatitttr
1584 3291 1703 3349 post
1739 3281 2110 3335 remissionem

530 3385 914 3449 peccatorum;
944 3375 1118 3430 adhuc
1159 3374 1210 3428 iu
1240 3373 1492 3442 periculis
1537 3372 1888 3426 tentatiouum
1929 3386 2114 3426 versa-

528 3477 638 3536 tur,
669 3467 980 3538 quibusdam
1005 3465 1432 3534 suggestionibus
1451 3463 1768 3528 delectatur,
1793 3461 2108 3532 quibusdam

529 3575 636 3614 non
667 3559 978 3621 delectatur,
1012 3566 1065 3611 et
1096 3557 1146 3610 itt
1173 3557 1250 3611 eis
1271 3554 1464 3623 quibus
1484 3555 1799 3620 delectatur,
1823 3553 2112 3622 aliquando

527 3650 842 3722 quibusdam
874 3649 1166 3714 consentit,
1197 3648 1422 3716 capitur.
1467 3647 1714 3714 Languor
1741 3655 1854 3710 est;
1885 3655 2030 3700 sanat
2059 3654 2114 3701 ct

527 3758 704 3798 omnes
747 3742 1012 3812 languore:
1057 3749 1187 3793 tuos.
1217 3737 1555 3794 Sanabuntur
1593 3751 1781 3792 omnes
1825 3737 2111 3806 languorcs

525 3834 623 3902 tyi,
656 3833 764 3888 noli
796 3833 1000 3887 timere.
1034 3831 1206 3900 Magni
1243 3841 1388 3896 sunt,
1429 3829 1671 3899 inquies:
1703 3829 1797 3885 sed
1835 3831 2006 3897 major
2031 3841 2112 3886 est

524 3925 784 3981 medicus.
808 3923 1170 3994 Omnipoteuti
1201 3922 1410 3978 medico
1445 3923 1622 3977 nullus
1651 3924 1873 3995 langttor
1899 3925 2108 3980 insana-

523 4019 643 4074 bilis
664 4018 897 4073 occurrit
928 4035 941 4072 :
972 4023 1173 4070 tantum
1206 4023 1259 4069 tu
1285 4015 1460 4070 curari
1499 4024 1548 4069 te
1585 4015 1731 4080 sine,
1779 4031 1969 4070 manus
1993 4015 2107 4084 ejus

521 4126 592 4167 ne
620 4111 880 4180 repellas;
921 4109 1072 4163 novit
1095 4107 1222 4176 quid
1261 4116 1400 4177 agat.
1445 4107 1559 4162 Non
1592 4117 1791 4162 tantum
1825 4109 2108 4164 delecteris

521 4217 643 4256 cum
670 4199 846 4264 fovet,
878 4199 972 4254 sed
998 4201 1157 4253 etiam
1196 4198 1390 4253 toleres
1417 4213 1538 4252 cum
1579 4209 1725 4252 secat
1755 4216 1767 4251 :
1800 4199 1967 4253 tolera
1996 4215 2108 4253 me-

521 4293 804 4348 dicinalem
839 4290 1108 4354 dolorem,
1149 4289 1380 4344 futuram
1407 4290 1646 4359 cogitans
1689 4291 1991 4345 sanitatem.
2017 4290 2109 4345 γε-

521 4385 670 4450 dcte,
690 4381 884 4438 fratres
915 4382 1040 4449 mei,
1069 4382 1122 4435 in
1141 4381 1258 4435 istis
1281 4381 1624 4451 languoribus
1644 4382 1884 4451 corporis
1908 4392 2104 4451 quanta

521 4473 770 4530 homines
797 4473 1038 4538 tolerent,
1066 4481 1122 4526 ut
1147 4486 1344 4542 paucos
1365 4471 1482 4526 dies
1501 4472 1687 4527 victuri
1711 4473 2023 4540 moriantur,
2052 4484 2106 4529 et

523 4564 628 4622 bos
664 4577 860 4635 paucos
895 4563 1010 4617 dies
1045 4563 1294 4617 incertos.
1343 4561 1486 4616 Multi
1515 4562 1658 4616 enim
1704 4571 1824 4632 post
1868 4563 2103 4619 toleran-

520 4658 653 4713 tiam
679 4667 990 4728 magnorum
1015 4655 1282 4721 dolorum,
1313 4669 1434 4708 cum
1461 4669 1491 4707 a
1517 4653 1740 4710 medicis
1769 4665 2101 4724 secarentur,

519 4757 612 4806 aut
637 4749 776 4804 inter
795 4762 983 4802 manus
1011 4745 1338 4801 medicorum
1371 4745 1563 4800 mortui
1592 4754 1734 4812 sunt,
1776 4746 1990 4816 autjam
2013 4763 2101 4802 sa-

518 4839 597 4904 ni,
629 4838 869 4894 irruente
904 4837 1078 4907 aliqua
1106 4836 1449 4905 aegritudine,
1477 4835 1709 4890 defuncti
1734 4846 1875 4890 sunt.
1904 4837 1958 4892 Si
1991 4846 2097 4892 tam

516 4931 618 4987 sibi
645 4930 993 5001 propinquam
1035 4938 1262 4983 mortem
1307 4939 1620 4998 Sperarent,
1653 4929 1772 4984 illos
1807 4929 2099 4985 immensos

516 5023 730 5079 dolores
774 5021 1111 5091 susciperent
1153 5019 1488 5075 tolerandos?
1523 5019 1602 5074 Tu
1644 5035 1747 5074 non
1793 5020 1992 5076 toleras
2033 5020 2102 5074 ad

517 5117 819 5171 incertum:
849 5114 937 5184 qui
983 5094 1226 5183 promisit
1264 5113 1580 5179 sanitatem,
1618 5128 1722 5165 non
1762 5121 1938 5181 potest
1970 5111 2099 5170 falli.

515 5206 739 5262 Fallitur
766 5205 1005 5261 medicus
1052 5203 1358 5274 aliquando,
1407 5212 1462 5258 et
1510 5204 1769 5271 promittit
1815 5205 2095 5258 sanitatem

514 5298 582 5351 de
609 5312 835 5367 corpore
880 5299 1132 5350 humano.
1164 5295 1338 5361 Quare
1377 5294 1610 5348 fallitur?
1655 5292 1786 5360 Quia
1835 5309 1938 5346 non
1998 5293 2100 5351 hoc

510 5396 666 5445 curat
693 5387 835 5458 quod
865 5385 1007 5442 fecit.
1039 5386 1182 5442 Deus
1219 5383 1343 5439 fecit
1371 5398 1564 5453 corpus
1605 5391 1773 5448 tuum,
1808 5385 1944 5438 Deus
1976 5381 2098 5439 fecit

573 5589 594 5622 ι
628 5585 852 5650 Plerique
872 5592 979 5635 Mss.
1005 5588 1282 5635 constanter
1301 5581 1505 5636 habent,
1527 5578 1750 5650 redimet.

574 5653 595 5683 ί
627 5650 700 5698 sic
719 5642 952 5698 meliores
977 5656 1080 5696 MSS.
1116 5653 1168 5694 At
1206 5653 1337 5705 Lov.:r
1361 5655 1398 5692 Α
1422 5651 1466 5693 te
1488 5655 1602 5705 ergo
1623 5642 1796 5703 malas,
1833 5656 1863 5692 a
1888 5651 1984 5693 Deo
2006 5656 2094 5691 au-

505 5721 604 5765 tem
628 5712 787 5761 bonas.
815 5719 908 5760 Nec
926 5708 1164 5770 haecque?
1184 5704 1380 5770 pateris,
1407 5714 1501 5755 etc.
1529 5704 1630 5752 Am.
1668 5712 1720 5756 et
1739 5711 1834 5757 ΕΜ
1856 5715 1891 5754 Α
1913 5712 1959 5756 te
1981 5719 2094 5770 ergo

507 5773 656 5839 mata,
680 5787 711 5824 ιι
736 5781 834 5824 Deo
855 5777 1012 5822 autem
1034 5767 1287 5821 b'oua.'1\'ec
1310 5767 1414 5821 hac
1437 5777 1565 5832 qua,
1592 5773 1686 5816 etc.

1772 329 1830 388 S.
1873 329 2238 387 AUGUSTINI
2279 327 2579 389 EPISCOPI

3690 340 3828 402 I310

2244 445 2476 500 animam
2517 453 2692 513 tuam;
2720 447 2868 502 novit
2915 449 3360 519 quemadmodum
3413 459 3623 509 recreet
3675 459 3820 526 quod

2240 539 2461 603 creavit,
2511 536 2660 593 novit
2710 541 3158 609 quemadmodum
3204 544 3462 602 reformat
3509 545 3656 616 quod
3707 547 3824 616 ipse

2242 627 2484 682 formavit
2515 647 2529 682 :
2563 637 2617 683 tn
2657 637 2862 686 tantum
2907 632 3006 687 sub
3037 634 3280 688 manibus
3307 635 3498 691 medici
3524 647 3675 700 es:o;
3708 635 3820 690 odit

2240 718 2380 770 enim
2411 719 2760 788 repellentem
2793 737 2981 777 manus
3008 739 3151 779 suas.
3189 725 3302 780 Non
3333 725 3392 784 lit
3425 726 3527 781 hoc
3548 729 3598 782 in
3623 725 3821 783 medici

2239 806 2468 863 hominis
2488 811 2748 866 manibus.
2779 811 2950 882 Ligari
2978 830 3036 870 se
3054 815 3232 871 volunt
3256 817 3516 883 homines,
3532 825 3587 873 et
3609 817 3783 874 secari
3802 833 3820 884 ;

2238 897 2413 954 daturi
2453 915 2550 970 pro
2581 901 2778 956 incerta
2805 905 3030 960 sanitate
3049 919 3252 961 certum
3291 907 3550 974 dolorem,
3575 925 3822 980 magnam

2238 990 2559 1046 mercedem.
2608 993 2745 1048 Deus
2777 1003 2857 1061 te,
2886 1011 3039 1065 quem
3074 996 3213 1064 fecit,
3258 1006 3313 1053 et
3348 1008 3523 1053 certus
3563 1007 3734 1064 curat,
3768 1005 3824 1053 et

2237 1083 2420 1150 gratis.
2447 1083 2606 1139 Ferto
2633 1101 2762 1161 ergo
2791 1102 2978 1142 manus
3002 1088 3138 1158 ejus,
3168 1107 3201 1143 ο
3238 1091 3434 1156 anima,
3457 1105 3572 1160 qua:
3593 1088 3821 1146 benedi-

2236 1173 2315 1227 cis
2352 1190 2495 1240 eum,
2545 1192 2648 1230 non
2691 1178 3015 1234 obliviscens
3061 1180 3434 1238 retributiones
3475 1181 3622 1251 ejus;
3670 1191 3821 1236 sanat

2237 1265 2380 1320 enim
2405 1283 2574 1322 omnes
2599 1270 2867 1341 Iauguores
2894 1281 3026 1325 tuos.

2309 1359 2360 1412 6.
2389 1358 2486 1424 Qui
2507 1361 2704 1415 redimit
2728 1363 2790 1416 de
2816 1365 3135 1434 corruptione
3160 1365 3312 1418 vitam
3333 1375 3489 1440 munt.
3515 1364 3640 1422 lude
3662 1373 3821 1421 sanat

2236 1463 2422 1505 omnes
2470 1453 2748 1522 lauguores
2792 1463 2940 1524 tuos,
2973 1455 3092 1526 quia
3131 1457 3342 1512 redimit
3384 1457 3449 1512 de
3477 1459 3819 1529 corruptione

2235 1541 2395 1596 vitam
2426 1551 2587 1597 tuam.
2619 1542 2758 1600 Ecce
2782 1561 2976 1616 corpus
2996 1547 3135 1617 quod
3161 1550 3534 1619 corrumpitur,
3565 1556 3820 1621 aggravat

2234 1632 2464 1686 animam
2494 1632 2668 1705 (Sap.
2699 1651 2777 1702 ιι,
2810 1634 2936 1709 15).
2972 1636 3142 1692 Vitam
3182 1653 3309 1708 ergo
3354 1637 3512 1694 habet
3545 1642 3720 1696 anima
3761 1641 3818 1700 in

2233 1741 2459 1798 Corpore
2505 1730 2854 1800 corruptibili.
2895 1731 3115 1797 Qualem
3152 1731 3353 1787 vitam?
3398 1733 3569 1788 Ouera
3598 1736 3817 1804 patitur,

2235 1819 2466 1887 pondera
2493 1823 2738 1876 sustinet.
2771 1823 2851 1877 Ad
2894 1824 3063 1893 ipsum
3096 1825 3260 1880 Deum
3287 1825 3646 1896 cegttandum,
3675 1829 3821 1884 sicut

2232 1907 2448 1978 dignum
2477 1919 2559 1966 est
2581 1913 2648 1965 ab
2674 1912 2891 1969 homine
2927 1915 3145 1986 cogitari
3175 1916 3341 1970 Deum
3367 1957 3382 1980 ,
3423 1927 3616 1988 quanta
3648 1919 3820 1990 impe-

2233 2000 2403 2066 diunt,
2436 2001 2595 2058 veluti
2622 2004 3007 2076 interpellantia
3035 2007 3102 2062 de
3123 2009 3434 2065 necessitate
3455 2012 3818 2081 corruptionis

2233 2091 2513 2148 humana}?
2542 2104 2736 2164 quanta
2775 2097 3067 2152 revocant?
3097 2108 3289 2169 quanta
3327 2116 3356 2153 a
3383 2102 3595 2156 sublimi
3636 2105 3817 2159 inten-

2233 2185 2376 2239 tione
2427 2185 2785 2256 detorquent?
2836 2200 3034 2258 quanta
3081 2192 3456 2262 interpellant?
3497 2212 3614 2262 qua:
3659 2197 3820 2256 turba

2233 2276 2699 2346 phantasmatum?
2728 2280 2814 2349 qui
2839 2281 3016 2351 populi
3037 2285 3475 2353 suggestionum?
3499 2286 3690 2341 Totum
3713 2287 3820 2345 hoc

2232 2368 2282 2422 in
2311 2368 2472 2423 corde
2500 2369 2751 2436 humano,
2786 2379 3032 2440 tanquam
3057 2371 3124 2426 de
3147 2375 3415 2430 vermibus
3454 2378 3818 2448 corruptionis

2232 2459 2388 2528 hujus
2432 2469 2619 2516 scatet.
2652 2461 3100 2532 Exaggeravimus
3142 2465 3419 2529 morbum,
3461 2467 3736 2524 laudemus
3761 2480 3816 2526 et

2229 2553 2514 2609 medicum.
2543 2553 2657 2607 Non
2689 2569 2816 2623 ergo
2855 2563 2909 2609 te
2935 2557 3162 2622 sanabit,
3191 2559 3278 2627 qui
3309 2560 3427 2614 fecit
3456 2560 3613 2614 talem
3642 2563 3816 2632 qualis

2229 2659 2334 2698 non
2365 2653 2671 2715 :egrotares,
2714 2647 2760 2699 si
2790 2647 2960 2715 legem
3001 2649 3244 2704 sanitatis
3287 2659 3555 2721 acceptam
3596 2669 3817 2709 servare

2229 2735 2529 2790 voluisses?
2557 2736 2741 2791 Nonne
2779 2736 2871 2791 tibi
2898 2747 2951 2793 et
2981 2738 3243 2809 disposuit
3285 2750 3339 2795 et
3383 2741 3653 2796 mandavit
3683 2745 3814 2813 quid

2229 2836 2493 2897 tangeres,
2521 2827 2646 2897 quid
2679 2844 2783 2882 non
2817 2837 3086 2899 tangeres,
3130 2831 3196 2886 ad
3224 2833 3550 2888 retinendam
3582 2835 3814 2891 salutem

2226 2916 2375 2988 (Gen.
2405 2933 2463 2983 tl,
2497 2916 2582 2982 l6,
2616 2918 2747 2988 i7)?
2774 2918 2998 2974 Noluisti
3027 2920 3212 2976 audire
3239 2921 3303 2976 ad
3326 2924 3681 2992 retinendam,
3710 2941 3811 2981 au-

2223 3007 2276 3062 di
2321 3007 2384 3061 ad
2425 3007 2807 3076 recipiendam.
2853 3009 3132 3080 Languorc
3163 3021 3252 3064 tuo
3275 3021 3525 3080 expertus
3557 3028 3616 3068 es
3645 3029 3810 3084 quam

2224 3115 2350 3154 vera
2378 3101 2465 3154 ille
2483 3101 2751 3170 jussisset.
2788 3101 2902 3156 Jam
2933 3103 3141 3156 tandem
3169 3104 3455 3174 aliquando
3484 3105 3642 3159 homo
3667 3107 3812 3176 quod

2222 3208 2327 3246 non
2356 3193 2522 3247 tenuit
2548 3195 2799 3254 monitus.
2838 3193 3017 3248 audiat
3046 3194 3126 3250 vel
3152 3206 3423 3265 expertus.
3453 3198 3584 3264 Qum
3610 3199 3810 3256 duritia

2221 3292 2300 3338 est
2322 3326 2336 3349 ,
2368 3300 2524 3353 quam
2554 3300 2651 3340 nec
2677 3285 3004 3356 experientia
3035 3285 3231 3340 docet?
3259 3287 3371 3342 Non
3405 3305 3533 3360 ergo
3563 3297 3613 3345 te
3649 3305 3811 3345 sana-

2223 3376 2298 3430 bit
2325 3377 2411 3447 qui
2445 3377 2602 3431 talem
2633 3377 2830 3433 lecerat
2865 3387 2922 3434 ut
2966 3395 3233 3450 nunquam
3273 3392 3582 3452 mgrotares,
3616 3385 3663 3439 si
3692 3385 3811 3454 ejus

2222 3477 2484 3538 prmcepta
2507 3483 2722 3524 servare
2746 3469 3049 3524 voluisses?
3088 3487 3191 3526 non
3225 3480 3275 3526 te
3304 3475 3530 3539 sanabit,
3563 3477 3649 3545 qui
3685 3475 3810 3532 fecit

2219 3559 2453 3628 Angelos
2476 3600 2490 3624 ,
2522 3567 2576 3613 et
2603 3567 2652 3614 te
2682 3558 2939 3614 relectum
2971 3572 3276 3630 mquaturus
3306 3574 3388 3618 est
3417 3566 3674 3635 Angelis?
3700 3583 3808 3621 non

2217 3649 2427 3704 sanabit
2471 3648 2664 3704 factum
2697 3651 2760 3702 ad
2793 3652 3074 3722 imaginem
3119 3670 3269 3706 suam
3294 3695 3309 3720 ,
3338 3655 3426 3724 qui
3458 3655 3579 3709 fecit
3608 3657 3806 3712 omium

2219 3748 2271 3792 et
2311 3739 2549 3794 terram?
2581 3739 2801 3793 Sanabit
2829 3751 2917 3805 te;
2948 3756 3083 3810 Opus
3109 3750 3192 3796 est
3223 3753 3278 3797 ut
3313 3747 3490 3799 sanari
3519 3747 3671 3800 velis.
3704 3745 3807 3802 Sa—

2219 3839 2312 3884 nat
2338 3832 2556 3886 omnino
2593 3832 2682 3886 ille
2708 3833 2998 3901 quemlibet
3027 3834 3353 3903 languidum,
3382 3835 3477 3890 sed
3514 3851 3617 3890 non
3652 3847 3808 3891 sanat

2220 3923 2459 3979 invitum.
2485 3923 2623 3991 Quid
2657 3932 2837 3979 autem
2865 3933 2916 3980 te
2943 3925 3172 3991 beatius,
3202 3942 3358 3997 quam
3387 3936 3446 3982 ut
3471 3937 3719 4000 tanquam
3753 3930 3806 3983 in

2216 4030 2375 4070 manu
2399 4024 2483 4070 tua
2503 4016 2543 4084 ³,
2573 4015 2651 4071 sic
2675 4014 2870 4072 habeas
2887 4015 2936 4070 in
2959 4016 3228 4071 voluntate
3249 4018 3525 4072 sanitatem
3550 4019 3729 4072 tuam?
3750 4021 3806 4074 Si

2216 4107 2382 4161 velles
2402 4122 2523 4162 esse
2549 4108 2599 4161 in
2628 4108 2806 4176 aliquo
2831 4107 3044 4162 sublimi
3073 4108 3274 4163 honore
3297 4108 3349 4163 in
3378 4108 3476 4164 hac
3505 4120 3678 4175 terra;
3702 4109 3807 4164 du-

2216 4205 2390 4250 catum
2416 4239 2432 4263 ,
2477 4197 2910 4266 proconsulatum
2936 4238 2950 4262 ,
2983 4198 3351 4268 praefecturam
3383 4200 3426 4253 si
3457 4201 3809 4270 concupisce-

2216 4303 2303 4344 res
2343 4306 2356 4342 :
2389 4287 2643 4359 numquid
2680 4290 2934 4343 continuo
2969 4304 3154 4360 posses
3202 4299 3258 4344 ttt
3295 4290 3500 4346 velles?
3546 4292 3807 4362 mtmquid

2216 4380 2544 4436 voluntatem
2575 4388 2716 4434 tuam
2759 4387 2997 4451 potestas
3037 4379 3388 4451 sequeretur?
3418 4381 3564 4436 Multi
3591 4382 3659 4436 ad
3701 4384 3806 4438 ista

2216 4471 2398 4525 volunt
2427 4471 2724 4542 pervenire,
2749 4479 2801 4525 et
2825 4485 2929 4524 non
2957 4481 3174 4540 possunt
3204 4487 3216 4522 :
3248 4471 3341 4526 sed
3372 4471 3416 4526 si
3443 4473 3822 4543 pervenirent,"

2213 4561 2337 4631 quid
2383 4559 2598 4631 prodest
2625 4559 2796 4615 honos
2829 4561 3074 4632 mgrotis?
3101 4561 3230 4630 Quis
3259 4562 3400 4615 enim
3447 4577 3550 4621 non
3577 4574 3809 4633 aegrotat

2215 4655 2268 4708 in
2301 4654 2400 4709 hac
2424 4651 2571 4707 vita?
2600 4652 2720 4724 quis
2749 4667 2855 4706 non
2886 4652 3192 4723 languorem
3219 4652 3436 4723 longum
3464 4654 3663 4709 trahit?
3698 4655 3808 4710 Na-

2215 4748 2289 4802 sci
2317 4747 2404 4801 hic
2425 4747 2475 4801 in
2497 4762 2723 4818 corpore
2745 4746 2977 4811 mortali,
3001 4747 3235 4816 incipere
3257 4747 3518 4816 mgrotar'e
3534 4757 3634 4803 est.
3658 4747 3808 4817 Quo-

2214 4837 2424 4894 tidianis
2454 4838 2856 4892 medicamentis
2901 4837 3187 4891 iniciuntur
3226 4836 3530 4907 indigenti-r3
3565 4847 3802 4904 nostrae,

2211 4929 2511 4998 quotidiana
2546 4928 2929 4984 medicamenta
2958 4936 3079 4981 sunt
3105 4925 3427 4982 rcfectiones
3453 4928 3690 4982 omnium
3721 4930 3805 4982 in-

2210 5020 2581 5088 digentiarum.
2608 5019 2798 5074 Fames
2829 5034 3009 5072 nonne
3039 5030 3087 5072 te
3115 5018 3402 5082 occideret,
3429 5019 3528 5072 nisi
3561 5019 3803 5074 medica-

2210 5122 2445 5168 mentum
2483 5113 2597 5181 ejus
2636 5111 2976 5182 apponeres?
3005 5111 3119 5166 sitis
3154 5126 3333 5165 nonne
3371 5119 3423 5165 te
3470 5110 3763 5180 perimeret

2209 5203 2309 5257 nisi
2351 5221 2466 5258 eam
2512 5216 2566 5257 tu
2594 5202 2850 5266 bibendo,
2893 5217 2997 5256 non
3046 5202 3256 5270 penitus
3285 5201 3676 5269 exstinguercs,
3705 5199 3801 5254 sed

2209 5294 2490 5349 differres?
2515 5293 2763 5347 Rcditura
2789 5301 2872 5348 est
2897 5293 3035 5346 enim
3059 5293 3176 5346 sitis
3195 5291 3458 5360 paululum
3480 5298 3780 5363 temperata

2207 5387 2590 5456 Temperamus
2615 5401 2741 5454 ergo
2771 5386 2886 5439 istis
2924 5383 3172 5438 fomentis
3205 5398 3499 5437 mrumnam
3527 5379 3803 5452 aegritudi-

2208 5481 2290 5534 nis
2317 5490 2529 5532 nostrae.
2560 5475 2762 5530 Staudo
2801 5476 3026 5530 lassatus
3065 5491 3183 5530 eras
3203 5515 3218 5537 ,
3247 5473 3486 5529 sedendo
3514 5473 3793 5534 reticulis;

2207 5571 2378 5640 ipsum
2419 5567 2606 5623 sedere
2637 5567 2898 5623 medicina
2927 5576 3011 5623 est
3045 5566 3413 5624 lassitudinis:
3449 5563 3502 5620 ’m
3531 5565 3649 5636 ipsa
3684 5577 3810 5620 tne-

2267 5705 2284 5736 ¹
2310 5711 2383 5752 Er.
2403 5709 2454 5754 et
2479 5709 2608 5766 l.ov.,
2629 5714 2678 5752 ut
2704 5714 2848 5752 manu
2871 5707 2952 5752 tua
2975 5704 3134 5752 vitam.
3162 5699 3325 5751 Abest.
3348 5697 3508 5763 vitam,
3525 5697 3590 5748 ab
3618 5706 3721 5745 am.
3759 5707 3820 5750 et

2205 5780 2231 5816 ﬂ
2256 5774 2357 5814 MSS.
