  <div class='ocr_page' id='page_1' title='image "/cluster/home/n/w/nwhite01/storage/ocr_20150623/37/hvd.32044015471477/154.png"; bbox 0 0 4058 6500; ppageno 0'>
   <div class='ocr_carea' id='block_1_1' title="bbox 295 371 435 434">
    <p class='ocr_par' dir='ltr' id='par_1_1' title="bbox 295 371 435 434">
     <span class='ocr_line' id='line_1_1' title="bbox 295 371 435 434; baseline 0.007 -46"><span class='ocrx_word' id='word_1_1' title='bbox 295 371 435 434; x_wconf 49' lang='grc' dir='ltr'><strong>,5η</strong></span> 
     </span>
    </p>
   </div>
   <div class='ocr_carea' id='block_1_2' title="bbox 289 483 1868 558">
    <p class='ocr_par' dir='ltr' id='par_1_2' title="bbox 289 483 1868 558">
     <span class='ocr_line' id='line_1_2' title="bbox 289 483 1868 558; baseline 0.004 -19"><span class='ocrx_word' id='word_1_2' title='bbox 289 486 457 540; x_wconf 81' lang='lat' dir='ltr'><strong>dicina</strong></span> <span class='ocrx_word' id='word_1_3' title='bbox 486 498 677 540; x_wconf 83' lang='lat' dir='ltr'><strong>rursus</strong></span> <span class='ocrx_word' id='word_1_4' title='bbox 699 483 955 553; x_wconf 87' lang='lat' dir='ltr'><strong>lassaris;</strong></span> <span class='ocrx_word' id='word_1_5' title='bbox 981 484 1073 542; x_wconf 84' lang='lat' dir='ltr'><strong>diu</strong></span> <span class='ocrx_word' id='word_1_6' title='bbox 1097 483 1285 549; x_wconf 85' lang='lat' dir='ltr'><strong>sedere</strong></span> <span class='ocrx_word' id='word_1_7' title='bbox 1326 500 1430 543; x_wconf 87' lang='lat' dir='ltr'><strong>non</strong></span> <span class='ocrx_word' id='word_1_8' title='bbox 1449 488 1868 558; x_wconf 47' lang='lat' dir='ltr'><strong>poteris.,Quid-</strong></span> 
     </span>
    </p>
   </div>
   <div class='ocr_carea' id='block_1_3' title="bbox 287 577 1871 652">
    <p class='ocr_par' dir='ltr' id='par_1_3' title="bbox 287 577 1871 652">
     <span class='ocr_line' id='line_1_3' title="bbox 287 577 1871 652; baseline 0.005 -21"><span class='ocrx_word' id='word_1_9' title='bbox 287 577 406 648; x_wconf 90' lang='lat' dir='ltr'><strong>quid</strong></span> <span class='ocrx_word' id='word_1_10' title='bbox 435 588 522 633; x_wconf 72' lang='lat' dir='ltr'><strong>eat</strong></span> <span class='ocrx_word' id='word_1_11' title='bbox 540 577 631 633; x_wconf 88' lang='lat' dir='ltr'><strong>ubi</strong></span> <span class='ocrx_word' id='word_1_12' title='bbox 658 578 985 649; x_wconf 74' lang='lat' dir='ltr'><strong>fatigationi‘</strong></span> <span class='ocrx_word' id='word_1_13' title='bbox 1013 580 1361 651; x_wconf 72' lang='lat' dir='ltr'><strong>succurritur,</strong></span> <span class='ocrx_word' id='word_1_14' title='bbox 1391 580 1494 637; x_wconf 86' lang='lat' dir='ltr'><strong>alia</strong></span> <span class='ocrx_word' id='word_1_15' title='bbox 1521 581 1760 652; x_wconf 81' lang='lat' dir='ltr'><strong>fatigatio</strong></span> <span class='ocrx_word' id='word_1_16' title='bbox 1786 584 1871 638; x_wconf 93' lang='lat' dir='ltr'><strong>in-</strong></span> 
     </span>
    </p>
   </div>
   <div class='ocr_carea' id='block_1_4' title="bbox 283 671 1869 753">
    <p class='ocr_par' dir='ltr' id='par_1_4' title="bbox 283 671 1869 753">
     <span class='ocr_line' id='line_1_4' title="bbox 283 671 1869 753; baseline 0.004 -25"><span class='ocrx_word' id='word_1_17' title='bbox 283 671 524 729; x_wconf 88' lang='lat' dir='ltr'><strong>choatur.</strong></span> <span class='ocrx_word' id='word_1_18' title='bbox 552 672 689 741; x_wconf 86' lang='lat' dir='ltr'><strong>Quid</strong></span> <span class='ocrx_word' id='word_1_19' title='bbox 713 688 843 743; x_wconf 88' lang='lat' dir='ltr'><strong>ergo</strong></span> <span class='ocrx_word' id='word_1_20' title='bbox 868 672 967 729; x_wconf 87' lang='lat' dir='ltr'><strong>ista</strong></span> <span class='ocrx_word' id='word_1_21' title='bbox 986 672 1259 730; x_wconf 81' lang='lat' dir='ltr'><strong>desideras</strong></span> <span class='ocrx_word' id='word_1_22' title='bbox 1283 673 1603 745; x_wconf 82' lang='lat' dir='ltr'><strong>languidus?</strong></span> <span class='ocrx_word' id='word_1_23' title='bbox 1630 675 1780 753; x_wconf 82' lang='lat' dir='ltr'><strong>Prius</strong></span> <span class='ocrx_word' id='word_1_24' title='bbox 1800 675 1869 734; x_wconf 90' lang='lat' dir='ltr'><strong>de</strong></span> 
     </span>
    </p>
   </div>
   <div class='ocr_carea' id='block_1_5' title="bbox 281 763 1870 837">
    <p class='ocr_par' dir='ltr' id='par_1_5' title="bbox 281 763 1870 837">
     <span class='ocr_line' id='line_1_5' title="bbox 281 763 1870 837; baseline 0.004 -19"><span class='ocrx_word' id='word_1_25' title='bbox 281 763 447 819; x_wconf 87' lang='lat' dir='ltr'><strong>salute</strong></span> <span class='ocrx_word' id='word_1_26' title='bbox 487 773 577 818; x_wconf 91' lang='lat' dir='ltr'><strong>tua</strong></span> <span class='ocrx_word' id='word_1_27' title='bbox 616 764 810 835; x_wconf 88' lang='lat' dir='ltr'><strong>cogita.</strong></span> <span class='ocrx_word' id='word_1_28' title='bbox 838 765 1136 836; x_wconf 83' lang='lat' dir='ltr'><strong>Aliquando</strong></span> <span class='ocrx_word' id='word_1_29' title='bbox 1178 774 1400 837; x_wconf 70' lang='lat' dir='ltr'><strong>aegrotat</strong></span> <span class='ocrx_word' id='word_1_30' title='bbox 1442 766 1604 823; x_wconf 88' lang='lat' dir='ltr'><strong>homo</strong></span> <span class='ocrx_word' id='word_1_31' title='bbox 1630 767 1684 823; x_wconf 90' lang='lat' dir='ltr'><strong>in</strong></span> <span class='ocrx_word' id='word_1_32' title='bbox 1709 767 1870 829; x_wconf 87' lang='lat' dir='ltr'><strong>domo</strong></span> 
     </span>
    </p>
   </div>
   <div class='ocr_carea' id='block_1_6' title="bbox 280 855 1865 933">
    <p class='ocr_par' dir='ltr' id='par_1_6' title="bbox 280 855 1865 933">
     <span class='ocr_line' id='line_1_6' title="bbox 280 855 1865 933; baseline 0.004 -23"><span class='ocrx_word' id='word_1_33' title='bbox 280 871 386 920; x_wconf 85' lang='lat' dir='ltr'><strong>sua,</strong></span> <span class='ocrx_word' id='word_1_34' title='bbox 424 855 479 910; x_wconf 92' lang='lat' dir='ltr'><strong>in</strong></span> <span class='ocrx_word' id='word_1_35' title='bbox 500 855 641 911; x_wconf 89' lang='lat' dir='ltr'><strong>lecto</strong></span> <span class='ocrx_word' id='word_1_36' title='bbox 660 871 779 924; x_wconf 88' lang='lat' dir='ltr'><strong>suo,</strong></span> <span class='ocrx_word' id='word_1_37' title='bbox 802 857 1115 929; x_wconf 72' lang='lat' dir='ltr'><strong>aegritudine</strong></span> <span class='ocrx_word' id='word_1_38' title='bbox 1136 857 1535 926; x_wconf 78' lang='lat' dir='ltr'><strong>manifestiore;</strong></span> <span class='ocrx_word' id='word_1_39' title='bbox 1562 876 1865 933; x_wconf 80' lang='lat' dir='ltr'><strong>quanquam</strong></span> 
     </span>
    </p>
   </div>
   <div class='ocr_carea' id='block_1_7' title="bbox 277 949 1862 1023">
    <p class='ocr_par' dir='ltr' id='par_1_7' title="bbox 277 949 1862 1023">
     <span class='ocr_line' id='line_1_7' title="bbox 277 949 1862 1023; baseline 0.001 -16"><span class='ocrx_word' id='word_1_40' title='bbox 277 962 326 1007; x_wconf 88' lang='lat' dir='ltr'><strong>et</strong></span> <span class='ocrx_word' id='word_1_41' title='bbox 356 950 463 1006; x_wconf 87' lang='lat' dir='ltr'><strong>ista</strong></span> <span class='ocrx_word' id='word_1_42' title='bbox 489 949 773 1007; x_wconf 88' lang='lat' dir='ltr'><strong>manifesta</strong></span> <span class='ocrx_word' id='word_1_43' title='bbox 799 950 902 1019; x_wconf 91' lang='lat' dir='ltr'><strong>sit,</strong></span> <span class='ocrx_word' id='word_1_44' title='bbox 933 967 1092 1023; x_wconf 89' lang='lat' dir='ltr'><strong>quam</strong></span> <span class='ocrx_word' id='word_1_45' title='bbox 1120 953 1312 1008; x_wconf 88' lang='lat' dir='ltr'><strong>nolunt</strong></span> <span class='ocrx_word' id='word_1_46' title='bbox 1358 953 1602 1009; x_wconf 83' lang='lat' dir='ltr'><strong>homines</strong></span> <span class='ocrx_word' id='word_1_47' title='bbox 1628 954 1820 1009; x_wconf 91' lang='lat' dir='ltr'><strong>intueri</strong></span> <span class='ocrx_word' id='word_1_48' title='bbox 1846 971 1862 1009; x_wconf 90' lang='lat'><strong>:</strong></span> 
     </span>
    </p>
   </div>
   <div class='ocr_carea' id='block_1_8' title="bbox 278 1043 1866 1115">
    <p class='ocr_par' dir='ltr' id='par_1_8' title="bbox 278 1043 1866 1115">
     <span class='ocr_line' id='line_1_8' title="bbox 278 1043 1866 1115; baseline 0.002 -17"><span class='ocrx_word' id='word_1_49' title='bbox 278 1053 451 1099; x_wconf 86' lang='lat' dir='ltr'><strong>tamen</strong></span> <span class='ocrx_word' id='word_1_50' title='bbox 478 1058 541 1098; x_wconf 89' lang='lat' dir='ltr'><strong>ea</strong></span> <span class='ocrx_word' id='word_1_51' title='bbox 568 1043 904 1114; x_wconf 70' lang='lat' dir='ltr'><strong>aegritudine,</strong></span> <span class='ocrx_word' id='word_1_52' title='bbox 935 1043 1003 1100; x_wconf 88' lang='lat' dir='ltr'><strong>ad</strong></span> <span class='ocrx_word' id='word_1_53' title='bbox 1030 1060 1187 1115; x_wconf 90' lang='lat' dir='ltr'><strong>quam</strong></span> <span class='ocrx_word' id='word_1_54' title='bbox 1216 1056 1526 1115; x_wconf 60' lang='lat' dir='ltr'><strong>quaeruntur</strong></span> <span class='ocrx_word' id='word_1_55' title='bbox 1554 1045 1745 1103; x_wconf 86' lang='lat' dir='ltr'><strong>medici</strong></span> <span class='ocrx_word' id='word_1_56' title='bbox 1767 1045 1866 1101; x_wconf 85' lang='lat' dir='ltr'><strong>ho-</strong></span> 
     </span>
    </p>
   </div>
   <div class='ocr_carea' id='block_1_9' title="bbox 277 1133 1863 1206">
    <p class='ocr_par' dir='ltr' id='par_1_9' title="bbox 277 1133 1863 1206">
     <span class='ocr_line' id='line_1_9' title="bbox 277 1133 1863 1206; baseline 0.003 -19"><span class='ocrx_word' id='word_1_57' title='bbox 277 1133 466 1197; x_wconf 83' lang='lat' dir='ltr'><strong>mines,</strong></span> <span class='ocrx_word' id='word_1_58' title='bbox 496 1143 722 1205; x_wconf 62' lang='lat' dir='ltr'><strong>aegrotat</strong></span> <span class='ocrx_word' id='word_1_59' title='bbox 743 1135 966 1206; x_wconf 87' lang='lat' dir='ltr'><strong>quisque</strong></span> <span class='ocrx_word' id='word_1_60' title='bbox 986 1133 1038 1188; x_wconf 91' lang='lat' dir='ltr'><strong>in</strong></span> <span class='ocrx_word' id='word_1_61' title='bbox 1065 1134 1225 1190; x_wconf 92' lang='lat' dir='ltr'><strong>domo</strong></span> <span class='ocrx_word' id='word_1_62' title='bbox 1245 1150 1363 1203; x_wconf 89' lang='lat' dir='ltr'><strong>sua,</strong></span> <span class='ocrx_word' id='word_1_63' title='bbox 1388 1135 1606 1191; x_wconf 88' lang='lat' dir='ltr'><strong>anhelat</strong></span> <span class='ocrx_word' id='word_1_64' title='bbox 1626 1136 1863 1193; x_wconf 89' lang='lat' dir='ltr'><strong>febribus</strong></span> 
     </span>
    </p>
   </div>
   <div class='ocr_carea' id='block_1_10' title="bbox 276 1208 1861 1299">
    <p class='ocr_par' dir='ltr' id='par_1_10' title="bbox 276 1208 1861 1299">
     <span class='ocr_line' id='line_1_10' title="bbox 276 1208 1861 1299; baseline 0.001 -16"><span class='ocrx_word' id='word_1_65' title='bbox 276 1230 323 1283; x_wconf 86' lang='lat' dir='ltr'><strong>in</strong></span> <span class='ocrx_word' id='word_1_66' title='bbox 349 1228 493 1284; x_wconf 84' lang='lat' dir='ltr'><strong>lecto</strong></span> <span class='ocrx_word' id='word_1_67' title='bbox 521 1242 659 1294; x_wconf 90' lang='lat' dir='ltr'><strong>suo;</strong></span> <span class='ocrx_word' id='word_1_68' title='bbox 692 1208 982 1286; x_wconf 48' lang='lat' dir='ltr'><strong>velit&#39;forte</strong></span> <span class='ocrx_word' id='word_1_69' title='bbox 1018 1229 1257 1299; x_wconf 86' lang='lat' dir='ltr'><strong>cogitare</strong></span> <span class='ocrx_word' id='word_1_70' title='bbox 1284 1228 1352 1286; x_wconf 90' lang='lat' dir='ltr'><strong>de</strong></span> <span class='ocrx_word' id='word_1_71' title='bbox 1375 1244 1435 1285; x_wconf 90' lang='lat' dir='ltr'><strong>re</strong></span> <span class='ocrx_word' id='word_1_72' title='bbox 1464 1230 1730 1294; x_wconf 78' lang='lat' dir='ltr'><strong>familiari,</strong></span> <span class='ocrx_word' id='word_1_73' title='bbox 1761 1230 1861 1284; x_wconf 91' lang='lat' dir='ltr'><strong>ali-</strong></span> 
     </span>
    </p>
   </div>
   <div class='ocr_carea' id='block_1_11' title="bbox 275 1319 1845 1393">
    <p class='ocr_par' dir='ltr' id='par_1_11' title="bbox 275 1319 1845 1393">
     <span class='ocr_line' id='line_1_11' title="bbox 275 1319 1845 1393; baseline 0.004 -22"><span class='ocrx_word' id='word_1_74' title='bbox 275 1319 394 1390; x_wconf 87' lang='lat' dir='ltr'><strong>quid</strong></span> <span class='ocrx_word' id='word_1_75' title='bbox 414 1320 612 1390; x_wconf 86' lang='lat' dir='ltr'><strong>jubere</strong></span> <span class='ocrx_word' id='word_1_76' title='bbox 635 1320 721 1375; x_wconf 85' lang='lat' dir='ltr'><strong>vel</strong></span> <span class='ocrx_word' id='word_1_77' title='bbox 751 1321 802 1375; x_wconf 89' lang='lat' dir='ltr'><strong>in</strong></span> <span class='ocrx_word' id='word_1_78' title='bbox 829 1320 1008 1387; x_wconf 91' lang='lat' dir='ltr'><strong>domo,</strong></span> <span class='ocrx_word' id='word_1_79' title='bbox 1031 1321 1115 1376; x_wconf 86' lang='lat' dir='ltr'><strong>vel</strong></span> <span class='ocrx_word' id='word_1_80' title='bbox 1140 1321 1194 1375; x_wconf 90' lang='lat' dir='ltr'><strong>in</strong></span> <span class='ocrx_word' id='word_1_81' title='bbox 1216 1319 1400 1386; x_wconf 87' lang='lat' dir='ltr'><strong>fundo,</strong></span> <span class='ocrx_word' id='word_1_82' title='bbox 1422 1331 1515 1376; x_wconf 89' lang='lat' dir='ltr'><strong>aut</strong></span> <span class='ocrx_word' id='word_1_83' title='bbox 1538 1322 1845 1393; x_wconf 83' lang='lat' dir='ltr'><strong>disponere;</strong></span> 
     </span>
    </p>
   </div>
   <div class='ocr_carea' id='block_1_12' title="bbox 274 1413 1861 1485">
    <p class='ocr_par' dir='ltr' id='par_1_12' title="bbox 274 1413 1861 1485">
     <span class='ocr_line' id='line_1_12' title="bbox 274 1413 1861 1485; baseline 0.004 -19"><span class='ocrx_word' id='word_1_84' title='bbox 274 1413 448 1467; x_wconf 85' lang='lat' dir='ltr'><strong>statim</strong></span> <span class='ocrx_word' id='word_1_85' title='bbox 475 1428 603 1468; x_wconf 89' lang='lat' dir='ltr'><strong>cura</strong></span> <span class='ocrx_word' id='word_1_86' title='bbox 640 1429 860 1469; x_wconf 89' lang='lat' dir='ltr'><strong>suorum</strong></span> <span class='ocrx_word' id='word_1_87' title='bbox 896 1415 1376 1485; x_wconf 86' lang='lat' dir='ltr'><strong>circumstrepente</strong></span> <span class='ocrx_word' id='word_1_88' title='bbox 1402 1425 1457 1471; x_wconf 93' lang='lat' dir='ltr'><strong>et</strong></span> <span class='ocrx_word' id='word_1_89' title='bbox 1492 1425 1861 1473; x_wconf 87' lang='lat' dir='ltr'><strong>murmurante</strong></span> 
     </span>
    </p>
   </div>
   <div class='ocr_carea' id='block_1_13' title="bbox 274 1506 1856 1582">
    <p class='ocr_par' dir='ltr' id='par_1_13' title="bbox 274 1506 1856 1582">
     <span class='ocr_line' id='line_1_13' title="bbox 274 1506 1856 1582; baseline 0.004 -23"><span class='ocrx_word' id='word_1_90' title='bbox 274 1516 555 1561; x_wconf 85' lang='lat' dir='ltr'><strong>revocatur</strong></span> <span class='ocrx_word' id='word_1_91' title='bbox 581 1520 612 1559; x_wconf 88' lang='lat' dir='ltr'><strong>a</strong></span> <span class='ocrx_word' id='word_1_92' title='bbox 649 1506 840 1562; x_wconf 87' lang='lat' dir='ltr'><strong>talibus</strong></span> <span class='ocrx_word' id='word_1_93' title='bbox 860 1508 1038 1582; x_wconf 84' lang='lat' dir='ltr'><strong>curis,</strong></span> <span class='ocrx_word' id='word_1_94' title='bbox 1068 1517 1123 1562; x_wconf 90' lang='lat' dir='ltr'><strong>et</strong></span> <span class='ocrx_word' id='word_1_95' title='bbox 1159 1507 1355 1565; x_wconf 88' lang='lat' dir='ltr'><strong>dicitur</strong></span> <span class='ocrx_word' id='word_1_96' title='bbox 1377 1508 1473 1575; x_wconf 88' lang='lat' dir='ltr'><strong>illi,</strong></span> <span class='ocrx_word' id='word_1_97' title='bbox 1497 1509 1711 1565; x_wconf 87' lang='lat' dir='ltr'><strong>Dimitte</strong></span> <span class='ocrx_word' id='word_1_98' title='bbox 1737 1510 1856 1577; x_wconf 90' lang='lat' dir='ltr'><strong>ista,</strong></span> 
     </span>
    </p>
   </div>
   <div class='ocr_carea' id='block_1_14' title="bbox 276 1595 1859 1670">
    <p class='ocr_par' dir='ltr' id='par_1_14' title="bbox 276 1595 1859 1670">
     <span class='ocr_line' id='line_1_14' title="bbox 276 1595 1859 1670; baseline 0.005 -21"><span class='ocrx_word' id='word_1_99' title='bbox 276 1596 420 1665; x_wconf 83' lang='lat' dir='ltr'><strong>prius</strong></span> <span class='ocrx_word' id='word_1_100' title='bbox 438 1595 511 1651; x_wconf 89' lang='lat' dir='ltr'><strong>de</strong></span> <span class='ocrx_word' id='word_1_101' title='bbox 535 1596 709 1653; x_wconf 86' lang='lat' dir='ltr'><strong>salute</strong></span> <span class='ocrx_word' id='word_1_102' title='bbox 734 1606 822 1652; x_wconf 89' lang='lat' dir='ltr'><strong>tua</strong></span> <span class='ocrx_word' id='word_1_103' title='bbox 843 1597 1037 1669; x_wconf 86' lang='lat' dir='ltr'><strong>cogita.</strong></span> <span class='ocrx_word' id='word_1_104' title='bbox 1061 1597 1205 1670; x_wconf 88' lang='lat' dir='ltr'><strong>Ergo</strong></span> <span class='ocrx_word' id='word_1_105' title='bbox 1228 1597 1332 1654; x_wconf 86' lang='lat' dir='ltr'><strong>hoc</strong></span> <span class='ocrx_word' id='word_1_106' title='bbox 1352 1599 1445 1655; x_wconf 90' lang='lat' dir='ltr'><strong>tibi</strong></span> <span class='ocrx_word' id='word_1_107' title='bbox 1470 1599 1665 1655; x_wconf 89' lang='lat' dir='ltr'><strong>dicitur</strong></span> <span class='ocrx_word' id='word_1_108' title='bbox 1691 1618 1705 1657; x_wconf 91' lang='lat'><strong>:</strong></span> <span class='ocrx_word' id='word_1_109' title='bbox 1732 1600 1859 1657; x_wconf 88' lang='lat' dir='ltr'><strong>0m-</strong></span> 
     </span>
    </p>
   </div>
   <div class='ocr_carea' id='block_1_15' title="bbox 272 1686 1859 1764">
    <p class='ocr_par' dir='ltr' id='par_1_15' title="bbox 272 1686 1859 1764">
     <span class='ocr_line' id='line_1_15' title="bbox 272 1686 1859 1764; baseline 0.005 -23"><span class='ocrx_word' id='word_1_110' title='bbox 272 1686 350 1741; x_wconf 84' lang='lat' dir='ltr'><strong>nis</strong></span> <span class='ocrx_word' id='word_1_111' title='bbox 376 1686 565 1756; x_wconf 86' lang='lat' dir='ltr'><strong>homo,</strong></span> <span class='ocrx_word' id='word_1_112' title='bbox 588 1688 632 1742; x_wconf 92' lang='lat' dir='ltr'><strong>si</strong></span> <span class='ocrx_word' id='word_1_113' title='bbox 658 1703 769 1743; x_wconf 87' lang='lat' dir='ltr'><strong>non</strong></span> <span class='ocrx_word' id='word_1_114' title='bbox 793 1698 1053 1761; x_wconf 68' lang='lat' dir='ltr'><strong>aegrotas,</strong></span> <span class='ocrx_word' id='word_1_115' title='bbox 1077 1690 1179 1745; x_wconf 85' lang='lat' dir='ltr'><strong>alia</strong></span> <span class='ocrx_word' id='word_1_116' title='bbox 1207 1690 1417 1761; x_wconf 87' lang='lat' dir='ltr'><strong>cogita;</strong></span> <span class='ocrx_word' id='word_1_117' title='bbox 1448 1692 1493 1747; x_wconf 88' lang='lat' dir='ltr'><strong>si</strong></span> <span class='ocrx_word' id='word_1_118' title='bbox 1515 1700 1569 1747; x_wconf 91' lang='lat' dir='ltr'><strong>te</strong></span> <span class='ocrx_word' id='word_1_119' title='bbox 1593 1704 1859 1764; x_wconf 72' lang='lat' dir='ltr'><strong>mgrotau-</strong></span> 
     </span>
    </p>
   </div>
   <div class='ocr_carea' id='block_1_16' title="bbox 272 1779 1854 1856">
    <p class='ocr_par' dir='ltr' id='par_1_16' title="bbox 272 1779 1854 1856">
     <span class='ocr_line' id='line_1_16' title="bbox 272 1779 1854 1856; baseline 0.006 -23"><span class='ocrx_word' id='word_1_120' title='bbox 272 1786 371 1833; x_wconf 85' lang='lat' dir='ltr'><strong>tem</strong></span> <span class='ocrx_word' id='word_1_121' title='bbox 396 1779 623 1849; x_wconf 83' lang='lat' dir='ltr'><strong>languor</strong></span> <span class='ocrx_word' id='word_1_122' title='bbox 642 1781 755 1849; x_wconf 86' lang='lat' dir='ltr'><strong>ipse</strong></span> <span class='ocrx_word' id='word_1_123' title='bbox 780 1781 1067 1847; x_wconf 86' lang='lat' dir='ltr'><strong>convincit,</strong></span> <span class='ocrx_word' id='word_1_124' title='bbox 1095 1782 1241 1851; x_wconf 89' lang='lat' dir='ltr'><strong>prius</strong></span> <span class='ocrx_word' id='word_1_125' title='bbox 1262 1782 1332 1838; x_wconf 92' lang='lat' dir='ltr'><strong>de</strong></span> <span class='ocrx_word' id='word_1_126' title='bbox 1356 1784 1527 1839; x_wconf 86' lang='lat' dir='ltr'><strong>salute</strong></span> <span class='ocrx_word' id='word_1_127' title='bbox 1551 1792 1636 1839; x_wconf 89' lang='lat' dir='ltr'><strong>tua</strong></span> <span class='ocrx_word' id='word_1_128' title='bbox 1658 1786 1854 1856; x_wconf 89' lang='lat' dir='ltr'><strong>cogita.</strong></span> 
     </span>
    </p>
   </div>
   <div class='ocr_carea' id='block_1_17' title="bbox 268 1870 1856 1951">
    <p class='ocr_par' dir='ltr' id='par_1_17' title="bbox 268 1870 1856 1951">
     <span class='ocr_line' id='line_1_17' title="bbox 268 1870 1856 1951; baseline 0.005 -26"><span class='ocrx_word' id='word_1_129' title='bbox 268 1870 419 1927; x_wconf 82' lang='lat' dir='ltr'><strong>Salus</strong></span> <span class='ocrx_word' id='word_1_130' title='bbox 443 1879 533 1926; x_wconf 89' lang='lat' dir='ltr'><strong>tua</strong></span> <span class='ocrx_word' id='word_1_131' title='bbox 563 1870 807 1928; x_wconf 83' lang='lat' dir='ltr'><strong>Chrisms</strong></span> <span class='ocrx_word' id='word_1_132' title='bbox 834 1882 917 1929; x_wconf 90' lang='lat' dir='ltr'><strong>est</strong></span> <span class='ocrx_word' id='word_1_133' title='bbox 946 1890 958 1927; x_wconf 96' lang='lat'>:</span> <span class='ocrx_word' id='word_1_134' title='bbox 987 1873 1256 1930; x_wconf 86' lang='lat' dir='ltr'><strong>Christum</strong></span> <span class='ocrx_word' id='word_1_135' title='bbox 1283 1891 1411 1948; x_wconf 86' lang='lat' dir='ltr'><strong>ergo</strong></span> <span class='ocrx_word' id='word_1_136' title='bbox 1433 1878 1628 1949; x_wconf 88' lang='lat' dir='ltr'><strong>cogita.</strong></span> <span class='ocrx_word' id='word_1_137' title='bbox 1658 1880 1856 1951; x_wconf 78' lang='lat' dir='ltr'><strong>Accipe</strong></span> 
     </span>
    </p>
   </div>
   <div class='ocr_carea' id='block_1_18' title="bbox 268 1965 1857 2042">
    <p class='ocr_par' dir='ltr' id='par_1_18' title="bbox 268 1965 1857 2042">
     <span class='ocr_line' id='line_1_18' title="bbox 268 1965 1857 2042; baseline 0.006 -23"><span class='ocrx_word' id='word_1_138' title='bbox 268 1965 488 2020; x_wconf 82' lang='lat' dir='ltr'><strong>calicem</strong></span> <span class='ocrx_word' id='word_1_139' title='bbox 506 1966 757 2022; x_wconf 87' lang='lat' dir='ltr'><strong>salutaris</strong></span> <span class='ocrx_word' id='word_1_140' title='bbox 773 1968 911 2037; x_wconf 86' lang='lat' dir='ltr'><strong>ejus,</strong></span> <span class='ocrx_word' id='word_1_141' title='bbox 936 1967 1038 2035; x_wconf 87' lang='lat' dir='ltr'><strong>Qui</strong></span> <span class='ocrx_word' id='word_1_142' title='bbox 1058 1979 1203 2023; x_wconf 87' lang='lat' dir='ltr'><strong>sanat</strong></span> <span class='ocrx_word' id='word_1_143' title='bbox 1225 1985 1396 2025; x_wconf 85' lang='lat' dir='ltr'><strong>omnes</strong></span> <span class='ocrx_word' id='word_1_144' title='bbox 1419 1970 1686 2042; x_wconf 80' lang='lat' dir='ltr'><strong>tanguores</strong></span> <span class='ocrx_word' id='word_1_145' title='bbox 1706 1983 1817 2028; x_wconf 87' lang='lat' dir='ltr'><strong>tuos</strong></span> <span class='ocrx_word' id='word_1_146' title='bbox 1837 1988 1857 2027; x_wconf 92' lang='lat'><strong><em>:</em></strong></span> 
     </span>
    </p>
   </div>
   <div class='ocr_carea' id='block_1_19' title="bbox 267 2057 1877 2126">
    <p class='ocr_par' dir='ltr' id='par_1_19' title="bbox 267 2057 1877 2126">
     <span class='ocr_line' id='line_1_19' title="bbox 267 2057 1877 2126; baseline 0.006 -16"><span class='ocrx_word' id='word_1_147' title='bbox 267 2057 401 2111; x_wconf 79' lang='lat' dir='ltr'><strong>lianc</strong></span> <span class='ocrx_word' id='word_1_148' title='bbox 430 2057 660 2113; x_wconf 89' lang='lat' dir='ltr'><strong>salutem</strong></span> <span class='ocrx_word' id='word_1_149' title='bbox 689 2060 731 2113; x_wconf 89' lang='lat' dir='ltr'><strong>si</strong></span> <span class='ocrx_word' id='word_1_150' title='bbox 771 2058 1022 2126; x_wconf 91' lang='lat' dir='ltr'><strong>volueris,</strong></span> <span class='ocrx_word' id='word_1_151' title='bbox 1052 2059 1339 2116; x_wconf 89' lang='lat' dir='ltr'><strong>obtinebis.</strong></span> <span class='ocrx_word' id='word_1_152' title='bbox 1369 2060 1610 2118; x_wconf 82' lang='lat' dir='ltr'><strong>Honores</strong></span> <span class='ocrx_word' id='word_1_153' title='bbox 1636 2072 1691 2119; x_wconf 92' lang='lat' dir='ltr'><strong>et</strong></span> <span class='ocrx_word' id='word_1_154' title='bbox 1714 2064 1877 2119; x_wconf 56' lang='lat' dir='ltr'><strong>divi--</strong></span> 
     </span>
    </p>
   </div>
   <div class='ocr_carea' id='block_1_20' title="bbox 267 2149 1854 2220">
    <p class='ocr_par' dir='ltr' id='par_1_20' title="bbox 267 2149 1854 2220">
     <span class='ocr_line' id='line_1_20' title="bbox 267 2149 1854 2220; baseline 0.004 -15"><span class='ocrx_word' id='word_1_155' title='bbox 267 2149 359 2205; x_wconf 78' lang='lat' dir='ltr'><strong>tias</strong></span> <span class='ocrx_word' id='word_1_156' title='bbox 381 2164 506 2204; x_wconf 91' lang='lat' dir='ltr'><strong>cum</strong></span> <span class='ocrx_word' id='word_1_157' title='bbox 548 2150 861 2220; x_wconf 90' lang='lat' dir='ltr'><strong>requisieris</strong></span> <span class='ocrx_word' id='word_1_158' title='bbox 879 2191 894 2217; x_wconf 93' lang='lat'><strong>,</strong></span> <span class='ocrx_word' id='word_1_159' title='bbox 928 2166 1033 2206; x_wconf 87' lang='lat' dir='ltr'><strong>non</strong></span> <span class='ocrx_word' id='word_1_160' title='bbox 1060 2153 1317 2209; x_wconf 91' lang='lat' dir='ltr'><strong>continuo</strong></span> <span class='ocrx_word' id='word_1_161' title='bbox 1341 2154 1385 2209; x_wconf 89' lang='lat' dir='ltr'><strong>si</strong></span> <span class='ocrx_word' id='word_1_162' title='bbox 1412 2155 1660 2220; x_wconf 85' lang='lat' dir='ltr'><strong>volueris,</strong></span> <span class='ocrx_word' id='word_1_163' title='bbox 1693 2155 1854 2212; x_wconf 88' lang='lat' dir='ltr'><strong>habe-</strong></span> 
     </span>
    </p>
   </div>
   <div class='ocr_carea' id='block_1_21' title="bbox 266 2242 1851 2316">
    <p class='ocr_par' dir='ltr' id='par_1_21' title="bbox 266 2242 1851 2316">
     <span class='ocr_line' id='line_1_21' title="bbox 266 2242 1851 2316; baseline 0.003 -17"><span class='ocrx_word' id='word_1_164' title='bbox 266 2243 345 2299; x_wconf 81' lang='lat' dir='ltr'><strong>bis</strong></span> <span class='ocrx_word' id='word_1_165' title='bbox 377 2261 392 2298; x_wconf 88' lang='lat'><strong>:</strong></span> <span class='ocrx_word' id='word_1_166' title='bbox 438 2242 543 2299; x_wconf 88' lang='lat' dir='ltr'><strong>hoc</strong></span> <span class='ocrx_word' id='word_1_167' title='bbox 567 2254 622 2298; x_wconf 92' lang='lat' dir='ltr'><strong>et</strong></span> <span class='ocrx_word' id='word_1_168' title='bbox 647 2244 931 2315; x_wconf 68' lang='lat' dir='ltr'><strong>pretiosius</strong></span> <span class='ocrx_word' id='word_1_169' title='bbox 956 2253 1071 2312; x_wconf 89' lang='lat' dir='ltr'><strong>est,</strong></span> <span class='ocrx_word' id='word_1_170' title='bbox 1108 2254 1165 2301; x_wconf 90' lang='lat' dir='ltr'><strong>et</strong></span> <span class='ocrx_word' id='word_1_171' title='bbox 1197 2246 1438 2316; x_wconf 84' lang='lat' dir='ltr'><strong>sequitur</strong></span> <span class='ocrx_word' id='word_1_172' title='bbox 1458 2246 1785 2303; x_wconf 84' lang='lat' dir='ltr'><strong>voluntatem</strong></span> <span class='ocrx_word' id='word_1_173' title='bbox 1807 2251 1851 2303; x_wconf 87' lang='grc'><strong>¹.</strong></span> 
     </span>
    </p>
   </div>
   <div class='ocr_carea' id='block_1_22' title="bbox 268 2336 1855 2412">
    <p class='ocr_par' dir='ltr' id='par_1_22' title="bbox 268 2336 1855 2412">
     <span class='ocr_line' id='line_1_22' title="bbox 268 2336 1855 2412; baseline 0.004 -23"><span class='ocrx_word' id='word_1_174' title='bbox 268 2336 362 2403; x_wconf 85' lang='lat' dir='ltr'><strong>Qui</strong></span> <span class='ocrx_word' id='word_1_175' title='bbox 378 2345 532 2390; x_wconf 81' lang='lat' dir='ltr'><strong>sanat</strong></span> <span class='ocrx_word' id='word_1_176' title='bbox 542 2353 714 2391; x_wconf 85' lang='lat' dir='ltr'><strong>omnes</strong></span> <span class='ocrx_word' id='word_1_177' title='bbox 726 2337 989 2408; x_wconf 83' lang='lat' dir='ltr'><strong>Ianguores</strong></span> <span class='ocrx_word' id='word_1_178' title='bbox 1007 2348 1133 2403; x_wconf 87' lang='lat' dir='ltr'><strong>tuos,</strong></span> <span class='ocrx_word' id='word_1_179' title='bbox 1153 2339 1239 2409; x_wconf 85' lang='lat' dir='ltr'><strong>qui</strong></span> <span class='ocrx_word' id='word_1_180' title='bbox 1253 2339 1453 2394; x_wconf 87' lang='lat' dir='ltr'><strong>redimit</strong></span> <span class='ocrx_word' id='word_1_181' title='bbox 1463 2341 1527 2395; x_wconf 84' lang='lat' dir='ltr'><strong>de</strong></span> <span class='ocrx_word' id='word_1_182' title='bbox 1536 2342 1855 2412; x_wconf 81' lang='lat' dir='ltr'><strong>corruptione</strong></span> 
     </span>
    </p>
   </div>
   <div class='ocr_carea' id='block_1_23' title="bbox 263 2429 1850 2505">
    <p class='ocr_par' dir='ltr' id='par_1_23' title="bbox 263 2429 1850 2505">
     <span class='ocr_line' id='line_1_23' title="bbox 263 2429 1850 2505; baseline 0.006 -23"><span class='ocrx_word' id='word_1_183' title='bbox 263 2429 411 2485; x_wconf 75' lang='lat' dir='ltr'><strong>vitam</strong></span> <span class='ocrx_word' id='word_1_184' title='bbox 453 2441 618 2485; x_wconf 83' lang='lat' dir='ltr'><strong>tuam.</strong></span> <span class='ocrx_word' id='word_1_185' title='bbox 661 2431 735 2485; x_wconf 91' lang='lat' dir='ltr'><strong>lbi</strong></span> <span class='ocrx_word' id='word_1_186' title='bbox 766 2431 1039 2486; x_wconf 85' lang='lat' dir='ltr'><strong>sanabitur</strong></span> <span class='ocrx_word' id='word_1_187' title='bbox 1068 2434 1242 2487; x_wconf 87' lang='lat' dir='ltr'><strong>omnis</strong></span> <span class='ocrx_word' id='word_1_188' title='bbox 1282 2433 1504 2505; x_wconf 82' lang='lat' dir='ltr'><strong>languor</strong></span> <span class='ocrx_word' id='word_1_189' title='bbox 1546 2444 1698 2504; x_wconf 80' lang='lat' dir='ltr'><strong>llllls,</strong></span> <span class='ocrx_word' id='word_1_190' title='bbox 1729 2452 1850 2492; x_wconf 92' lang='lat' dir='ltr'><strong>cum</strong></span> 
     </span>
    </p>
   </div>
   <div class='ocr_carea' id='block_1_24' title="bbox 261 2522 1852 2598">
    <p class='ocr_par' dir='ltr' id='par_1_24' title="bbox 261 2522 1852 2598">
     <span class='ocr_line' id='line_1_24' title="bbox 261 2522 1852 2598; baseline 0.003 -19"><span class='ocrx_word' id='word_1_191' title='bbox 261 2523 610 2593; x_wconf 78' lang='lat' dir='ltr'><strong>corruptibile</strong></span> <span class='ocrx_word' id='word_1_192' title='bbox 654 2522 757 2579; x_wconf 88' lang='lat' dir='ltr'><strong>hoc</strong></span> <span class='ocrx_word' id='word_1_193' title='bbox 805 2523 989 2579; x_wconf 90' lang='lat' dir='ltr'><strong>induet</strong></span> <span class='ocrx_word' id='word_1_194' title='bbox 1037 2525 1507 2595; x_wconf 84' lang='lat' dir='ltr'><strong>incorruptionem.</strong></span> <span class='ocrx_word' id='word_1_195' title='bbox 1557 2525 1852 2598; x_wconf 82' lang='lat' dir='ltr'><strong>Redempta</strong></span> 
     </span>
    </p>
   </div>
   <div class='ocr_carea' id='block_1_25' title="bbox 262 2616 1848 2689">
    <p class='ocr_par' dir='ltr' id='par_1_25' title="bbox 262 2616 1848 2689">
     <span class='ocr_line' id='line_1_25' title="bbox 262 2616 1848 2689; baseline 0.003 -17"><span class='ocrx_word' id='word_1_196' title='bbox 262 2626 337 2672; x_wconf 80' lang='lat' dir='ltr'><strong>est</strong></span> <span class='ocrx_word' id='word_1_197' title='bbox 358 2616 506 2671; x_wconf 90' lang='lat' dir='ltr'><strong>enim</strong></span> <span class='ocrx_word' id='word_1_198' title='bbox 532 2616 639 2671; x_wconf 86' lang='lat' dir='ltr'><strong>vita</strong></span> <span class='ocrx_word' id='word_1_199' title='bbox 670 2626 759 2671; x_wconf 88' lang='lat' dir='ltr'><strong>tua</strong></span> <span class='ocrx_word' id='word_1_200' title='bbox 785 2616 852 2672; x_wconf 90' lang='lat' dir='ltr'><strong>de</strong></span> <span class='ocrx_word' id='word_1_201' title='bbox 877 2618 1251 2688; x_wconf 87' lang='lat' dir='ltr'><strong>corruptione;</strong></span> <span class='ocrx_word' id='word_1_202' title='bbox 1287 2618 1397 2689; x_wconf 91' lang='lat' dir='ltr'><strong>jam</strong></span> <span class='ocrx_word' id='word_1_203' title='bbox 1439 2634 1658 2676; x_wconf 87' lang='lat' dir='ltr'><strong>securus</strong></span> <span class='ocrx_word' id='word_1_204' title='bbox 1699 2632 1848 2677; x_wconf 89' lang='lat' dir='ltr'><strong>esto:</strong></span> 
     </span>
    </p>
   </div>
   <div class='ocr_carea' id='block_1_26' title="bbox 259 2708 1851 2777">
    <p class='ocr_par' dir='ltr' id='par_1_26' title="bbox 259 2708 1851 2777">
     <span class='ocr_line' id='line_1_26' title="bbox 259 2708 1851 2777; baseline 0.004 -14"><span class='ocrx_word' id='word_1_205' title='bbox 259 2708 418 2764; x_wconf 84' lang='lat' dir='ltr'><strong>initus</strong></span> <span class='ocrx_word' id='word_1_206' title='bbox 451 2718 539 2765; x_wconf 88' lang='lat' dir='ltr'><strong>est</strong></span> <span class='ocrx_word' id='word_1_207' title='bbox 564 2709 721 2765; x_wconf 63' lang='lat' dir='ltr'><strong>bona:</strong></span> <span class='ocrx_word' id='word_1_208' title='bbox 759 2708 882 2765; x_wconf 82' lang='lat' dir='ltr'><strong>ﬁdei</strong></span> <span class='ocrx_word' id='word_1_209' title='bbox 910 2721 1245 2777; x_wconf 89' lang='lat' dir='ltr'><strong>contractus;</strong></span> <span class='ocrx_word' id='word_1_210' title='bbox 1287 2726 1446 2767; x_wconf 88' lang='lat' dir='ltr'><strong>nemo</strong></span> <span class='ocrx_word' id='word_1_211' title='bbox 1477 2712 1609 2768; x_wconf 88' lang='lat' dir='ltr'><strong>fallit</strong></span> <span class='ocrx_word' id='word_1_212' title='bbox 1637 2714 1851 2769; x_wconf 85' lang='lat' dir='ltr'><strong>redem-</strong></span> 
     </span>
    </p>
   </div>
   <div class='ocr_carea' id='block_1_27' title="bbox 260 2804 1851 2880">
    <p class='ocr_par' dir='ltr' id='par_1_27' title="bbox 260 2804 1851 2880">
     <span class='ocr_line' id='line_1_27' title="bbox 260 2804 1851 2880; baseline 0.005 -24"><span class='ocrx_word' id='word_1_213' title='bbox 260 2811 464 2872; x_wconf 86' lang='lat' dir='ltr'><strong>ptorem</strong></span> <span class='ocrx_word' id='word_1_214' title='bbox 493 2812 666 2870; x_wconf 89' lang='lat' dir='ltr'><strong>tuum,</strong></span> <span class='ocrx_word' id='word_1_215' title='bbox 696 2816 854 2859; x_wconf 89' lang='lat' dir='ltr'><strong>nemo</strong></span> <span class='ocrx_word' id='word_1_216' title='bbox 879 2804 1262 2870; x_wconf 89' lang='lat' dir='ltr'><strong>circumvenit,</strong></span> <span class='ocrx_word' id='word_1_217' title='bbox 1295 2821 1454 2861; x_wconf 91' lang='lat' dir='ltr'><strong>nemo</strong></span> <span class='ocrx_word' id='word_1_218' title='bbox 1480 2809 1695 2877; x_wconf 84' lang='lat' dir='ltr'><strong>premit.</strong></span> <span class='ocrx_word' id='word_1_219' title='bbox 1730 2808 1851 2880; x_wconf 87' lang='lat' dir='ltr'><strong>Egit</strong></span> 
     </span>
    </p>
   </div>
   <div class='ocr_carea' id='block_1_28' title="bbox 259 2888 1851 2970">
    <p class='ocr_par' dir='ltr' id='par_1_28' title="bbox 259 2888 1851 2970">
     <span class='ocr_line' id='line_1_28' title="bbox 259 2888 1851 2970; baseline 0.004 -21"><span class='ocrx_word' id='word_1_220' title='bbox 259 2892 341 2949; x_wconf 85' lang='lat' dir='ltr'><strong>hic</strong></span> <span class='ocrx_word' id='word_1_221' title='bbox 363 2895 772 2960; x_wconf 87' lang='lat' dir='ltr'><strong>commercium,</strong></span> <span class='ocrx_word' id='word_1_222' title='bbox 798 2895 906 2966; x_wconf 88' lang='lat' dir='ltr'><strong>jam</strong></span> <span class='ocrx_word' id='word_1_223' title='bbox 940 2897 1169 2967; x_wconf 86' lang='lat' dir='ltr'><strong>pretium</strong></span> <span class='ocrx_word' id='word_1_224' title='bbox 1207 2888 1384 2962; x_wconf 83' lang='lat' dir='ltr'><strong>solvit,</strong></span> <span class='ocrx_word' id='word_1_225' title='bbox 1418 2899 1733 2970; x_wconf 86' lang='lat' dir='ltr'><strong>sanguinem</strong></span> <span class='ocrx_word' id='word_1_226' title='bbox 1763 2900 1851 2956; x_wconf 84' lang='lat' dir='ltr'><strong>fu-</strong></span> 
     </span>
    </p>
   </div>
   <div class='ocr_carea' id='block_1_29' title="bbox 258 2982 1849 3063">
    <p class='ocr_par' dir='ltr' id='par_1_29' title="bbox 258 2982 1849 3063">
     <span class='ocr_line' id='line_1_29' title="bbox 258 2982 1849 3063; baseline 0.006 -24"><span class='ocrx_word' id='word_1_227' title='bbox 258 2982 349 3039; x_wconf 89' lang='lat' dir='ltr'><strong>dit.</strong></span> <span class='ocrx_word' id='word_1_228' title='bbox 379 2985 742 3055; x_wconf 81' lang='lat' dir='ltr'><strong>Sanguinem,</strong></span> <span class='ocrx_word' id='word_1_229' title='bbox 786 2986 1021 3056; x_wconf 89' lang='lat' dir='ltr'><strong>inquam.</strong></span> <span class='ocrx_word' id='word_1_230' title='bbox 1050 2986 1182 3042; x_wconf 87' lang='lat' dir='ltr'><strong>fudit</strong></span> <span class='ocrx_word' id='word_1_231' title='bbox 1209 2989 1400 3045; x_wconf 87' lang='lat' dir='ltr'><strong>unicus</strong></span> <span class='ocrx_word' id='word_1_232' title='bbox 1426 2989 1593 3045; x_wconf 87' lang='lat' dir='ltr'><strong>Filius</strong></span> <span class='ocrx_word' id='word_1_233' title='bbox 1626 2990 1721 3047; x_wconf 88' lang='lat' dir='ltr'><strong>Dei</strong></span> <span class='ocrx_word' id='word_1_234' title='bbox 1754 3008 1849 3063; x_wconf 88' lang='lat' dir='ltr'><strong>pro</strong></span> 
     </span>
    </p>
   </div>
   <div class='ocr_carea' id='block_1_30' title="bbox 257 3078 1867 3149">
    <p class='ocr_par' dir='ltr' id='par_1_30' title="bbox 257 3078 1867 3149">
     <span class='ocr_line' id='line_1_30' title="bbox 257 3078 1867 3149; baseline 0.002 -16"><span class='ocrx_word' id='word_1_235' title='bbox 257 3078 443 3133; x_wconf 83' lang='lat' dir='ltr'><strong>nobis:</strong></span> <span class='ocrx_word' id='word_1_236' title='bbox 474 3094 510 3134; x_wconf 93' lang='lat' dir='ltr'><strong>o</strong></span> <span class='ocrx_word' id='word_1_237' title='bbox 538 3079 739 3144; x_wconf 85' lang='lat' dir='ltr'><strong>anima,</strong></span> <span class='ocrx_word' id='word_1_238' title='bbox 766 3079 913 3149; x_wconf 80' lang='lat' dir='ltr'><strong>erige</strong></span> <span class='ocrx_word' id='word_1_239' title='bbox 946 3088 1016 3142; x_wconf 89' lang='lat' dir='ltr'><strong>te,</strong></span> <span class='ocrx_word' id='word_1_240' title='bbox 1051 3081 1180 3134; x_wconf 86' lang='lat' dir='ltr'><strong>tanti</strong></span> <span class='ocrx_word' id='word_1_241' title='bbox 1203 3080 1369 3137; x_wconf 88' lang='lat' dir='ltr'><strong>vales.</strong></span> <span class='ocrx_word' id='word_1_242' title='bbox 1401 3080 1625 3137; x_wconf 84' lang='lat' dir='ltr'><strong>Redimit</strong></span> <span class='ocrx_word' id='word_1_243' title='bbox 1656 3083 1719 3139; x_wconf 88' lang='lat' dir='ltr'><strong>de</strong></span> <span class='ocrx_word' id='word_1_244' title='bbox 1736 3101 1867 3138; x_wconf 52' lang='grc' dir='ltr'><strong>σον-ν</strong></span> 
     </span>
    </p>
   </div>
   <div class='ocr_carea' id='block_1_31' title="bbox 254 3170 1850 3248">
    <p class='ocr_par' dir='ltr' id='par_1_31' title="bbox 254 3170 1850 3248">
     <span class='ocr_line' id='line_1_31' title="bbox 254 3170 1850 3248; baseline 0.005 -22"><span class='ocrx_word' id='word_1_245' title='bbox 254 3173 490 3243; x_wconf 75' lang='lat' dir='ltr'><strong>raptione</strong></span> <span class='ocrx_word' id='word_1_246' title='bbox 512 3173 670 3227; x_wconf 80' lang='lat' dir='ltr'><strong>vitam</strong></span> <span class='ocrx_word' id='word_1_247' title='bbox 694 3180 852 3227; x_wconf 88' lang='lat' dir='ltr'><strong>tuam.</strong></span> <span class='ocrx_word' id='word_1_248' title='bbox 876 3170 1119 3229; x_wconf 88' lang='lat' dir='ltr'><strong>Ostendit</strong></span> <span class='ocrx_word' id='word_1_249' title='bbox 1141 3175 1405 3244; x_wconf 84' lang='lat' dir='ltr'><strong>exemplo,</strong></span> <span class='ocrx_word' id='word_1_250' title='bbox 1437 3176 1577 3247; x_wconf 89' lang='lat' dir='ltr'><strong>quod</strong></span> <span class='ocrx_word' id='word_1_251' title='bbox 1603 3178 1850 3248; x_wconf 87' lang='lat' dir='ltr'><strong>promisit</strong></span> 
     </span>
    </p>
   </div>
   <div class='ocr_carea' id='block_1_32' title="bbox 256 3264 1846 3335">
    <p class='ocr_par' dir='ltr' id='par_1_32' title="bbox 256 3264 1846 3335">
     <span class='ocr_line' id='line_1_32' title="bbox 256 3264 1846 3335; baseline 0.004 -15"><span class='ocrx_word' id='word_1_252' title='bbox 256 3264 308 3320; x_wconf 87' lang='lat' dir='ltr'><strong>in</strong></span> <span class='ocrx_word' id='word_1_253' title='bbox 332 3265 579 3335; x_wconf 78' lang='lat' dir='ltr'><strong>praemio.</strong></span> <span class='ocrx_word' id='word_1_254' title='bbox 608 3264 848 3320; x_wconf 79' lang='lat' dir='ltr'><strong>Mortuus</strong></span> <span class='ocrx_word' id='word_1_255' title='bbox 874 3274 955 3320; x_wconf 90' lang='lat' dir='ltr'><strong>est</strong></span> <span class='ocrx_word' id='word_1_256' title='bbox 986 3274 1204 3335; x_wconf 90' lang='lat' dir='ltr'><strong>propter</strong></span> <span class='ocrx_word' id='word_1_257' title='bbox 1228 3266 1420 3322; x_wconf 89' lang='lat' dir='ltr'><strong>delicta</strong></span> <span class='ocrx_word' id='word_1_258' title='bbox 1449 3278 1652 3334; x_wconf 89' lang='lat' dir='ltr'><strong>nostra,</strong></span> <span class='ocrx_word' id='word_1_259' title='bbox 1676 3280 1730 3326; x_wconf 91' lang='lat' dir='ltr'><strong>et</strong></span> <span class='ocrx_word' id='word_1_260' title='bbox 1755 3287 1846 3327; x_wconf 90' lang='lat' dir='ltr'><strong>re-</strong></span> 
     </span>
    </p>
   </div>
   <div class='ocr_carea' id='block_1_33' title="bbox 255 3357 1842 3433">
    <p class='ocr_par' dir='ltr' id='par_1_33' title="bbox 255 3357 1842 3433">
     <span class='ocr_line' id='line_1_33' title="bbox 255 3357 1842 3433; baseline 0.001 -20"><span class='ocrx_word' id='word_1_261' title='bbox 255 3358 491 3414; x_wconf 75' lang='lat' dir='ltr'><strong>surrexit</strong></span> <span class='ocrx_word' id='word_1_262' title='bbox 535 3367 756 3428; x_wconf 87' lang='lat' dir='ltr'><strong>propter</strong></span> <span class='ocrx_word' id='word_1_263' title='bbox 780 3357 1212 3426; x_wconf 86' lang='lat' dir='ltr'><strong>justilicationem</strong></span> <span class='ocrx_word' id='word_1_264' title='bbox 1252 3367 1486 3414; x_wconf 87' lang='lat' dir='ltr'><strong>nostram</strong></span> <span class='ocrx_word' id='word_1_265' title='bbox 1532 3359 1727 3433; x_wconf 86' lang='lat' dir='ltr'><strong>(Rom.</strong></span> <span class='ocrx_word' id='word_1_266' title='bbox 1769 3378 1842 3430; x_wconf 81' lang='lat' dir='ltr'><strong>iv,</strong></span> 
     </span>
    </p>
   </div>
   <div class='ocr_carea' id='block_1_34' title="bbox 253 3446 1843 3520">
    <p class='ocr_par' dir='ltr' id='par_1_34' title="bbox 253 3446 1843 3520">
     <span class='ocr_line' id='line_1_34' title="bbox 253 3446 1843 3520; baseline 0.004 -16"><span class='ocrx_word' id='word_1_267' title='bbox 253 3446 323 3504; x_wconf 74' lang='lat'><strong>25</strong></span> <span class='ocrx_word' id='word_1_268' title='bbox 342 3449 383 3518; x_wconf 83' lang='lat'><strong>).</strong></span> <span class='ocrx_word' id='word_1_269' title='bbox 414 3449 649 3518; x_wconf 83' lang='lat' dir='ltr'><strong>Sperent</strong></span> <span class='ocrx_word' id='word_1_270' title='bbox 676 3449 915 3504; x_wconf 87' lang='lat' dir='ltr'><strong>membra</strong></span> <span class='ocrx_word' id='word_1_271' title='bbox 956 3448 1097 3519; x_wconf 91' lang='lat' dir='ltr'><strong>quod</strong></span> <span class='ocrx_word' id='word_1_272' title='bbox 1127 3449 1181 3504; x_wconf 85' lang='lat' dir='ltr'><strong>in</strong></span> <span class='ocrx_word' id='word_1_273' title='bbox 1208 3451 1382 3520; x_wconf 90' lang='lat' dir='ltr'><strong>capite</strong></span> <span class='ocrx_word' id='word_1_274' title='bbox 1418 3451 1843 3509; x_wconf 87' lang='lat' dir='ltr'><strong>demonstratum</strong></span> 
     </span>
    </p>
   </div>
   <div class='ocr_carea' id='block_1_35' title="bbox 254 3539 1848 3612">
    <p class='ocr_par' dir='ltr' id='par_1_35' title="bbox 254 3539 1848 3612">
     <span class='ocr_line' id='line_1_35' title="bbox 254 3539 1848 3612; baseline 0.003 -15"><span class='ocrx_word' id='word_1_275' title='bbox 254 3550 352 3597; x_wconf 81' lang='lat' dir='ltr'><strong>est.</strong></span> <span class='ocrx_word' id='word_1_276' title='bbox 382 3539 499 3595; x_wconf 82' lang='lat' dir='ltr'><strong>Non</strong></span> <span class='ocrx_word' id='word_1_277' title='bbox 529 3540 737 3595; x_wconf 79' lang='lat' dir='ltr'><strong>curabit</strong></span> <span class='ocrx_word' id='word_1_278' title='bbox 766 3539 1002 3595; x_wconf 88' lang='lat' dir='ltr'><strong>membra</strong></span> <span class='ocrx_word' id='word_1_279' title='bbox 1039 3555 1133 3595; x_wconf 86' lang='lat' dir='ltr'><strong>sua</strong></span> <span class='ocrx_word' id='word_1_280' title='bbox 1155 3582 1171 3607; x_wconf 90' lang='lat'><strong>,</strong></span> <span class='ocrx_word' id='word_1_281' title='bbox 1200 3557 1425 3610; x_wconf 86' lang='lat' dir='ltr'><strong>quorum</strong></span> <span class='ocrx_word' id='word_1_282' title='bbox 1453 3553 1607 3612; x_wconf 83' lang='lat' dir='ltr'><strong>caput</strong></span> <span class='ocrx_word' id='word_1_283' title='bbox 1654 3545 1848 3602; x_wconf 82' lang='lat' dir='ltr'><strong>levavit</strong></span> 
     </span>
    </p>
   </div>
   <div class='ocr_carea' id='block_1_36' title="bbox 253 3630 1769 3701">
    <p class='ocr_par' dir='ltr' id='par_1_36' title="bbox 253 3630 1769 3701">
     <span class='ocr_line' id='line_1_36' title="bbox 253 3630 1769 3701; baseline 0.002 -14"><span class='ocrx_word' id='word_1_284' title='bbox 253 3631 303 3687; x_wconf 87' lang='lat' dir='ltr'><strong>in</strong></span> <span class='ocrx_word' id='word_1_285' title='bbox 331 3632 575 3688; x_wconf 64' lang='lat' dir='ltr'><strong>caelum?</strong></span> <span class='ocrx_word' id='word_1_286' title='bbox 600 3632 741 3701; x_wconf 87' lang='lat' dir='ltr'><strong>Ergo</strong></span> <span class='ocrx_word' id='word_1_287' title='bbox 766 3631 968 3686; x_wconf 81' lang='lat' dir='ltr'><strong>redimit</strong></span> <span class='ocrx_word' id='word_1_288' title='bbox 1001 3630 1065 3684; x_wconf 84' lang='lat' dir='ltr'><strong>de</strong></span> <span class='ocrx_word' id='word_1_289' title='bbox 1085 3634 1406 3701; x_wconf 83' lang='lat' dir='ltr'><strong>corruptione</strong></span> <span class='ocrx_word' id='word_1_290' title='bbox 1430 3634 1583 3687; x_wconf 85' lang='lat' dir='ltr'><strong>vitam</strong></span> <span class='ocrx_word' id='word_1_291' title='bbox 1613 3644 1769 3690; x_wconf 85' lang='lat' dir='ltr'><strong>tuam.</strong></span> 
     </span>
    </p>
   </div>
   <div class='ocr_carea' id='block_1_37' title="bbox 321 3722 1842 3789">
    <p class='ocr_par' dir='ltr' id='par_1_37' title="bbox 321 3722 1842 3789">
     <span class='ocr_line' id='line_1_37' title="bbox 321 3722 1842 3789; baseline 0.002 -10"><span class='ocrx_word' id='word_1_292' title='bbox 321 3725 374 3779; x_wconf 89' lang='lat'><strong>7.</strong></span> <span class='ocrx_word' id='word_1_293' title='bbox 402 3723 508 3789; x_wconf 82' lang='lat' dir='ltr'><strong>Qui</strong></span> <span class='ocrx_word' id='word_1_294' title='bbox 534 3731 745 3777; x_wconf 76' lang='lat' dir='ltr'><strong>coronat</strong></span> <span class='ocrx_word' id='word_1_295' title='bbox 770 3732 816 3776; x_wconf 85' lang='lat' dir='ltr'><strong>te</strong></span> <span class='ocrx_word' id='word_1_296' title='bbox 841 3722 893 3776; x_wconf 88' lang='lat' dir='ltr'><strong>in</strong></span> <span class='ocrx_word' id='word_1_297' title='bbox 921 3722 1241 3777; x_wconf 80' lang='lat' dir='ltr'><strong>miseratione</strong></span> <span class='ocrx_word' id='word_1_298' title='bbox 1258 3733 1306 3778; x_wconf 86' lang='lat' dir='ltr'><strong>et</strong></span> <span class='ocrx_word' id='word_1_299' title='bbox 1335 3724 1699 3780; x_wconf 81' lang='lat' dir='ltr'><strong>misericordia.</strong></span> <span class='ocrx_word' id='word_1_300' title='bbox 1727 3727 1842 3782; x_wconf 71' lang='lat' dir='ltr'><strong>iam</strong></span> 
     </span>
    </p>
   </div>
   <div class='ocr_carea' id='block_1_38' title="bbox 253 3813 1847 3887">
    <p class='ocr_par' dir='ltr' id='par_1_38' title="bbox 253 3813 1847 3887">
     <span class='ocr_line' id='line_1_38' title="bbox 253 3813 1847 3887; baseline 0.001 -16"><span class='ocrx_word' id='word_1_301' title='bbox 253 3815 393 3871; x_wconf 86' lang='lat' dir='ltr'><strong>enim</strong></span> <span class='ocrx_word' id='word_1_302' title='bbox 426 3814 563 3869; x_wconf 86' lang='lat' dir='ltr'><strong>forte</strong></span> <span class='ocrx_word' id='word_1_303' title='bbox 591 3813 742 3879; x_wconf 87' lang='lat' dir='ltr'><strong>quasi</strong></span> <span class='ocrx_word' id='word_1_304' title='bbox 764 3828 1020 3884; x_wconf 80' lang='lat' dir='ltr'><strong>arrogans</strong></span> <span class='ocrx_word' id='word_1_305' title='bbox 1038 3827 1158 3869; x_wconf 87' lang='lat' dir='ltr'><strong>esse</strong></span> <span class='ocrx_word' id='word_1_306' title='bbox 1174 3828 1439 3885; x_wconf 65' lang='lat' dir='ltr'><strong>coeperas,</strong></span> <span class='ocrx_word' id='word_1_307' title='bbox 1463 3830 1585 3870; x_wconf 89' lang='lat' dir='ltr'><strong>cum</strong></span> <span class='ocrx_word' id='word_1_308' title='bbox 1606 3817 1847 3887; x_wconf 88' lang='lat' dir='ltr'><strong>audires,</strong></span> 
     </span>
    </p>
   </div>
   <div class='ocr_carea' id='block_1_39' title="bbox 254 3906 1849 3977">
    <p class='ocr_par' dir='ltr' id='par_1_39' title="bbox 254 3906 1849 3977">
     <span class='ocr_line' id='line_1_39' title="bbox 254 3906 1849 3977; baseline 0.001 -15"><span class='ocrx_word' id='word_1_309' title='bbox 254 3917 465 3962; x_wconf 79' lang='lat' dir='ltr'><strong>coronat</strong></span> <span class='ocrx_word' id='word_1_310' title='bbox 487 3918 555 3961; x_wconf 86' lang='lat' dir='ltr'><strong>te.</strong></span> <span class='ocrx_word' id='word_1_311' title='bbox 580 3906 723 3977; x_wconf 82' lang='lat' dir='ltr'><strong>Ergo</strong></span> <span class='ocrx_word' id='word_1_312' title='bbox 748 3921 970 3977; x_wconf 83' lang='lat' dir='ltr'><strong>magnus</strong></span> <span class='ocrx_word' id='word_1_313' title='bbox 995 3921 1137 3969; x_wconf 89' lang='lat' dir='ltr'><strong>sum.</strong></span> <span class='ocrx_word' id='word_1_314' title='bbox 1167 3921 1294 3976; x_wconf 87' lang='lat' dir='ltr'><strong>ergo</strong></span> <span class='ocrx_word' id='word_1_315' title='bbox 1320 3906 1551 3961; x_wconf 89' lang='lat' dir='ltr'><strong>luctatus</strong></span> <span class='ocrx_word' id='word_1_316' title='bbox 1576 3922 1715 3963; x_wconf 90' lang='lat' dir='ltr'><strong>sum.</strong></span> <span class='ocrx_word' id='word_1_317' title='bbox 1738 3907 1849 3964; x_wconf 87' lang='lat' dir='ltr'><strong>Cu-</strong></span> 
     </span>
    </p>
   </div>
   <div class='ocr_carea' id='block_1_40' title="bbox 253 3997 1845 4071">
    <p class='ocr_par' dir='ltr' id='par_1_40' title="bbox 253 3997 1845 4071">
     <span class='ocr_line' id='line_1_40' title="bbox 253 3997 1845 4071; baseline -0.002 -14"><span class='ocrx_word' id='word_1_318' title='bbox 253 4002 337 4071; x_wconf 76' lang='lat' dir='ltr'><strong>jus</strong></span> <span class='ocrx_word' id='word_1_319' title='bbox 359 3998 603 4055; x_wconf 82' lang='lat' dir='ltr'><strong>viribus?</strong></span> <span class='ocrx_word' id='word_1_320' title='bbox 627 3998 777 4063; x_wconf 82' lang='lat' dir='ltr'><strong>Tuis,</strong></span> <span class='ocrx_word' id='word_1_321' title='bbox 797 3997 892 4053; x_wconf 90' lang='lat' dir='ltr'><strong>sed</strong></span> <span class='ocrx_word' id='word_1_322' title='bbox 922 3997 989 4052; x_wconf 85' lang='lat' dir='ltr'><strong>ab</strong></span> <span class='ocrx_word' id='word_1_323' title='bbox 1015 3997 1109 4053; x_wconf 92' lang='lat' dir='ltr'><strong>illo</strong></span> <span class='ocrx_word' id='word_1_324' title='bbox 1133 3998 1565 4054; x_wconf 82' lang='lat' dir='ltr'><strong>subministratis.</strong></span> <span class='ocrx_word' id='word_1_325' title='bbox 1598 3999 1728 4054; x_wconf 83' lang='lat' dir='ltr'><strong>Nam</strong></span> <span class='ocrx_word' id='word_1_326' title='bbox 1761 4000 1845 4054; x_wconf 84' lang='lat' dir='ltr'><strong>lu-</strong></span> 
     </span>
    </p>
   </div>
   <div class='ocr_carea' id='block_1_41' title="bbox 255 4088 1843 4162">
    <p class='ocr_par' dir='ltr' id='par_1_41' title="bbox 255 4088 1843 4162">
     <span class='ocr_line' id='line_1_41' title="bbox 255 4088 1843 4162; baseline 0.001 -15"><span class='ocrx_word' id='word_1_327' title='bbox 255 4093 448 4159; x_wconf 82' lang='lat' dir='ltr'><strong>ctaris,</strong></span> <span class='ocrx_word' id='word_1_328' title='bbox 502 4088 847 4145; x_wconf 86' lang='lat' dir='ltr'><strong>manifestum</strong></span> <span class='ocrx_word' id='word_1_329' title='bbox 892 4098 1013 4156; x_wconf 89' lang='lat' dir='ltr'><strong>est;</strong></span> <span class='ocrx_word' id='word_1_330' title='bbox 1064 4098 1118 4143; x_wconf 89' lang='lat' dir='ltr'><strong>ct</strong></span> <span class='ocrx_word' id='word_1_331' title='bbox 1162 4088 1282 4144; x_wconf 91' lang='lat' dir='ltr'><strong>ideo</strong></span> <span class='ocrx_word' id='word_1_332' title='bbox 1310 4090 1688 4156; x_wconf 85' lang='lat' dir='ltr'><strong>coronaberis,</strong></span> <span class='ocrx_word' id='word_1_333' title='bbox 1720 4093 1843 4162; x_wconf 86' lang='lat' dir='ltr'><strong>quia</strong></span> 
     </span>
    </p>
   </div>
   <div class='ocr_carea' id='block_1_42' title="bbox 254 4174 1846 4250">
    <p class='ocr_par' dir='ltr' id='par_1_42' title="bbox 254 4174 1846 4250">
     <span class='ocr_line' id='line_1_42' title="bbox 254 4174 1846 4250; baseline 0.001 -13"><span class='ocrx_word' id='word_1_334' title='bbox 254 4184 434 4239; x_wconf 82' lang='lat' dir='ltr'><strong>vinces</strong></span> <span class='ocrx_word' id='word_1_335' title='bbox 464 4200 479 4237; x_wconf 90' lang='lat'><strong>:</strong></span> <span class='ocrx_word' id='word_1_336' title='bbox 508 4181 605 4237; x_wconf 89' lang='lat' dir='ltr'><strong>sed</strong></span> <span class='ocrx_word' id='word_1_337' title='bbox 626 4180 746 4235; x_wconf 82' lang='lat' dir='ltr'><strong>vide</strong></span> <span class='ocrx_word' id='word_1_338' title='bbox 772 4174 891 4249; x_wconf 83' lang='lat' dir='ltr'><strong>quis</strong></span> <span class='ocrx_word' id='word_1_339' title='bbox 920 4180 1065 4249; x_wconf 88' lang='lat' dir='ltr'><strong>prior</strong></span> <span class='ocrx_word' id='word_1_340' title='bbox 1090 4180 1296 4243; x_wconf 84' lang='lat' dir='ltr'><strong>vicerit,</strong></span> <span class='ocrx_word' id='word_1_341' title='bbox 1326 4179 1446 4233; x_wconf 89' lang='lat' dir='ltr'><strong>vide</strong></span> <span class='ocrx_word' id='word_1_342' title='bbox 1469 4180 1588 4250; x_wconf 86' lang='lat' dir='ltr'><strong>quis</strong></span> <span class='ocrx_word' id='word_1_343' title='bbox 1613 4189 1662 4236; x_wconf 90' lang='lat' dir='ltr'><strong>te</strong></span> <span class='ocrx_word' id='word_1_344' title='bbox 1686 4181 1846 4238; x_wconf 83' lang='lat' dir='ltr'><strong>faciat</strong></span> 
     </span>
    </p>
   </div>
   <div class='ocr_carea' id='block_1_43' title="bbox 255 4270 1838 4343">
    <p class='ocr_par' dir='ltr' id='par_1_43' title="bbox 255 4270 1838 4343">
     <span class='ocr_line' id='line_1_43' title="bbox 255 4270 1838 4343; baseline -0.003 -12"><span class='ocrx_word' id='word_1_345' title='bbox 255 4278 411 4333; x_wconf 84' lang='lat' dir='ltr'><strong>etiam</strong></span> <span class='ocrx_word' id='word_1_346' title='bbox 450 4273 691 4330; x_wconf 87' lang='lat' dir='ltr'><strong>secundo</strong></span> <span class='ocrx_word' id='word_1_347' title='bbox 722 4272 999 4328; x_wconf 90' lang='lat' dir='ltr'><strong>victorem.</strong></span> <span class='ocrx_word' id='word_1_348' title='bbox 1033 4270 1180 4343; x_wconf 80' lang='lat' dir='ltr'><strong>Ego,</strong></span> <span class='ocrx_word' id='word_1_349' title='bbox 1216 4272 1418 4341; x_wconf 86' lang='lat' dir='ltr'><strong>inquit,</strong></span> <span class='ocrx_word' id='word_1_350' title='bbox 1449 4272 1544 4325; x_wconf 81' lang='lat' dir='ltr'><strong>uici</strong></span> <span class='ocrx_word' id='word_1_351' title='bbox 1564 4273 1838 4340; x_wconf 69' lang='lat' dir='ltr'><strong>utentum,</strong></span> 
     </span>
    </p>
   </div>
   <div class='ocr_carea' id='block_1_44' title="bbox 254 4364 1845 4442">
    <p class='ocr_par' dir='ltr' id='par_1_44' title="bbox 254 4364 1845 4442">
     <span class='ocr_line' id='line_1_44' title="bbox 254 4364 1845 4442; baseline -0.003 -17"><span class='ocrx_word' id='word_1_352' title='bbox 254 4371 469 4442; x_wconf 77' lang='lat' dir='ltr'><strong>gaudete</strong></span> <span class='ocrx_word' id='word_1_353' title='bbox 493 4367 676 4436; x_wconf 82' lang='lat' dir='ltr'><strong>(Joan.</strong></span> <span class='ocrx_word' id='word_1_354' title='bbox 700 4382 815 4433; x_wconf 74' lang='lat' dir='ltr'><strong>xw,</strong></span> <span class='ocrx_word' id='word_1_355' title='bbox 844 4368 954 4437; x_wconf 78' lang='grc'>55).</span> <span class='ocrx_word' id='word_1_356' title='bbox 983 4365 1049 4420; x_wconf 82' lang='lat' dir='ltr'><strong>Et</strong></span> <span class='ocrx_word' id='word_1_357' title='bbox 1074 4364 1217 4420; x_wconf 90' lang='lat' dir='ltr'><strong>unde</strong></span> <span class='ocrx_word' id='word_1_358' title='bbox 1244 4364 1558 4435; x_wconf 80' lang='lat' dir='ltr'><strong>gaudemus,</strong></span> <span class='ocrx_word' id='word_1_359' title='bbox 1581 4367 1625 4420; x_wconf 88' lang='lat' dir='ltr'><strong>si</strong></span> <span class='ocrx_word' id='word_1_360' title='bbox 1652 4366 1738 4421; x_wconf 88' lang='lat' dir='ltr'><strong>ille</strong></span> <span class='ocrx_word' id='word_1_361' title='bbox 1768 4367 1845 4422; x_wconf 86' lang='lat' dir='ltr'><strong>vi-</strong></span> 
     </span>
    </p>
   </div>
   <div class='ocr_carea' id='block_1_45' title="bbox 254 4458 1845 4530">
    <p class='ocr_par' dir='ltr' id='par_1_45' title="bbox 254 4458 1845 4530">
     <span class='ocr_line' id='line_1_45' title="bbox 254 4458 1845 4530; baseline -0.001 -13"><span class='ocrx_word' id='word_1_362' title='bbox 254 4464 323 4517; x_wconf 85' lang='lat' dir='ltr'><strong>cit</strong></span> <span class='ocrx_word' id='word_1_363' title='bbox 351 4461 646 4517; x_wconf 73' lang='lat' dir='ltr'><strong>szeculum?</strong></span> <span class='ocrx_word' id='word_1_364' title='bbox 672 4461 822 4530; x_wconf 87' lang='lat' dir='ltr'><strong>quasi</strong></span> <span class='ocrx_word' id='word_1_365' title='bbox 850 4473 949 4513; x_wconf 90' lang='lat' dir='ltr'><strong>nos</strong></span> <span class='ocrx_word' id='word_1_366' title='bbox 973 4458 1300 4513; x_wconf 85' lang='lat' dir='ltr'><strong>vicerimus?</strong></span> <span class='ocrx_word' id='word_1_367' title='bbox 1328 4458 1404 4511; x_wconf 80' lang='lat' dir='ltr'><strong>Ita</strong></span> <span class='ocrx_word' id='word_1_368' title='bbox 1432 4459 1590 4528; x_wconf 89' lang='lat' dir='ltr'><strong>plane</strong></span> <span class='ocrx_word' id='word_1_369' title='bbox 1616 4460 1845 4529; x_wconf 86' lang='lat' dir='ltr'><strong>gaudea-</strong></span> 
     </span>
    </p>
   </div>
   <div class='ocr_carea' id='block_1_46' title="bbox 256 4550 1842 4623">
    <p class='ocr_par' dir='ltr' id='par_1_46' title="bbox 256 4550 1842 4623">
     <span class='ocr_line' id='line_1_46' title="bbox 256 4550 1842 4623; baseline -0.001 -13"><span class='ocrx_word' id='word_1_370' title='bbox 256 4571 402 4622; x_wconf 86' lang='lat' dir='ltr'><strong>mus,</strong></span> <span class='ocrx_word' id='word_1_371' title='bbox 433 4555 558 4623; x_wconf 85' lang='lat' dir='ltr'><strong>quia</strong></span> <span class='ocrx_word' id='word_1_372' title='bbox 588 4568 688 4608; x_wconf 90' lang='lat' dir='ltr'><strong>nos</strong></span> <span class='ocrx_word' id='word_1_373' title='bbox 716 4552 957 4608; x_wconf 89' lang='lat' dir='ltr'><strong>vicimus.</strong></span> <span class='ocrx_word' id='word_1_374' title='bbox 1004 4551 1104 4617; x_wconf 88' lang='lat' dir='ltr'><strong>Qui</strong></span> <span class='ocrx_word' id='word_1_375' title='bbox 1133 4550 1185 4604; x_wconf 91' lang='lat' dir='ltr'><strong>in</strong></span> <span class='ocrx_word' id='word_1_376' title='bbox 1218 4550 1370 4605; x_wconf 91' lang='lat' dir='ltr'><strong>nobis</strong></span> <span class='ocrx_word' id='word_1_377' title='bbox 1395 4551 1519 4607; x_wconf 90' lang='lat' dir='ltr'><strong>victi</strong></span> <span class='ocrx_word' id='word_1_378' title='bbox 1551 4566 1757 4618; x_wconf 87' lang='lat' dir='ltr'><strong>sumus,</strong></span> <span class='ocrx_word' id='word_1_379' title='bbox 1791 4554 1842 4608; x_wconf 93' lang='lat' dir='ltr'><strong>in</strong></span> 
     </span>
    </p>
   </div>
   <div class='ocr_carea' id='block_1_47' title="bbox 256 4643 1841 4717">
    <p class='ocr_par' dir='ltr' id='par_1_47' title="bbox 256 4643 1841 4717">
     <span class='ocr_line' id='line_1_47' title="bbox 256 4643 1841 4717; baseline -0.002 -14"><span class='ocrx_word' id='word_1_380' title='bbox 256 4650 347 4703; x_wconf 83' lang='lat' dir='ltr'><strong>illo</strong></span> <span class='ocrx_word' id='word_1_381' title='bbox 362 4649 614 4704; x_wconf 85' lang='lat' dir='ltr'><strong>vicimus.</strong></span> <span class='ocrx_word' id='word_1_382' title='bbox 640 4646 782 4717; x_wconf 85' lang='lat' dir='ltr'><strong>Ergo</strong></span> <span class='ocrx_word' id='word_1_383' title='bbox 806 4654 1030 4700; x_wconf 83' lang='lat' dir='ltr'><strong>coronat</strong></span> <span class='ocrx_word' id='word_1_384' title='bbox 1050 4652 1122 4711; x_wconf 91' lang='lat' dir='ltr'><strong>te,</strong></span> <span class='ocrx_word' id='word_1_385' title='bbox 1154 4644 1277 4713; x_wconf 90' lang='lat' dir='ltr'><strong>quia</strong></span> <span class='ocrx_word' id='word_1_386' title='bbox 1306 4643 1444 4698; x_wconf 89' lang='lat' dir='ltr'><strong>dona</strong></span> <span class='ocrx_word' id='word_1_387' title='bbox 1472 4658 1567 4699; x_wconf 90' lang='lat' dir='ltr'><strong>sua</strong></span> <span class='ocrx_word' id='word_1_388' title='bbox 1600 4654 1841 4713; x_wconf 89' lang='lat' dir='ltr'><strong>coronat,</strong></span> 
     </span>
    </p>
   </div>
   <div class='ocr_carea' id='block_1_48' title="bbox 256 4735 1847 4807">
    <p class='ocr_par' dir='ltr' id='par_1_48' title="bbox 256 4735 1847 4807">
     <span class='ocr_line' id='line_1_48' title="bbox 256 4735 1847 4807; baseline -0.004 -9"><span class='ocrx_word' id='word_1_389' title='bbox 256 4758 358 4797; x_wconf 89' lang='lat' dir='ltr'><strong>non</strong></span> <span class='ocrx_word' id='word_1_390' title='bbox 380 4742 571 4797; x_wconf 86' lang='lat' dir='ltr'><strong>merita</strong></span> <span class='ocrx_word' id='word_1_391' title='bbox 595 4749 704 4795; x_wconf 91' lang='lat' dir='ltr'><strong>tua.</strong></span> <span class='ocrx_word' id='word_1_392' title='bbox 729 4737 858 4792; x_wconf 79' lang='lat' dir='ltr'><strong>Plus</strong></span> <span class='ocrx_word' id='word_1_393' title='bbox 874 4737 1106 4791; x_wconf 84' lang='lat' dir='ltr'><strong>omnibus</strong></span> <span class='ocrx_word' id='word_1_394' title='bbox 1124 4736 1227 4791; x_wconf 80' lang='lat' dir='ltr'><strong>illis</strong></span> <span class='ocrx_word' id='word_1_395' title='bbox 1253 4735 1495 4802; x_wconf 81' lang='lat' dir='ltr'><strong>laboravi,</strong></span> <span class='ocrx_word' id='word_1_396' title='bbox 1518 4737 1593 4792; x_wconf 89' lang='lat' dir='ltr'><strong>ait</strong></span> <span class='ocrx_word' id='word_1_397' title='bbox 1617 4739 1847 4807; x_wconf 84' lang='lat' dir='ltr'><strong>Aposto-</strong></span> 
     </span>
    </p>
   </div>
   <div class='ocr_carea' id='block_1_49' title="bbox 255 4827 1843 4901">
    <p class='ocr_par' dir='ltr' id='par_1_49' title="bbox 255 4827 1843 4901">
     <span class='ocr_line' id='line_1_49' title="bbox 255 4827 1843 4901; baseline -0.01 -12"><span class='ocrx_word' id='word_1_398' title='bbox 255 4835 336 4889; x_wconf 86' lang='lat' dir='ltr'><strong>lus</strong></span> <span class='ocrx_word' id='word_1_399' title='bbox 364 4850 379 4887; x_wconf 89' lang='lat'>:</span> <span class='ocrx_word' id='word_1_400' title='bbox 406 4833 505 4890; x_wconf 88' lang='lat' dir='ltr'><strong>sed</strong></span> <span class='ocrx_word' id='word_1_401' title='bbox 533 4832 653 4887; x_wconf 91' lang='lat' dir='ltr'><strong>vide</strong></span> <span class='ocrx_word' id='word_1_402' title='bbox 675 4830 799 4901; x_wconf 91' lang='lat' dir='ltr'><strong>quid</strong></span> <span class='ocrx_word' id='word_1_403' title='bbox 829 4830 1088 4899; x_wconf 76' lang='lat' dir='ltr'><strong>atljungil,</strong></span> <span class='ocrx_word' id='word_1_404' title='bbox 1123 4827 1245 4882; x_wconf 90' lang='lat' dir='ltr'><strong>Non</strong></span> <span class='ocrx_word' id='word_1_405' title='bbox 1272 4846 1363 4900; x_wconf 86' lang='lat' dir='ltr'><strong>ego</strong></span> <span class='ocrx_word' id='word_1_406' title='bbox 1385 4838 1574 4895; x_wconf 85' lang='lat' dir='ltr'><strong>autem,</strong></span> <span class='ocrx_word' id='word_1_407' title='bbox 1608 4829 1697 4884; x_wconf 85' lang='lat' dir='ltr'><strong>sed</strong></span> <span class='ocrx_word' id='word_1_408' title='bbox 1721 4848 1843 4901; x_wconf 84' lang='lat' dir='ltr'><strong>gra-</strong></span> 
     </span>
    </p>
   </div>
   <div class='ocr_carea' id='block_1_50' title="bbox 254 4914 1844 4995">
    <p class='ocr_par' dir='ltr' id='par_1_50' title="bbox 254 4914 1844 4995">
     <span class='ocr_line' id='line_1_50' title="bbox 254 4914 1844 4995; baseline -0.002 -15"><span class='ocrx_word' id='word_1_409' title='bbox 254 4928 322 4980; x_wconf 85' lang='lat' dir='ltr'><strong>tia</strong></span> <span class='ocrx_word' id='word_1_410' title='bbox 361 4925 459 4981; x_wconf 84' lang='lat' dir='ltr'><strong>Dei</strong></span> <span class='ocrx_word' id='word_1_411' title='bbox 485 4914 681 4979; x_wconf 80' lang='lat' dir='ltr'><strong>mecum</strong></span> <span class='ocrx_word' id='word_1_412' title='bbox 711 4923 753 4995; x_wconf 84' lang='grc'><strong>(1</strong></span> <span class='ocrx_word' id='word_1_413' title='bbox 777 4923 894 4977; x_wconf 82' lang='lat' dir='ltr'><strong>Cor.</strong></span> <span class='ocrx_word' id='word_1_414' title='bbox 924 4937 1013 4988; x_wconf 76' lang='lat' dir='ltr'><strong>xv,</strong></span> <span class='ocrx_word' id='word_1_415' title='bbox 1041 4921 1155 4991; x_wconf 77' lang='grc'><strong>10).</strong></span> <span class='ocrx_word' id='word_1_416' title='bbox 1186 4922 1253 4976; x_wconf 84' lang='lat' dir='ltr'><strong>Et</strong></span> <span class='ocrx_word' id='word_1_417' title='bbox 1278 4929 1396 4991; x_wconf 85' lang='lat' dir='ltr'><strong>post</strong></span> <span class='ocrx_word' id='word_1_418' title='bbox 1421 4920 1633 4977; x_wconf 87' lang='lat' dir='ltr'><strong>labores</strong></span> <span class='ocrx_word' id='word_1_419' title='bbox 1656 4936 1844 4977; x_wconf 87' lang='lat' dir='ltr'><strong>omnes</strong></span> 
     </span>
    </p>
   </div>
   <div class='ocr_carea' id='block_1_51' title="bbox 253 5011 1844 5088">
    <p class='ocr_par' dir='ltr' id='par_1_51' title="bbox 253 5011 1844 5088">
     <span class='ocr_line' id='line_1_51' title="bbox 253 5011 1844 5088; baseline -0.004 -15"><span class='ocrx_word' id='word_1_420' title='bbox 253 5027 531 5088; x_wconf 76' lang='lat' dir='ltr'><strong>exspectat</strong></span> <span class='ocrx_word' id='word_1_421' title='bbox 560 5017 730 5087; x_wconf 83' lang='lat' dir='ltr'><strong>ipsam</strong></span> <span class='ocrx_word' id='word_1_422' title='bbox 760 5028 1037 5080; x_wconf 82' lang='lat' dir='ltr'><strong>coronam,</strong></span> <span class='ocrx_word' id='word_1_423' title='bbox 1063 5022 1120 5067; x_wconf 88' lang='lat' dir='ltr'><strong>et</strong></span> <span class='ocrx_word' id='word_1_424' title='bbox 1144 5011 1301 5074; x_wconf 91' lang='lat' dir='ltr'><strong>dicit,</strong></span> <span class='ocrx_word' id='word_1_425' title='bbox 1341 5030 1360 5063; x_wconf 83' lang='grc'><em>‹</em></span> <span class='ocrx_word' id='word_1_426' title='bbox 1390 5011 1593 5066; x_wconf 88' lang='lat' dir='ltr'><strong>Bonum</strong></span> <span class='ocrx_word' id='word_1_427' title='bbox 1618 5028 1844 5083; x_wconf 84' lang='lat' dir='ltr'><strong>agonem</strong></span> 
     </span>
    </p>
   </div>
   <div class='ocr_carea' id='block_1_52' title="bbox 252 5102 1849 5177">
    <p class='ocr_par' dir='ltr' id='par_1_52' title="bbox 252 5102 1849 5177">
     <span class='ocr_line' id='line_1_52' title="bbox 252 5102 1849 5177; baseline -0.004 -12"><span class='ocrx_word' id='word_1_428' title='bbox 252 5110 452 5166; x_wconf 71' lang='lat' dir='ltr'><strong>certari</strong></span> <span class='ocrx_word' id='word_1_429' title='bbox 471 5147 489 5177; x_wconf 90' lang='lat'><strong>,</strong></span> <span class='ocrx_word' id='word_1_430' title='bbox 518 5121 734 5164; x_wconf 84' lang='lat' dir='ltr'><strong>cursum</strong></span> <span class='ocrx_word' id='word_1_431' title='bbox 763 5105 1159 5171; x_wconf 87' lang='lat' dir='ltr'><strong>consummavi,</strong></span> <span class='ocrx_word' id='word_1_432' title='bbox 1191 5103 1347 5158; x_wconf 84' lang='lat' dir='ltr'><strong>tidem</strong></span> <span class='ocrx_word' id='word_1_433' title='bbox 1375 5103 1582 5158; x_wconf 87' lang='lat' dir='ltr'><strong>servavi</strong></span> <span class='ocrx_word' id='word_1_434' title='bbox 1606 5121 1619 5156; x_wconf 92' lang='lat'>:</span> <span class='ocrx_word' id='word_1_435' title='bbox 1648 5102 1715 5158; x_wconf 92' lang='lat' dir='ltr'><strong>de</strong></span> <span class='ocrx_word' id='word_1_436' title='bbox 1742 5118 1849 5158; x_wconf 71' lang='lat' dir='ltr'><strong>cae-</strong></span> 
     </span>
    </p>
   </div>
   <div class='ocr_carea' id='block_1_53' title="bbox 256 5194 1849 5270">
    <p class='ocr_par' dir='ltr' id='par_1_53' title="bbox 256 5194 1849 5270">
     <span class='ocr_line' id='line_1_53' title="bbox 256 5194 1849 5270; baseline -0.004 -14"><span class='ocrx_word' id='word_1_437' title='bbox 256 5208 371 5256; x_wconf 64' lang='lat' dir='ltr'><strong>tbro</strong></span> <span class='ocrx_word' id='word_1_438' title='bbox 397 5210 645 5270; x_wconf 86' lang='lat' dir='ltr'><strong>superest</strong></span> <span class='ocrx_word' id='word_1_439' title='bbox 674 5199 804 5253; x_wconf 87' lang='lat' dir='ltr'><strong>mihi</strong></span> <span class='ocrx_word' id='word_1_440' title='bbox 833 5212 1033 5252; x_wconf 84' lang='lat' dir='ltr'><strong>corona</strong></span> <span class='ocrx_word' id='word_1_441' title='bbox 1053 5196 1291 5265; x_wconf 82' lang='lat' dir='ltr'><strong>justitiae,</strong></span> <span class='ocrx_word' id='word_1_442' title='bbox 1317 5210 1476 5265; x_wconf 88' lang='lat' dir='ltr'><strong>quam</strong></span> <span class='ocrx_word' id='word_1_443' title='bbox 1508 5194 1635 5249; x_wconf 85' lang='lat' dir='ltr'><strong>mihi</strong></span> <span class='ocrx_word' id='word_1_444' title='bbox 1660 5195 1849 5251; x_wconf 87' lang='lat' dir='ltr'><strong>reddet</strong></span> 
     </span>
    </p>
   </div>
   <div class='ocr_carea' id='block_1_54' title="bbox 255 5287 1843 5360">
    <p class='ocr_par' dir='ltr' id='par_1_54' title="bbox 255 5287 1843 5360">
     <span class='ocr_line' id='line_1_54' title="bbox 255 5287 1843 5360; baseline -0.004 -12"><span class='ocrx_word' id='word_1_445' title='bbox 255 5294 513 5348; x_wconf 83' lang='lat' dir='ltr'><strong>Dominus</strong></span> <span class='ocrx_word' id='word_1_446' title='bbox 543 5294 596 5346; x_wconf 90' lang='lat' dir='ltr'><strong>in</strong></span> <span class='ocrx_word' id='word_1_447' title='bbox 625 5291 712 5346; x_wconf 82' lang='lat' dir='ltr'><strong>illa</strong></span> <span class='ocrx_word' id='word_1_448' title='bbox 737 5291 826 5345; x_wconf 91' lang='lat' dir='ltr'><strong>die</strong></span> <span class='ocrx_word' id='word_1_449' title='bbox 848 5300 1025 5358; x_wconf 78' lang='lat' dir='ltr'><strong>justus</strong></span> <span class='ocrx_word' id='word_1_450' title='bbox 1051 5288 1211 5359; x_wconf 81' lang='lat' dir='ltr'><strong>judex</strong></span> <span class='ocrx_word' id='word_1_451' title='bbox 1240 5307 1259 5340; x_wconf 76' lang='grc' dir='ltr'><strong><em>ι</em></strong></span> <span class='ocrx_word' id='word_1_452' title='bbox 1290 5288 1370 5360; x_wconf 89' lang='lat' dir='ltr'><strong>(ll</strong></span> <span class='ocrx_word' id='word_1_453' title='bbox 1400 5287 1530 5342; x_wconf 88' lang='lat' dir='ltr'><strong>Tim.</strong></span> <span class='ocrx_word' id='word_1_454' title='bbox 1563 5304 1633 5353; x_wconf 84' lang='lat' dir='ltr'><strong>iv,</strong></span> <span class='ocrx_word' id='word_1_455' title='bbox 1661 5289 1723 5355; x_wconf 93' lang='lat'><strong>7,</strong></span> <span class='ocrx_word' id='word_1_456' title='bbox 1752 5289 1843 5358; x_wconf 89' lang='lat'><strong>8).</strong></span> 
     </span>
    </p>
   </div>
   <div class='ocr_carea' id='block_1_55' title="bbox 253 5380 1845 5455">
    <p class='ocr_par' dir='ltr' id='par_1_55' title="bbox 253 5380 1845 5455">
     <span class='ocr_line' id='line_1_55' title="bbox 253 5380 1845 5455; baseline -0.004 -13"><span class='ocrx_word' id='word_1_457' title='bbox 253 5387 471 5455; x_wconf 83' lang='lat' dir='ltr'><strong>Quare?</strong></span> <span class='ocrx_word' id='word_1_458' title='bbox 518 5385 653 5454; x_wconf 83' lang='lat' dir='ltr'><strong>Quia</strong></span> <span class='ocrx_word' id='word_1_459' title='bbox 693 5399 907 5455; x_wconf 78' lang='lat' dir='ltr'><strong>agonem</strong></span> <span class='ocrx_word' id='word_1_460' title='bbox 952 5382 1159 5437; x_wconf 71' lang='lat' dir='ltr'><strong>certari.</strong></span> <span class='ocrx_word' id='word_1_461' title='bbox 1210 5381 1423 5449; x_wconf 80' lang='lat' dir='ltr'><strong>Quare?</strong></span> <span class='ocrx_word' id='word_1_462' title='bbox 1460 5380 1595 5448; x_wconf 84' lang='lat' dir='ltr'><strong>Quia</strong></span> <span class='ocrx_word' id='word_1_463' title='bbox 1641 5397 1845 5436; x_wconf 84' lang='lat' dir='ltr'><strong>cursum</strong></span> 
     </span>
    </p>
   </div>
   <div class='ocr_carea' id='block_1_56' title="bbox 252 5470 1849 5544">
    <p class='ocr_par' dir='ltr' id='par_1_56' title="bbox 252 5470 1849 5544">
     <span class='ocr_line' id='line_1_56' title="bbox 252 5470 1849 5544; baseline -0.006 -8"><span class='ocrx_word' id='word_1_464' title='bbox 252 5479 616 5537; x_wconf 62' lang='lat' dir='ltr'><strong>renuntianti.</strong></span> <span class='ocrx_word' id='word_1_465' title='bbox 643 5475 858 5544; x_wconf 83' lang='lat' dir='ltr'><strong>Quare?</strong></span> <span class='ocrx_word' id='word_1_466' title='bbox 894 5474 1025 5542; x_wconf 86' lang='lat' dir='ltr'><strong>Quia</strong></span> <span class='ocrx_word' id='word_1_467' title='bbox 1053 5473 1208 5544; x_wconf 78' lang='lat' dir='ltr'><strong>ﬁdem</strong></span> <span class='ocrx_word' id='word_1_468' title='bbox 1247 5473 1457 5528; x_wconf 73' lang='lat' dir='ltr'><strong>servavi.</strong></span> <span class='ocrx_word' id='word_1_469' title='bbox 1494 5470 1647 5529; x_wconf 88' lang='lat' dir='ltr'><strong>Unde</strong></span> <span class='ocrx_word' id='word_1_470' title='bbox 1670 5482 1849 5528; x_wconf 81' lang='lat' dir='ltr'><strong>certa-</strong></span> 
     </span>
    </p>
   </div>
   <div class='ocr_carea' id='block_1_57' title="bbox 254 5566 1851 5639">
    <p class='ocr_par' dir='ltr' id='par_1_57' title="bbox 254 5566 1851 5639">
     <span class='ocr_line' id='line_1_57' title="bbox 254 5566 1851 5639; baseline -0.008 -7"><span class='ocrx_word' id='word_1_471' title='bbox 254 5576 357 5632; x_wconf 78' lang='lat' dir='ltr'><strong>sti?</strong></span> <span class='ocrx_word' id='word_1_472' title='bbox 386 5574 530 5630; x_wconf 90' lang='lat' dir='ltr'><strong>unde</strong></span> <span class='ocrx_word' id='word_1_473' title='bbox 560 5573 717 5628; x_wconf 82' lang='lat' dir='ltr'><strong>tidem</strong></span> <span class='ocrx_word' id='word_1_474' title='bbox 754 5568 1022 5625; x_wconf 85' lang='lat' dir='ltr'><strong>servasti?</strong></span> <span class='ocrx_word' id='word_1_475' title='bbox 1068 5566 1190 5622; x_wconf 81' lang='lat' dir='ltr'><strong>Non</strong></span> <span class='ocrx_word' id='word_1_476' title='bbox 1213 5584 1306 5639; x_wconf 83' lang='lat' dir='ltr'><strong>ego</strong></span> <span class='ocrx_word' id='word_1_477' title='bbox 1329 5578 1531 5636; x_wconf 80' lang='lat' dir='ltr'><strong>autem,</strong></span> <span class='ocrx_word' id='word_1_478' title='bbox 1569 5566 1659 5621; x_wconf 84' lang='lat' dir='ltr'><strong>sed</strong></span> <span class='ocrx_word' id='word_1_479' title='bbox 1683 5567 1851 5638; x_wconf 87' lang='lat' dir='ltr'><strong>gratia</strong></span> 
     </span>
    </p>
   </div>
   <div class='ocr_carea' id='block_1_58' title="bbox 254 5658 1847 5734">
    <p class='ocr_par' dir='ltr' id='par_1_58' title="bbox 254 5658 1847 5734">
     <span class='ocr_line' id='line_1_58' title="bbox 254 5658 1847 5734; baseline -0.008 -9"><span class='ocrx_word' id='word_1_480' title='bbox 254 5667 351 5724; x_wconf 83' lang='lat' dir='ltr'><strong>Dei</strong></span> <span class='ocrx_word' id='word_1_481' title='bbox 375 5682 590 5723; x_wconf 80' lang='lat' dir='ltr'><strong>mecum.</strong></span> <span class='ocrx_word' id='word_1_482' title='bbox 622 5663 767 5734; x_wconf 82' lang='lat' dir='ltr'><strong>Ergo</strong></span> <span class='ocrx_word' id='word_1_483' title='bbox 786 5671 835 5717; x_wconf 92' lang='lat' dir='ltr'><strong>et</strong></span> <span class='ocrx_word' id='word_1_484' title='bbox 868 5660 1012 5731; x_wconf 90' lang='lat' dir='ltr'><strong>quod</strong></span> <span class='ocrx_word' id='word_1_485' title='bbox 1040 5659 1339 5727; x_wconf 91' lang='lat' dir='ltr'><strong>coronaris,</strong></span> <span class='ocrx_word' id='word_1_486' title='bbox 1368 5659 1513 5715; x_wconf 90' lang='lat' dir='ltr'><strong>illius</strong></span> <span class='ocrx_word' id='word_1_487' title='bbox 1537 5658 1847 5715; x_wconf 85' lang='lat' dir='ltr'><strong>misericor-</strong></span> 
     </span>
    </p>
   </div>
   <div class='ocr_carea' id='block_1_59' title="bbox 276 5759 1831 5879">
    <p class='ocr_par' dir='ltr' id='par_1_59' title="bbox 276 5759 1831 5879">
     <span class='ocr_line' id='line_1_59' title="bbox 276 5759 1831 5879; baseline -0.003 -12"><span class='ocrx_word' id='word_1_488' title='bbox 276 5761 340 5855; x_wconf 25' lang='lat' dir='ltr'><strong>yt</strong></span> <span class='ocrx_word' id='word_1_489' title='bbox 370 5759 812 5879; x_wconf 45' lang='lat' dir='ltr'><strong>33mm,</strong></span> <span class='ocrx_word' id='word_1_490' title='bbox 838 5813 961 5878; x_wconf 83' lang='lat' dir='ltr'><strong>ejus,</strong></span> <span class='ocrx_word' id='word_1_491' title='bbox 980 5813 1106 5865; x_wconf 81' lang='lat' dir='ltr'><strong>unde</strong></span> <span class='ocrx_word' id='word_1_492' title='bbox 1127 5819 1173 5864; x_wconf 86' lang='lat' dir='ltr'><strong>et</strong></span> <span class='ocrx_word' id='word_1_493' title='bbox 1189 5813 1443 5865; x_wconf 81' lang='lat' dir='ltr'><strong>subditur:</strong></span> <span class='ocrx_word' id='word_1_494' title='bbox 1468 5810 1597 5876; x_wconf 87' lang='lat' dir='ltr'><strong>quod</strong></span> <span class='ocrx_word' id='word_1_495' title='bbox 1627 5824 1655 5863; x_wconf 87' lang='lat' dir='ltr'><strong>a</strong></span> <span class='ocrx_word' id='word_1_496' title='bbox 1678 5810 1831 5876; x_wconf 87' lang='lat' dir='ltr'><strong>pleris</strong></span> 
     </span>
    </p>
   </div>
   <div class='ocr_carea' id='block_1_60' title="bbox 254 5886 1343 5956">
    <p class='ocr_par' dir='ltr' id='par_1_60' title="bbox 254 5886 1343 5956">
     <span class='ocr_line' id='line_1_60' title="bbox 254 5886 1343 5956; baseline -0.003 -17"><span class='ocrx_word' id='word_1_497' title='bbox 254 5898 354 5956; x_wconf 74' lang='lat' dir='ltr'><strong>que</strong></span> <span class='ocrx_word' id='word_1_498' title='bbox 366 5891 473 5939; x_wconf 80' lang='lat' dir='ltr'><strong>uss.</strong></span> <span class='ocrx_word' id='word_1_499' title='bbox 489 5886 651 5936; x_wconf 82' lang='lat' dir='ltr'><strong>abest.</strong></span> <span class='ocrx_word' id='word_1_500' title='bbox 826 5914 833 5923; x_wconf 67' lang='grc' dir='ltr'><strong>ρ</strong></span> <span class='ocrx_word' id='word_1_501' title='bbox 852 5916 853 5919; x_wconf 59' lang='grc' dir='ltr'><strong>η</strong></span> <span class='ocrx_word' id='word_1_502' title='bbox 1332 5924 1343 5936; x_wconf 89' lang='grc'>.</span> 
     </span>
    </p>
   </div>
   <div class='ocr_carea' id='block_1_61' title="bbox 619 5960 1330 6035">
    <p class='ocr_par' dir='ltr' id='par_1_61' title="bbox 619 5960 1330 6035">
     <span class='ocr_line' id='line_1_61' title="bbox 619 5960 1330 6035; baseline -0.003 -10"><span class='ocrx_word' id='word_1_503' title='bbox 619 5964 850 6035; x_wconf 65' lang='lat' dir='ltr'><strong>Sch&#39;r.</strong></span> <span class='ocrx_word' id='word_1_504' title='bbox 899 5964 1179 6026; x_wconf 72' lang='lat' dir='ltr'><strong>Ausus&#39;r.</strong></span> <span class='ocrx_word' id='word_1_505' title='bbox 1221 5960 1330 6025; x_wconf 78' lang='grc' dir='ltr'><strong>ιν.</strong></span> 
     </span>
    </p>
   </div>
   <div class='ocr_carea' id='block_1_62' title="bbox 1422 371 2439 445">
    <p class='ocr_par' dir='ltr' id='par_1_62' title="bbox 1422 371 2439 445">
     <span class='ocr_line' id='line_1_62' title="bbox 1422 371 2439 445; baseline 0.004 -16"><span class='ocrx_word' id='word_1_506' title='bbox 1422 371 1821 431; x_wconf 73' lang='lat' dir='ltr'><strong>ENABRATIO</strong></span> <span class='ocrx_word' id='word_1_507' title='bbox 1859 374 1926 441; x_wconf 75' lang='grc' dir='ltr'><strong>ΙΝ</strong></span> <span class='ocrx_word' id='word_1_508' title='bbox 1960 374 2295 445; x_wconf 75' lang='lat' dir='ltr'><strong>PSALMUM</strong></span> <span class='ocrx_word' id='word_1_509' title='bbox 2312 375 2439 434; x_wconf 62' lang='lat' dir='ltr'><strong>‘Cll.</strong></span> 
     </span>
    </p>
   </div>
   <div class='ocr_carea' id='block_1_63' title="bbox 3428 396 3566 463">
    <p class='ocr_par' dir='ltr' id='par_1_63' title="bbox 3428 396 3566 463">
     <span class='ocr_line' id='line_1_63' title="bbox 3428 396 3566 463; baseline 0.014 -2"><span class='ocrx_word' id='word_1_510' title='bbox 3428 396 3566 463; x_wconf 57' lang='lat'><strong>$32.</strong></span> 
     </span>
    </p>
   </div>
   <div class='ocr_carea' id='block_1_64' title="bbox 1983 490 3567 578">
    <p class='ocr_par' dir='ltr' id='par_1_64' title="bbox 1983 490 3567 578">
     <span class='ocr_line' id='line_1_64' title="bbox 1983 490 3567 578; baseline 0.013 -32"><span class='ocrx_word' id='word_1_511' title='bbox 1983 490 2067 553; x_wconf 84' lang='lat' dir='ltr'><strong>dia</strong></span> <span class='ocrx_word' id='word_1_512' title='bbox 2095 495 2399 559; x_wconf 66' lang='lat' dir='ltr'><strong>coronatis.</strong></span> <span class='ocrx_word' id='word_1_513' title='bbox 2427 494 2701 566; x_wconf 69' lang='lat' dir='ltr'><strong>Nusquam</strong></span> <span class='ocrx_word' id='word_1_514' title='bbox 2737 497 2812 555; x_wconf 86' lang='lat' dir='ltr'><strong>sis</strong></span> <span class='ocrx_word' id='word_1_515' title='bbox 2836 500 3127 570; x_wconf 77' lang='lat' dir='ltr'><strong>superbus;</strong></span> <span class='ocrx_word' id='word_1_516' title='bbox 3169 509 3567 578; x_wconf 72' lang='lat' dir='ltr'><strong>semperlauda</strong></span> 
     </span>
    </p>
   </div>
   <div class='ocr_carea' id='block_1_65' title="bbox 1984 584 3559 663">
    <p class='ocr_par' dir='ltr' id='par_1_65' title="bbox 1984 584 3559 663">
     <span class='ocr_line' id='line_1_65' title="bbox 1984 584 3559 663; baseline 0.012 -24"><span class='ocrx_word' id='word_1_517' title='bbox 1984 584 2297 652; x_wconf 90' lang='lat' dir='ltr'><strong>Dominum,</strong></span> <span class='ocrx_word' id='word_1_518' title='bbox 2341 602 2527 644; x_wconf 88' lang='lat' dir='ltr'><strong>omnes</strong></span> <span class='ocrx_word' id='word_1_519' title='bbox 2564 589 2945 657; x_wconf 85' lang='lat' dir='ltr'><strong>retributiones</strong></span> <span class='ocrx_word' id='word_1_520' title='bbox 2980 594 3099 663; x_wconf 85' lang='lat' dir='ltr'><strong>ejus</strong></span> <span class='ocrx_word' id='word_1_521' title='bbox 3139 597 3246 650; x_wconf 86' lang='lat' dir='ltr'><strong>noli</strong></span> <span class='ocrx_word' id='word_1_522' title='bbox 3295 598 3559 659; x_wconf 73' lang='lat' dir='ltr'><strong>obliviscn.</strong></span> 
     </span>
    </p>
   </div>
   <div class='ocr_carea' id='block_1_66' title="bbox 1978 677 3567 759">
    <p class='ocr_par' dir='ltr' id='par_1_66' title="bbox 1978 677 3567 759">
     <span class='ocr_line' id='line_1_66' title="bbox 1978 677 3567 759; baseline 0.01 -26"><span class='ocrx_word' id='word_1_523' title='bbox 1978 677 2276 735; x_wconf 80' lang='lat' dir='ltr'><strong>Retributio</strong></span> <span class='ocrx_word' id='word_1_524' title='bbox 2297 688 2398 744; x_wconf 92' lang='lat' dir='ltr'><strong>est,</strong></span> <span class='ocrx_word' id='word_1_525' title='bbox 2426 696 2547 737; x_wconf 91' lang='lat' dir='ltr'><strong>cum</strong></span> <span class='ocrx_word' id='word_1_526' title='bbox 2579 691 2827 751; x_wconf 85' lang='lat' dir='ltr'><strong>peccator</strong></span> <span class='ocrx_word' id='word_1_527' title='bbox 2849 693 2905 739; x_wconf 87' lang='lat' dir='ltr'><strong>et</strong></span> <span class='ocrx_word' id='word_1_528' title='bbox 2932 684 3127 755; x_wconf 91' lang='lat' dir='ltr'><strong>impius</strong></span> <span class='ocrx_word' id='word_1_529' title='bbox 3154 699 3373 746; x_wconf 86' lang='lat' dir='ltr'><strong>vocatus</strong></span> <span class='ocrx_word' id='word_1_530' title='bbox 3390 706 3474 759; x_wconf 83' lang='lat' dir='ltr'><strong>es,</strong></span> <span class='ocrx_word' id='word_1_531' title='bbox 3508 704 3567 750; x_wconf 90' lang='lat' dir='ltr'><strong>ut</strong></span> 
     </span>
    </p>
   </div>
   <div class='ocr_carea' id='block_1_67' title="bbox 1973 766 3564 852">
    <p class='ocr_par' dir='ltr' id='par_1_67' title="bbox 1973 766 3564 852">
     <span class='ocr_line' id='line_1_67' title="bbox 1973 766 3564 852; baseline 0.011 -30"><span class='ocrx_word' id='word_1_532' title='bbox 1973 766 2363 837; x_wconf 84' lang='lat' dir='ltr'><strong>justificareris.</strong></span> <span class='ocrx_word' id='word_1_533' title='bbox 2389 770 2689 845; x_wconf 81' lang='lat' dir='ltr'><strong>Retributio</strong></span> <span class='ocrx_word' id='word_1_534' title='bbox 2724 784 2827 840; x_wconf 90' lang='lat' dir='ltr'><strong>est,</strong></span> <span class='ocrx_word' id='word_1_535' title='bbox 2848 791 2970 831; x_wconf 90' lang='lat' dir='ltr'><strong>cum</strong></span> <span class='ocrx_word' id='word_1_536' title='bbox 3000 787 3211 835; x_wconf 87' lang='lat' dir='ltr'><strong>erectus</strong></span> <span class='ocrx_word' id='word_1_537' title='bbox 3229 781 3248 813; x_wconf 75' lang='grc' dir='ltr'>ί</span> <span class='ocrx_word' id='word_1_538' title='bbox 3276 791 3329 837; x_wconf 90' lang='lat' dir='ltr'><strong>et</strong></span> <span class='ocrx_word' id='word_1_539' title='bbox 3365 784 3564 852; x_wconf 79' lang='lat' dir='ltr'><strong>guber-</strong></span> 
     </span>
    </p>
   </div>
   <div class='ocr_carea' id='block_1_68' title="bbox 1976 864 3563 937">
    <p class='ocr_par' dir='ltr' id='par_1_68' title="bbox 1976 864 3563 937">
     <span class='ocr_line' id='line_1_68' title="bbox 1976 864 3563 937; baseline 0.009 -18"><span class='ocrx_word' id='word_1_540' title='bbox 1976 870 2135 919; x_wconf 84' lang='lat' dir='ltr'><strong>natus</strong></span> <span class='ocrx_word' id='word_1_541' title='bbox 2171 878 2232 918; x_wconf 91' lang='lat' dir='ltr'><strong>es</strong></span> <span class='ocrx_word' id='word_1_542' title='bbox 2268 878 2337 920; x_wconf 89' lang='lat' dir='ltr'><strong>ne</strong></span> <span class='ocrx_word' id='word_1_543' title='bbox 2365 864 2606 921; x_wconf 84' lang='lat' dir='ltr'><strong>caderes.</strong></span> <span class='ocrx_word' id='word_1_544' title='bbox 2646 866 2942 925; x_wconf 82' lang='lat' dir='ltr'><strong>Retributio</strong></span> <span class='ocrx_word' id='word_1_545' title='bbox 2986 880 3098 937; x_wconf 87' lang='lat' dir='ltr'><strong>est,</strong></span> <span class='ocrx_word' id='word_1_546' title='bbox 3147 888 3268 929; x_wconf 90' lang='lat' dir='ltr'><strong>cum</strong></span> <span class='ocrx_word' id='word_1_547' title='bbox 3298 876 3394 935; x_wconf 82' lang='lat' dir='ltr'><strong>tibi</strong></span> <span class='ocrx_word' id='word_1_548' title='bbox 3422 877 3563 934; x_wconf 82' lang='lat' dir='ltr'><strong>vires</strong></span> 
     </span>
    </p>
   </div>
   <div class='ocr_carea' id='block_1_69' title="bbox 1976 954 3560 1035">
    <p class='ocr_par' dir='ltr' id='par_1_69' title="bbox 1976 954 3560 1035">
     <span class='ocr_line' id='line_1_69' title="bbox 1976 954 3560 1035; baseline 0.011 -28"><span class='ocrx_word' id='word_1_549' title='bbox 1976 954 2390 1027; x_wconf 67' lang='lat' dir='ltr'><strong>subministrata:</strong></span> <span class='ocrx_word' id='word_1_550' title='bbox 2416 966 2582 1025; x_wconf 88' lang='lat' dir='ltr'><strong>sunt,</strong></span> <span class='ocrx_word' id='word_1_551' title='bbox 2612 967 2673 1013; x_wconf 91' lang='lat' dir='ltr'><strong>ut</strong></span> <span class='ocrx_word' id='word_1_552' title='bbox 2702 975 2868 1031; x_wconf 87' lang='lat' dir='ltr'><strong>usque</strong></span> <span class='ocrx_word' id='word_1_553' title='bbox 2893 963 2946 1017; x_wconf 88' lang='lat' dir='ltr'><strong>in</strong></span> <span class='ocrx_word' id='word_1_554' title='bbox 2974 964 3133 1021; x_wconf 84' lang='lat' dir='ltr'><strong>linem</strong></span> <span class='ocrx_word' id='word_1_555' title='bbox 3164 982 3560 1035; x_wconf 87' lang='lat' dir='ltr'><strong>perseverares.</strong></span> 
     </span>
    </p>
   </div>
   <div class='ocr_carea' id='block_1_70' title="bbox 1972 1042 3557 1128">
    <p class='ocr_par' dir='ltr' id='par_1_70' title="bbox 1972 1042 3557 1128">
     <span class='ocr_line' id='line_1_70' title="bbox 1972 1042 3557 1128; baseline 0.012 -30"><span class='ocrx_word' id='word_1_556' title='bbox 1972 1042 2274 1103; x_wconf 85' lang='lat' dir='ltr'><strong>Retributio</strong></span> <span class='ocrx_word' id='word_1_557' title='bbox 2296 1056 2400 1115; x_wconf 92' lang='lat' dir='ltr'><strong>est,</strong></span> <span class='ocrx_word' id='word_1_558' title='bbox 2425 1055 2484 1103; x_wconf 92' lang='lat' dir='ltr'><strong>ut</strong></span> <span class='ocrx_word' id='word_1_559' title='bbox 2507 1049 2668 1104; x_wconf 82' lang='lat' dir='ltr'><strong>etiam</strong></span> <span class='ocrx_word' id='word_1_560' title='bbox 2694 1064 2819 1106; x_wconf 88' lang='lat' dir='ltr'><strong>caro</strong></span> <span class='ocrx_word' id='word_1_561' title='bbox 2844 1052 2944 1107; x_wconf 91' lang='lat' dir='ltr'><strong>ista</strong></span> <span class='ocrx_word' id='word_1_562' title='bbox 2967 1062 3057 1110; x_wconf 84' lang='lat' dir='ltr'><strong>tua</strong></span> <span class='ocrx_word' id='word_1_563' title='bbox 3075 1071 3176 1126; x_wconf 85' lang='lat' dir='ltr'><strong>qua</strong></span> <span class='ocrx_word' id='word_1_564' title='bbox 3203 1062 3557 1128; x_wconf 75' lang='lat' dir='ltr'><strong>premebat-is,</strong></span> 
     </span>
    </p>
   </div>
   <div class='ocr_carea' id='block_1_71' title="bbox 1972 1141 3557 1213">
    <p class='ocr_par' dir='ltr' id='par_1_71' title="bbox 1972 1141 3557 1213">
     <span class='ocr_line' id='line_1_71' title="bbox 1972 1141 3557 1213; baseline 0.013 -24"><span class='ocrx_word' id='word_1_565' title='bbox 1972 1144 2237 1207; x_wconf 85' lang='lat' dir='ltr'><strong>resurgat,</strong></span> <span class='ocrx_word' id='word_1_566' title='bbox 2264 1147 2319 1193; x_wconf 92' lang='lat' dir='ltr'><strong>et</strong></span> <span class='ocrx_word' id='word_1_567' title='bbox 2345 1154 2443 1194; x_wconf 86' lang='lat' dir='ltr'><strong>nec</strong></span> <span class='ocrx_word' id='word_1_568' title='bbox 2468 1141 2655 1210; x_wconf 83' lang='lat' dir='ltr'><strong>capitis</strong></span> <span class='ocrx_word' id='word_1_569' title='bbox 2682 1141 2755 1195; x_wconf 92' lang='lat' dir='ltr'><strong>tui</strong></span> <span class='ocrx_word' id='word_1_570' title='bbox 2782 1144 3005 1213; x_wconf 89' lang='lat' dir='ltr'><strong>capillus</strong></span> <span class='ocrx_word' id='word_1_571' title='bbox 3031 1146 3275 1205; x_wconf 85' lang='lat' dir='ltr'><strong>intereat.</strong></span> <span class='ocrx_word' id='word_1_572' title='bbox 3304 1151 3557 1209; x_wconf 78' lang='lat' dir='ltr'><strong>Retribu-</strong></span> 
     </span>
    </p>
   </div>
   <div class='ocr_carea' id='block_1_72' title="bbox 1972 1225 3553 1302">
    <p class='ocr_par' dir='ltr' id='par_1_72' title="bbox 1972 1225 3553 1302">
     <span class='ocr_line' id='line_1_72' title="bbox 1972 1225 3553 1302; baseline 0.014 -23"><span class='ocrx_word' id='word_1_573' title='bbox 1972 1225 2046 1281; x_wconf 93' lang='lat' dir='ltr'><strong>tio</strong></span> <span class='ocrx_word' id='word_1_574' title='bbox 2075 1236 2177 1294; x_wconf 89' lang='lat' dir='ltr'><strong>est,</strong></span> <span class='ocrx_word' id='word_1_575' title='bbox 2220 1236 2278 1284; x_wconf 91' lang='lat' dir='ltr'><strong>ut</strong></span> <span class='ocrx_word' id='word_1_576' title='bbox 2303 1238 2423 1299; x_wconf 88' lang='lat' dir='ltr'><strong>post</strong></span> <span class='ocrx_word' id='word_1_577' title='bbox 2447 1233 2892 1290; x_wconf 89' lang='lat' dir='ltr'><strong>resurrectionem</strong></span> <span class='ocrx_word' id='word_1_578' title='bbox 2923 1241 3221 1296; x_wconf 88' lang='lat' dir='ltr'><strong>coroneris.</strong></span> <span class='ocrx_word' id='word_1_579' title='bbox 3251 1242 3553 1302; x_wconf 80' lang='lat' dir='ltr'><strong>Retributio</strong></span> 
     </span>
    </p>
   </div>
   <div class='ocr_carea' id='block_1_73' title="bbox 1969 1320 3551 1394">
    <p class='ocr_par' dir='ltr' id='par_1_73' title="bbox 1969 1320 3551 1394">
     <span class='ocr_line' id='line_1_73' title="bbox 1969 1320 3551 1394; baseline 0.011 -23"><span class='ocrx_word' id='word_1_580' title='bbox 1969 1327 2071 1385; x_wconf 90' lang='lat' dir='ltr'><strong>est,</strong></span> <span class='ocrx_word' id='word_1_581' title='bbox 2107 1328 2163 1374; x_wconf 90' lang='lat' dir='ltr'><strong>ut</strong></span> <span class='ocrx_word' id='word_1_582' title='bbox 2192 1320 2246 1375; x_wconf 93' lang='lat' dir='ltr'><strong>in</strong></span> <span class='ocrx_word' id='word_1_583' title='bbox 2286 1330 2541 1377; x_wconf 67' lang='lat' dir='ltr'><strong>internum</strong></span> <span class='ocrx_word' id='word_1_584' title='bbox 2571 1323 2736 1379; x_wconf 88' lang='lat' dir='ltr'><strong>Deum</strong></span> <span class='ocrx_word' id='word_1_585' title='bbox 2765 1325 2936 1394; x_wconf 90' lang='lat' dir='ltr'><strong>ipsum</strong></span> <span class='ocrx_word' id='word_1_586' title='bbox 2970 1330 3087 1385; x_wconf 89' lang='lat' dir='ltr'><strong>sine</strong></span> <span class='ocrx_word' id='word_1_587' title='bbox 3113 1330 3322 1389; x_wconf 82' lang='lat' dir='ltr'><strong>defectu</strong></span> <span class='ocrx_word' id='word_1_588' title='bbox 3352 1336 3551 1393; x_wconf 86' lang='lat' dir='ltr'><strong>laudes.</strong></span> 
     </span>
    </p>
   </div>
   <div class='ocr_carea' id='block_1_74' title="bbox 1968 1409 3607 1489">
    <p class='ocr_par' dir='ltr' id='par_1_74' title="bbox 1968 1409 3607 1489">
     <span class='ocr_line' id='line_1_74' title="bbox 1968 1409 3607 1489; baseline 0.014 -25"><span class='ocrx_word' id='word_1_589' title='bbox 1968 1409 2168 1467; x_wconf 84' lang='lat' dir='ltr'><strong>Omnes</strong></span> <span class='ocrx_word' id='word_1_590' title='bbox 2194 1414 2575 1471; x_wconf 84' lang='lat' dir='ltr'><strong>retributiones</strong></span> <span class='ocrx_word' id='word_1_591' title='bbox 2598 1416 2714 1486; x_wconf 87' lang='lat' dir='ltr'><strong>ejus</strong></span> <span class='ocrx_word' id='word_1_592' title='bbox 2741 1418 2851 1473; x_wconf 93' lang='lat' dir='ltr'><strong>noli</strong></span> <span class='ocrx_word' id='word_1_593' title='bbox 2883 1419 3124 1477; x_wconf 88' lang='lat' dir='ltr'><strong>oblivisci</strong></span> <span class='ocrx_word' id='word_1_594' title='bbox 3143 1463 3162 1489; x_wconf 92' lang='lat'><strong>,</strong></span> <span class='ocrx_word' id='word_1_595' title='bbox 3192 1426 3237 1479; x_wconf 90' lang='lat' dir='ltr'><strong>si</strong></span> <span class='ocrx_word' id='word_1_596' title='bbox 3265 1426 3344 1487; x_wconf 85' lang='lat' dir='ltr'><strong>vis</strong></span> <span class='ocrx_word' id='word_1_597' title='bbox 3370 1437 3427 1483; x_wconf 92' lang='lat' dir='ltr'><strong>ut</strong></span> <span class='ocrx_word' id='word_1_598' title='bbox 3455 1429 3550 1485; x_wconf 80' lang='lat' dir='ltr'><strong>be-</strong></span> <span class='ocrx_word' id='word_1_599' title='bbox 3604 1460 3607 1461; x_wconf 53' lang='grc' dir='ltr'><em>ν</em></span> 
     </span>
    </p>
   </div>
   <div class='ocr_carea' id='block_1_75' title="bbox 1969 1502 3547 1580">
    <p class='ocr_par' dir='ltr' id='par_1_75' title="bbox 1969 1502 3547 1580">
     <span class='ocr_line' id='line_1_75' title="bbox 1969 1502 3547 1580; baseline 0.013 -25"><span class='ocrx_word' id='word_1_600' title='bbox 1969 1502 2181 1558; x_wconf 76' lang='lat' dir='ltr'><strong>Dedicat</strong></span> <span class='ocrx_word' id='word_1_601' title='bbox 2202 1503 2379 1559; x_wconf 89' lang='lat' dir='ltr'><strong>anima</strong></span> <span class='ocrx_word' id='word_1_602' title='bbox 2408 1514 2495 1560; x_wconf 87' lang='lat' dir='ltr'><strong>tua</strong></span> <span class='ocrx_word' id='word_1_603' title='bbox 2529 1507 2833 1575; x_wconf 85' lang='lat' dir='ltr'><strong>Dominum,</strong></span> <span class='ocrx_word' id='word_1_604' title='bbox 2860 1511 2946 1580; x_wconf 85' lang='lat' dir='ltr'><strong>qui</strong></span> <span class='ocrx_word' id='word_1_605' title='bbox 2968 1523 3173 1568; x_wconf 85' lang='lat' dir='ltr'><strong>coronat</strong></span> <span class='ocrx_word' id='word_1_606' title='bbox 3198 1526 3246 1570; x_wconf 87' lang='lat' dir='ltr'><strong>te</strong></span> <span class='ocrx_word' id='word_1_607' title='bbox 3269 1516 3324 1571; x_wconf 87' lang='lat' dir='ltr'><strong>in</strong></span> <span class='ocrx_word' id='word_1_608' title='bbox 3348 1521 3547 1576; x_wconf 54' lang='lat' dir='ltr'><strong>misera.</strong></span> 
     </span>
    </p>
   </div>
   <div class='ocr_carea' id='block_1_76' title="bbox 1967 1595 3565 1673">
    <p class='ocr_par' dir='ltr' id='par_1_76' title="bbox 1967 1595 3565 1673">
     <span class='ocr_line' id='line_1_76' title="bbox 1967 1595 3565 1673; baseline 0.011 -25"><span class='ocrx_word' id='word_1_609' title='bbox 1967 1595 2102 1650; x_wconf 77' lang='lat' dir='ltr'><strong>tione</strong></span> <span class='ocrx_word' id='word_1_610' title='bbox 2134 1606 2183 1673; x_wconf 84' lang='lat' dir='ltr'><strong>et</strong></span> <span class='ocrx_word' id='word_1_611' title='bbox 2208 1598 2569 1654; x_wconf 78' lang='lat' dir='ltr'><strong>misericordia.</strong></span> <span class='ocrx_word' id='word_1_612' title='bbox 3192 1650 3195 1653; x_wconf 41' lang='grc'>‹</span> <span class='ocrx_word' id='word_1_613' title='bbox 3558 1659 3565 1665; x_wconf 83' lang='grc'>.</span> 
     </span>
    </p>
   </div>
   <div class='ocr_carea' id='block_1_77' title="bbox 2037 1686 3548 1770">
    <p class='ocr_par' dir='ltr' id='par_1_77' title="bbox 2037 1686 3548 1770">
     <span class='ocr_line' id='line_1_77' title="bbox 2037 1686 3548 1770; baseline 0.012 -28"><span class='ocrx_word' id='word_1_614' title='bbox 2037 1686 2091 1742; x_wconf 89' lang='lat'><strong>8.</strong></span> <span class='ocrx_word' id='word_1_615' title='bbox 2135 1688 2200 1743; x_wconf 85' lang='lat' dir='ltr'><strong>Et</strong></span> <span class='ocrx_word' id='word_1_616' title='bbox 2227 1688 2353 1760; x_wconf 82' lang='lat' dir='ltr'><strong>quid</strong></span> <span class='ocrx_word' id='word_1_617' title='bbox 2378 1698 2535 1761; x_wconf 84' lang='lat' dir='ltr'><strong>agam</strong></span> <span class='ocrx_word' id='word_1_618' title='bbox 2556 1694 2881 1749; x_wconf 87' lang='lat' dir='ltr'><strong>coronatus?</strong></span> <span class='ocrx_word' id='word_1_619' title='bbox 2908 1694 3049 1758; x_wconf 78' lang='lat' dir='ltr'><strong>Ecce</strong></span> <span class='ocrx_word' id='word_1_620' title='bbox 3090 1698 3380 1770; x_wconf 89' lang='lat' dir='ltr'><strong>adjuvabar</strong></span> <span class='ocrx_word' id='word_1_621' title='bbox 3423 1719 3548 1760; x_wconf 89' lang='lat' dir='ltr'><strong>cum</strong></span> 
     </span>
    </p>
   </div>
   <div class='ocr_carea' id='block_1_78' title="bbox 1966 1780 3551 1862">
    <p class='ocr_par' dir='ltr' id='par_1_78' title="bbox 1966 1780 3551 1862">
     <span class='ocr_line' id='line_1_78' title="bbox 1966 1780 3551 1862; baseline 0.013 -29"><span class='ocrx_word' id='word_1_622' title='bbox 1966 1780 2218 1850; x_wconf 83' lang='lat' dir='ltr'><strong>luctarer,</strong></span> <span class='ocrx_word' id='word_1_623' title='bbox 2250 1782 2401 1838; x_wconf 88' lang='lat' dir='ltr'><strong>linito</strong></span> <span class='ocrx_word' id='word_1_624' title='bbox 2432 1787 2726 1842; x_wconf 87' lang='lat' dir='ltr'><strong>certamine</strong></span> <span class='ocrx_word' id='word_1_625' title='bbox 2753 1790 3083 1857; x_wconf 88' lang='lat' dir='ltr'><strong>coronabor;</strong></span> <span class='ocrx_word' id='word_1_626' title='bbox 3108 1791 3219 1862; x_wconf 88' lang='lat' dir='ltr'><strong>jam</strong></span> <span class='ocrx_word' id='word_1_627' title='bbox 3245 1796 3391 1850; x_wconf 86' lang='lat' dir='ltr'><strong>nulla</strong></span> <span class='ocrx_word' id='word_1_628' title='bbox 3422 1800 3551 1853; x_wconf 82' lang='lat' dir='ltr'><strong>resi-</strong></span> 
     </span>
    </p>
   </div>
   <div class='ocr_carea' id='block_1_79' title="bbox 1963 1874 3563 1959">
    <p class='ocr_par' dir='ltr' id='par_1_79' title="bbox 1963 1874 3563 1959">
     <span class='ocr_line' id='line_1_79' title="bbox 1963 1874 3563 1959; baseline 0.013 -33"><span class='ocrx_word' id='word_1_629' title='bbox 1963 1874 2066 1927; x_wconf 85' lang='lat' dir='ltr'><strong>dua</strong></span> <span class='ocrx_word' id='word_1_630' title='bbox 2096 1876 2198 1930; x_wconf 89' lang='lat' dir='ltr'><strong>erit</strong></span> <span class='ocrx_word' id='word_1_631' title='bbox 2228 1876 2438 1933; x_wconf 85' lang='lat' dir='ltr'><strong>inimica</strong></span> <span class='ocrx_word' id='word_1_632' title='bbox 2469 1880 2740 1950; x_wconf 84' lang='lat' dir='ltr'><strong>suggestio</strong></span> <span class='ocrx_word' id='word_1_633' title='bbox 2766 1882 2846 1937; x_wconf 91' lang='lat' dir='ltr'><strong>vel</strong></span> <span class='ocrx_word' id='word_1_634' title='bbox 2873 1886 3150 1953; x_wconf 89' lang='lat' dir='ltr'><strong>corruptio</strong></span> <span class='ocrx_word' id='word_1_635' title='bbox 3172 1901 3296 1943; x_wconf 88' lang='lat' dir='ltr'><strong>cum</strong></span> <span class='ocrx_word' id='word_1_636' title='bbox 3335 1905 3436 1959; x_wconf 89' lang='lat' dir='ltr'><strong>qua</strong></span> <span class='ocrx_word' id='word_1_637' title='bbox 3465 1891 3563 1945; x_wconf 87' lang='lat' dir='ltr'><strong>lu--</strong></span> 
     </span>
    </p>
   </div>
   <div class='ocr_carea' id='block_1_80' title="bbox 1962 1967 3554 2040">
    <p class='ocr_par' dir='ltr' id='par_1_80' title="bbox 1962 1967 3554 2040">
     <span class='ocr_line' id='line_1_80' title="bbox 1962 1967 3554 2040; baseline 0.013 -20"><span class='ocrx_word' id='word_1_638' title='bbox 1962 1977 2093 2021; x_wconf 82' lang='lat' dir='ltr'><strong>cier.</strong></span> <span class='ocrx_word' id='word_1_639' title='bbox 2123 1967 2347 2039; x_wconf 88' lang='lat' dir='ltr'><strong>Semper</strong></span> <span class='ocrx_word' id='word_1_640' title='bbox 2384 1968 2549 2026; x_wconf 77' lang='lat' dir='ltr'><strong>enim</strong></span> <span class='ocrx_word' id='word_1_641' title='bbox 2574 1971 2626 2026; x_wconf 86' lang='lat' dir='ltr'><strong>in</strong></span> <span class='ocrx_word' id='word_1_642' title='bbox 2659 1972 2759 2028; x_wconf 89' lang='lat' dir='ltr'><strong>hac</strong></span> <span class='ocrx_word' id='word_1_643' title='bbox 2786 1974 2895 2029; x_wconf 91' lang='lat' dir='ltr'><strong>vita</strong></span> <span class='ocrx_word' id='word_1_644' title='bbox 2931 1977 3196 2035; x_wconf 89' lang='lat' dir='ltr'><strong>luctamur</strong></span> <span class='ocrx_word' id='word_1_645' title='bbox 3219 1996 3339 2036; x_wconf 90' lang='lat' dir='ltr'><strong>cum</strong></span> <span class='ocrx_word' id='word_1_646' title='bbox 3367 1998 3554 2040; x_wconf 88' lang='lat' dir='ltr'><strong>corru-</strong></span> 
     </span>
    </p>
   </div>
   <div class='ocr_carea' id='block_1_81' title="bbox 1961 2057 3551 2134">
    <p class='ocr_par' dir='ltr' id='par_1_81' title="bbox 1961 2057 3551 2134">
     <span class='ocr_line' id='line_1_81' title="bbox 1961 2057 3551 2134; baseline 0.012 -23"><span class='ocrx_word' id='word_1_647' title='bbox 1961 2057 2142 2128; x_wconf 85' lang='lat' dir='ltr'><strong>ptione</strong></span> <span class='ocrx_word' id='word_1_648' title='bbox 2168 2060 2301 2115; x_wconf 86' lang='lat' dir='ltr'><strong>ista:</strong></span> <span class='ocrx_word' id='word_1_649' title='bbox 2328 2061 2423 2116; x_wconf 90' lang='lat' dir='ltr'><strong>sed</strong></span> <span class='ocrx_word' id='word_1_650' title='bbox 2447 2063 2573 2132; x_wconf 90' lang='lat' dir='ltr'><strong>quid</strong></span> <span class='ocrx_word' id='word_1_651' title='bbox 2601 2066 2855 2134; x_wconf 90' lang='lat' dir='ltr'><strong>scriptum</strong></span> <span class='ocrx_word' id='word_1_652' title='bbox 2883 2068 3004 2122; x_wconf 87' lang='lat' dir='ltr'><strong>est?</strong></span> <span class='ocrx_word' id='word_1_653' title='bbox 3028 2068 3320 2126; x_wconf 81' lang='lat' dir='ltr'><strong>Novissima</strong></span> <span class='ocrx_word' id='word_1_654' title='bbox 3343 2074 3551 2130; x_wconf 82' lang='lat' dir='ltr'><strong>inimica</strong></span> 
     </span>
    </p>
   </div>
   <div class='ocr_carea' id='block_1_82' title="bbox 1960 2148 3549 2230">
    <p class='ocr_par' dir='ltr' id='par_1_82' title="bbox 1960 2148 3549 2230">
     <span class='ocr_line' id='line_1_82' title="bbox 1960 2148 3549 2230; baseline 0.013 -29"><span class='ocrx_word' id='word_1_655' title='bbox 1960 2148 2244 2205; x_wconf 81' lang='lat' dir='ltr'><strong>destruetur</strong></span> <span class='ocrx_word' id='word_1_656' title='bbox 2270 2152 2426 2207; x_wconf 82' lang='lat' dir='ltr'><strong>mors.</strong></span> <span class='ocrx_word' id='word_1_657' title='bbox 2458 2154 2583 2209; x_wconf 84' lang='lat' dir='ltr'><strong>Post</strong></span> <span class='ocrx_word' id='word_1_658' title='bbox 2626 2155 3044 2215; x_wconf 87' lang='lat' dir='ltr'><strong>destructionem</strong></span> <span class='ocrx_word' id='word_1_659' title='bbox 3088 2165 3297 2230; x_wconf 89' lang='lat' dir='ltr'><strong>mortis,</strong></span> <span class='ocrx_word' id='word_1_660' title='bbox 3345 2165 3549 2223; x_wconf 85' lang='lat' dir='ltr'><strong>nullum</strong></span> 
     </span>
    </p>
   </div>
   <div class='ocr_carea' id='block_1_83' title="bbox 1962 2245 3549 2321">
    <p class='ocr_par' dir='ltr' id='par_1_83' title="bbox 1962 2245 3549 2321">
     <span class='ocr_line' id='line_1_83' title="bbox 1962 2245 3549 2321; baseline 0.011 -24"><span class='ocrx_word' id='word_1_661' title='bbox 1962 2245 2174 2301; x_wconf 86' lang='lat' dir='ltr'><strong>timebis</strong></span> <span class='ocrx_word' id='word_1_662' title='bbox 2196 2246 2470 2303; x_wconf 90' lang='lat' dir='ltr'><strong>inimicum</strong></span> <span class='ocrx_word' id='word_1_663' title='bbox 2496 2266 2508 2301; x_wconf 90' lang='lat'>:</span> <span class='ocrx_word' id='word_1_664' title='bbox 2537 2249 2661 2304; x_wconf 90' lang='lat' dir='ltr'><strong>inde</strong></span> <span class='ocrx_word' id='word_1_665' title='bbox 2686 2251 2925 2321; x_wconf 83' lang='lat' dir='ltr'><strong>absorpta</strong></span> <span class='ocrx_word' id='word_1_666' title='bbox 2946 2264 3021 2307; x_wconf 86' lang='lat' dir='ltr'><strong>est</strong></span> <span class='ocrx_word' id='word_1_667' title='bbox 3046 2270 3180 2309; x_wconf 87' lang='lat' dir='ltr'><strong>mors</strong></span> <span class='ocrx_word' id='word_1_668' title='bbox 3207 2257 3260 2311; x_wconf 88' lang='lat' dir='ltr'><strong>in</strong></span> <span class='ocrx_word' id='word_1_669' title='bbox 3291 2259 3549 2314; x_wconf 76' lang='lat' dir='ltr'><strong>uictoriam</strong></span> 
     </span>
    </p>
   </div>
   <div class='ocr_carea' id='block_1_84' title="bbox 1964 2337 3550 2413">
    <p class='ocr_par' dir='ltr' id='par_1_84' title="bbox 1964 2337 3550 2413">
     <span class='ocr_line' id='line_1_84' title="bbox 1964 2337 3550 2413; baseline 0.011 -22"><span class='ocrx_word' id='word_1_670' title='bbox 1964 2337 2004 2410; x_wconf 92' lang='lat' dir='ltr'><strong>(l</strong></span> <span class='ocrx_word' id='word_1_671' title='bbox 2029 2338 2147 2394; x_wconf 88' lang='lat' dir='ltr'><strong>Cor.</strong></span> <span class='ocrx_word' id='word_1_672' title='bbox 2177 2356 2266 2405; x_wconf 86' lang='lat' dir='ltr'><strong>xv,</strong></span> <span class='ocrx_word' id='word_1_673' title='bbox 2292 2340 2384 2407; x_wconf 73' lang='lat'><strong>26,</strong></span> <span class='ocrx_word' id='word_1_674' title='bbox 2416 2342 2530 2410; x_wconf 66' lang='lat'><strong>54).</strong></span> <span class='ocrx_word' id='word_1_675' title='bbox 2560 2341 2709 2398; x_wconf 85' lang='lat' dir='ltr'><strong>Tunc</strong></span> <span class='ocrx_word' id='word_1_676' title='bbox 2736 2357 2865 2413; x_wconf 88' lang='lat' dir='ltr'><strong>ergo</strong></span> <span class='ocrx_word' id='word_1_677' title='bbox 2891 2345 2996 2400; x_wconf 91' lang='lat' dir='ltr'><strong>erit</strong></span> <span class='ocrx_word' id='word_1_678' title='bbox 3015 2346 3263 2412; x_wconf 83' lang='lat' dir='ltr'><strong>victoria,</strong></span> <span class='ocrx_word' id='word_1_679' title='bbox 3297 2359 3423 2405; x_wconf 84' lang='lat' dir='ltr'><strong>tunc</strong></span> <span class='ocrx_word' id='word_1_680' title='bbox 3455 2366 3550 2407; x_wconf 90' lang='lat' dir='ltr'><strong>co-</strong></span> 
     </span>
    </p>
   </div>
   <div class='ocr_carea' id='block_1_85' title="bbox 1959 2432 3544 2510">
    <p class='ocr_par' dir='ltr' id='par_1_85' title="bbox 1959 2432 3544 2510">
     <span class='ocr_line' id='line_1_85' title="bbox 1959 2432 3544 2510; baseline 0.01 -26"><span class='ocrx_word' id='word_1_681' title='bbox 1959 2444 2111 2485; x_wconf 89' lang='lat' dir='ltr'><strong>rona.</strong></span> <span class='ocrx_word' id='word_1_682' title='bbox 2152 2432 2280 2487; x_wconf 88' lang='lat' dir='ltr'><strong>Post</strong></span> <span class='ocrx_word' id='word_1_683' title='bbox 2319 2442 2593 2489; x_wconf 90' lang='lat' dir='ltr'><strong>certamen</strong></span> <span class='ocrx_word' id='word_1_684' title='bbox 2637 2449 2767 2507; x_wconf 88' lang='lat' dir='ltr'><strong>ergo</strong></span> <span class='ocrx_word' id='word_1_685' title='bbox 2791 2438 3113 2502; x_wconf 89' lang='lat' dir='ltr'><strong>coronabor.</strong></span> <span class='ocrx_word' id='word_1_686' title='bbox 3143 2452 3265 2510; x_wconf 87' lang='lat' dir='ltr'><strong>post</strong></span> <span class='ocrx_word' id='word_1_687' title='bbox 3288 2457 3544 2500; x_wconf 83' lang='lat' dir='ltr'><strong>coronam</strong></span> 
     </span>
    </p>
   </div>
   <div class='ocr_carea' id='block_1_86' title="bbox 1958 2522 3547 2593">
    <p class='ocr_par' dir='ltr' id='par_1_86' title="bbox 1958 2522 3547 2593">
     <span class='ocr_line' id='line_1_86' title="bbox 1958 2522 3547 2593; baseline 0.011 -18"><span class='ocrx_word' id='word_1_688' title='bbox 1958 2522 2083 2592; x_wconf 87' lang='lat' dir='ltr'><strong>quid</strong></span> <span class='ocrx_word' id='word_1_689' title='bbox 2110 2525 2300 2593; x_wconf 83' lang='lat' dir='ltr'><strong>agam?</strong></span> <span class='ocrx_word' id='word_1_690' title='bbox 2333 2524 2433 2592; x_wconf 86' lang='lat' dir='ltr'><strong>Qui</strong></span> <span class='ocrx_word' id='word_1_691' title='bbox 2455 2525 2610 2580; x_wconf 86' lang='lat' dir='ltr'><strong>satiat</strong></span> <span class='ocrx_word' id='word_1_692' title='bbox 2633 2527 2687 2581; x_wconf 87' lang='lat' dir='ltr'><strong>in</strong></span> <span class='ocrx_word' id='word_1_693' title='bbox 2711 2528 2853 2583; x_wconf 83' lang='lat' dir='ltr'><strong>bonis</strong></span> <span class='ocrx_word' id='word_1_694' title='bbox 2872 2528 3179 2585; x_wconf 82' lang='lat' dir='ltr'><strong>desiderium</strong></span> <span class='ocrx_word' id='word_1_695' title='bbox 3204 2541 3365 2588; x_wconf 82' lang='lat' dir='ltr'><strong>tuum.</strong></span> <span class='ocrx_word' id='word_1_696' title='bbox 3388 2534 3547 2592; x_wconf 72' lang='lat' dir='ltr'><strong>Modo</strong></span> 
     </span>
    </p>
   </div>
   <div class='ocr_carea' id='block_1_87' title="bbox 1957 2612 3544 2692">
    <p class='ocr_par' dir='ltr' id='par_1_87' title="bbox 1957 2612 3544 2692">
     <span class='ocr_line' id='line_1_87' title="bbox 1957 2612 3544 2692; baseline 0.009 -24"><span class='ocrx_word' id='word_1_697' title='bbox 1957 2616 2100 2669; x_wconf 89' lang='lat' dir='ltr'><strong>enim</strong></span> <span class='ocrx_word' id='word_1_698' title='bbox 2129 2612 2287 2671; x_wconf 85' lang='lat' dir='ltr'><strong>audis</strong></span> <span class='ocrx_word' id='word_1_699' title='bbox 2310 2616 2531 2685; x_wconf 89' lang='lat' dir='ltr'><strong>bonum,</strong></span> <span class='ocrx_word' id='word_1_700' title='bbox 2562 2626 2620 2674; x_wconf 91' lang='lat' dir='ltr'><strong>et</strong></span> <span class='ocrx_word' id='word_1_701' title='bbox 2651 2618 2905 2687; x_wconf 86' lang='lat' dir='ltr'><strong>anhelas;</strong></span> <span class='ocrx_word' id='word_1_702' title='bbox 2936 2622 3090 2678; x_wconf 87' lang='lat' dir='ltr'><strong>audis</strong></span> <span class='ocrx_word' id='word_1_703' title='bbox 3116 2623 3335 2692; x_wconf 86' lang='lat' dir='ltr'><strong>bonum,</strong></span> <span class='ocrx_word' id='word_1_704' title='bbox 3368 2635 3423 2682; x_wconf 89' lang='lat' dir='ltr'><strong>et</strong></span> <span class='ocrx_word' id='word_1_705' title='bbox 3447 2643 3544 2683; x_wconf 78' lang='lat' dir='ltr'><strong>su-</strong></span> 
     </span>
    </p>
   </div>
   <div class='ocr_carea' id='block_1_88' title="bbox 1957 2706 3525 2787">
    <p class='ocr_par' dir='ltr' id='par_1_88' title="bbox 1957 2706 3525 2787">
     <span class='ocr_line' id='line_1_88' title="bbox 1957 2706 3525 2787; baseline 0.01 -27"><span class='ocrx_word' id='word_1_706' title='bbox 1957 2706 2165 2777; x_wconf 89' lang='lat' dir='ltr'><strong>spiras:</strong></span> <span class='ocrx_word' id='word_1_707' title='bbox 2196 2717 2249 2762; x_wconf 91' lang='lat' dir='ltr'><strong>et</strong></span> <span class='ocrx_word' id='word_1_708' title='bbox 2280 2708 2381 2763; x_wconf 88' lang='lat' dir='ltr'><strong>hoc</strong></span> <span class='ocrx_word' id='word_1_709' title='bbox 2402 2710 2572 2779; x_wconf 90' lang='lat' dir='ltr'><strong>ipsum</strong></span> <span class='ocrx_word' id='word_1_710' title='bbox 2603 2712 2745 2781; x_wconf 90' lang='lat' dir='ltr'><strong>quod</strong></span> <span class='ocrx_word' id='word_1_711' title='bbox 2769 2712 2904 2768; x_wconf 89' lang='lat' dir='ltr'><strong>forte</strong></span> <span class='ocrx_word' id='word_1_712' title='bbox 2926 2714 3135 2783; x_wconf 84' lang='lat' dir='ltr'><strong>peccas,</strong></span> <span class='ocrx_word' id='word_1_713' title='bbox 3162 2717 3394 2787; x_wconf 87' lang='lat' dir='ltr'><strong>eligendi</strong></span> <span class='ocrx_word' id='word_1_714' title='bbox 3416 2718 3525 2775; x_wconf 88' lang='lat' dir='ltr'><strong>bon</strong></span> 
     </span>
    </p>
   </div>
   <div class='ocr_carea' id='block_1_89' title="bbox 1957 2798 3513 2879">
    <p class='ocr_par' dir='ltr' id='par_1_89' title="bbox 1957 2798 3513 2879">
     <span class='ocr_line' id='line_1_89' title="bbox 1957 2798 3513 2879; baseline 0.009 -27"><span class='ocrx_word' id='word_1_715' title='bbox 1957 2798 2209 2854; x_wconf 88' lang='lat' dir='ltr'><strong>aviditate</strong></span> <span class='ocrx_word' id='word_1_716' title='bbox 2251 2800 2482 2865; x_wconf 89' lang='lat' dir='ltr'><strong>falleris;</strong></span> <span class='ocrx_word' id='word_1_717' title='bbox 2513 2810 2568 2857; x_wconf 90' lang='lat' dir='ltr'><strong>et</strong></span> <span class='ocrx_word' id='word_1_718' title='bbox 2606 2807 2657 2858; x_wconf 90' lang='lat' dir='ltr'><strong>In</strong></span> <span class='ocrx_word' id='word_1_719' title='bbox 2683 2818 2751 2859; x_wconf 92' lang='lat' dir='ltr'><strong>eo</strong></span> <span class='ocrx_word' id='word_1_720' title='bbox 2777 2818 2901 2860; x_wconf 86' lang='lat' dir='ltr'><strong>reus</strong></span> <span class='ocrx_word' id='word_1_721' title='bbox 2934 2804 3212 2872; x_wconf 84' lang='lat' dir='ltr'><strong>detineris,</strong></span> <span class='ocrx_word' id='word_1_722' title='bbox 3242 2808 3385 2879; x_wconf 88' lang='lat' dir='ltr'><strong>quod</strong></span> <span class='ocrx_word' id='word_1_723' title='bbox 3443 2810 3513 2866; x_wconf 87' lang='lat' dir='ltr'><strong>bu</strong></span> 
     </span>
    </p>
   </div>
   <div class='ocr_carea' id='block_1_90' title="bbox 1958 2893 3543 2969">
    <p class='ocr_par' dir='ltr' id='par_1_90' title="bbox 1958 2893 3543 2969">
     <span class='ocr_line' id='line_1_90' title="bbox 1958 2893 3543 2969; baseline 0.01 -24"><span class='ocrx_word' id='word_1_724' title='bbox 1958 2906 2082 2945; x_wconf 89' lang='lat' dir='ltr'><strong>num</strong></span> <span class='ocrx_word' id='word_1_725' title='bbox 2125 2893 2407 2948; x_wconf 89' lang='lat' dir='ltr'><strong>consilium</strong></span> <span class='ocrx_word' id='word_1_726' title='bbox 2452 2894 2545 2949; x_wconf 90' lang='lat' dir='ltr'><strong>Dei</strong></span> <span class='ocrx_word' id='word_1_727' title='bbox 2574 2909 2684 2951; x_wconf 86' lang='lat' dir='ltr'><strong>non</strong></span> <span class='ocrx_word' id='word_1_728' title='bbox 2727 2895 2902 2964; x_wconf 82' lang='lat' dir='ltr'><strong>audis,</strong></span> <span class='ocrx_word' id='word_1_729' title='bbox 2933 2898 3059 2969; x_wconf 90' lang='lat' dir='ltr'><strong>quid</strong></span> <span class='ocrx_word' id='word_1_730' title='bbox 3086 2902 3543 2960; x_wconf 78' lang='lat' dir='ltr'><strong>contemnendum</strong></span> 
     </span>
    </p>
   </div>
   <div class='ocr_carea' id='block_1_91' title="bbox 1956 2982 3545 3062">
    <p class='ocr_par' dir='ltr' id='par_1_91' title="bbox 1956 2982 3545 3062">
     <span class='ocr_line' id='line_1_91' title="bbox 1956 2982 3545 3062; baseline 0.01 -26"><span class='ocrx_word' id='word_1_731' title='bbox 1956 2990 2008 3036; x_wconf 88' lang='lat' dir='ltr'><strong>et</strong></span> <span class='ocrx_word' id='word_1_732' title='bbox 2035 2982 2159 3053; x_wconf 91' lang='lat' dir='ltr'><strong>quid</strong></span> <span class='ocrx_word' id='word_1_733' title='bbox 2182 2983 2485 3054; x_wconf 83' lang='lat' dir='ltr'><strong>eligendum</strong></span> <span class='ocrx_word' id='word_1_734' title='bbox 2506 2987 2609 3051; x_wconf 88' lang='lat' dir='ltr'><strong>sit;</strong></span> <span class='ocrx_word' id='word_1_735' title='bbox 2641 2987 2782 3057; x_wconf 88' lang='lat' dir='ltr'><strong>quod</strong></span> <span class='ocrx_word' id='word_1_736' title='bbox 2812 2988 2949 3045; x_wconf 86' lang='lat' dir='ltr'><strong>forte</strong></span> <span class='ocrx_word' id='word_1_737' title='bbox 2977 2991 3200 3062; x_wconf 86' lang='lat' dir='ltr'><strong>negligis</strong></span> <span class='ocrx_word' id='word_1_738' title='bbox 3232 2992 3465 3062; x_wconf 87' lang='lat' dir='ltr'><strong>discere,</strong></span> <span class='ocrx_word' id='word_1_739' title='bbox 3492 2996 3545 3052; x_wconf 91' lang='lat' dir='ltr'><strong>si</strong></span> 
     </span>
    </p>
   </div>
   <div class='ocr_carea' id='block_1_92' title="bbox 1955 3070 3542 3158">
    <p class='ocr_par' dir='ltr' id='par_1_92' title="bbox 1955 3070 3542 3158">
     <span class='ocr_line' id='line_1_92' title="bbox 1955 3070 3542 3158; baseline 0.011 -33"><span class='ocrx_word' id='word_1_740' title='bbox 1955 3070 2008 3126; x_wconf 91' lang='lat' dir='ltr'><strong>in</strong></span> <span class='ocrx_word' id='word_1_741' title='bbox 2044 3073 2295 3145; x_wconf 88' lang='lat' dir='ltr'><strong>eligendo</strong></span> <span class='ocrx_word' id='word_1_742' title='bbox 2320 3075 2461 3130; x_wconf 89' lang='lat' dir='ltr'><strong>bono</strong></span> <span class='ocrx_word' id='word_1_743' title='bbox 2488 3076 2776 3133; x_wconf 85' lang='lat' dir='ltr'><strong>fallebaris.</strong></span> <span class='ocrx_word' id='word_1_744' title='bbox 2808 3080 3141 3153; x_wconf 88' lang='lat' dir='ltr'><strong>Ubicumque</strong></span> <span class='ocrx_word' id='word_1_745' title='bbox 3168 3098 3360 3153; x_wconf 80' lang='lat' dir='ltr'><strong>peccas</strong></span> <span class='ocrx_word' id='word_1_746' title='bbox 3387 3090 3542 3158; x_wconf 86' lang='lat' dir='ltr'><strong>quasi</strong></span> 
     </span>
    </p>
   </div>
   <div class='ocr_carea' id='block_1_93' title="bbox 1954 3161 3542 3237">
    <p class='ocr_par' dir='ltr' id='par_1_93' title="bbox 1954 3161 3542 3237">
     <span class='ocr_line' id='line_1_93' title="bbox 1954 3161 3542 3237; baseline 0.011 -21"><span class='ocrx_word' id='word_1_747' title='bbox 1954 3161 2152 3217; x_wconf 88' lang='lat' dir='ltr'><strong>bonum</strong></span> <span class='ocrx_word' id='word_1_748' title='bbox 2195 3166 2413 3235; x_wconf 68' lang='lat' dir='ltr'><strong>qumris,</strong></span> <span class='ocrx_word' id='word_1_749' title='bbox 2458 3167 2608 3237; x_wconf 91' lang='lat' dir='ltr'><strong>quasi</strong></span> <span class='ocrx_word' id='word_1_750' title='bbox 2650 3167 2999 3226; x_wconf 89' lang='lat' dir='ltr'><strong>refectionem</strong></span> <span class='ocrx_word' id='word_1_751' title='bbox 3042 3171 3338 3230; x_wconf 82' lang='lat' dir='ltr'><strong>desideras.</strong></span> <span class='ocrx_word' id='word_1_752' title='bbox 3393 3175 3542 3233; x_wconf 83' lang='lat' dir='ltr'><strong>Bona</strong></span> 
     </span>
    </p>
   </div>
   <div class='ocr_carea' id='block_1_94' title="bbox 1954 3255 3541 3334">
    <p class='ocr_par' dir='ltr' id='par_1_94' title="bbox 1954 3255 3541 3334">
     <span class='ocr_line' id='line_1_94' title="bbox 1954 3255 3541 3334; baseline 0.009 -25"><span class='ocrx_word' id='word_1_753' title='bbox 1954 3264 2078 3309; x_wconf 86' lang='lat' dir='ltr'><strong>sunt</strong></span> <span class='ocrx_word' id='word_1_754' title='bbox 2106 3255 2204 3311; x_wconf 91' lang='lat' dir='ltr'><strong>ista</strong></span> <span class='ocrx_word' id='word_1_755' title='bbox 2246 3272 2367 3327; x_wconf 63' lang='lat' dir='ltr'><strong>qua;</strong></span> <span class='ocrx_word' id='word_1_756' title='bbox 2390 3258 2617 3328; x_wconf 70' lang='lat' dir='ltr'><strong>quaeris;</strong></span> <span class='ocrx_word' id='word_1_757' title='bbox 2649 3258 2745 3314; x_wconf 87' lang='lat' dir='ltr'><strong>sed</strong></span> <span class='ocrx_word' id='word_1_758' title='bbox 2788 3261 2925 3316; x_wconf 86' lang='lat' dir='ltr'><strong>mala</strong></span> <span class='ocrx_word' id='word_1_759' title='bbox 2967 3263 3060 3318; x_wconf 88' lang='lat' dir='ltr'><strong>tibi</strong></span> <span class='ocrx_word' id='word_1_760' title='bbox 3101 3273 3279 3334; x_wconf 87' lang='lat' dir='ltr'><strong>erunt,</strong></span> <span class='ocrx_word' id='word_1_761' title='bbox 3324 3265 3541 3325; x_wconf 86' lang='lat' dir='ltr'><strong>deserto</strong></span> 
     </span>
    </p>
   </div>
   <div class='ocr_carea' id='block_1_95' title="bbox 1953 3346 3540 3429">
    <p class='ocr_par' dir='ltr' id='par_1_95' title="bbox 1953 3346 3540 3429">
     <span class='ocr_line' id='line_1_95' title="bbox 1953 3346 3540 3429; baseline 0.01 -28"><span class='ocrx_word' id='word_1_762' title='bbox 1953 3346 2045 3401; x_wconf 83' lang='lat' dir='ltr'><strong>illo</strong></span> <span class='ocrx_word' id='word_1_763' title='bbox 2073 3361 2104 3402; x_wconf 87' lang='lat' dir='ltr'><strong>a</strong></span> <span class='ocrx_word' id='word_1_764' title='bbox 2130 3362 2238 3419; x_wconf 88' lang='lat' dir='ltr'><strong>quo</strong></span> <span class='ocrx_word' id='word_1_765' title='bbox 2261 3348 2400 3404; x_wconf 88' lang='lat' dir='ltr'><strong>bona</strong></span> <span class='ocrx_word' id='word_1_766' title='bbox 2439 3349 2577 3419; x_wconf 72' lang='lat' dir='ltr'><strong>facta</strong></span> <span class='ocrx_word' id='word_1_767' title='bbox 2618 3360 2761 3407; x_wconf 90' lang='lat' dir='ltr'><strong>sunt.</strong></span> <span class='ocrx_word' id='word_1_768' title='bbox 2817 3354 3022 3409; x_wconf 88' lang='lat' dir='ltr'><strong>Bonum</strong></span> <span class='ocrx_word' id='word_1_769' title='bbox 3072 3365 3222 3413; x_wconf 86' lang='lat' dir='ltr'><strong>tuum</strong></span> <span class='ocrx_word' id='word_1_770' title='bbox 3266 3372 3469 3429; x_wconf 63' lang='lat' dir='ltr'><strong>qurere,</strong></span> <span class='ocrx_word' id='word_1_771' title='bbox 3502 3376 3540 3418; x_wconf 86' lang='grc' dir='ltr'><strong>ο</strong></span> 
     </span>
    </p>
   </div>
   <div class='ocr_carea' id='block_1_96' title="bbox 1951 3439 3541 3511">
    <p class='ocr_par' dir='ltr' id='par_1_96' title="bbox 1951 3439 3541 3511">
     <span class='ocr_line' id='line_1_96' title="bbox 1951 3439 3541 3511; baseline 0.009 -18"><span class='ocrx_word' id='word_1_772' title='bbox 1951 3439 2148 3495; x_wconf 90' lang='lat' dir='ltr'><strong>anima.</strong></span> <span class='ocrx_word' id='word_1_773' title='bbox 2182 3439 2278 3496; x_wconf 87' lang='lat' dir='ltr'><strong>Est</strong></span> <span class='ocrx_word' id='word_1_774' title='bbox 2300 3440 2445 3496; x_wconf 89' lang='lat' dir='ltr'><strong>enim</strong></span> <span class='ocrx_word' id='word_1_775' title='bbox 2480 3442 2675 3497; x_wconf 86' lang='lat' dir='ltr'><strong>bonum</strong></span> <span class='ocrx_word' id='word_1_776' title='bbox 2701 3443 2843 3498; x_wconf 88' lang='lat' dir='ltr'><strong>aliud</strong></span> <span class='ocrx_word' id='word_1_777' title='bbox 2879 3446 3052 3511; x_wconf 89' lang='lat' dir='ltr'><strong>alteri,</strong></span> <span class='ocrx_word' id='word_1_778' title='bbox 3081 3455 3136 3502; x_wconf 89' lang='lat' dir='ltr'><strong>et</strong></span> <span class='ocrx_word' id='word_1_779' title='bbox 3163 3462 3353 3504; x_wconf 89' lang='lat' dir='ltr'><strong>omnes</strong></span> <span class='ocrx_word' id='word_1_780' title='bbox 3383 3463 3541 3507; x_wconf 84' lang='lat' dir='ltr'><strong>crea-</strong></span> 
     </span>
    </p>
   </div>
   <div class='ocr_carea' id='block_1_97' title="bbox 1953 3532 3537 3610">
    <p class='ocr_par' dir='ltr' id='par_1_97' title="bbox 1953 3532 3537 3610">
     <span class='ocr_line' id='line_1_97' title="bbox 1953 3532 3537 3610; baseline 0.008 -24"><span class='ocrx_word' id='word_1_781' title='bbox 1953 3540 2088 3588; x_wconf 87' lang='lat' dir='ltr'><strong>turae</strong></span> <span class='ocrx_word' id='word_1_782' title='bbox 2106 3532 2301 3588; x_wconf 88' lang='lat' dir='ltr'><strong>habent</strong></span> <span class='ocrx_word' id='word_1_783' title='bbox 2322 3534 2587 3605; x_wconf 90' lang='lat' dir='ltr'><strong>quoddam</strong></span> <span class='ocrx_word' id='word_1_784' title='bbox 2620 3537 2818 3591; x_wconf 90' lang='lat' dir='ltr'><strong>bonum</strong></span> <span class='ocrx_word' id='word_1_785' title='bbox 2849 3550 3028 3605; x_wconf 90' lang='lat' dir='ltr'><strong>suum,</strong></span> <span class='ocrx_word' id='word_1_786' title='bbox 3056 3539 3381 3610; x_wconf 86' lang='lat' dir='ltr'><strong>integritatis</strong></span> <span class='ocrx_word' id='word_1_787' title='bbox 3400 3557 3537 3609; x_wconf 70' lang='lat' dir='ltr'><strong>suas,</strong></span> 
     </span>
    </p>
   </div>
   <div class='ocr_carea' id='block_1_98' title="bbox 1950 3626 3541 3703">
    <p class='ocr_par' dir='ltr' id='par_1_98' title="bbox 1950 3626 3541 3703">
     <span class='ocr_line' id='line_1_98' title="bbox 1950 3626 3541 3703; baseline 0.005 -22"><span class='ocrx_word' id='word_1_788' title='bbox 1950 3634 2006 3681; x_wconf 90' lang='lat' dir='ltr'><strong>et</strong></span> <span class='ocrx_word' id='word_1_789' title='bbox 2031 3626 2378 3696; x_wconf 75' lang='lat' dir='ltr'><strong>perfeCtionis</strong></span> <span class='ocrx_word' id='word_1_790' title='bbox 2412 3636 2617 3682; x_wconf 75' lang='lat' dir='ltr'><strong>natura:</strong></span> <span class='ocrx_word' id='word_1_791' title='bbox 2639 3643 2786 3683; x_wconf 77' lang='lat' dir='ltr'><strong>suae:</strong></span> <span class='ocrx_word' id='word_1_792' title='bbox 2820 3630 3043 3686; x_wconf 87' lang='lat' dir='ltr'><strong>interest</strong></span> <span class='ocrx_word' id='word_1_793' title='bbox 3070 3630 3197 3701; x_wconf 86' lang='lat' dir='ltr'><strong>quid</strong></span> <span class='ocrx_word' id='word_1_794' title='bbox 3243 3634 3438 3703; x_wconf 92' lang='lat' dir='ltr'><strong>cuique</strong></span> <span class='ocrx_word' id='word_1_795' title='bbox 3461 3636 3541 3689; x_wconf 89' lang='lat' dir='ltr'><strong>rei</strong></span> 
     </span>
    </p>
   </div>
   <div class='ocr_carea' id='block_1_99' title="bbox 1952 3718 3543 3797">
    <p class='ocr_par' dir='ltr' id='par_1_99' title="bbox 1952 3718 3543 3797">
     <span class='ocr_line' id='line_1_99' title="bbox 1952 3718 3543 3797; baseline 0.006 -25"><span class='ocrx_word' id='word_1_796' title='bbox 1952 3718 2274 3788; x_wconf 64' lang='lat' dir='ltr'><strong>imperfectae</strong></span> <span class='ocrx_word' id='word_1_797' title='bbox 2322 3720 2681 3775; x_wconf 85' lang='lat' dir='ltr'><strong>necessarium</strong></span> <span class='ocrx_word' id='word_1_798' title='bbox 2724 3721 2825 3784; x_wconf 88' lang='lat' dir='ltr'><strong>sit,</strong></span> <span class='ocrx_word' id='word_1_799' title='bbox 2872 3731 2931 3776; x_wconf 90' lang='lat' dir='ltr'><strong>ut</strong></span> <span class='ocrx_word' id='word_1_800' title='bbox 2974 3721 3306 3793; x_wconf 87' lang='lat' dir='ltr'><strong>perficiatur;</strong></span> <span class='ocrx_word' id='word_1_801' title='bbox 3344 3742 3543 3797; x_wconf 65' lang='lat' dir='ltr'><strong>quaere</strong></span> 
     </span>
    </p>
   </div>
   <div class='ocr_carea' id='block_1_100' title="bbox 1950 3812 3537 3885">
    <p class='ocr_par' dir='ltr' id='par_1_100' title="bbox 1950 3812 3537 3885">
     <span class='ocr_line' id='line_1_100' title="bbox 1950 3812 3537 3885; baseline 0.005 -18"><span class='ocrx_word' id='word_1_802' title='bbox 1950 3821 2096 3867; x_wconf 88' lang='lat' dir='ltr'><strong>tuum</strong></span> <span class='ocrx_word' id='word_1_803' title='bbox 2118 3815 2333 3868; x_wconf 90' lang='lat' dir='ltr'><strong>bonum.</strong></span> <span class='ocrx_word' id='word_1_804' title='bbox 2366 3812 2531 3868; x_wconf 85' lang='lat' dir='ltr'><strong>Nemo</strong></span> <span class='ocrx_word' id='word_1_805' title='bbox 2557 3814 2715 3868; x_wconf 84' lang='lat' dir='ltr'><strong>bonus</strong></span> <span class='ocrx_word' id='word_1_806' title='bbox 2739 3815 2836 3869; x_wconf 86' lang='lat' dir='ltr'><strong>nisi</strong></span> <span class='ocrx_word' id='word_1_807' title='bbox 2866 3830 2993 3870; x_wconf 85' lang='lat' dir='ltr'><strong>unus</strong></span> <span class='ocrx_word' id='word_1_808' title='bbox 3024 3814 3162 3869; x_wconf 86' lang='lat' dir='ltr'><strong>Deus</strong></span> <span class='ocrx_word' id='word_1_809' title='bbox 3180 3815 3393 3885; x_wconf 74' lang='lat' dir='ltr'><strong>(Matth.</strong></span> <span class='ocrx_word' id='word_1_810' title='bbox 3417 3834 3537 3884; x_wconf 75' lang='lat' dir='ltr'><strong>xu,</strong></span> 
     </span>
    </p>
   </div>
   <div class='ocr_carea' id='block_1_101' title="bbox 1951 3903 3539 3975">
    <p class='ocr_par' dir='ltr' id='par_1_101' title="bbox 1951 3903 3539 3975">
     <span class='ocr_line' id='line_1_101' title="bbox 1951 3903 3539 3975; baseline 0.004 -17"><span class='ocrx_word' id='word_1_811' title='bbox 1951 3904 2062 3973; x_wconf 80' lang='grc'><strong>17).</strong></span> <span class='ocrx_word' id='word_1_812' title='bbox 2109 3903 2384 3960; x_wconf 87' lang='lat' dir='ltr'><strong>Summum</strong></span> <span class='ocrx_word' id='word_1_813' title='bbox 2431 3905 2650 3971; x_wconf 91' lang='lat' dir='ltr'><strong>bonum,</strong></span> <span class='ocrx_word' id='word_1_814' title='bbox 2702 3904 2803 3960; x_wconf 92' lang='lat' dir='ltr'><strong>hoc</strong></span> <span class='ocrx_word' id='word_1_815' title='bbox 2842 3913 2926 3960; x_wconf 88' lang='lat' dir='ltr'><strong>est</strong></span> <span class='ocrx_word' id='word_1_816' title='bbox 2968 3914 3117 3961; x_wconf 89' lang='lat' dir='ltr'><strong>tuum</strong></span> <span class='ocrx_word' id='word_1_817' title='bbox 3145 3906 3367 3963; x_wconf 88' lang='lat' dir='ltr'><strong>bonum.</strong></span> <span class='ocrx_word' id='word_1_818' title='bbox 3397 3908 3539 3975; x_wconf 88' lang='lat' dir='ltr'><strong>Quid</strong></span> 
     </span>
    </p>
   </div>
   <div class='ocr_carea' id='block_1_102' title="bbox 1949 3994 3540 4065">
    <p class='ocr_par' dir='ltr' id='par_1_102' title="bbox 1949 3994 3540 4065">
     <span class='ocr_line' id='line_1_102' title="bbox 1949 3994 3540 4065; baseline 0.005 -16"><span class='ocrx_word' id='word_1_819' title='bbox 1949 4010 2077 4065; x_wconf 90' lang='lat' dir='ltr'><strong>ergo</strong></span> <span class='ocrx_word' id='word_1_820' title='bbox 2103 3994 2253 4049; x_wconf 87' lang='lat' dir='ltr'><strong>deest</strong></span> <span class='ocrx_word' id='word_1_821' title='bbox 2281 3997 2367 4048; x_wconf 87' lang='lat' dir='ltr'><strong>cui</strong></span> <span class='ocrx_word' id='word_1_822' title='bbox 2382 4008 2648 4050; x_wconf 91' lang='lat' dir='ltr'><strong>summum</strong></span> <span class='ocrx_word' id='word_1_823' title='bbox 2667 3996 2863 4051; x_wconf 91' lang='lat' dir='ltr'><strong>bonum</strong></span> <span class='ocrx_word' id='word_1_824' title='bbox 2882 3995 3080 4051; x_wconf 90' lang='lat' dir='ltr'><strong>bonum</strong></span> <span class='ocrx_word' id='word_1_825' title='bbox 3101 3998 3219 4052; x_wconf 84' lang='lat' dir='ltr'><strong>est?</strong></span> <span class='ocrx_word' id='word_1_826' title='bbox 3241 3998 3378 4054; x_wconf 88' lang='lat' dir='ltr'><strong>Sunt</strong></span> <span class='ocrx_word' id='word_1_827' title='bbox 3391 4000 3540 4057; x_wconf 86' lang='lat' dir='ltr'><strong>enim</strong></span> 
     </span>
    </p>
   </div>
   <div class='ocr_carea' id='block_1_103' title="bbox 1950 4086 3537 4158">
    <p class='ocr_par' dir='ltr' id='par_1_103' title="bbox 1950 4086 3537 4158">
     <span class='ocr_line' id='line_1_103' title="bbox 1950 4086 3537 4158; baseline 0.004 -16"><span class='ocrx_word' id='word_1_828' title='bbox 1950 4096 2003 4142; x_wconf 89' lang='lat' dir='ltr'><strong>et</strong></span> <span class='ocrx_word' id='word_1_829' title='bbox 2026 4086 2275 4141; x_wconf 89' lang='lat' dir='ltr'><strong>inferiora</strong></span> <span class='ocrx_word' id='word_1_830' title='bbox 2300 4087 2457 4152; x_wconf 92' lang='lat' dir='ltr'><strong>bona,</strong></span> <span class='ocrx_word' id='word_1_831' title='bbox 2491 4102 2610 4158; x_wconf 72' lang='lat' dir='ltr'><strong>qua:</strong></span> <span class='ocrx_word' id='word_1_832' title='bbox 2633 4087 2753 4143; x_wconf 89' lang='lat' dir='ltr'><strong>aliis</strong></span> <span class='ocrx_word' id='word_1_833' title='bbox 2780 4097 2837 4143; x_wconf 92' lang='lat' dir='ltr'><strong>et</strong></span> <span class='ocrx_word' id='word_1_834' title='bbox 2860 4088 2981 4144; x_wconf 87' lang='lat' dir='ltr'><strong>aliis</strong></span> <span class='ocrx_word' id='word_1_835' title='bbox 3008 4088 3148 4146; x_wconf 89' lang='lat' dir='ltr'><strong>bona</strong></span> <span class='ocrx_word' id='word_1_836' title='bbox 3172 4098 3317 4145; x_wconf 89' lang='lat' dir='ltr'><strong>sunt.</strong></span> <span class='ocrx_word' id='word_1_837' title='bbox 3346 4091 3537 4148; x_wconf 90' lang='lat' dir='ltr'><strong>Pecori</strong></span> 
     </span>
    </p>
   </div>
   <div class='ocr_carea' id='block_1_104' title="bbox 1950 4176 3539 4250">
    <p class='ocr_par' dir='ltr' id='par_1_104' title="bbox 1950 4176 3539 4250">
     <span class='ocr_line' id='line_1_104' title="bbox 1950 4176 3539 4250; baseline 0.005 -20"><span class='ocrx_word' id='word_1_838' title='bbox 1950 4176 2074 4247; x_wconf 85' lang='lat' dir='ltr'><strong>quid</strong></span> <span class='ocrx_word' id='word_1_839' title='bbox 2104 4177 2299 4231; x_wconf 86' lang='lat' dir='ltr'><strong>bonum</strong></span> <span class='ocrx_word' id='word_1_840' title='bbox 2325 4187 2425 4242; x_wconf 87' lang='lat' dir='ltr'><strong>est,</strong></span> <span class='ocrx_word' id='word_1_841' title='bbox 2454 4177 2667 4244; x_wconf 89' lang='lat' dir='ltr'><strong>fratres,</strong></span> <span class='ocrx_word' id='word_1_842' title='bbox 2693 4179 2797 4234; x_wconf 87' lang='lat' dir='ltr'><strong>nisi</strong></span> <span class='ocrx_word' id='word_1_843' title='bbox 2820 4179 3043 4250; x_wconf 87' lang='lat' dir='ltr'><strong>implere</strong></span> <span class='ocrx_word' id='word_1_844' title='bbox 3062 4188 3329 4249; x_wconf 88' lang='lat' dir='ltr'><strong>ventrem,</strong></span> <span class='ocrx_word' id='word_1_845' title='bbox 3348 4195 3539 4238; x_wconf 87' lang='lat' dir='ltr'><strong>carere</strong></span> 
     </span>
    </p>
   </div>
   <div class='ocr_carea' id='block_1_105' title="bbox 1950 4268 3540 4344">
    <p class='ocr_par' dir='ltr' id='par_1_105' title="bbox 1950 4268 3540 4344">
     <span class='ocr_line' id='line_1_105' title="bbox 1950 4268 3540 4344; baseline 0.004 -21"><span class='ocrx_word' id='word_1_846' title='bbox 1950 4268 2260 4339; x_wconf 85' lang='lat' dir='ltr'><strong>indigentia,</strong></span> <span class='ocrx_word' id='word_1_847' title='bbox 2288 4269 2545 4336; x_wconf 83' lang='lat' dir='ltr'><strong>dormire,</strong></span> <span class='ocrx_word' id='word_1_848' title='bbox 2576 4270 2798 4341; x_wconf 87' lang='lat' dir='ltr'><strong>gestire,</strong></span> <span class='ocrx_word' id='word_1_849' title='bbox 2828 4271 3029 4337; x_wconf 86' lang='lat' dir='ltr'><strong>vivere,</strong></span> <span class='ocrx_word' id='word_1_850' title='bbox 3055 4286 3247 4327; x_wconf 87' lang='lat' dir='ltr'><strong>sanum</strong></span> <span class='ocrx_word' id='word_1_851' title='bbox 3279 4286 3419 4340; x_wconf 86' lang='lat' dir='ltr'><strong>esse,</strong></span> <span class='ocrx_word' id='word_1_852' title='bbox 3447 4288 3540 4344; x_wconf 87' lang='lat' dir='ltr'><strong>ge-</strong></span> 
     </span>
    </p>
   </div>
   <div class='ocr_carea' id='block_1_106' title="bbox 1949 4354 3540 4438">
    <p class='ocr_par' dir='ltr' id='par_1_106' title="bbox 1949 4354 3540 4438">
     <span class='ocr_line' id='line_1_106' title="bbox 1949 4354 3540 4438; baseline 0.003 -18"><span class='ocrx_word' id='word_1_853' title='bbox 1949 4367 2176 4421; x_wconf 84' lang='lat' dir='ltr'><strong>nerare?</strong></span> <span class='ocrx_word' id='word_1_854' title='bbox 2197 4354 2398 4422; x_wconf 81' lang='lat' dir='ltr'><strong>Bonum</strong></span> <span class='ocrx_word' id='word_1_855' title='bbox 2429 4367 2505 4423; x_wconf 90' lang='lat' dir='ltr'><strong>illi</strong></span> <span class='ocrx_word' id='word_1_856' title='bbox 2531 4376 2633 4435; x_wconf 89' lang='lat' dir='ltr'><strong>est,</strong></span> <span class='ocrx_word' id='word_1_857' title='bbox 2664 4375 2718 4421; x_wconf 85' lang='lat' dir='ltr'><strong>et</strong></span> <span class='ocrx_word' id='word_1_858' title='bbox 2740 4381 2907 4437; x_wconf 91' lang='lat' dir='ltr'><strong>usque</strong></span> <span class='ocrx_word' id='word_1_859' title='bbox 2932 4366 2999 4422; x_wconf 90' lang='lat' dir='ltr'><strong>ad</strong></span> <span class='ocrx_word' id='word_1_860' title='bbox 3020 4366 3304 4438; x_wconf 90' lang='lat' dir='ltr'><strong>quemdam</strong></span> <span class='ocrx_word' id='word_1_861' title='bbox 3322 4368 3540 4424; x_wconf 90' lang='lat' dir='ltr'><strong>modum</strong></span> 
     </span>
    </p>
   </div>
   <div class='ocr_carea' id='block_1_107' title="bbox 1951 4459 3542 4527">
    <p class='ocr_par' dir='ltr' id='par_1_107' title="bbox 1951 4459 3542 4527">
     <span class='ocr_line' id='line_1_107' title="bbox 1951 4459 3542 4527; baseline 0.002 -15"><span class='ocrx_word' id='word_1_862' title='bbox 1951 4459 2111 4515; x_wconf 82' lang='lat' dir='ltr'><strong>h’abet</strong></span> <span class='ocrx_word' id='word_1_863' title='bbox 2139 4459 2260 4515; x_wconf 90' lang='lat' dir='ltr'><strong>boni</strong></span> <span class='ocrx_word' id='word_1_864' title='bbox 2289 4460 2370 4515; x_wconf 90' lang='lat' dir='ltr'><strong>sui</strong></span> <span class='ocrx_word' id='word_1_865' title='bbox 2402 4474 2711 4515; x_wconf 85' lang='lat' dir='ltr'><strong>mensuram</strong></span> <span class='ocrx_word' id='word_1_866' title='bbox 2742 4461 3018 4527; x_wconf 87' lang='lat' dir='ltr'><strong>tributam,</strong></span> <span class='ocrx_word' id='word_1_867' title='bbox 3051 4468 3106 4515; x_wconf 92' lang='lat' dir='ltr'><strong>et</strong></span> <span class='ocrx_word' id='word_1_868' title='bbox 3130 4475 3444 4516; x_wconf 88' lang='lat' dir='ltr'><strong>concessam</strong></span> <span class='ocrx_word' id='word_1_869' title='bbox 3472 4462 3542 4515; x_wconf 91' lang='lat' dir='ltr'><strong>ab</strong></span> 
     </span>
    </p>
   </div>
   <div class='ocr_carea' id='block_1_108' title="bbox 1949 4551 3540 4621">
    <p class='ocr_par' dir='ltr' id='par_1_108' title="bbox 1949 4551 3540 4621">
     <span class='ocr_line' id='line_1_108' title="bbox 1949 4551 3540 4621; baseline -0.001 -14"><span class='ocrx_word' id='word_1_870' title='bbox 1949 4554 2189 4607; x_wconf 89' lang='lat' dir='ltr'><strong>omnium</strong></span> <span class='ocrx_word' id='word_1_871' title='bbox 2217 4568 2398 4607; x_wconf 89' lang='lat' dir='ltr'><strong>rerum</strong></span> <span class='ocrx_word' id='word_1_872' title='bbox 2427 4560 2670 4609; x_wconf 89' lang='lat' dir='ltr'><strong>creatore</strong></span> <span class='ocrx_word' id='word_1_873' title='bbox 2702 4553 2831 4606; x_wconf 90' lang='lat' dir='ltr'><strong>Deo.</strong></span> <span class='ocrx_word' id='word_1_874' title='bbox 2859 4552 2989 4607; x_wconf 84' lang='lat' dir='ltr'><strong>Tale</strong></span> <span class='ocrx_word' id='word_1_875' title='bbox 3016 4559 3071 4607; x_wconf 91' lang='lat' dir='ltr'><strong>tu</strong></span> <span class='ocrx_word' id='word_1_876' title='bbox 3088 4551 3288 4608; x_wconf 88' lang='lat' dir='ltr'><strong>bonum</strong></span> <span class='ocrx_word' id='word_1_877' title='bbox 3316 4553 3540 4621; x_wconf 82' lang='lat' dir='ltr'><strong>quaeris?</strong></span> 
     </span>
    </p>
   </div>
   <div class='ocr_carea' id='block_1_109' title="bbox 1951 4642 3541 4716">
    <p class='ocr_par' dir='ltr' id='par_1_109' title="bbox 1951 4642 3541 4716">
     <span class='ocr_line' id='line_1_109' title="bbox 1951 4642 3541 4716; baseline 0.003 -17"><span class='ocrx_word' id='word_1_878' title='bbox 1951 4645 2048 4699; x_wconf 86' lang='lat' dir='ltr'><strong>Dat</strong></span> <span class='ocrx_word' id='word_1_879' title='bbox 2074 4643 2255 4699; x_wconf 88' lang='lat' dir='ltr'><strong>ethoc</strong></span> <span class='ocrx_word' id='word_1_880' title='bbox 2283 4644 2452 4709; x_wconf 88' lang='lat' dir='ltr'><strong>Deus;</strong></span> <span class='ocrx_word' id='word_1_881' title='bbox 2479 4642 2575 4700; x_wconf 89' lang='lat' dir='ltr'><strong>sed</strong></span> <span class='ocrx_word' id='word_1_882' title='bbox 2602 4643 2711 4699; x_wconf 92' lang='lat' dir='ltr'><strong>noli</strong></span> <span class='ocrx_word' id='word_1_883' title='bbox 2757 4644 2931 4699; x_wconf 90' lang='lat' dir='ltr'><strong>solum</strong></span> <span class='ocrx_word' id='word_1_884' title='bbox 2970 4660 3235 4716; x_wconf 61' lang='lat' dir='ltr'><strong>quaerere.</strong></span> <span class='ocrx_word' id='word_1_885' title='bbox 3283 4643 3541 4703; x_wconf 67' lang='lat' dir='ltr'><strong>Cohaeres</strong></span> 
     </span>
    </p>
   </div>
   <div class='ocr_carea' id='block_1_110' title="bbox 1949 4734 3540 4809">
    <p class='ocr_par' dir='ltr' id='par_1_110' title="bbox 1949 4734 3540 4809">
     <span class='ocr_line' id='line_1_110' title="bbox 1949 4734 3540 4809; baseline 0.003 -18"><span class='ocrx_word' id='word_1_886' title='bbox 1949 4734 2166 4802; x_wconf 82' lang='lat' dir='ltr'><strong>Christi,</strong></span> <span class='ocrx_word' id='word_1_887' title='bbox 2197 4736 2323 4806; x_wconf 88' lang='lat' dir='ltr'><strong>quid</strong></span> <span class='ocrx_word' id='word_1_888' title='bbox 2348 4736 2579 4807; x_wconf 87' lang='lat' dir='ltr'><strong>gaudes,</strong></span> <span class='ocrx_word' id='word_1_889' title='bbox 2627 4737 2750 4808; x_wconf 88' lang='lat' dir='ltr'><strong>quia</strong></span> <span class='ocrx_word' id='word_1_890' title='bbox 2789 4737 2969 4793; x_wconf 88' lang='lat' dir='ltr'><strong>socius</strong></span> <span class='ocrx_word' id='word_1_891' title='bbox 3016 4752 3077 4794; x_wconf 88' lang='lat' dir='ltr'><strong>es</strong></span> <span class='ocrx_word' id='word_1_892' title='bbox 3117 4738 3334 4808; x_wconf 81' lang='lat' dir='ltr'><strong>pecori?</strong></span> <span class='ocrx_word' id='word_1_893' title='bbox 3379 4738 3540 4809; x_wconf 87' lang='lat' dir='ltr'><strong>Erige</strong></span> 
     </span>
    </p>
   </div>
   <div class='ocr_carea' id='block_1_111' title="bbox 1949 4828 3543 4901">
    <p class='ocr_par' dir='ltr' id='par_1_111' title="bbox 1949 4828 3543 4901">
     <span class='ocr_line' id='line_1_111' title="bbox 1949 4828 3543 4901; baseline 0 -16"><span class='ocrx_word' id='word_1_894' title='bbox 1949 4836 2097 4901; x_wconf 85' lang='lat' dir='ltr'><strong>spem</strong></span> <span class='ocrx_word' id='word_1_895' title='bbox 2129 4840 2274 4883; x_wconf 89' lang='lat' dir='ltr'><strong>tuam</strong></span> <span class='ocrx_word' id='word_1_896' title='bbox 2319 4828 2387 4884; x_wconf 90' lang='lat' dir='ltr'><strong>ad</strong></span> <span class='ocrx_word' id='word_1_897' title='bbox 2430 4830 2632 4884; x_wconf 85' lang='lat' dir='ltr'><strong>bonum</strong></span> <span class='ocrx_word' id='word_1_898' title='bbox 2675 4829 2939 4885; x_wconf 90' lang='lat' dir='ltr'><strong>bonorum</strong></span> <span class='ocrx_word' id='word_1_899' title='bbox 2985 4830 3247 4887; x_wconf 86' lang='lat' dir='ltr'><strong>omnium.</strong></span> <span class='ocrx_word' id='word_1_900' title='bbox 3289 4830 3409 4901; x_wconf 83' lang='lat' dir='ltr'><strong>Ipse</strong></span> <span class='ocrx_word' id='word_1_901' title='bbox 3436 4830 3543 4886; x_wconf 87' lang='lat' dir='ltr'><strong>erit</strong></span> 
     </span>
    </p>
   </div>
   <div class='ocr_carea' id='block_1_112' title="bbox 1951 4921 3540 4992">
    <p class='ocr_par' dir='ltr' id='par_1_112' title="bbox 1951 4921 3540 4992">
     <span class='ocr_line' id='line_1_112' title="bbox 1951 4921 3540 4992; baseline -0.001 -17"><span class='ocrx_word' id='word_1_902' title='bbox 1951 4921 2148 4975; x_wconf 89' lang='lat' dir='ltr'><strong>bonum</strong></span> <span class='ocrx_word' id='word_1_903' title='bbox 2183 4931 2349 4983; x_wconf 77' lang='lat' dir='ltr'><strong>timm,</strong></span> <span class='ocrx_word' id='word_1_904' title='bbox 2378 4936 2406 4975; x_wconf 91' lang='lat' dir='ltr'><strong>a</strong></span> <span class='ocrx_word' id='word_1_905' title='bbox 2436 4936 2544 4991; x_wconf 90' lang='lat' dir='ltr'><strong>quo</strong></span> <span class='ocrx_word' id='word_1_906' title='bbox 2583 4930 2637 4975; x_wconf 92' lang='lat' dir='ltr'><strong>tu</strong></span> <span class='ocrx_word' id='word_1_907' title='bbox 2672 4921 2727 4976; x_wconf 91' lang='lat' dir='ltr'><strong>in</strong></span> <span class='ocrx_word' id='word_1_908' title='bbox 2768 4930 2859 4976; x_wconf 91' lang='lat' dir='ltr'><strong>tuo</strong></span> <span class='ocrx_word' id='word_1_909' title='bbox 2903 4934 3103 4992; x_wconf 87' lang='lat' dir='ltr'><strong>genere</strong></span> <span class='ocrx_word' id='word_1_910' title='bbox 3152 4922 3320 4976; x_wconf 89' lang='lat' dir='ltr'><strong>factus</strong></span> <span class='ocrx_word' id='word_1_911' title='bbox 3348 4935 3407 4975; x_wconf 88' lang='lat' dir='ltr'><strong>es</strong></span> <span class='ocrx_word' id='word_1_912' title='bbox 3438 4922 3540 4974; x_wconf 86' lang='lat' dir='ltr'><strong>bo-</strong></span> 
     </span>
    </p>
   </div>
   <div class='ocr_carea' id='block_1_113' title="bbox 1951 5010 3544 5083">
    <p class='ocr_par' dir='ltr' id='par_1_113' title="bbox 1951 5010 3544 5083">
     <span class='ocr_line' id='line_1_113' title="bbox 1951 5010 3544 5083; baseline 0 -16"><span class='ocrx_word' id='word_1_913' title='bbox 1951 5028 2072 5079; x_wconf 89' lang='lat' dir='ltr'><strong>nus,</strong></span> <span class='ocrx_word' id='word_1_914' title='bbox 2104 5020 2155 5066; x_wconf 86' lang='lat' dir='ltr'><strong>et</strong></span> <span class='ocrx_word' id='word_1_915' title='bbox 2184 5013 2363 5067; x_wconf 88' lang='lat' dir='ltr'><strong>omnia</strong></span> <span class='ocrx_word' id='word_1_916' title='bbox 2394 5011 2448 5066; x_wconf 92' lang='lat' dir='ltr'><strong>in</strong></span> <span class='ocrx_word' id='word_1_917' title='bbox 2475 5025 2574 5066; x_wconf 91' lang='lat' dir='ltr'><strong>suo</strong></span> <span class='ocrx_word' id='word_1_918' title='bbox 2596 5026 2796 5083; x_wconf 88' lang='lat' dir='ltr'><strong>genere</strong></span> <span class='ocrx_word' id='word_1_919' title='bbox 2827 5012 2962 5068; x_wconf 88' lang='lat' dir='ltr'><strong>facta</strong></span> <span class='ocrx_word' id='word_1_920' title='bbox 3004 5020 3130 5068; x_wconf 87' lang='lat' dir='ltr'><strong>sunt</strong></span> <span class='ocrx_word' id='word_1_921' title='bbox 3180 5011 3337 5067; x_wconf 88' lang='lat' dir='ltr'><strong>bona.</strong></span> <span class='ocrx_word' id='word_1_922' title='bbox 3389 5010 3544 5067; x_wconf 81' lang='lat' dir='ltr'><strong>Fecit</strong></span> 
     </span>
    </p>
   </div>
   <div class='ocr_carea' id='block_1_114' title="bbox 1950 5102 3540 5176">
    <p class='ocr_par' dir='ltr' id='par_1_114' title="bbox 1950 5102 3540 5176">
     <span class='ocr_line' id='line_1_114' title="bbox 1950 5102 3540 5176; baseline 0.001 -15"><span class='ocrx_word' id='word_1_923' title='bbox 1950 5105 2089 5161; x_wconf 86' lang='lat' dir='ltr'><strong>enim</strong></span> <span class='ocrx_word' id='word_1_924' title='bbox 2112 5105 2254 5160; x_wconf 81' lang='lat' dir='ltr'><strong>Deus</strong></span> <span class='ocrx_word' id='word_1_925' title='bbox 2279 5106 2453 5160; x_wconf 89' lang='lat' dir='ltr'><strong>omnia</strong></span> <span class='ocrx_word' id='word_1_926' title='bbox 2481 5106 2617 5161; x_wconf 91' lang='lat' dir='ltr'><strong>bona</strong></span> <span class='ocrx_word' id='word_1_927' title='bbox 2643 5106 2817 5161; x_wconf 87' lang='lat' dir='ltr'><strong>valde.</strong></span> <span class='ocrx_word' id='word_1_928' title='bbox 2848 5102 2987 5176; x_wconf 83' lang='lat' dir='ltr'><strong>Ergo</strong></span> <span class='ocrx_word' id='word_1_929' title='bbox 3012 5105 3141 5161; x_wconf 88' lang='lat' dir='ltr'><strong>illud</strong></span> <span class='ocrx_word' id='word_1_930' title='bbox 3166 5104 3366 5159; x_wconf 90' lang='lat' dir='ltr'><strong>bonum</strong></span> <span class='ocrx_word' id='word_1_931' title='bbox 3393 5104 3540 5175; x_wconf 86' lang='lat' dir='ltr'><strong>quod</strong></span> 
     </span>
    </p>
   </div>
   <div class='ocr_carea' id='block_1_115' title="bbox 1954 5194 3537 5265">
    <p class='ocr_par' dir='ltr' id='par_1_115' title="bbox 1954 5194 3537 5265">
     <span class='ocr_line' id='line_1_115' title="bbox 1954 5194 3537 5265; baseline -0.002 -12"><span class='ocrx_word' id='word_1_932' title='bbox 1954 5199 2093 5253; x_wconf 91' lang='lat' dir='ltr'><strong>Deus</strong></span> <span class='ocrx_word' id='word_1_933' title='bbox 2122 5207 2226 5263; x_wconf 86' lang='lat' dir='ltr'><strong>est,</strong></span> <span class='ocrx_word' id='word_1_934' title='bbox 2252 5199 2294 5252; x_wconf 91' lang='lat' dir='ltr'><strong>si</strong></span> <span class='ocrx_word' id='word_1_935' title='bbox 2324 5197 2565 5252; x_wconf 88' lang='lat' dir='ltr'><strong>dicamus</strong></span> <span class='ocrx_word' id='word_1_936' title='bbox 2588 5197 2743 5253; x_wconf 85' lang='lat' dir='ltr'><strong>valde</strong></span> <span class='ocrx_word' id='word_1_937' title='bbox 2774 5199 2996 5263; x_wconf 88' lang='lat' dir='ltr'><strong>bonum,</strong></span> <span class='ocrx_word' id='word_1_938' title='bbox 3024 5196 3135 5265; x_wconf 89' lang='lat' dir='ltr'><strong>jam</strong></span> <span class='ocrx_word' id='word_1_939' title='bbox 3182 5205 3235 5250; x_wconf 89' lang='lat' dir='ltr'><strong>et</strong></span> <span class='ocrx_word' id='word_1_940' title='bbox 3271 5194 3340 5248; x_wconf 86' lang='lat' dir='ltr'><strong>de</strong></span> <span class='ocrx_word' id='word_1_941' title='bbox 3377 5209 3537 5250; x_wconf 81' lang='lat' dir='ltr'><strong>crea-</strong></span> 
     </span>
    </p>
   </div>
   <div class='ocr_carea' id='block_1_116' title="bbox 1953 5285 3540 5361">
    <p class='ocr_par' dir='ltr' id='par_1_116' title="bbox 1953 5285 3540 5361">
     <span class='ocr_line' id='line_1_116' title="bbox 1953 5285 3540 5361; baseline -0.003 -14"><span class='ocrx_word' id='word_1_942' title='bbox 1953 5300 2068 5347; x_wconf 87' lang='lat' dir='ltr'><strong>tura</strong></span> <span class='ocrx_word' id='word_1_943' title='bbox 2097 5292 2299 5347; x_wconf 90' lang='lat' dir='ltr'><strong>dictum</strong></span> <span class='ocrx_word' id='word_1_944' title='bbox 2328 5299 2443 5346; x_wconf 89' lang='lat' dir='ltr'><strong>est:</strong></span> <span class='ocrx_word' id='word_1_945' title='bbox 2474 5288 2617 5345; x_wconf 84' lang='lat' dir='ltr'><strong>Fecit</strong></span> <span class='ocrx_word' id='word_1_946' title='bbox 2644 5289 2780 5344; x_wconf 85' lang='lat' dir='ltr'><strong>Deus</strong></span> <span class='ocrx_word' id='word_1_947' title='bbox 2804 5289 2976 5343; x_wconf 87' lang='lat' dir='ltr'><strong>omnia</strong></span> <span class='ocrx_word' id='word_1_948' title='bbox 3001 5289 3129 5342; x_wconf 78' lang='lat' dir='ltr'><strong>bona</strong></span> <span class='ocrx_word' id='word_1_949' title='bbox 3148 5286 3294 5340; x_wconf 82' lang='lat' dir='ltr'><strong>valde</strong></span> <span class='ocrx_word' id='word_1_950' title='bbox 3322 5285 3475 5361; x_wconf 83' lang='lat' dir='ltr'><strong>(Gen.</strong></span> <span class='ocrx_word' id='word_1_951' title='bbox 3498 5303 3540 5354; x_wconf 84' lang='lat' dir='ltr'><strong>I,</strong></span> 
     </span>
    </p>
   </div>
   <div class='ocr_carea' id='block_1_117' title="bbox 1952 5378 3541 5456">
    <p class='ocr_par' dir='ltr' id='par_1_117' title="bbox 1952 5378 3541 5456">
     <span class='ocr_line' id='line_1_117' title="bbox 1952 5378 3541 5456; baseline -0.004 -15"><span class='ocrx_word' id='word_1_952' title='bbox 1952 5386 2066 5456; x_wconf 74' lang='lat'><strong>31).</strong></span> <span class='ocrx_word' id='word_1_953' title='bbox 2097 5385 2232 5454; x_wconf 88' lang='lat' dir='ltr'><strong>Quid</strong></span> <span class='ocrx_word' id='word_1_954' title='bbox 2260 5401 2389 5456; x_wconf 88' lang='lat' dir='ltr'><strong>ergo</strong></span> <span class='ocrx_word' id='word_1_955' title='bbox 2409 5384 2538 5439; x_wconf 89' lang='lat' dir='ltr'><strong>illud</strong></span> <span class='ocrx_word' id='word_1_956' title='bbox 2569 5384 2763 5439; x_wconf 92' lang='lat' dir='ltr'><strong>bonum</strong></span> <span class='ocrx_word' id='word_1_957' title='bbox 2788 5382 2857 5437; x_wconf 90' lang='lat' dir='ltr'><strong>de</strong></span> <span class='ocrx_word' id='word_1_958' title='bbox 2883 5395 2992 5451; x_wconf 87' lang='lat' dir='ltr'><strong>quo</strong></span> <span class='ocrx_word' id='word_1_959' title='bbox 3012 5379 3212 5435; x_wconf 89' lang='lat' dir='ltr'><strong>dictum</strong></span> <span class='ocrx_word' id='word_1_960' title='bbox 3237 5388 3340 5444; x_wconf 86' lang='lat' dir='ltr'><strong>est,</strong></span> <span class='ocrx_word' id='word_1_961' title='bbox 3371 5378 3541 5435; x_wconf 84' lang='lat' dir='ltr'><strong>Nemo</strong></span> 
     </span>
    </p>
   </div>
   <div class='ocr_carea' id='block_1_118' title="bbox 1954 5474 3543 5545">
    <p class='ocr_par' dir='ltr' id='par_1_118' title="bbox 1954 5474 3543 5545">
     <span class='ocr_line' id='line_1_118' title="bbox 1954 5474 3543 5545; baseline -0.003 -10"><span class='ocrx_word' id='word_1_962' title='bbox 1954 5480 2114 5535; x_wconf 86' lang='lat' dir='ltr'><strong>bonus</strong></span> <span class='ocrx_word' id='word_1_963' title='bbox 2139 5481 2238 5535; x_wconf 82' lang='lat' dir='ltr'><strong>nisi</strong></span> <span class='ocrx_word' id='word_1_964' title='bbox 2263 5496 2394 5534; x_wconf 88' lang='lat' dir='ltr'><strong>unus</strong></span> <span class='ocrx_word' id='word_1_965' title='bbox 2419 5478 2598 5533; x_wconf 77' lang='lat' dir='ltr'><strong>Deus?</strong></span> <span class='ocrx_word' id='word_1_966' title='bbox 2626 5476 2853 5533; x_wconf 90' lang='lat' dir='ltr'><strong>dicimus</strong></span> <span class='ocrx_word' id='word_1_967' title='bbox 2878 5475 3003 5545; x_wconf 85' lang='lat' dir='ltr'><strong>quia</strong></span> <span class='ocrx_word' id='word_1_968' title='bbox 3032 5474 3233 5529; x_wconf 88' lang='lat' dir='ltr'><strong>bonum</strong></span> <span class='ocrx_word' id='word_1_969' title='bbox 3257 5484 3342 5530; x_wconf 89' lang='lat' dir='ltr'><strong>est</strong></span> <span class='ocrx_word' id='word_1_970' title='bbox 3363 5476 3543 5531; x_wconf 80' lang='lat' dir='ltr'><strong>valde?</strong></span> 
     </span>
    </p>
   </div>
   <div class='ocr_carea' id='block_1_119' title="bbox 1955 5566 3542 5639">
    <p class='ocr_par' dir='ltr' id='par_1_119' title="bbox 1955 5566 3542 5639">
     <span class='ocr_line' id='line_1_119' title="bbox 1955 5566 3542 5639; baseline -0.005 -10"><span class='ocrx_word' id='word_1_971' title='bbox 1955 5573 2204 5629; x_wconf 82' lang='lat' dir='ltr'><strong>Recurrit</strong></span> <span class='ocrx_word' id='word_1_972' title='bbox 2229 5574 2383 5628; x_wconf 89' lang='lat' dir='ltr'><strong>nobis</strong></span> <span class='ocrx_word' id='word_1_973' title='bbox 2407 5571 2704 5627; x_wconf 89' lang='lat' dir='ltr'><strong>recordatio</strong></span> <span class='ocrx_word' id='word_1_974' title='bbox 2731 5569 2798 5624; x_wconf 88' lang='lat' dir='ltr'><strong>de</strong></span> <span class='ocrx_word' id='word_1_975' title='bbox 2824 5566 3076 5623; x_wconf 90' lang='lat' dir='ltr'><strong>omnibus</strong></span> <span class='ocrx_word' id='word_1_976' title='bbox 3104 5568 3387 5635; x_wconf 90' lang='lat' dir='ltr'><strong>creaturis,</strong></span> <span class='ocrx_word' id='word_1_977' title='bbox 3419 5570 3542 5639; x_wconf 81' lang='lat' dir='ltr'><strong>quia</strong></span> 
     </span>
    </p>
   </div>
   <div class='ocr_carea' id='block_1_120' title="bbox 1957 5659 3542 5727">
    <p class='ocr_par' dir='ltr' id='par_1_120' title="bbox 1957 5659 3542 5727">
     <span class='ocr_line' id='line_1_120' title="bbox 1957 5659 3542 5727; baseline -0.005 -6"><span class='ocrx_word' id='word_1_978' title='bbox 1957 5666 2154 5721; x_wconf 90' lang='lat' dir='ltr'><strong>dictum</strong></span> <span class='ocrx_word' id='word_1_979' title='bbox 2184 5675 2283 5727; x_wconf 90' lang='lat' dir='ltr'><strong>est,</strong></span> <span class='ocrx_word' id='word_1_980' title='bbox 2334 5662 2477 5717; x_wconf 86' lang='lat' dir='ltr'><strong>Fecit</strong></span> <span class='ocrx_word' id='word_1_981' title='bbox 2526 5661 2665 5715; x_wconf 84' lang='lat' dir='ltr'><strong>Deus</strong></span> <span class='ocrx_word' id='word_1_982' title='bbox 2693 5660 2861 5714; x_wconf 88' lang='lat' dir='ltr'><strong>omnia</strong></span> <span class='ocrx_word' id='word_1_983' title='bbox 2886 5660 3034 5714; x_wconf 77' lang='lat' dir='ltr'><strong>ualde</strong></span> <span class='ocrx_word' id='word_1_984' title='bbox 3060 5662 3211 5714; x_wconf 81' lang='lat' dir='ltr'><strong>bona.</strong></span> <span class='ocrx_word' id='word_1_985' title='bbox 3255 5659 3391 5727; x_wconf 92' lang='lat' dir='ltr'><strong>Quid</strong></span> <span class='ocrx_word' id='word_1_986' title='bbox 3417 5672 3542 5727; x_wconf 73' lang='lat' dir='ltr'><strong>ergo</strong></span> 
     </span>
    </p>
   </div>
   <div class='ocr_carea' id='block_1_121' title="bbox 1953 5751 3542 5827">
    <p class='ocr_par' dir='ltr' id='par_1_121' title="bbox 1953 5751 3542 5827">
     <span class='ocr_line' id='line_1_121' title="bbox 1953 5751 3542 5827; baseline -0.006 -10"><span class='ocrx_word' id='word_1_987' title='bbox 1953 5758 2154 5827; x_wconf 76' lang='lat' dir='ltr'><strong>dicturi</strong></span> <span class='ocrx_word' id='word_1_988' title='bbox 2178 5756 2396 5814; x_wconf 87' lang='lat' dir='ltr'><strong>sumus?</strong></span> <span class='ocrx_word' id='word_1_989' title='bbox 2419 5753 2704 5810; x_wconf 86' lang='lat' dir='ltr'><strong>Deticimus</strong></span> <span class='ocrx_word' id='word_1_990' title='bbox 2733 5754 2785 5809; x_wconf 91' lang='lat' dir='ltr'><strong>in</strong></span> <span class='ocrx_word' id='word_1_991' title='bbox 2811 5768 2963 5820; x_wconf 90' lang='lat' dir='ltr'><strong>voce,</strong></span> <span class='ocrx_word' id='word_1_992' title='bbox 2994 5752 3088 5808; x_wconf 90' lang='lat' dir='ltr'><strong>sed</strong></span> <span class='ocrx_word' id='word_1_993' title='bbox 3121 5767 3227 5806; x_wconf 91' lang='lat' dir='ltr'><strong>non</strong></span> <span class='ocrx_word' id='word_1_994' title='bbox 3254 5752 3306 5805; x_wconf 90' lang='lat' dir='ltr'><strong>in</strong></span> <span class='ocrx_word' id='word_1_995' title='bbox 3333 5751 3542 5807; x_wconf 81' lang='lat' dir='ltr'><strong>aﬂ&#39;ectu.</strong></span> 
     </span>
    </p>
   </div>
   <div class='ocr_carea' id='block_1_122' title="bbox 2020 5873 2424 5917">
    <p class='ocr_par' dir='ltr' id='par_1_122' title="bbox 2020 5873 2424 5917">
     <span class='ocr_line' id='line_1_122' title="bbox 2020 5873 2424 5917; baseline 0 0"><span class='ocrx_word' id='word_1_996' title='bbox 2020 5873 2049 5905; x_wconf 55' lang='grc' dir='ltr'>ἲ</span> <span class='ocrx_word' id='word_1_997' title='bbox 2082 5878 2214 5917; x_wconf 56' lang='lat' dir='ltr'><strong>uss.</strong></span> <span class='ocrx_word' id='word_1_998' title='bbox 2248 5873 2424 5917; x_wconf 84' lang='lat' dir='ltr'><strong>rectus.</strong></span> 
     </span>
    </p>
   </div>
   <div class='ocr_carea' id='block_1_123' title="bbox 2082 5873 3419 6027">
    <p class='ocr_par' dir='ltr' id='par_1_123' title="bbox 2082 5873 3419 6027">
     <span class='ocr_line' id='line_1_123' title="bbox 2082 5873 2424 5935; baseline -0.012 -14"><span class='ocrx_word' id='word_1_999' title='bbox 2082 5878 2214 5935; x_wconf 71' lang='lat' dir='ltr'><strong>uss,</strong></span> <span class='ocrx_word' id='word_1_1000' title='bbox 2248 5873 2424 5921; x_wconf 80' lang='lat' dir='ltr'><strong>rectus.</strong></span> 
     </span>
     <span class='ocr_line' id='line_1_124' title="bbox 2452 5944 3419 6027; baseline -0.003 -18"><span class='ocrx_word' id='word_1_1001' title='bbox 2452 5948 2455 5951; x_wconf 82' lang='grc'><em>’</em></span> <span class='ocrx_word' id='word_1_1002' title='bbox 2532 5954 2535 5957; x_wconf 86' lang='grc'><em>’</em></span> <span class='ocrx_word' id='word_1_1003' title='bbox 2815 5944 3419 6027; x_wconf 73' lang='lat' dir='ltr'><strong>(Quarante—dcux.)</strong></span> 
     </span>
    </p>
   </div>
  </div>
