4058 6480
468 6018 481 6051 Ι

471 458 627 548 tm

480 620 608 676 quo.
636 600 768 659 Nam
822 600 996 672 ipsum
1047 595 1283 666 iniquum
1331 590 1382 647 in
1415 594 1666 662 quantum
1703 587 1914 660 iniquus
1939 594 2055 653 est,

479 692 834 764 ne'susclpias
863 710 876 746 :
909 690 962 745 id
984 698 1093 753 est,
1136 702 1203 741 ne
1244 682 1395 756 quasi
1444 681 1738 737 intentione
1784 689 1838 736 et
1876 692 2060 734 amore

474 786 769 859 iniquitatis
811 784 951 840 illius
977 781 1234 852 suscipias
1262 792 1403 832 eum.
1453 773 1583 829 Nam
1636 781 1689 828 et
1738 770 2057 845 prohibitum

479 887 563 935 est
589 878 703 933 dari
748 873 1031 947 peccatori,
1056 866 1115 928 ει
1158 868 1430 939 suscipere
1470 874 1798 937 peccatores.
1828 862 1897 918 Et
1923 874 2059 932 quo-

460 968 661 1033 'tnodo,
688 966 839 1022 Omni
874 964 1056 1037 petenti
1085 972 1133 1017 te
1160 961 1273 1016 da?
1310 968 1365 1015 et
1393 957 1681 1031 quomodo,
1730 955 1792 1012 Si
1838 951 2062 1009 esurierit

479 1059 714 1113 inimicus
741 1066 876 1120 tuus,
901 1054 1013 1110 ciba
1038 1052 1235 1124 illum-j.
1253 1050 1404 1106 Rom.
1433 1066 1527 1115 xu,
1558 1048 1629 1104 20
1660 1048 1719 1117 )‘!
1746 1044 1908 1115 Quasi
1933 1059 2062 1100 con-

476 1148 641 1204 traria
689 1146 956 1211 videmur,
1009 1144 1103 1200 sed
1146 1140 1456 1213 aperiuntur
1503 1141 1555 1195 in
1609 1139 1826 1195 nomine
1863 1134 2062 1217 Christi

478 1237 831 1309 pulsantibus,
854 1245 909 1292 et
953 1234 1231 1290 manifesta
1260 1240 1416 1288 erunt
1441 1229 1819 1302 quaerentibus.
1852 1224 1933 1281 Ne
1959 1236 2064 1280 tra-

482 1332 572 1385 das
616 1329 885 1401 peccatori,
917 1337 970 1384 et
1000 1326 1081 1381 Ne
1108 1325 1356 1397 suscipias
1388 1331 1699 1394 peccatorem
1729 1318 1934 1393 (Eccli.
1964 1334 2061 1386 xu,

479 1423 575 1478 4-6
603 1422 656 1492 );
687 1431 742 1477 et
758 1430 953 1485 tamen,
980 1418 1133 1473 Omni
1154 1416 1335 1488 petenti
1363 1426 1407 1469 te
1434 1415 1519 1469 da.
1565 1413 1671 1470 Sed
1714 1421 1959 1483 peccator
1985 1417 2067 1466 est

479 1515 568 1584 qui
600 1527 687 1568 me
716 1512 866 1584 petit.
887 1511 980 1577 Da,
1006 1526 1110 1565 non
1132 1519 1379 1579 tanquam
1418 1505 1700 1577 peccatori.
1730 1503 1951 1573 Quando
1972 1500 2068 1557 das

483 1616 732 1675 tanquam
764 1601 1064 1674 peccatori?
1087 1598 1307 1670 Quando
1337 1600 1389 1653 in
1433 1612 1540 1669 quo
1570 1606 1818 1668 peccator
1840 1602 1942 1661 est,
1967 1593 2069 1649 hoc

485 1695 577 1750 tibi
600 1694 775 1765 placet
802 1701 861 1748 ut
882 1692 998 1747 des.
1031 1690 1305 1745 Paululum
1336 1688 1573 1743 attendat
1601 1686 1845 1743 Charitas
1869 1691 2066 1750 vestra,

483 1787 655 1844 donec
682 1785 960 1842 evolvatur
978 1796 1067 1840 res
1089 1783 1247 1837 etiam
1271 1780 1549 1850 exemplis,
1583 1778 1808 1833 multum
1836 1775 1979 1830 utilis
2002 1772 2068 1829 ad

466 1877 905 1948 intelligendum.
939 1875 1052 1931 Hoc
1075 1873 1207 1929 dixit
1228 1883 1270 1941 ί,
1298 1872 1431 1927 Cum
1460 1868 1904 1927 esurieritnescio
1930 1866 2069 1937 quis,

470 1972 534 2025 ἐἰ
562 1970 728 2026 habes
765 1968 906 2025 unde
935 1966 1051 2035 des,
1080 1966 1182 2033 da;
1210 1967 1254 2022 si
1279 1965 1428 2021 vides
1457 1964 1689 2021 dandum
1716 1977 1835 2017 esse
1856 1961 1919 2016 ad
1942 1960 2071 2016 sub-

466 2061 939 2129 ‘veniendum,da.
967 2058 1045 2117 Ne
1066 2061 1365 2131 pigrescant
1400 2059 1452 2112 in
1487 2058 1587 2113 hoc
1633 2056 1837 2111 viscera
1864 2053 2075 2109 miseri-

491 2155 710 2222 cordist,
741 2155 863 2225 quia
889 2153 982 2208 tibi
1028 2162 1274 2223 peccator
1312 2148 1701 2206 occurritztibi
1729 2146 1870 2204 enim
1916 2147 2076 2201 homo

470 2254 742 2318 peccator
768 2246 1023 2302 occurrit.
1051 2246 1184 2301 Cum
1224 2245 1363 2309 dico,
1387 2243 1632 2299 Occurrit
1651 2241 1743 2297 tibi
1769 2240 1930 2295 homo
1955 2253 2078 2309 pec-

488 2348 660 2403 cator,
692 2339 798 2394 duo
824 2339 1036 2395 nomina
1067 2337 1210 2403 dixi;
1238 2336 1353 2391 hac
1380 2335 1486 2391 duo
1513 2335 1727 2392 nomina
1756 2350 1859 2389 non
1887 2347 2079 2399 super-

490 2431 597 2486 flua
621 2439 780 2487 sunt:
810 2431 1180 2495 duo'nomina,
1208 2428 1354 2483 aliud
1384 2426 1525 2498 quod
1561 2427 1744 2487 homo,
1773 2425 1913 2479 aliud
1938 2422 2079 2493 quod

466 2514 477 2551 ἠ
490 2532 777 2592 peccator;
810 2519 948 2592 quod
977 2522 1159 2587 homo,
1183 2534 1319 2588 Opus
1343 2526 1423 2574 est
1463 2517 1591 2582 Dei;
1623 2516 1761 2586 quod
1794 2522 2038 2585 peccator
2061 2553 2077 2582 ,

470 2627 629 2681 'optts
650 2610 881 2666 hominis
913 2619 995 2665 est
1022 2628 1035 2663 :
1062 2609 1129 2664 da
1154 2608 1300 2680 operi
1335 2606 1448 2673 Dei,
1486 2605 1592 2662 noli
1629 2605 1775 2676 operi
1824 2603 2077 2658 hominis.

472 2701 563 2756 “Et
585 2700 875 2772 quomodo,
918 2699 1113 2770 inquis,
1147 2713 1234 2753 me
1285 2696 1539 2768 prohibes
1576 2695 1704 2750 dare
1734 2695 1879 2764 operi
1910 2690 2083 2747 homi—
2170 2694 2178 2705 '

476 2792 615 2847 nis?
647 2791 784 2858 Quid
818 2803 899 2847 est
947 2791 1076 2845 dare
1123 2788 1270 2860 operi
1318 2787 1594 2844 hominis?
1641 2785 1911 2843 Peccatori
1957 2784 2083 2840 dare

472 2893 716 2954 .propter
742 2889 1036 2953 peccatum,
1067 2880 1294 2951 placenti
1323 2879 1415 2934 tibi
1448 2888 1665 2949 propter
1698 2886 1993 2946 peccatum.
2018 2874 2085 2930 Et

472 2975 615 3045 -qnis
637 2974 737 3030 hoc
761 2975 937 3041 faciet,
960 2971 1315 3042 inquis?Quis
1337 2972 1438 3026 hoc
1459 2970 1656 3025 faciet?
1678 2968 1886 3025 Utinam
1904 2983 2081 3033 nemo,

499 3066 701 3121 utinam
744 3065 921 3135 pauci,
954 3065 1154 3118 utinam
1186 3079 1292 3117 non
1324 3062 1552 3132 publice.
1586 3060 1686 3128 Qui
1735 3059 2084 3115 venatoribus

498 3154 717 3221 donant,
744 3169 909 3224 quare
936 3154 1157 3220 donant,
1189 3153 1368 3208 dicant
1394 3152 1561 3206 mihi?
1587 3151 1762 3219 Quare
1796 3151 1958 3205 donat
1990 3164 2083 3205 ve-

496 3245 705 3301 natori?
740 3244 849 3300 lloc
870 3244 922 3299 in
946 3244 1036 3299 illo
1055 3252 1218 3310 amat,
1247 3245 1298 3298 in
1329 3259 1435 3313 quo
1458 3243 1815 3313 nequissimus
1843 3251 1956 3305 est;
1984 3240 2087 3297 hoc

478 3337 553 3391 ‘in
582 3336 672 3390 illo
700 3336 885 3406 pascit,
917 3334 1019 3390 hoc
1045 3335 1096 3389 in
1129 3335 1221 3389 illo
1252 3334 1431 3397 vestit,
1465 3335 1634 3404 ipsam
1666 3332 1953 3403 nequitiam
1981 3348 2082 3401 pu-

494 3424 693 3480 blicam
742 3425 1059 3494 spectaculis
1102 3424 1363 3480 omnium.
1394 3424 1494 3493 Qui
1534 3424 1696 3478 donat
1721 3423 2084 3489 histrionibus,

480 3516 590 3588 Aqui
643 3516 806 3571 donat
848 3515 1044 3584 aurigis
1071 3516 1115 3579 ³,
1159 3516 1248 3585 qui
1281 3515 1443 3569 donat
1491 3513 1894 3579 meretricibus,
1922 3527 2088 3583 quare

501 3605 700 3662 donat?
725 3602 987 3673 Numquid
1014 3619 1118 3658 non
1146 3613 1197 3659 et
1227 3604 1327 3674 ipsi
1370 3603 1673 3659 hominibus
1695 3604 1932 3659 donant?
1971 3603 2086 3658 Non

479 3704 681 3753 .tamen
707 3695 779 3750 ibi
808 3695 1090 3750 attendunt
1108 3704 1350 3750 naturam
1381 3697 1560 3766 operis
1606 3696 1719 3761 Dei,
1766 3695 1857 3749 sed
1902 3694 2089 3765 nequi-

476 3790 631 3844 -tiam
660 3788 840 3858 aperis
869 3787 1105 3842 humani.
1127 3785 1220 3842 Vis
1254 3787 1434 3841 videre
1456 3786 1582 3857 quid
1606 3786 1836 3842 honores
1857 3788 1908 3840 in
1939 3801 2089 3841 vena.

484 3890 646 3947 ‘tore,
675 3879 890 3952 quando
933 3879 1080 3934 illum
1131 3879 1328 3935 vestis?
1371 3878 1589 3933 Dicatur
1631 3878 1745 3945 tibi,
1793 3879 1878 3934 Sis
1920 3878 2083 3933 talis:

478 3988 655 4028 -amas
676 3973 844 4038 illum,
873 3970 1073 4041 gaudes
1096 3970 1162 4026 ad
1184 3970 1352 4037 illum,
1378 3972 1456 4025 vis
1482 3970 1873 4041 quodammodo
1899 3983 2091 4040 exspo-

507 4064 637 4118 liare
659 4072 732 4127 te,
758 4071 811 4117 et
831 4062 976 4118 illum
998 4063 1223 4127 vestire;
1254 4063 1360 4117 noli
1381 4077 1501 4116 cum
1530 4061 1717 4131 injuria
1736 4062 1975 4131 accipere
1995 4103 2009 4125 ,
2041 4060 2089 4115 si

510 4156 604 4212 tibi
634 4155 861 4221 dicatur,
898 4153 1054 4209 Tales
1080 4153 1191 4209 sint
1218 4154 1308 4208 lilii
1344 4153 1417 4208 tui
1449 4154 1490 4206 ³.
1523 4154 1713 4224 injuria
1755 4163 1859 4219 est,
1892 4155 2085 4224 inquis.

511 4247 685 4313 Quare
715 4246 905 4315 injuria
930 4252 1033 4311 est,
1056 4245 1158 4299 nisi
1184 4246 1305 4314 quia
1337 4245 1424 4298 illa
1456 4244 1734 4313 iniquitas?
1759 4260 1921 4314 quare
1948 4245 2088 4313 inju—

494 4336 611 4399 ria,
647 4334 746 4390 nisi
776 4334 900 4405 quia
945 4334 1031 4388 illa
1074 4333 1377 4403 turpitudo?
1420 4332 1535 4387 Non
1583 4330 1715 4403 ergo
1740 4335 1937 4398 donas,
1969 4349 2088 4389 cum

489 4428 681 4485 -donas
722 4426 745 4457 ⁸
764 4467 780 4490 ,
822 4425 1153 4489 fortitudini,
1180 4425 1272 4479 sed
1303 4425 1634 4495 turpitudini.
1664 4426 1941 4493 Quomodo
1963 4442 2091 4497 ergo

489 4519 602 4590 ,qui
630 4517 868 4573 venatori
897 4514 1081 4581 donat,
1112 4531 1219 4571 non
1263 4516 1461 4571 homini
1488 4518 1672 4583 donat,
1722 4518 1816 4573 sed
1856 4520 1955 4572 arti
1998 4532 2091 4573 ne-

509 4609 782 4681 quissimae
806 4607 828 4678 (
854 4616 977 4663 nam
1016 4607 1059 4662 si
1090 4606 1250 4661 homo
1295 4616 1496 4661 tantum
1543 4618 1720 4673 esset,
1768 4616 1825 4663 et
1875 4618 2093 4665 venator

509 4717 618 4757 non
669 4708 846 4763 esset,
902 4714 1007 4756 non
1060 4698 1325 4765 donares;
1376 4700 1607 4755 honoras
1654 4701 1705 4754 in
1753 4714 1820 4755 eo
1869 4701 2087 4770 vitium,

518 4811 624 4851 non
654 4792 921 4863 naturam)
952 4792 1070 4847 :sic
1114 4796 1320 4856 contra,
1350 4794 1394 4846 si
1434 4792 1530 4847 des
1564 4793 1726 4860 justo,
1755 4794 1799 4846 si
1842 4792 1938 4848 des
1971 4810 2095 4863 pro-

512 4885 725 4956 phetat,
767 4891 812 4938 sl
864 4882 959 4938 des
1008 4881 1267 4951 discipulo
1294 4882 1490 4937 Christi
1530 4882 1723 4953 aliquid
1763 4884 1915 4953 cujus
1953 4884 2093 4941 indi.

507 4984 619 5043 get,
650 4982 708 5031 et
732 4989 837 5028 non
867 4972 936 5028 ibi
967 4973 1167 5044 cogites
1184 4974 1309 5042 quia
1331 4972 1617 5044 discipulus
1635 4974 1831 5029 Christi
1850 4984 1950 5041 est,
1972 4976 2092 5046 quia

513 5069 757 5123 minister
780 5077 865 5123 est
885 5066 999 5129 Dei,
1028 5066 1150 5136 quia
1177 5065 1511 5135 dispensator
1539 5077 1620 5120 est
1648 5066 1775 5133 Dei;
1823 5066 1915 5123 sed
1944 5068 2092 5138 cogi-

517 5168 593 5213 tes
638 5157 707 5213 ibi
760 5155 976 5227 aliquod
1018 5155 1359 5210 commodum
1405 5156 1716 5225 temporale,
1759 5166 1815 5211 ut
1864 5157 2093 5214 fortasse

518 5264 691 5302 causae
718 5256 822 5302 tua:
842 5246 1175 5303 necessarius
1197 5245 1409 5316 quando
1435 5246 1611 5313 fuerit,
1642 5248 1844 5302 venalis
1873 5249 1965 5303 tibi
1988 5250 2087 5317 sit,

520 5338 643 5406 quia
669 5338 717 5391 ei
741 5337 938 5407 aliquid
964 5337 1273 5407 porrexisti;
1301 5347 1406 5391 tam
1438 5347 1490 5392 tu
1517 5352 1620 5392 non
1639 5337 1830 5393 dedisti
1854 5338 2018 5408 justo,
2046 5341 2091 5396 si

578 5428 595 5457 ί
631 5426 763 5489 Edd.,
789 5425 990 5489 diust
1012 5425 1179 5489 plures
1197 5435 1320 5487 Mss.,
1353 5425 1516 5479 din't:
1545 5427 1680 5478 refer
1700 5427 1761 5477 ad
1788 5426 1933 5478 allata
1953 5431 2094 5481 testi-

488 5487 672 5535 'monia
695 5500 757 5535 ex
780 5495 887 5535 Luc.
906 5486 955 5547 6,
976 5486 1028 5537 et
1050 5496 1174 5538 nom.
1206 5489 1275 5537 12.

490 5580 495 5589 ι
577 5550 597 5580 ³
634 5557 733 5595 sm.
760 5555 811 5597 et
833 5553 927 5607 tun,
952 5562 1013 5597 nu

1081 5548 1229 5599 ribus.
1252 5557 1314 5615 _At
1335 5557 1446 5601 Lov.
1466 5559 1522 5615 et
1541 5558 1668 5615 uss,
1691 5547 1900 5615 ,mtrigis.
1924 5551 2094 5603 confer

577 5561 597 5580 ι
634 5561 733 5595 sm.
760 5561 811 5597 et
834 5561 927 5607 tun,
952 5561 1229 5659 nuﬁurzons.
1258 5561 1314 5600 At
1336 5561 1446 5601 Lov.
1472 5561 1522 5601 et
1541 5561 1668 5610 uss,
1700 5563 1900 5615 aurigis.
1924 5561 2094 5603 confer

510 5616 674 5684 tinam.
696 5608 826 5684 ﬁsa].
948 5622 996 5656 ιι.
1040 5646 1069 5684 ἐ
1096 5619 1193 5684 etc.
1217 5613 1300 5662 ubi
1328 5614 1427 5676 jam
1447 5613 1511 5663 de
1543 5614 1745 5675 aurigis,
1766 5614 1831 5662 de
1853 5616 2095 5665 venatori-

512 5673 607 5722 bus
624 5677 675 5719 et
696 5670 1005 5719 histrionibus
1024 5671 1161 5720 dixit.

486 5758 493 5759 κ
578 5734 599 5764 ³
630 5731 761 5803 εμὰς,
790 5728 938 5803 sitibi
973 5732 1034 5803 de
1054 5733 1386 5803 meretricibus
1425 5735 1635 5803 dicatur,
1680 5734 1811 5787 rales
1849 5737 1945 5787 sint
1977 5738 2096 5803 ﬁlia

514 5805 627 5845 tum.
658 5791 839 5853 mjuria
860 5798 948 5853 est,
982 5801 1076 5845 etc.
1109 5800 1279 5847 Locum
1309 5797 1371 5848 ad
1402 5791 1630 5850 melioris
1652 5806 1780 5851 nota:
1815 5805 1921 5850 Iss.
1947 5791 2094 5854 r'esti-

490 5880 495 5885 -
510 5856 709 5908 mimus.

578 5917 601 5951 ⁸
616 5920 691 5979 διε
710 5923 815 5968 διεδ.
838 5922 893 5968 At
913 5917 1045 5983 Edd.,
1068 5930 1176 5971 cum
1199 5934 1294 5973 non
1314 5924 1418 5986 das,
1441 5933 1533 5977 etc.

1706 474 1764 532 S.
1804 466 2167 531 AUGUSTINI
2206 465 2510 527 EPISCOPI

3606 462 3743 523 i328

2167 582 2243 640 sic
2262 583 2495 648 dederis,
2523 596 2683 654 quam
2712 581 2803 638 ille
2832 596 2937 637 non
2964 578 3347 646 dedithomioi,
3370 578 3581 651 quando
3598 579 3745 635 dedit

2154 676 2422 733 venatori.
2450 675 2556 731 Res
2577 690 2726 747 ergo,
2748 673 3069 741 charissimi,
3093 674 3145 728 in
3171 683 3417 743 promptu
3445 673 3615 743 posita
3640 679 3741 740 est,

2156 779 2218 845 et
2244 779 2370 839 puto
2391 770 2512 840 quia
2542 768 2641 824 etsi
2678 767 2901 823 obscura
2934 766 3051 832 fuit,
3088 765 3198 838 jam
3224 765 3502 821 manifesta
3532 774 3632 821 est.
3664 750 3747 821 id

2166 861 2267 916 hoc
2307 860 2562 916 Dominus
2591 867 2644 915 te
2670 859 2952 927 astrinxit,
2983 874 3104 914 cum
3130 857 3350 922 diceret,
3384 857 3483 925 Qui
3509 856 3749 927 receperit

2154 952 2353 1024 justum
2385 966 2404 1007 :
2429 951 2717 1008 sufﬁceret.
2757 951 2864 1009 Sed
2906 953 3027 1023 quia
3058 960 3233 1022 potest
3258 949 3418 1020 recipi
3442 948 3617 1020 justus
3646 947 3750 1004 alia

2166 1042 2478 1110 intentione,
2517 1059 2637 1098 cum
2682 1051 2896 1115 putatur
2944 1041 3196 1113 prodesse
3244 1057 3402 1112 posse
3442 1041 3509 1096 ad
3552 1038 3753 1111 aliquid

2160 1135 2482 1206 temporale,
2511 1135 2645 1191 forte
2661 1134 2729 1190 ad
2749 1133 3100 1205 supplendam
3128 1132 3495 1202 cupiditatem,
3520 1130 3660 1186 forte
3684 1128 3753 1184 ad

2166 1227 2544 1298 adjuvandum,
2577 1235 2636 1284 ut
2674 1229 2835 1283 homo
2870 1227 3340 1289 circumveniatur,
3367 1234 3459 1280 aut
3480 1223 3757 1294 opprima-

2154 1314 2283 1385 tur;
2312 1319 2433 1390 quia
2460 1320 2562 1375 tale
2591 1318 2945 1374 ministerium
2977 1316 3044 1372 de
3070 1317 3161 1372 illo
3190 1315 3386 1388 quaeris
3407 1358 3422 1383 ,
3467 1317 3602 1370 forte
3631 1330 3761 1385 pro-

2164 1420 2349 1483 ‘pterea
2402 1410 2669 1481 suscipis:
2704 1410 2915 1479 negavit
2963 1408 3056 1465 tibi
3099 1405 3401 1463 mercedem
3443 1406 3604 1476 justi,
3654 1404 3762 1459 nisi

2169 1516 2289 1556 cum
2324 1500 2703 1556 additamenta.
2746 1500 2837 1555 Ait
2872 1500 3013 1555 enim
3033 1539 3050 1567 ,
3090 1499 3191 1565 Qui
3219 1498 3458 1568 receperit
3476 1498 3675 1569 justum
3704 1496 3762 1551 in

2172 1593 2373 1647 nomine
2406 1593 2569 1664 justi;
2612 1593 2664 1648 id
2704 1601 2805 1657 est,
2837 1592 2957 1647 ideo
2983 1591 3249 1661 recipiens
3278 1590 3401 1661 quia
3426 1588 3603 1658 justus
3630 1596 3715 1642 est
3745 1604 3760 1641 :

2173 1692 2246 1748 et,
2273 1684 2369 1751 Qui
2395 1685 2634 1753 receperit
2658 1685 2984 1755 praphetam;
3011 1698 3117 1739 non
3143 1691 3341 1737 tantum
3365 1682 3625 1751 receperit
3645 1693 3765 1751 pro.

2173 1773 2409 1844 phetam,
2442 1774 2556 1840 scd,
2596 1777 2650 1829 in
2691 1775 2891 1829 nomine
2920 1777 3180 1847 ρνοριιειω
3202 1815 3217 1841 ,
3256 1774 3436 1830 hocin
3468 1774 3559 1830 illo
3587 1772 3765 1828 hono-

2176 1881 2301 1920 rans
2340 1864 2481 1936 quod
2528 1865 2782 1937 propheta
2826 1876 2910 1922 est
2939 1883 2953 1920 :
2981 1866 3045 1921 ad
3090 1874 3410 1928 extremum,
3444 1864 3544 1932 Qui
3570 1862 3768 1918 dederit

2176 1959 2379 2011 calicem
2423 1974 2566 2027 aqua!
2602 1959 2803 2028 frigida:
2846 1962 2933 2013 uni
2966 1974 3029 2013 ea:
3068 1958 3288 2012 minimis
3325 1958 3453 2021 istis,
3489 1966 3685 2011 tantum
3708 1956 3769 2011 in

2179 2050 2378 2104 nomine
2398 2047 2655 2120 discipuli,
2687 2050 2735 2104 id
2758 2060 2842 2105 est
2866 2059 3144 2121 propterea
3165 2049 3285 2120 quia
3306 2048 3598 2118 discipulus
3618 2047 3770 2105 Chri-

2166 2138 2248 2195 εῑί
2292 2150 2395 2207 εει,
2439 2151 2715 2211 propterea
2746 2127 2866 2212 quia
2910 2142 3245 2213 diSpensator
3277 2141 3596 2197 sacramenti
3636 2151 3768 2209 est;

2181 2251 2325 2289 amen
2354 2235 2464 2289 dico
2491 2234 2645 2303 vobis,
2674 2252 2773 2289 non
2800 2238 2972 2305 perdet
2998 2235 3274 2289 mercedem
3299 2251 3442 2289 suam
3472 2233 3683 2303 (Matth.
3708 2250 3770 2302 Σ,

2180 2328 2271 2394 41,
2302 2327 2414 2397 42).
2448 2326 2723 2395 Quomodo
2753 2343 2879 2399 ergo
2905 2328 3176 2397 intelligis,
3205 2327 3304 2395 Qui
3321 2327 3556 2397 receperit
3569 2329 3775 2399 justum

2182 2418 2236 2475 in
2263 2422 2465 2475 nomine
2492 2422 2621 2491 justi
2639 2462 2654 2488 ,
2688 2420 2964 2475 mercedem
2982 2421 3111 2492 justi
3135 2421 3382 2491 accipiet;
3412 2420 3489 2475 sic
3514 2419 3774 2491 intellige,

2183 2512 2281 2582 Qui
2313 2513 2575 2584 receperit
2604 2512 2947 2585 peccatorem'
2966 2514 3018 2570 in
3048 2515 3262 2571 nomine
3296 2515 3609 2585 peccatoris,
3645 2528 3780 2586 per-

2184 2604 2274 2659 det
2300 2604 2624 2660 mercedem.

2256 2694 2343 2749 M.
2385 2694 2546 2765 Ergo,
2574 2688 2784 2760 fratres,
2804 2704 3048 2751 exercete
3066 2694 3507 2751 misericordiam.
3539 2693 3654 2750 Non
3686 2704 3781 2751 est

2185 2784 2326 2840 aliud
2359 2785 2628 2839 vinculum
2673 2786 2970 2854 charitatis,
3017 2802 3125 2842 non
3164 2798 3244 2841 est
3281 2786 3423 2842 aliud
3469 2786 3782 2845 vehiculum

2186 2892 2290 2947 quo
2310 2876 2661 2946 perducamur
2688 2893 2753 2932 ex
2786 2878 2884 2933 hac
2910 2879 3013 2933 vita
3035 2878 3103 2933 ad
3125 2878 3264 2933 illam
3295 2880 3514 2950 patriam
3540 2898 3554 2945 ;
3587 2892 3784 2937 exten-

2189 2969 2298 3025 dite
2340 2968 2678 3025 dilectionem
2724 2984 2893 3042 usque
2929 2968 2995 3024 ad
3042 2971 3328 3026 inimicos:
3367 2972 3540 3027 securi
3581 2981 3785 3027 estote.

2190 3059 2314 3115 Ideo
2345 3060 2485 3115 venit
2513 3059 2776 3127 Christus,
2826 3062 2912 3117 cui
2942 3070 3088 3117 tanto
3117 3072 3241 3118 ante
3268 3063 3466 3119 dictum
3508 3073 3609 3133 est,
3646 3085 3664 3116 ι
3696 3065 3790 3125 Ex

2189 3167 2282 3207 ore
2307 3152 2583 3208 infantium
2614 3163 2667 3209 et
2701 3154 3009 3209 lactentium
3038 3154 3303 3226 perfecisti
3333 3156 3563 3225 laudem,
3596 3168 3654 3212 ut
3681 3158 3788 3215 de-

2174 3242 2369 3300 istruas
2415 3245 2687 3299 inimicum
2725 3254 2781 3301 et
2818 3246 3199 3302 vindicatorem
3234 3268 3252 3299 ›
3300 3247 3475 3320 (Psat.
3520 3266 3631 3317 vnt,
3680 3253 3787 3323 5):

2191 3338 2332 3407 quod
2375 3338 2615 3393 nonnulli
2655 3338 2869 3393 codices
2922 3358 2941 3392 ι
2969 3338 3308 3395 defensorem
3336 3359 3356 3393 ι
3410 3339 3636 3409 habent;
3681 3344 3789 3402 sed

2189 3430 2385 3492 verius,
2430 3448 2447 3481 ι
2476 3428 2879 3485 vindicatorem.
2914 3447 2934 3483 ι
2979 3431 3267 3488 Destruere
3312 3431 3482 3487 voluit
3520 3434 3790 3491 Dominus

2192 3521 2592 3587 vindicatorem,
2623 3522 2674 3577 id
2702 3534 2802 3591 est,
2846 3539 2968 3580 eum
2996 3526 3087 3595 qui
3127 3540 3186 3581 se
3210 3525 3375 3582 voluit
3401 3527 3689 3595 vindicare,
3724 3540 3790 3587 ut

2191 3627 2294 3667 ιιοιι
2338 3612 2413 3668 illi
2452 3613 2787 3669 dimittantur
2813 3625 3030 3686 peccata
3069 3631 3185 3672 sua.
3223 3616 3357 3684 Quid
3386 3634 3533 3690 ergo,
3560 3620 3790 3689 inquis!

2191 3705 2417 3760 dormiet
2451 3703 2763 3775 disciplina?
2806 3707 3077 3763 auferetur
3118 3710 3292 3764 omnis
3328 3711 3632 3781 correptio?
3659 3711 3789 3770 Non

2191 3795 2476 3851 auferetur.
2520 3797 2654 3865 Quid
2684 3797 2827 3853 enim
2870 3797 2938 3854 de
2978 3799 3249 3856 luxurioso
3279 3801 3387 3857 ﬁlio
3420 3803 3653 3858 facturus
3682 3805 3789 3861 es?

2191 3906 2297 3945 non
2336 3890 2640 3962 castigabis,
2683 3908 2791 3948 non
2847 3893 3190 3949 verberabis?
3229 3896 3559 3966 Servumque
3604 3899 3789 3969 ipsum

2191 3990 2361 4047 tuum,
2389 3982 2433 4037 si
2460 3982 2598 4038 male
2623 3982 2888 4041 viventem
2916 3985 3132 4054 videris,
3153 4002 3256 4042 non
3277 4003 3431 4057 paena
3452 3989 3650 4060 aliqua,
3673 4007 3789 4051 non

2192 4074 2503 4131 verberibus
2529 4075 2868 4132 refrenabis?
2896 4077 3015 4133 Fiat
3040 4078 3162 4145 hoc,
3194 4079 3320 4134 fiat:
3351 4081 3589 4137 admittit
3620 4084 3787 4152 Deus,

2192 4165 2300 4220 imo
2322 4164 2679 4235 reprehendit,
2698 4166 2742 4222 si
2761 4183 2865 4222 non
2895 4167 3013 4235 fiat;
3040 4169 3133 4225 sed
3157 4170 3335 4225 animo
3353 4172 3654 4229 dilectionis
3675 4175 3786 4243 fac,

2195 4271 2301 4310 non
2346 4256 2524 4310 animo
2571 4257 2807 4313 ultionis.
2840 4258 2943 4314 Ubi
2987 4267 3162 4315 autem
3213 4263 3537 4332 potentiores
3575 4266 3790 4336 aliquos

2194 4346 2482 4417 injuriosos
2514 4363 2699 4418 passus
2727 4347 2912 4418 fueris,
2942 4351 3029 4406 ubi
3060 4352 3151 4407 tibi
3192 4370 3291 4409 nec
3322 4358 3590 4427 corrigere
3619 4356 3790 4415 disci-

2196 4438 2337 4508 plina
2382 4438 2524 4502 licet,
2572 4453 2671 4494 nec
2702 4439 2835 4495 forte
2876 4443 3036 4497 etiam
3081 4460 3299 4500 monere
3336 4455 3427 4501 aut
3454 4448 3786 4518 prwcipere;

2196 4527 2383 4595 tolera,
2420 4543 2638 4583 securus
2666 4531 2829 4586 tolera
2861 4549 2876 4585 :
2909 4533 3031 4588 audi
3068 4534 3410 4607 Evangelium
3454 4538 3593 4608 quod
3622 4541 3791 4598 modo

2180 4618 2395 4674 ‘lectum
2424 4629 2526 4683 est,
2552 4619 2701 4675 Beati
2729 4622 2888 4689 eritis,
2931 4642 3043 4678 cum
3083 4641 3167 4679 vos
3198 4629 3444 4698 persecuti
3473 4632 3660 4699 fuerint
3688 4631 3789 4686 Ito-

2198 4709 2375 4775 mines,
2401 4719 2447 4764 et
2477 4712 2696 4767 dixerint
2724 4716 2959 4770 adversus
2995 4732 3081 4770 vos
3119 4734 3264 4772 omne
3292 4720 3503 4786 nmium,
3540 4726 3792 4777 mentien-

2199 4808 2289 4866 tes,
2316 4812 2518 4873 prOpter
2538 4820 2716 4859 nomen
2740 4822 2904 4860 meum
2929 4805 3137 4879 (Matth.
3169 4824 3223 4876 ν,
3249 4809 3359 4880 ii).
3386 4811 3451 4866 Et
3478 4811 3549 4867 ibi
3576 4812 3785 4871 addidit

2197 4902 2418 4964 propter
2445 4896 2592 4966 quid,
2625 4913 2692 4954 ne
2718 4900 2909 4954 merito
2950 4910 3039 4955 tuo
3071 4901 3305 4972 accipias
3342 4904 3641 4972 maledicta,
3677 4923 3790 4963 non

2198 5000 2357 5042 causa
2379 4987 2815 5058 justifieationum
2856 4992 2969 5047 Dei.
3019 4991 3134 5047 Non
3164 4994 3306 5050 enim
3347 4996 3434 5067 qui
3466 4997 3789 5054 tnaledictus

2198 5077 2379 5147 fuerit,
2407 5080 2585 5151 justus
2609 5092 2725 5137 est:
2756 5083 2850 5138 sed
2864 5082 2955 5153 qui
2979 5085 3153 5155 jusws
3177 5094 3279 5150 est,
3310 5096 3364 5143 et
3393 5089 3587 5158 injuste
3617 5092 3791 5145 male-

2198 5169 2402 5236 dictus;
2434 5181 2489 5226 et
2513 5174 2556 5227 si
2593 5173 2788 5243 injuste
2815 5174 3168 5244 maledicitur,
3192 5180 3468 5248 praemium
3498 5180 3570 5235 illi
3601 5181 3787 5237 reddi-

2199 5270 2305 5318 tur.
2332 5263 2617 5335 Pr0pterea
2638 5265 2814 5337 itaque
2830 5282 3047 5323 securus
3064 5280 3181 5325 esto
3203 5272 3528 5339 misericors,
3552 5274 3789 5331 extende

2199 5357 2535 5415 dilectionem
2562 5377 2730 5432 usque
2755 5362 2821 5417 ad
2847 5362 3091 5419 inimicos
3115 5383 3128 5418 :
3149 5366 3236 5436 qui
3264 5365 3398 5422 forte
3425 5368 3693 5438 pertinent
3717 5369 3790 5426 ad

2197 5452 2636 5524 gubernationem
2666 5465 2829 5521 tuam,
2849 5450 3075 5522 vindica,
3109 5474 3299 5515 coerce
3320 5473 3441 5515 cum
3468 5460 3784 5529 dilectione,

2198 5558 2319 5601 cum
2356 5544 2633 5613 charitate,
2669 5548 2947 5605 attendens
2980 5550 3203 5605 salutem
3242 5561 3533 5619 aeternam;
3561 5569 3629 5609 ne
3658 5569 3787 5609 cum

2199 5639 2372 5709 parcis
2394 5639 2565 5706 carni,
2597 5640 2772 5695 anima
2803 5651 3001 5711 pereat.
3034 5642 3140 5697 Fac
3170 5642 3308 5698 hoc:
3339 5654 3393 5700 et
3430 5644 3621 5699 multos
3660 5661 3791 5715 pas-

2199 5743 2359 5785 surus
2396 5730 2515 5797 es‘,
2547 5729 2602 5785 in
2642 5746 2775 5801 quos
2816 5747 2922 5788 non
2956 5742 3107 5803 potes
3136 5748 3396 5801 exercere
3419 5734 3786 5805 disciplinam,

2198 5865 2532 5995 “ngque
2564 5872 2693 5928 Mss,
2732 5874 2777 5918 et
2807 5876 2899 5918 non
2934 5866 3112 5920 imum
3154 5876 3458 5934 passiiruses
3493 5866 3696 5936 iniquos,
3730 5868 3789 5927 in
