4056 6478
347 325 481 384 i329

344 441 472 516 quia'
491 459 602 501 non
627 442 896 516 pertinent
931 441 1000 499 ad
1025 443 1145 516 jura
1186 441 1586 515 gubernationis
1623 451 1760 509 tuae;
1792 440 1928 496 ferto

349 539 592 610 injurias,
621 552 843 595 securus
871 546 1010 594 esto.
1042 536 1220 592 Faciet
1257 536 1404 593 enim
1420 531 1792 592 misericbrdt'as
1817 532 1929 588 Do;

344 632 528 698 minus,
556 642 605 689 et
623 631 880 703 judicium
905 630 1136 686 omnibus
1157 630 1398 701 injuriam
1435 627 1811 700 accipientibus.
1841 625 1932 684 Sic

346 725 396 779 in
419 733 471 779 te
496 723 656 779 faciet
676 712 1117 786 misericordiam,
1150 719 1194 775 si
1215 720 1460 775 misertus
1491 718 1656 773 fueris
1682 735 1695 772 :
1727 719 1806 773 sic
1825 717 1933 773 eris

344 817 675 881 misericors,
705 823 765 870 ut
797 813 939 886 quod
965 812 1161 884 pateris
1189 811 1434 882 injuriam
1471 823 1578 866 nou
1606 810 1677 866 sit
1697 809 1930 879 impuni-

345 922 479 976 tum,
530 909 661 965 Milli
699 909 986 974 vindicta-nt,
1032 916 1081 962 et
1123 923 1213 979 ego
1242 906 1512 961 retribuam
1552 904 1726 978 (Deut.
1755 914 1930 971 xxxu,’

341 1003 459 1074 35),
483 1002 616 1058 dicit
643 1002 920 1058 Dominus.

419 1097 507 1152 l5.
549 1095 704 1167 [νει-ε.
747 1093 825 1168 7.]
867 1092 1033 1150 Notas
1079 1092 1196 1164 fecit
1237 1091 1345 1145 vias
1390 1105 1509 1145 suas
1559 1087 1750 1160 Moysi.
1789 1086 1933 1155 Quas

341 1189 461 1244 vias
487 1203 612 1243 suas
635 1196 790 1241 notas
811 1185 936 1241 fecit
958 1184 1165 1257 Moysi?
1189 1182 1365 1251 Quara
1385 1182 1603 1255 Moysen
1634 1179 1829 1250 elegit?
1855 1179 1933 1234 Et:

345 1280 548 1351 Moyse,
574 1278 812 1348 intellige
851 1291 1040 1332 omnes
1055 1277 1247 1347 justos,
1269 1279 1458 1330 omnes
1483 1282 1696 1329 sanctos
1724 1290 1738 1325 :
1768 1285 1933 1328 unum

345 1373 547 1440 posuit,
580 1385 772 1426 omnes
790 1378 1093 1426 occurrant.
1125 1368 1325 1423 Tamen
1349 1382 1450 1438 per
1470 1365 1687 1438 Moysen
1708 1364 1830 1420 data
1852 1371 1935 1420 est

342 1461 478 1529 Lex,
519 1471 574 1517 et
604 1461 763 1518 habet
807 1460 1005 1532 aliquid
1032 1460 1317 1516 obscurum
1354 1457 1566 1513 traditio
1595 1458 1705 1528 ipsa
1749 1455 1931 1526 Legis.

345 1557 429 1612 Ad
460 1554 564 1611 hoc
589 1555 732 1610 enim
767 1553 891 1609 data
930 1561 1014 1610 est
1050 1552 1180 1618 Lex,
1212 1559 1270 1606 ut
1295 1549 1704 1606 convinceretur
1730 1546 1935 1616 languia

343 1647 469 1714 dus,
494 1657 549 1703 et
570 1647 834 1703 medicum
866 1647 1194 1716 imploraret.
1223 1644 1341 1714 Ipsa
1371 1651 1454 1698 est
1481 1642 1564 1696 via
1585 1640 1793 1695 occulta
1816 1638 1932 1696 Dei.

343 1738 665 1796 Iamdudum
691 1738 960 1804 audieras,
1004 1737 1104 1804 Qui
1128 1745 1277 1792 sanat
1310 1734 1778 1805 omnes-languor“
1801 1742 1932 1786 tuos.

345 1832 658 1902 Lnnguores
700 1831 752 1886 in
783 1832 999 1901 aegrotis
1029 1827 1282 1893 latebant,
1316 1825 1426 1882 dati
1454 1834 1580 1880 sunt
1605 1824 1839 1896 quinque
1869 1823 1936 1877 ll-

342 1923 428 1980 bri
473 1923 638 1992 Moysi
682 1921 900 1977 :cincta
950 1928 1035 1977 est
1073 1919 1276 1990 piscina
1313 1917 1548 1989 quinque
1600 1915 1928 1988 porticibus;

345 2013 600 2084 produxit
638 2012 936 2084 languidos,
984 2021 1042 2068 ut
1070 2012 1140 2068 ibi
1174 2011 1437 2082 jacerent,
1467 2018 1526 2065 ut
1556 2008 1933 2080 proderentur,

346 2124 460 2165 non
490 2118 546 2162 ut
578 2117 918 2163 sanarentur.
949 2106 1197 2178 Quinque
1233 2106 1471 2177 porticus
1507 2103 1801 2170 prodebant
1822 2101 1937 2156 lan-

343 2201 555 2270 guidos,
603 2215 707 2254 non
755 2198 1044 2264 curabant;
1076 2199 1291 2271 piscina
1332 2196 1554 2253 curabat
1576 2193 1939 2254 descendente

343 2308 477 2368 uno,
514 2302 569 2349 et
597 2295 699 2349 hoc
738 2293 942 2363 piscina
971 2292 1180 2348 turbata
1209 2291 1386 2364 (Joan.
1421 2308 1478 2358 v,
1507 2290 1627 2363 2-4)
1663 2289 1937 2344 :turbatio

345 2388 566 2457 piscina:
587 2385 639 2440 in
673 2385 920 2456 passione
949 2384 1180 2446 Domini.
1213 2383 1448 2440 Veniens
1469 2384 1612 2439 enim
1647 2391 1698 2438 et
1728 2383 1937 2453 ignotus

344 2480 540 2544 factus,
564 2495 688 2536 cum
707 2479 903 2535 dicitur
924 2479 991 2534 ab
1010 2479 1148 2546 aliis,
1173 2477 1291 2549 Ipse
1309 2487 1394 2533 est
1413 2476 1686 2541 Christus;
1705 2475 1774 2531 ab
1795 2475 1932 2539 aliis,

342 2571 462 2627 Non
489 2582 570 2627 est
599 2571 872 2634 Christus;
901 2571 1080 2640 justus
1117 2578 1221 2632 est,
1253 2577 1504 2638 peccator
1525 2575 1641 2632 est;
1683 2566 1939 2636 magister

343 2671 450 2726 est,
481 2661 730 2716 seductor
772 2670 898 2716 est:
933 2659 1171 2716 turbavit
1210 2673 1425 2730 aquam,
1475 2657 1527 2716 id
1566 2665 1672 2724 est,
1707 2655 1938 2711 turbavit

343 2755 632 2826 p0pulum;
661 2763 713 2810 et
739 2754 790 2810 iu
819 2761 927 2813 tota
955 2753 1042 2808 illa
1073 2752 1470 2823 perturbatione
1495 2766 1648 2820 aqua:
1680 2765 1818 2805 unus
1845 2763 1932 2804 sa-

343 2846 594 2913 nabatur,
619 2845 744 2917 quia
777 2845 828 2900 in
857 2844 1108 2915 passione
1129 2843 1340 2900 Domini
1363 2843 1542 2898 unitas
1566 2849 1806 2897 sanatur.
1834 2841 1935 2909 Qui

344 2949 543 3012 praeter
573 2937 831 2994 unitatem
865 2937 1042 3001 fuerit,
1071 2937 1170 2993 etsi
1195 2936 1395 3007 jacebit
1426 2939 1478 2993 in
1501 2936 1814 3008 porticibus,
1849 2950 1924 2990 sa-

343 3032 460 3087 nari
489 3046 595 3086 non
636 3030 866 3101 poterit:
898 3030 997 3085 etsi
1029 3029 1220 3101 Legem
1259 3037 1424 3095 tenet,
1461 3030 1528 3084 ad
1569 3029 1792 3085 salutem
1830 3043 1934 3082 non

342 3121 606 3192 pervenit.
633 3121 774 3192 Ergo
802 3121 925 3192 quia
947 3121 1050 3177 hoc
1071 3120 1141 3176 ibi
1170 3120 1482 3192 mysterium
1509 3130 1610 3183 est,
1636 3121 1756 3175 ideo
1779 3119 1936 3175 docet

342 3213 522 3269 datam
566 3213 784 3285 Legem,
817 3220 877 3268 ut
911 3212 1358 3268 convincerentur
1385 3220 1714 3282 peceatores,
1769 3220 1824 3266 et
1867 3211 1935 3266 ad

342 3291 569 3375 gratiam
599 3303 964 3374 accipiendam
998 3302 1263 3359 medicum
1304 3302 1634 3358 invocarent.
1671 3301 1823 3358 Unde
1846 3303 1936 3358 ille

342 3396 622 3451 convictus
653 3404 754 3457 est,
785 3411 943 3466 quem
969 3396 1022 3451 in
1047 3411 1109 3452 se
1133 3394 1471 3466 transﬁgurat
1497 3395 1693 3450 Paulus
1715 3404 1933 3465 aposto-

342 3489 451 3552 lus,
497 3488 680 3544 dicens
710 3506 723 3544 :
752 3486 948 3560 Infelix
987 3504 1079 3560 ego
1114 3488 1285 3554 homo,
1329 3487 1441 3557 quis
1491 3503 1571 3542 me
1613 3485 1838 3542 liberabit
1873 3486 1938 3540 de

344 3598 557 3654 corpore
594 3583 772 3637 mortis
813 3581 1006 3652 hujus?
1050 3581 1151 3637 Per
1187 3579 1494 3636 mandatum
1517 3578 1683 3642 enim
1713 3579 1937 3636 demon-

343 3683 510 3741 strata
553 3675 632 3730 illi
665 3683 783 3731 erat
819 3674 1216 3746 quiedamrixa
1258 3674 1312 3729 in
1359 3672 1556 3743 seipso,
1606 3670 1748 3732 unde
1777 3670 1931 3738 dicit,

349 3785 372 3819 ι
406 3766 572 3822 Video
600 3767 758 3822 aliam
790 3767 958 3838 legem
1002 3767 1055 3821 in
1101 3764 1356 3821 membris
1384 3765 1519 3820 meis
1548 3774 1934 3834 repugnantem

343 3844 450 3929 legi
475 3859 672 3914 mentis
697 3873 854 3926 meai,
881 3866 937 3913 et
963 3857 1229 3929 captivum
1259 3872 1347 3912 me
1381 3856 1666 3916 ducentem
1697 3854 1798 3910 sub
1818 3854 1936 3926 lege

346 3953 576 4024 peccati,
607 3967 729 4024 quae
767 3960 850 4008 est
890 3952 943 4006 in
973 3950 1227 4016 membris
1252 3950 1408 4006 meis.
1439 3966 1460 4003 ι
1493 3947 1758 4019 Cognovit
1794 3963 1853 4004 se
1879 3949 1933 4003 in

348 4027 600 4109 miseria,
622 4043 676 4098 in
701 4042 924 4113 gemitu,
956 4041 1011 4098 iu
1055 4042 1172 4097 rixa
1194 4049 1257 4109 et
1289 4039 1664 4103 contentione;
1707 4039 1822 4109 ipse
1847 4053 1936 4094 se-

343 4151 469 4193 cum
493 4137 596 4193 sibi
624 4149 730 4191 non
772 4133 1126 4200 concordans,
1155 4147 1184 4186 a
1215 4147 1276 4188 se
1304 4131 1606 4198 dissonans,
1639 4145 1668 4183 a
1699 4143 1759 4185 se
1794 4128 1934 4184 resi-

345 4229 486 4284 liens
512 4247 526 4285 :
559 4237 616 4284 et
638 4226 764 4298 quid
793 4227 890 4294 ait,
916 4235 1108 4297 optans
1139 4240 1345 4295 pacem,
1387 4239 1571 4295 pacem
1599 4237 1802 4287 veram,
1833 4231 1929 4293 pa-

343 4333 468 4375 cem
490 4317 814 4388 supernam?
847 4336 866 4370 (
897 4317 1083 4373 Infelix
1105 4332 1204 4386 ego
1226 4316 1404 4381 homo,
1434 4317 1554 4387 quis
1577 4329 1664 4372 me
1687 4312 1933 4369 liberabit

339 4409 416 4468 de
442 4424 672 4480 corpore
700 4409 889 4466 mortis
910 4408 1100 4480 hujus?
1125 4408 1306 4465 Gratia
1338 4406 1430 4462 Dei
1453 4420 1554 4477 per
1569 4406 1753 4462 Jesum
1774 4405 1932 4462 Citri-

345 4515 487 4558 stum
547 4501 832 4557 Dominum
858 4509 1116 4572 nostrum
1149 4498 1351 4570 »(Ιίοιιι.
1379 4513 1474 4562 vn,
1503 4497 1744 4568 25-25).t
1773 4495 1876 4552 Ubi
1907 4516 1928 4550 ι

344 4594 490 4650 enim
520 4611 541 4647 ι
569 4592 860 4648 abundavit
885 4600 1182 4661 peccatum,
1210 4588 1661 4659 superabundavit
1684 4589 1875 4658 gratia.
1907 4605 1926 4641 ι

347 4687 504 4742 Unde
550 4695 729 4742 autem
758 4685 1046 4741 abundavit
1074 4683 1391 4754 peccatum?
1419 4680 1529 4736 Lex
1566 4691 1732 4736 autem
1757 4681 1934 4735 subin-
1965 4709 1967 4712 ‹

344 4780 517 4844 travit,
547 4789 604 4833 ut
629 4779 908 4834 abundaret
937 4787 1193 4848 peccatum
1229 4773 1340 4846 (Id.
1368 4791 1421 4839 v,
1448 4774 1564 4845 20).
1591 4774 1768 4842 Quare
1793 4773 1935 4844 Lege

343 4871 683 4926 Subintrante
729 4869 1016 4937 abundavit
1064 4867 1377 4938 peccatum?
1411 4867 1560 4936 Quia
1585 4867 1837 4923 nolebant
1876 4881 1936 4922 se

341 4965 591 5020 conﬁteri
633 4964 881 5020 homines
907 4972 1230 5034 peccatores,
1261 4961 1440 5017 addita
1469 4961 1609 5032 Lege
1648 4961 1771 5016 facti
1811 4969 1936 5018 sunt

345 5064 402 5109 ct
430 5055 891 5126 praevaricatores.
937 5053 1322 5110 Praevaricator
1346 5051 1492 5107 enim
1529 5067 1634 5106 non
1655 5058 1756 5107 est
1791 5052 1937 5122 quis-

343 5163 471 5215 que,
502 5148 607 5204 nisi
634 5161 756 5202 cum
779 5147 950 5217 legem
976 5153 1340 5216 transgressus
1366 5141 1544 5200 fuerit.
1575 5143 1694 5213 ipse
1715 5144 1936 5213 Aposto-

344 5239 432 5294 lus
459 5239 564 5295 hoc
588 5239 758 5295 dicit:
790 5237 888 5294 Ubi
929 5238 1190 5292 enimnon
1228 5237 1426 5302 estlex,
1473 5251 1564 5290 nec
1591 5235 1937 5294 mtevaricatio

346 5331 460 5401 (Id.
520 5347 596 5400 tv,
645 5333 759 5402 15).
806 5330 1109 5387 Abundavit
1145 5345 1277 5402 ergo
1313 5335 1622 5400 pecmtum,’
1657 5338 1714 5384 ut
1747 5343 1937 5400 super-

346 5423 649 5481 abundaret
677 5425 865 5495 gratia.
894 5424 1054 5494 Ergo,
1085 5430 1144 5478 ut
1167 5422 1348 5478 dicere
1367 5436 1658 5493 coeperam,
1681 5422 1804 5492 quia
1836 5421 1936 5476 hoc

337 5526 431 5570 test
457 5514 513 5570 in
537 5515 680 5586 Lege
701 5530 949 5585 magnum
987 5515 1322 5586 mysterium,
1351 5513 1472 5570 ideo
1497 5527 1616 5570 eam
1645 5515 1846 5576 datam,
1877 5523 1936 5569 ut

344 5615 625 5663 crescente
652 5615 894 5679 peccato,
940 5606 1346 5662 liumiliarentur
1385 5605 1624 5675 superbi,
1669 5605 1932 5660 Itumiliati

346 5699 752 5768 confiterentur,
781 5699 1015 5757 confessi
1041 5706 1358 5764 sanarentur
1385 5707 1401 5754 ξ
1431 5699 1548 5754 ista:
1567 5708 1693 5753 sunt
1716 5697 1814 5754 via:
1840 5713 1958 5755 θει-⁴

349 5793 530 5863 cultae,
558 5809 690 5868 quas
716 5803 872 5853 notas
900 5794 1031 5852 fecit
1065 5792 1254 5865 Moysi,
1291 5806 1389 5864 per
1408 5797 1567 5864 quem
1609 5792 1804 5863 Legem
1842 5793 1938 5850 de-

1447 318 1946 415 ENARRATIOJN
1985 318 2310 380 PSALMUM
2346 325 2454 383 Cll.

3475 329 3623 397 133.0

2035 437 2132 507 dit,
2185 455 2287 512 qua
2341 452 2625 524 peccatum
2665 445 3113 528 abundarettut
3161 429 3628 524 super-abundaret

2033 535 2222 603 gratia.
2264 533 2377 590 Non
2421 536 2712 594 crudeliter
2742 527 2846 595 hoc
2889 539 3013 596 fecit
3056 536 3214 608 Deus,
3264 543 3359 600 sed
3392 535 3623 604 consilio

2037 626 2337 683 medicinae.
2365 630 2667 702 Aliquando
2707 634 2849 688 enim
2875 631 3088 691 videtur
3123 636 3222 692 sibi
3248 635 3412 694 homo
3436 629 3623 712 sanus;

2037 729 2088 775 et
2118 730 2370 792 aegrotat;
2400 731 2454 778 et
2479 725 2531 778 in
2568 741 2632 780 eo
2659 727 2799 796 quod
2827 737 3055 799 :rgrotat
3079 738 3134 785 et
3167 745 3272 785 non
3301 732 3480 798 sentit,
3510 719 3624 789 mei

2036 812 2215 870 dicum
2260 829 2366 870 non
2412 819 2605 886 quaerit
2635 837 2648 872 :
2677 830 2901 892 augetur
2941 822 3182 890 morbus,
3235 825 3428 880 crescit
3457 811 3625 883 mole;

2036 907 2158 974 stia,
2190 906 2448 978 quaeritur
2468 905 2724 975 medicus,
2760 921 2811 967 et
2839 921 3006 980 totum
3039 923 3276 970 sanatur.
3313 915 3478 973 Notas
3505 919 3622 989 fecit

1927 1023 1930 1028 -
2035 997 2144 1053 vias
2169 1015 2288 1054 suas
2320 999 2519 1072 Moysi;
2547 1001 2670 1071 ﬁliis
2700 1002 2866 1058 Israel
2885 1006 3165 1061 voluntates
3191 1024 3330 1062 suas.
3353 995 3624 1081 Numquid

2036 1098 2286 1154 omnibus
2308 1099 2429 1155 liliis
2451 1102 2609 1158 lsrael
2626 1103 2649 1155 ?
2666 1102 2769 1159 Sed
2801 1105 2944 1160 veris
2968 1108 3087 1162 liliis
3109 1107 3297 1173 Israel;
3323 1111 3433 1166 imo
3455 1098 3622 1170 omni;

2037 1187 2138 1244 bus
2184 1189 2304 1245 ﬁliis
2333 1190 2518 1248 Israel.
2566 1193 2666 1263 Qui
2709 1195 2848 1250 enim
2882 1197 3073 1264 dolosi,
3117 1199 3206 1269 qui
3237 1199 3497 1264 insidiosi,
3537 1187 3624 1274 qui

2039 1278 2357 1353 hypocritte,
2408 1296 2515 1340 non
2563 1285 2655 1342 om
2685 1285 2868 1343 lsrael.
2906 1288 2971 1343 Et
3004 1289 3094 1360 qui
3139 1291 3228 1346 mu
3271 1291 3467 1348 isracl?
3494 1273 3626 1352 Εέεὲ

2037 1391 2149 1431 vere
2171 1376 2429 1447 Israelita,
2460 1381 2513 1434 in
2531 1395 2627 1452 quo
2658 1381 2804 1436 dolus
2834 1399 2934 1436 non
2963 1391 3036 1437 est
3068 1376 3244 1458 (Ioan.
3272 1401 3310 1453 ι,
3334 1385 3444 1462 47).
3474 1373 3626 1443 Filiis

2039 1466 2204 1522 Israel
2229 1469 2504 1525 voluntates
2524 1488 2664 1526 snas.

2111 1559 2199 1616 16.
2241 1560 2390 1635 [vers.
2411 1562 2490 1636 8.]
2532 1562 2807 1620 Miserator
2827 1575 2872 1620 et
2903 1565 3186 1622 misericors
3216 1549 3484 1636 Dominus,
3515 1549 3626 1624 Ιοηρί

2039 1657 2255 1728 ganimis
2298 1666 2344 1712 et
2373 1658 2587 1713 multum
2621 1659 3036 1717 misericordiw‘.
3069 1659 3209 1728 Quid
3244 1668 3353 1717 tam
3381 1662 3625 1733 longani.

2038 1750 2216 1805 mem?
2241 1747 2366 1820 quid
2411 1759 2516 1805 tam
2558 1753 2782 1806 multum
2828 1753 2880 1806 in
2930 1751 3338 1828 misericordia?
3373 1753 3627 1812 Peccatur

2039 1853 2094 1901 et
2120 1845 2351 1912 vivitur;
2384 1845 2645 1926 accedunt
2681 1854 2919 1916 peccata,
2951 1855 3173 1918 augetur
3197 1848 3301 1902 vita
3327 1865 3342 1902 :
3375 1847 3626 1916 blaSphev

2038 1950 2214 1996 matur
2233 1940 2491 2010 quotidie,
2521 1950 2572 1996 et
2596 1937 2718 1996 facit
2737 1941 2906 1997 solem
2935 1955 3088 1995 suum
3115 1939 3242 1995 oriri
3274 1954 3434 2010 super
3459 1927 3628 1998 bonos
3723 2003 3726 2005 λ

2040 2040 2096 2090 et
2125 2031 2293 2087 malos
2323 2029 2534 2104 (Matih.
2567 2048 2622 2097 v,
2652 2033 2767 2104 45).
2792 2031 2956 2086 Vocat
2984 2031 3215 2104 undique
3243 2030 3309 2086 ad
3341 2025 3628 2086 correctio;

2039 2109 2182 2189 nem,
2213 2134 2367 2180 vocat
2403 2124 2634 2196 undique
2661 2125 2726 2178 ad
2758 2125 3148 2195 paenitentiam,
3178 2121 3632 2194 VOCD'.'IJen€llCIl$

2039 2219 2316 2280 creaturae,
2360 2224 2516 2272 vocat
2558 2217 2912 2287 impertienda
2953 2227 3160 2286 tempus
3200 2217 3434 2284 vivendi,
3474 2205 3631 2284 vocat

2039 2322 2136 2378 per
2164 2308 2438 2375 lectorem,
2466 2317 2619 2362 vocat
2648 2323 2744 2376 per
2784 2316 3142 2372 tractatorem,
3194 2316 3348 2374 vocat
3378 2323 3472 2376 per
3511 2287 3632 2392 intif

2040 2414 2179 2454 mam
2215 2401 2612 2471 cogitationem,
2637 2399 2801 2456 vocat
2834 2416 2931 2472 per
2960 2400 3225 2470 flagellum
3252 2401 3628 2480 correptionis,

2039 2501 2194 2548 vocat
2219 2509 2315 2566 per
2333 2493 2750 2549 misericordiam
2775 2493 3153 2549 consolationis
3180 2513 3193 2548 :
3225 2492 3560 2566 Longanimis
3583 2504 3631 2556 et

2039 2586 2256 2640 multum
2284 2586 2663 2642 misericordiae.
2689 2584 2796 2642 Sed
2827 2587 3057 2641 observa
3080 2601 3146 2641 ne
3172 2585 3501 2656 longitudine
3525 2585 3630 2646 mir.

2038 2676 2342 2732 sericordiae
2373 2677 2462 2732 Dei
2490 2677 2626 2732 male
2651 2676 2869 2739 utendo,
2904 2685 2957 2731 tu
2989 2676 3078 2732 tibi
3107 2675 3454 2744 thesnurizes,
3488 2676 3630 2747 quod

2038 2767 2114 2822 ait
2136 2768 2442 2839 Apostolus,
2476 2768 2608 2824 iram
2635 2769 2690 2824 in
2718 2768 2803 2823 die
2831 2769 2942 2824 irze.
2983 2767 3118 2824 Nam
3160 2767 3261 2824 hoc
3286 2769 3360 2824 ait
3399 2771 3633 2839 Aposto-

2039 2859 2122 2915 lus
2153 2879 2167 2917 :
2201 2879 2220 2912 ι
2252 2861 2330 2915 An
2361 2861 2574 2916 divitias
2609 2861 2952 2932 benignitatis
2987 2871 3039 2917 et
3064 2861 3483 2933 longanimitatis
3513 2863 3632 2931 ejus

2038 2955 2360 3020 contemnis,
2404 2955 2654 3026 ignorans
2690 2957 2812 3027 quia
2845 2956 3096 3025 patientia
3133 2955 3223 3009 Dei
3262 2955 3328 3010 ad
3361 2955 3631 3025 pteniten-s

2040 3046 2168 3102 tiam
2214 3055 2268 3102 te
2312 3046 2580 3113 adducit»
2613 3046 2876 3118 (Roman,
2908 3048 2960 3112 5,
2990 3047 3093 3108 ab)?
3118 3046 3270 3115 Quod
3312 3047 3402 3102 tibi
3440 3047 3635 3122 parcit,

2038 3131 2208 3211 putas,
2229 3140 2352 3210 quia
2382 3141 2560 3218 places
2585 3139 2675 3195 ei?
2712 3157 2730 3191 ι
2765 3139 2890 3196 llaec
2919 3139 3110 3210 fecisti,
3142 3159 3160 3192 ι
3189 3141 3379 3210 inquit,
3413 3159 3433 3194 ι
3465 3149 3520 3195 et
3548 3151 3636 3212 tae

2038 3233 2159 3296 cui;
2191 3232 2490 3302 suSpicatus
2516 3246 2575 3287 es
2606 3231 2962 3302 iniquitatem,
2989 3232 3130 3302 quod
3163 3246 3258 3289 ero
3285 3233 3358 3288 tui
3383 3232 3578 3288 similis
3603 3251 3634 3290 λ

2040 3317 2211 3398 (Psal.
2241 3339 2387 3390 χιιι,
2415 3321 2531 3392 21).
2564 3321 2678 3378 Non
2721 3323 2850 3377 mihi
2878 3323 3092 3393 placent
3120 3331 3359 3394 peccata,
3383 3323 3477 3378 sed
3509 3323 3638 3392 lon-,

2038 3415 2349 3486 ganimitate
2378 3429 2560 3485 quer
2583 3419 2729 3468 recte
2757 3411 2914 3468 facta.
2937 3412 2991 3466 Si
3017 3411 3261 3482 punirem
3291 3421 3641 3486 peccatores,

2037 3522 2145 3564 non
2174 3507 2467 3573 invenirem
2509 3504 2868 3563 confessores.
2899 3504 3039 3576 Ergo
3067 3512 3118 3560 te
3150 3505 3288 3560 Deus
3314 3503 3632 3578 longanimi-

2039 3608 2146 3655 tate
2176 3614 2269 3654 sua
2296 3596 2566 3669 parcendo
2587 3596 2654 3652 ad
2687 3596 3056 3665 paenitentiam
3093 3594 3343 3652 adducit:
3368 3602 3426 3653 tu
3451 3605 3636 3664 autem

2038 3678 2160 3745 cum
2182 3687 2420 3760 quotidie
2445 3687 2600 3754 dicis,
2632 3687 2840 3750 Finitur
2870 3671 3159 3744 hodiernus
3183 3685 3321 3758 dies,
3353 3694 3410 3742 et
3433 3686 3514 3742 sic
3537 3669 3644 3754 ero;

2037 3791 2092 3838 et
2111 3781 2345 3836 crastino
2373 3780 2483 3848 die,
2518 3795 2621 3836 non
2653 3780 2796 3836 enim
2824 3793 2943 3834 cras
2981 3777 3084 3832 erit
3109 3777 3359 3846 ultimus;
3393 3785 3449 3834 et
3474 3777 3643 3844 tertio,

2037 3873 2125 3931 die
2155 3893 2168 3929 :
2198 3883 2252 3929 et
2280 3873 2457 3930 subito
2481 3873 2625 3929 venit
2657 3874 2733 3929 ira
2760 3875 2896 3942 ejus.
2927 3870 3136 3938 Frater,
3167 3885 3271 3925 non
3300 3871 3480 3926 tardes
3497 3884 3642 3928 conv.
3727 3934 3729 3936 η

2036 3970 2172 4022 verti
2188 3965 2252 4021 ad
2292 3966 2576 4022 Dominum
2606 3963 2790 4038 (Eccli.
2814 3980 2868 4027 γ,
2893 3963 2972 4034 8).
3018 3961 3155 4020 Sunt
3197 3961 3339 4018 enim
3368 3961 3457 4032 qui
3485 3975 3644 4032 pne--

2037 4043 2228 4131 parant
2257 4059 2690 4124 conversionem,
2720 4065 2776 4113 et
2805 4056 3075 4121 differunt,
3122 4063 3179 4114 et
3213 4055 3275 4112 ﬁt
3297 4055 3350 4111 in
3393 4055 3502 4112 illis
3527 4070 3632 4116 vox

2037 4150 2279 4215 corvina,
2310 4147 2464 4217 Cras,
2490 4163 2634 4208 cras.
2664 4149 2871 4204 Corvus
2897 4147 2965 4203 de
2990 4162 3114 4204 arca
3152 4145 3370 4208 missus.
3403 4161 3510 4202 non
3549 4155 3650 4208 est,

2035 4258 2287 4300 reversus
2308 4241 2463 4314 (Gen.
2485 4257 2598 4307 vut,
2617 4240 2694 4313 7).
2724 4241 2840 4297 Non
2867 4241 3058 4312 quzcrit
3083 4241 3222 4297 Deus
3241 4239 3556 4300 dilationem
3577 4239 3644 4296 in

2037 4349 2171 4392 voce
2199 4334 2436 4400 corvina,
2464 4333 2562 4390 sed
2584 4331 2981 4389 confessionem.
3004 4333 3056 4387 in
3077 4333 3280 4404 gemitu
3303 4332 3654 4388 columbino.‘

2037 4427 2197 4484 Missa
2216 4427 2464 4485 columba
2489 4441 2704 4484 reversa
2733 4435 2836 4482 est.
2863 4425 3148 4494 Quamdiu,
3170 4425 3325 4493 Cras,
3349 4426 3508 4498 cras?
3528 4424 3636 4480 Ob-

2038 4535 2196 4582 serva
2229 4521 2474 4580 ultimum
2504 4535 2624 4576 cras
2653 4539 2667 4575 :
2694 4520 2817 4590 quia
2849 4520 3062 4589 ignoras
3092 4518 3234 4590 quod
3275 4519 3345 4574 sit
3387 4518 3650 4576 ultimum-

2037 4627 2180 4680 cras,
2209 4612 2437 4668 sufficiat
2462 4611 2604 4682 quod
2650 4611 2823 4668 vixisti
2856 4625 3025 4681 usque
3065 4609 3134 4666 ad
3162 4610 3482 4668 hodiernum
3512 4623 3637 4687 pec-

2037 4711 2207 4760 cator.
2242 4702 2473 4770 Audisti,
2518 4715 2661 4773 saepe
2704 4701 2845 4756 soles
2873 4699 3079 4765 audire,
3127 4698 3322 4756 audisti
3351 4709 3405 4754 et
3435 4699 3658 4770 hodiez,

2039 4810 2198 4867 quam
2247 4793 2486 4864 quotidie
2536 4792 2708 4858 audis,
2751 4799 2860 4846 tam
2898 4790 3131 4860 quotidie
3167 4805 3280 4848 non
3325 4790 3633 4866 corrigeris.

2046 4910 2065 4945 ι
2099 4891 2180 4946 Tu
2210 4910 2229 4944 ι
2264 4890 2405 4945 enim
2439 4907 2458 4940 ι
2491 4887 2784 4943 secundum
2821 4885 3072 4942 duritiam
3113 4884 3294 4960 cordis
3335 4883 3412 4938 tui
3451 4892 3505 4938 et
3537 4898 3635 4956 cor

2040 4982 2399 5054 impaenitens,
2432 4979 2762 5036 thesaurizas
2785 4965 2881 5034 tibi
2921 4978 3053 5036 iram
3079 4977 3132 5032 in
3161 4976 3247 5056 die
3276 4976 3370 5032 irae
3397 4982 3454 5030 et
3478 4989 3616 5030 rever

2039 5074 2252 5130 lationis
2277 5071 2604 5143 justijudicii
2635 5071 2749 5138 Dei,
2787 5070 2878 5140 qui
2906 5068 3093 5128 reddet
3129 5067 3414 5137 unicuique
3441 5081 3634 5124 secun-

2039 5168 2164 5224 dum
2187 5183 2350 5238 opera
2376 5181 2471 5222 sua
2505 5186 2522 5222 ι
2550 5163 2726 5239 (Rom.
2754 5145 2813 5231 n,
2837 5164 2891 5230 5,
2923 5161 3000 5234 6).
3023 5161 3138 5218 Νοιι
3167 5160 3262 5218 tibi
3281 5159 3361 5216 sic
3388 5158 3634 5216 videatur
3661 5205 3666 5212 .

2040 5261 2182 5317 Deus
2213 5258 2538 5324 misericors,
2567 5265 2625 5313 ut
2645 5272 2752 5312 non
2774 5254 3015 5311 videatur
3035 5253 3230 5324 justus.
3262 5249 3557 5308 Misericors
3583 5260 3634 5308 et
3659 5287 3668 5294 -

2039 5354 2302 5408 ntiserator
2327 5348 2820 5429 DominusrAudio,
2845 5355 2900 5400 et
2923 5343 3130 5416 gaudeo
3155 5362 3170 5400 :
3193 5343 3264 5399 ita
3285 5341 3441 5400 dicis.
3466 5342 3630 5420 (Audi,

2039 5445 2324 5518 etgaude;
2356 5443 2530 5500 adhuc
2556 5441 2781 5506 addidit,
2809 5437 3137 5509 Louganimis
3164 5445 3212 5492 et
3229 5436 3452 5496 multum
3473 5437 3631 5514 mise-
3665 5459 3676 5502 λ

2039 5539 2198 5593 ricors
2219 5555 2238 5593 :
2263 5547 2316 5593 et
2346 5537 2399 5592 in
2432 5544 2693 5601 extremo,
2727 5531 2793 5586 Et
2819 5545 2990 5586 verax.
3024 5527 3235 5586 Gaudes
3255 5528 3323 5585 ad
3347 5529 3513 5586 verba
3541 5544 3632 5586 su-

2101 5675 2120 5708 ι
2158 5674 2290 5734 Md,
2315 5671 2479 5724 mulius
2499 5647 2867 5734 misericordiae.
2901 5675 2958 5734 At
2977 5643 3208 5734 praecipui
3250 5631 3386 5728 uss,
3422 5650 3677 5734 nivatam

2038 5728 2387 5790 misericordia:
2407 5749 2424 5785 :
2447 5747 2561 5796 Slc,_
2577 5739 2820 5796 putamus,
2851 5728 3034 5784 latinis
3061 5728 3312 5796 interpres
3349 5728 3629 5782 reddiderat

2040 5815 2212 5862 vocem
2231 5810 2460 5864 Ws
2484 5792 2738 5860 NW.
