4058 6486
474 367 619 426 4555

469 482 682 554 Angeli,
704 473 893 539 omnes
909 482 1153 555 potentes
1171 482 1478 540 fortit'tniine
1501 484 1542 549 ‘,
1561 481 1818 539 facientes
1836 484 2063 540 verbum

1719 370 1776 427 S.
1816 368 2183 428 AUGUSTINI
2225 372 2531 431 EPISCOPI

3618 387 3765 446 1636

2170 486 2330 543 etiam
2362 488 2728 560 pastiongum
2754 504 3061 563 sermonem
3083 495 3373 555 avidissimi
3401 498 3419 531 ί
3449 499 3761 579 dimisistis,

471 578 607 648 ejus,
648 591 837 633 omnes
876 580 1097 635 virtutes
1140 579 1255 649 ejus
1278 617 1293 644 ,
1326 592 1512 633 omnes
1542 577 1767 633 ministri
1795 577 1909 647 ejus
1932 617 1951 643 ,
1979 577 2069 632 [3-2
2167 592 2272 632 non
2300 580 2601 648 putavimus
2616 580 2956 638 Sanctitatem
2989 583 3229 643 Vestram
3263 589 3502 648 hodierni
3532 577 3635 651 dici
3662 594 3751 651 dcc

468 670 673 726 cientes
700 670 1026 725 voluntatem
1057 671 1221 739 ipsius
1240 713 1255 737 ,
1284 684 1398 737 vos,
1432 684 1527 725 vos
1554 669 1851 724 benedicite
1882 669 2067 724 Domi-
2165 667 2279 729 bito
2300 668 2688 738 fraudandam;
2720 682 2781 729 ut
2802 674 2905 732 hoc
2922 676 3083 755 sit‘de
3102 678 3305 749 debito,
3337 682 3465 738 illud
3495 685 3563 740 de
3586 687 3745 747 lucro.

468 781 619 820 num.
648 766 847 820 Omnes
875 765 1016 820 enim
1042 765 1187 819 male
1207 764 1465 831 viventes,
1489 764 1588 818 etsi
1620 763 1797 833 lingua
1825 772 2053 829 taceant,

467 860 571 912 vita
606 856 829 913 Domino
858 857 1204 913 maledicunt.
1235 856 1371 926 Quid
1399 856 1617 926 prodest
1642 858 1763 927 quia
1795 856 2055 928 hymnum

464 958 643 1005 cantat
686 951 861 1019 lingua
908 958 1033 1015 tea,
1065 951 1109 1004 si
1155 949 1489 1019 sacrilegium
1537 948 1751 1004 exhalat
1774 951 1878 1004 vita
1927 951 2061 1004 tua?

463 1041 599 1097 Male
626 1040 852 1097 vivendo
880 1043 1073 1097 multas
1112 1041 1317 1111 linguas
1348 1041 1535 1095 misisti
1565 1040 1616 1095 in
1644 1040 2048 1110 blasphemiam.

460 1132 663 1203 Lingua
709 1141 797 1187 tua
826 1143 977 1187 vacat
1022 1134 1255 1205 hymno,
1287 1140 1341 1187 et
1382 1142 1588 1187 autem
1638 1142 1690 1186 te
1733 1132 2047 1188 intuentium

459 1235 649 1279 vacant
678 1225 1039 1295 blasphemiis.
1069 1225 1125 1280 Si
1148 1240 1274 1293 ergo
1295 1226 1373 1279 vis
1400 1224 1717 1280 benedicere
1742 1226 2057 1293 Dominum,

458 1315 543 1371 fac
570 1316 790 1371 verbum
822 1316 937 1386 ejus
961 1358 976 1381 ,
1006 1316 1087 1370 iac
1113 1316 1439 1371 voluntatem
1470 1316 1607 1385 ejus.
1651 1315 1704 1370 in
1735 1328 1883 1386 petra
1913 1316 2047 1372 aedi-

458 1406 555 1461 iica
578 1451 593 1473 ,
623 1408 730 1463 noli
760 1410 810 1463 in
849 1424 1032 1463 arena.
1064 1408 1264 1463 Audire.
1306 1416 1360 1462 et
1402 1423 1506 1462 non
1552 1408 1725 1463 facere
1746 1451 1761 1473 ,
1802 1409 1852 1463 in
1880 1424 2044 1466 arena

457 1498 723 1556 aediﬁcare
744 1510 857 1555 est:
884 1502 1067 1555 audire
1087 1510 1139 1555 et
1165 1492 1439 1565 facerefin
1467 1510 1612 1570 petra
1634 1500 1898 1555 mdiiicare
1921 1509 2003 1556 est
2024 1518 2055 1565 :p

456 1608 558 1648 nec
576 1593 783 1657 audire,
808 1609 904 1648 nec
931 1592 1127 1656 facere,
1151 1592 1283 1646 nihil
1309 1592 1571 1647 :edilicare
1594 1601 1700 1647 est.
1728 1591 1782 1646 Si
1813 1593 1864 1646 in
1882 1608 2043 1648 arena

455 1686 710 1750 aediﬁcas,
736 1687 940 1741 ruinam
969 1684 1199 1740 aediﬁcas
1225 1702 1236 1737 :
1263 1686 1307 1740 si
1335 1686 1462 1738 nihil
1492 1684 1742 1749 mdiiicas,
1770 1686 2051 1754 expositus

452 1777 668 1848 pluviae,
691 1776 1016 1843 ﬂuminibus,
1040 1777 1232 1844 ventis,
1255 1785 1378 1831 ante
1405 1776 1627 1847 rapieris
1646 1791 1804 1847 quam
1829 1778 2042 1833 steteris

454 1866 670 1939 (Matth.
693 1884 787 1934 vn,
801 1867 968 1923 24-27
983 1870 1019 1937 ).
1043 1869 1179 1938 Ergo
1197 1883 1299 1922 non
1317 1877 1399 1922 est
1413 1867 1751 1933 cessandum,
1766 1867 1858 1921 sed
1875 1868 2046 1922 aditi-

452 1959 679 2015 cundum
705 1978 716 2013 :
740 1976 838 2015 nec
860 1961 936 2015 sic
953 1960 1341 2027 aediﬁcandum,
1361 1972 1418 2013 ut
1437 1960 1586 2014 ruina
1604 1959 1921 2026 aediﬁcetur;
1945 1960 2038 2015 sed

452 2052 505 2105 in
535 2061 683 2122 petra
713 2052 1079 2106 aediﬁcandum
1105 2094 1120 2119 ,
1151 2060 1210 2106 ut
1235 2054 1454 2106 tentatio
1486 2068 1590 2105 non
1623 2061 1847 2108 evertat.
1874 2052 1931 2108 Si
1953 2052 2047 2108 sic

450 2154 551 2211 est,
585 2145 810 2201 benedic
839 2146 1116 2201 Dominum
1151 2163 1165 2199 :
1198 2147 1242 2201 si
1275 2162 1379 2201 non
1423 2154 1505 2201 est
1532 2146 1608 2200 sic
1632 2189 1647 2213 ,
1676 2148 1784 2203 noli
1810 2146 2037 2203 blandiri

448 2237 645 2309 lingute
695 2247 831 2305 tute;
878 2240 1039 2295 vitam
1082 2250 1223 2295 tuam
1266 2242 1574 2311 interroga,
1627 2241 1737 2310 ipsa
1794 2242 1889 2296 tibi
1948 2257 2041 2297 re-

447 2330 730 2401 spondeat.
758 2331 967 2388 invenis
991 2335 1012 2365 ³
1042 2334 1166 2404 quid
1214 2332 1288 2388 sis
1330 2334 1486 2398 mali;
1528 2348 1703 2403 geme,
1732 2334 1988 2391 confitere
2019 2346 2046 2390 :'

446 2421 713 2477 confessio
744 2433 829 2478 tua
876 2432 1050 2494 potest
1090 2425 1371 2479 Dominum
1405 2425 1755 2491 benedicere;
1800 2426 1894 2481 sed
1921 2441 2040 2481 mu-

447 2513 577 2567 tatio
605 2523 690 2568 tua
720 2514 771 2569 iu
796 2515 1164 2571 benedictione
1192 2524 1517 2587 perseveret.

515 2605 607 2661 29.
642 2606 803 2680 [vers.
1004 2609 1290 2664 Benedicite
1326 2609 1601 2664 Dominum
1626 2653 1639 2675 ,
1678 2612 1850 2665 omnia
1881 2628 2039 2683 opera

445 2702 576 2770 ejus,
596 2702 647 2754 in
668 2704 805 2755 omni
828 2701 937 2756 loco
955 2704 1315 2758 dominationis
1337 2704 1465 2773 ejus.
1493 2702 1634 2773 Ergo
1655 2703 1707 2756 in
1729 2705 1874 2757 omni
1896 2705 2031 2759 loco.

443 2787 519 2845 lbi
562 2808 666 2846 non
714 2792 1089 2860 benedicatur,
1132 2794 1219 2848 ubi
1266 2809 1371 2848 non
1417 2795 1761 2849 dominatur:
1795 2794 1860 2849 In
1899 2798 2039 2850 omni

443 2880 556 2935 loco
595 2882 952 2938 dominationis
995 2886 1125 2956 ejus.
1170 2884 1247 2940 Ne
1289 2884 1426 2940 forte
1467 2887 1659 2956 aliquis
1700 2888 1883 2941 dicat:
1916 2888 2034 2943 Non

443 2989 659 3044 possum
689 2976 1006 3033 benedicere
1036 2977 1316 3031 Dominum
1359 2978 1410 3030 in
1439 2978 1664 3043 oriente,
1694 2979 1816 3048 quia
1844 2978 1910 3034 ad
1938 2994 2037 3034 oc-

442 3065 708 3122 cidentem
743 3068 1011 3138 profectus
1055 3079 1169 3135 est;
1217 3078 1346 3134 aut,
1386 3069 1501 3125 Non
1548 3086 1763 3141 possum
1806 3073 1857 3125 in
1888 3072 2037 3127 occi-

439 3157 601 3213 dente
620 3200 634 3225 ,
662 3161 780 3229 quia
816 3160 866 3214 in
898 3161 1104 3215 oriente
1132 3168 1233 3217 est.
1264 3160 1385 3215 Non
1424 3162 1487 3215 ab
1517 3162 1705 3216 oriente
1740 3173 1788 3217 et
1816 3164 1877 3218 ab
1902 3165 2033 3218 octi-

439 3250 601 3312 dente,
629 3270 727 3305 non
750 3270 781 3304 a
807 3252 1019 3307 desertts
1044 3256 1328 3321 montibus;
1357 3256 1595 3325 quoniam
1629 3256 1762 3311 Deus
1777 3259 1943 3329 judex
1962 3268 2034 3311 est

438 3344 621 3413 (Psal.
654 3363 833 3414 LXXIV,
863 3348 917 3412 7,
947 3348 1037 3421 8).
1072 3349 1161 3404 Sic
1188 3349 1381 3420 ubique
1407 3360 1489 3405 est
1509 3392 1524 3417 ,
1558 3358 1614 3404 ut
1644 3350 1837 3419 ubique
1867 3351 2033 3406 bene-

438 3440 685 3494 dicatur:
720 3442 796 3495 sic
825 3440 1057 3511 undique
1100 3451 1216 3501 est,
1251 3452 1309 3495 ut
1354 3442 1427 3496 illi
1471 3442 1703 3513 undique
1726 3442 1984 3513 jubiletur
2014 3461 2028 3496 :

438 3531 518 3586 sic
566 3532 797 3602 undique
842 3533 1208 3597 benedicitur,
1251 3544 1309 3589 ut
1354 3534 1588 3604 undique
1634 3536 1773 3591 bene
1802 3536 2029 3591 vivatur.

437 3621 723 3675 Benedicite
754 3621 1048 3689 Dominum,
1079 3625 1248 3677 omnia
1277 3641 1429 3695 Opera
1450 3625 1577 3696 ejus.
1608 3624 1740 3693 Quia
1767 3641 1888 3681 cum
1914 3643 2031 3683 cm-

436 3715 579 3786 peris
611 3716 660 3768 in
691 3715 827 3769 bona
857 3716 960 3770 \lita
1006 3715 1325 3772 benedicere
1369 3718 1650 3772 Dominum
1674 3760 1688 3784 ,
1718 3733 1880 3789 opera
1914 3720 2029 3790 ejus

435 3828 557 3868 eum
591 3810 928 3885 benedicunt.
961 3827 1066 3866 non
1098 3814 1282 3866 merita
1313 3823 1419 3868 tua.
1456 3812 1571 3884 Ipse
1600 3815 1741 3868 enim
1772 3829 1867 3883 per
1895 3824 1948 3869 te
1976 3824 2030 3871 ct

434 3906 487 3962 in
518 3916 567 3963 te
595 3908 787 3963 bonum
804 3920 1071 3978 Operautr,
1087 3902 1298 3964 ditcnte
1323 3905 1610 3980 Apostolo:
1636 3905 1761 3960 Cum
1781 3908 1960 3961 timore
1983 3914 2029 3959 et

433 4006 646 4055 tremore
665 4010 875 4054 vestram
904 4000 1127 4072 ipsorum
1154 4002 1363 4054 salutent
1390 3997 1707 4073 aperamini;
1736 3996 1874 4057 Deus
1897 3999 2027 4050 cnim

432 4104 505 4148 est
539 4093 625 4165 qui
654 4104 894 4163 operatur
919 4094 972 4147 in
1012 4094 1149 4147 vobis
1182 4093 1453 4165 (Philipp.
1490 4111 1559 4162 ιι,
1598 4096 1697 4161 12,
1728 4098 1854 4169 15).
1886 4098 2024 4169 Ergo

431 4202 500 4242 ne
528 4196 577 4239 te
604 4186 892 4240 cxtolleres
916 4228 930 4249 ,
960 4186 1081 4254 quia
1131 4187 1260 4240 iacis
1286 4187 1507 4241 verbum
1554 4189 1670 4255 ejus
1696 4230 1710 4254 ,
1743 4188 1862 4257 quia
1895 4189 2026 4244 facis

432 4278 757 4332 voluntatem
787 4277 923 4346 ejus,
950 4276 1115 4331 voluit
1142 4286 1193 4329 te
1222 4276 1508 4343 humiliari,
1538 4278 1873 4346 respiciendo
1898 4294 2027 4349 gra-

432 4371 557 4424 tiam
591 4370 735 4437 ejus,
766 4369 907 4425 unde
936 4370 1035 4424 hoc
1060 4379 1377 4424 consecutus
1404 4384 1480 4425 es.
1515 4368 1581 4423 In
1611 4371 1748 4423 omni
1784 4372 1894 4425 loco
1932 4370 2027 4425 do-

432 4460 723 4514 minationis
747 4461 872 4531 ejus.
911 4458 1130 4513 Benedic
1155 4502 1168 4525 ,
1198 4461 1368 4513 anima
1409 4476 1518 4513 mea
1537 4502 1550 4524 ,
1581 4459 1876 4515 Dominum.
1907 4460 2024 4532 ipse

432 4550 646 4603 ultimus
674 4564 860 4603 versus
888 4561 969 4603 est
1006 4550 1092 4621 qui
1126 4552 1327 4621 primus
1370 4568 1382 4603 :
1425 4548 1725 4605 benedictio
1750 4567 1779 4606 a
1809 4554 1980 4623 capite
2002 4595 2021 4623 ,

434 4639 734 4695 benedictio
765 4642 815 4694 in
847 4640 985 4707 fine;
1015 4658 1045 4697 a
1074 4630 1443 4697 benedictione
1473 4640 1693 4713 profecti
1721 4659 1923 4710 sumus,
1955 4645 2022 4701 ad

434 4732 854 4788 benedictionem
879 4732 1183 4799 redeamus,
1229 4733 1281 4788 in
1311 4732 1681 4790 benedictione
1714 4748 2021 4806 regnemus.

904 4966 988 5029 IN
1030 4965 1412 5029 PSALMUM
1453 4964 1594 5029 CIII

1016 5104 1433 5163 ENARRATIO.

1049 5258 1222 5299 mmo
1249 5258 1267 5299 t
1296 5242 1398 5316 (a).

406 5362 411 5367 l
503 5388 553 5442 l.
596 5385 691 5441 Die
715 5384 927 5457 quidem
950 5380 1397 5444 nudiustertiano,
1428 5386 1682 5450 quantum
1710 5377 2020 5435 meminisse

426 5476 758 5550 dignamini,
786 5466 1121 5545 abundanter
1159 5471 1346 5531 reiecti
1388 5473 1517 5531 estis
1562 5487 1577 5526 :
1622 5468 1719 5527 sed
1755 5471 1877 5543 quia
1918 5484 2019 5527 nos

398 5638 404 5643 ’
494 5637 512 5671 ι
547 5634 715 5685 Plures
737 5641 867 5694 Mss,
901 5636 1152 5697 potestates
1173 5626 1473 5695 fortitudinis
1494 5625 1600 5689 Alii,
1622 5629 1895 5690 potestates,
1913 5624 2017 5689 far-

428 5700 673 5753 ittttriines.

482 5768 514 5815 ,³
548 5756 1074 5826 Αιίίιιιοῑδιεεηζηυεζή.
1150 5810 1173 5817 .η
1325 5816 1377 5826 __
1455 5822 1464 5826 _
1609 5814 1640 5826 ..

416 5826 427 5839 "
482 5808 1113 5936 ‘(aj't‘tzihiztusnca’rthagine,
1138 5810 1203 5869 ex
1240 5830 1293 5867 ιι.
1320 5816 1410 5879 t3;
1444 5814 1710 5878 Augustino
1736 5808 1838 5877 iam
1866 5823 2016 5872 sene,

432 5903 492 5941 ex
520 5901 670 5941 scrin.
730 5920 745 5950 ,
806 5920 818 5933 .
878 5919 891 5933 .

2163 760 2405 827 Psalmus
2428 765 2518 834 qui
2538 764 2708 820 lectus
2726 774 2828 834 est,
2856 781 3022 839 prope
3060 776 3202 826 totus
3226 770 3408 843 iiguris
3435 790 3617 833 rerum
3645 796 3734 852 my

2160 853 2445 924 steriisque
2461 857 2793 922 contexitur,
2814 865 2871 913 et
2892 874 3025 929 Oplls
3045 859 3205 917 habet
3225 878 3329 918 non
3355 866 3527 923 solum
3551 880 3755 939 nostra,

2158 946 2253 1002 sed
2284 948 2446 1004 etiam
2487 961 2667 1007 vestra
2708 967 2818 1009 non
2864 969 3025 1023 parva
3072 955 3397 1021 intentione;
3448 977 3756 1034 quanquam

2157 1038 2315 1105 etiam
2346 1050 2539 1098 cuncta
2562 1058 2686 1114 qua:
2709 1042 2853 1100 dicta
2879 1055 3023 1112 sunt,
3053 1049 3257 1118 possint
3277 1050 3344 1105 ad
3370 1050 3601 1110 litteram
3630 1056 3758 1112 reli-

2153 1128 2301 1198 giose
2349 1131 2537 1202 accipi.
2594 1133 2990 1191 Enumerantur
3036 1122 3178 1193 enim
3225 1140 3327 1195 etsi
3378 1156 3483 1197 non
3530 1147 3709 1201 omnia
3739 1190 3754 1214 ,

2154 1220 2318 1276 multa
2345 1230 2723 1296 tamen_opcra
2768 1226 2897 1293 Dei,
2938 1244 3057 1299 quae
3089 1240 3211 1285 nota
3238 1238 3363 1286 sunt
3390 1235 3639 1290 omnibus
3669 1239 3754 1292 iu-

2155 1311 2442 1382 tuentibus,
2485 1316 2575 1387 qui
2608 1326 2806 1373 norunt
2833 1326 2887 1373 et
2917 1334 2979 1375 ex
3010 1318 3093 1373 his
3131 1336 3250 1392 qua:
3276 1320 3413 1377 facta
3441 1335 3567 1380 sunt
3589 1336 3645 1382 et
3673 1330 3755 1382 vi-

2150 1402 2377 1471 dentur,
2398 1405 2538 1462 illius
2564 1408 2853 1466 invisibilia
2888 1409 3162 1467 intellectu
3206 1414 3519 1484 conspicere
3554 1416 3747 1487 (Rom.

2148 1510 2185 1561 ι,
2208 1495 2340 1568 20).
2364 1498 2619 1573 Videmus
2645 1503 2791 1559 enim
2819 1502 3071 1559 fabricam
3098 1504 3281 1560 mundi
3309 1508 3541 1577 amplam
3569 1526 3753 1580 quam-

2148 1588 2269 1645 dam
2299 1605 2368 1646 ex
2396 1593 2533 1650 caelo
2562 1602 2616 1648 et
2645 1603 2784 1651 terra
2809 1637 2825 1663 ,
2856 1605 2910 1653 et
2947 1597 3186 1652 omnium
3232 1614 3351 1668 qua:
3396 1599 3448 1655 in
3479 1601 3557 1656 eis
3582 1612 3747 1670 sunt;

2147 1692 2201 1739 et
2228 1699 2297 1740 ex
2326 1683 2486 1756 hujus
2511 1686 2727 1761 fabrica;
2743 1689 3105 1761 magnitudine
3134 1676 3196 1747 ac
3224 1691 3638 1762 pulchritudine,
3673 1696 3751 1750 ia-

2147 1775 2428 1833 bricatoris
2453 1779 2620 1849 ipsius
2651 1781 3076 1838 intestimabilem
3104 1784 3520 1854 magnitudinem
3545 1798 3600 1843 et
3629 1789 3752 1860 pui-

2144 1868 2501 1925 chritudinem
2524 1911 2541 1937 ,
2572 1872 2671 1927 etsi
2700 1873 2933 1929 nondum
2960 1875 3223 1940 videmus,
3252 1874 3360 1945 jam
3389 1885 3563 1933 tamen
3591 1894 3747 1934 ama-

2144 1974 2287 2015 mus.
2316 1960 2429 2015 Non
2472 1964 2616 2019 enim
2659 1966 2927 2034 cessavit,
2968 1967 3057 2038 qui
3089 1966 3325 2023 nondum
3356 1978 3531 2039 potest
3574 1972 3745 2029 nostri

2143 2053 2323 2109 cordis
2350 2055 2581 2125 puritate
2610 2058 2846 2127 conspici
2872 2098 2886 2123 ,
2922 2067 3047 2114 ante
3072 2061 3260 2115 oculos
3302 2072 3513 2117 nostros
3542 2078 3746 2132 ponere

2144 2158 2305 2213 opera
2336 2159 2451 2210 sua,
2477 2153 2537 2201 ut
2560 2146 2804 2202 videntes
2830 2165 2948 2219 quae
2977 2165 3280 2220 possumus,
3314 2164 3554 2207 amemus
3579 2168 3741 2223 quem

2142 2236 2324 2292 videre
2352 2253 2458 2292 non
2506 2253 2825 2309 possumus,
2859 2250 2916 2296 ut
2961 2241 3127 2312 ipsius
3172 2242 3374 2299 amoris
3417 2245 3606 2299 merito
3645 2244 3744 2299 ali-

2142 2329 2355 2400 quando
2384 2330 2565 2388 videre
2592 2332 2881 2401 possimus.
2912 2332 3110 2388 Tamen
3156 2333 3209 2389 in
3239 2334 3488 2389 omnibus
3515 2351 3635 2405 quae
3658 2335 3745 2392 di-

2141 2431 2225 2479 cta
2241 2431 2385 2490 sunt,
2403 2423 2725 2494 quaerendus
2751 2434 2833 2481 est
2848 2429 3007 2480 etiam
3023 2426 3320 2481 intellectus
3340 2410 3741 2497 Spiritualis,ad

2143 2531 2303 2587 quem
2324 2517 2767 2586 perscrutandum
2781 2517 2845 2573 ad
2846 2517 3108 2587 juvabunt
3130 2534 3224 2574 nos
3239 2520 3289 2574 in
3303 2519 3499 2575 Christi
3517 2520 3740 2576 nomine

2140 2607 2405 2665 desideria
2422 2618 2597 2664 vestra
2617 2627 2633 2676 ;
2655 2609 3009 2681 quibusquasi
3031 2611 3275 2667 manibus
3298 2610 3652 2667 invisibilibus
3667 2612 3739 2671 ad
3834 2604 3847 2610 ’

2140 2700 2460 2757 invisibiiem
2470 2702 2689 2771 januam
2702 2702 2941 2772 pulsatis,
2958 2712 3013 2757 ut
3025 2702 3361 2759 invisibiliter
3373 2703 3739 2774 vobisaperia-

2142 2800 2260 2857 tur,
2286 2800 2338 2847 ct
2368 2792 2702 2849 invisibiliter
2731 2793 2969 2859 intretis,
3000 2801 3053 2848 et
3084 2794 3419 2849 invisibiliter
3445 2794 3735 2851 sanemini.

2208 2885 2263 2940 2.
2297 2884 2461 2958 [rem
2495 2882 2585 2958 1.]
2625 2885 2767 2957 Ergo
2796 2885 3037 2941 dicamus
3067 2900 3257 2942 omnes
3288 2903 3304 2942 :
3337 2886 3576 2953 Benedic,
3612 2887 3736 2941 ani-

2139 2994 2222 3032 nta
2248 2993 2359 3031 mea
2382 3019 2398 3043 ,
2427 2976 2728 3034 Dominum.
2760 2978 3109 3051 Alioquarnur
3132 2992 3320 3033 omnes
3362 2979 3595 3035 animam
3634 2994 3740 3039 no,-

2138 3077 2304 3125 stram
2332 3088 2345 3123 :
2367 3070 2492 3139 quia
2516 3069 2753 3124 omnium
2780 3078 3019 3123 nostrum
3042 3070 3243 3136 anima,
3271 3084 3367 3139 per
3387 3086 3544 3126 unam
3569 3070 3735 3128 ﬁdem

2138 3144 2243 3214 una
2271 3160 2443 3215 anima
2471 3171 2582 3225 est;
2615 3168 2670 3216 et
2695 3175 2884 3215 omnes
2908 3175 3007 3215 nos
3032 3160 3354 3232 quicumque
3377 3162 3429 3217 in
3456 3160 3730 3219 Christum

2137 3252 2405 3307 credimus
2429 3294 2443 3316 ,
2477 3262 2695 3322 propter
2722 3253 2975 3308 unitatem
3000 3253 3240 3323 corporis
3264 3253 3381 3323 ejus
3405 3270 3542 3310 unus
3568 3253 3733 3310 homo

2136 3358 2341 3398 sumus.
2371 3343 2659 3400 Benedicat
2696 3344 2872 3399 anima
2898 3354 3079 3400 nostra
3107 3343 3411 3413 Dominum,
3440 3361 3537 3417 pro
3568 3348 3732 3403 tantis

2136 3438 2410 3494 beneﬁciis
2430 3438 2547 3507 ejus
2570 3479 2586 3505 ,
2617 3455 2711 3508 pro
2742 3448 2849 3494 tam
2876 3440 3055 3495 multis
3092 3448 3148 3496 et
3175 3440 3380 3511 magnis
3415 3442 3730 3498 muneribus

2134 3530 2424 3601 gratiarum
2446 3531 2595 3600 ejus:
2618 3545 2738 3601 qua:
2760 3546 2979 3586 munera
3002 3532 3304 3589 invenimus
3323 3532 3377 3589 in
3400 3532 3500 3587 hoc
3520 3532 3731 3603 psalmo

2136 3623 2347 3688 intenti,
2379 3632 2435 3678 et
2457 3636 2683 3678 excussa
2709 3623 2899 3678 nebula
2921 3623 3151 3679 carnalis
3174 3623 3527 3694 cogitationis,
3554 3638 3732 3695 quan-

2135 3723 2246 3770 ιιιιιι
2274 3728 2556 3785 possumus
2594 3723 2771 3771 erecta
2814 3725 3028 3783 mente,
3055 3724 3109 3772 et
3144 3724 3397 3787 quantum
3442 3730 3728 3786 possnmus

2133 3806 2334 3865 directa
2361 3808 2475 3863 acie
2497 3848 2514 3874 ,
2539 3816 2592 3864 et
2617 3818 2875 3880 quantum
2900 3822 3183 3878 possumus
3209 3823 3342 3878 puro
3367 3808 3523 3864 oculo
3546 3807 3730 3864 cordis

2134 3902 2324 3966 nostri,
2353 3910 2609 3969 quantum
2639 3914 2744 3955 non
2768 3898 2989 3970 impedit
3027 3913 3263 3969 praesens
3289 3899 3393 3954 vita
3417 3940 3431 3965 ,
3464 3907 3726 3969 quantum

2131 4009 2241 4050 non
2264 4002 2526 4065 occupant
2553 4008 2732 4049 rerum
2773 3991 3114 4063 prasentium
3140 3990 3402 4046 desideria
3423 4033 3439 4058 ,
3465 3998 3725 4061 quantum

2131 4102 2236 4148 non
2263 4095 2500 4149 excaecat
2547 4086 2815 4155 cupiditas
2858 4085 3058 4141 saeculi.
3107 4083 3285 4138 Erecti
3335 4098 3463 4153 ergo
3488 4082 3725 4139 audituri

2129 4201 2313 4241 sumus
2333 4199 2546 4255 magna,
2571 4178 2691 4238 iacta
2711 4186 2764 4238 et
2789 4175 3029 4253 pulchra,
3048 4174 3427 4236 desiderabilia
3448 4175 3467 4205 ¹
3489 4182 3544 4228 et
3564 4174 3723 4244 plena

2128 4278 2330 4333 laetitiae
2350 4276 2771 4347 gaudiorumque
2799 4288 3019 4328 munera
3049 4273 3201 4341 ejus;
3230 4280 3350 4342 qua:
3366 4264 3482 4340 jam
3511 4264 3598 4318 ille
3627 4264 3723 4335 qui

2127 4379 2449 4442 conceperat
2471 4371 2630 4425 istum
2658 4368 2922 4439 psalmum
2949 4407 2964 4431 ,
2993 4365 3205 4421 videbat
3230 4365 3410 4420 animo
3428 4404 3445 4430 ,
3472 4367 3527 4419 et
3555 4357 3727 4427 ipsius

2127 4464 2347 4519 visionis
2375 4461 2727 4518 exsultatione
2755 4457 2998 4514 ructabat
3018 4457 3203 4512 dicens
3233 4472 3248 4512 :
3277 4454 3515 4523 Benedic,
3546 4450 3725 4509 anima

2125 4571 2259 4621 mea,
2286 4554 2580 4608 Dominum.
3688 4588 3695 4595 .

2197 4649 2252 4703 ὅ.
2292 4645 2512 4700 Domine
2539 4644 2678 4698 Deus
2706 4656 2848 4698 meus
2867 4683 2884 4709 ,
2914 4641 3267 4712 magniﬁcatus
3295 4655 3348 4694 es
3378 4638 3551 4695 nimis.
3584 4637 3723 4694 Vide

2125 4739 2408 4811 magniﬁca
2436 4752 2555 4809 quze
2576 4736 2815 4792 dicturus
2842 4743 2958 4799 est;
2988 4733 3041 4789 in
3070 4732 3264 4803 quibus
3289 4716 3583 4800 magnificis
3610 4745 3719 4811 non

2127 4834 2310 4906 utique
2336 4831 2435 4887 nisi
2486 4830 2575 4886 ille
2621 4828 2918 4885 laudandus
2964 4834 3047 4881 est
3093 4830 3279 4879 auctor
3323 4823 3560 4877 omnium
3600 4837 3723 4893 ma-

2112 4928 2461 5001 ‘gniiicorum.
2492 4923 2867 4994 Confessionent
2902 4930 2953 4975 et
3004 4920 3232 4974 decorem
3267 4916 3501 4971 induisti.
3532 4914 3576 4972 Ο
3615 4915 3728 4970 Do.

2126 5022 2271 5077 mine
2316 5021 2455 5075 Deus
2500 5032 2688 5083 meus,
2728 5015 2818 5086 qui
2860 5012 3214 5083 magniﬁcatus
3261 5025 3313 5065 es
3358 5008 3549 5073 nimis,
3578 5006 3723 5062 unde

2108 5113 2481 5183 magniﬁcatus
2506 5127 2558 5165 es
2580 5108 2769 5162 nimis?
2796 5104 2987 5161 Nonne
3010 5117 3224 5174 semper
3248 5099 3511 5174 magnus?
3540 5114 3724 5154 nonne

2127 5217 2340 5273 semper
2366 5199 2710 5273 magniﬁcus?
2755 5194 3020 5266 Numquid
3071 5191 3337 5264 perfectus
3387 5206 3493 5246 non
3534 5204 3631 5255 es.
3667 5200 3726 5246 ut

2124 5294 2370 5352 crescas?
2397 5291 2650 5362 numquid
2674 5287 2878 5353 deficis,
2908 5294 2965 5341 ut
2989 5284 3274 5355 aliquando
3298 5282 3594 5357 minuaris?
3616 5281 3724 5340 Sed

2124 5390 2247 5461 quia
2271 5402 2330 5443 es
2347 5384 2493 5457 quod
2514 5398 2593 5447 es,
2617 5392 2674 5437 et
2686 5395 2817 5436 vere
2839 5394 2920 5445 es,
2945 5379 3130 5449 utique
3148 5392 3343 5432 nomen
3367 5385 3514 5431 tuum
3537 5373 3725 5429 dixisti

2096 5479 2322 5535 ‘famulo
2347 5486 2437 5533 tuo
2462 5475 2628 5547 Moysi
2652 5515 2667 5539 ,
2695 5472 2807 5544 Ego
2831 5488 2943 5526 sunt
2968 5472 3053 5540 qui
3082 5487 3196 5525 sum
3225 5470 3244 5539 (
3256 5467 3425 5523 Exod.
3457 5482 3532 5539 ιιι,
3567 5467 3674 5539 Η)
3707 5483 3721 5520 :

2124 5576 2305 5646 utique
2330 5586 2552 5642 magnus
2580 5584 2639 5625 es
2662 5611 2675 5636 ,
2705 5577 2759 5623 et
2787 5563 3093 5638 magnitudo
3124 5572 3211 5617 tua
3239 5561 3561 5645 sempiterna
3592 5571 3678 5646 est
3703 5601 3721 5627 ,

2086 5722 2089 5725 .
2122 5642 2424 5737 nec‘cmpit,
2448 5679 2549 5720 nec
2564 5650 2802 5726 desinit;
2830 5674 2931 5715 nec
2956 5658 3023 5714 ab
3052 5656 3204 5712 initio
3230 5642 3486 5725 temporis
3512 5642 3727 5723 incipit,

2188 5808 2203 5838 ³
2242 5804 2373 5861 Edd.,
2398 5800 2691 5852 aeutissime.
2712 5795 2881 5861 Melius
2902 5802 3037 5861 Mss,
3054 5790 3337 5861 avidissimi.
3384 5852 3395 5861 _

2188 5870 2209 5901 ³
2244 5854 2427 5933 Aliquot
2452 5873 2577 5924 Mss,
2606 5860 2863 5926 magttalt'u,
2886 5865 2931 5910 et
2955 5857 3163 5921 pulchra
3176 5854 3440 5906 desideria.
