4056 6488
241 371 404 454 Ws

241 502 354 551 nec
376 499 546 558 usque
568 481 635 538 ad
662 479 822 560 ﬁnem
853 475 1109 548 temporis
1136 473 1414 546 excurrit,
1437 485 1537 527 nec
1562 471 1618 528 in
1657 467 1838 526 medio

241 578 446 651 aliquid
475 577 707 647 patitur:
736 568 1186 628 incommutabilis
1219 566 1362 633 enim
1401 562 1712 635 magnitudo
1738 570 1839 618 est.

242 649 529 745 Quomodo
547 683 686 740 ergo
719 666 1072 737 magniﬁcatus
1111 679 1162 717 es
1200 661 1388 716 nimis?
1429 659 1578 714 Alius
1606 649 1859 728 psalmus

243 768 502 821 admonet
530 777 666 825 nos;
699 760 770 815 ait
803 760 980 822 enim,
1014 756 1291 824 Miriﬁcata
1331 761 1402 808 est
1435 751 1644 808 scientia
1670 761 1754 804 tua
1782 767 1848 805 ea:

245 876 328 912 me
357 856 537 925 (Psal.
563 867 818 918 cxxxvm,
845 851 932 919 6).
961 847 1016 904 Si
1038 857 1184 904 recte
1209 845 1407 900 dicitur
1425 885 1441 910 ,
1472 842 1747 912 Miriﬁcata
1774 850 1847 896 est

243 949 454 1004 scicntia
474 957 560 1002 tua
587 962 652 1000 ea:
677 961 786 1008 me;
812 952 961 998 recte
985 941 1200 1004 dicitur,
1225 937 1584 1008 Magni/ianus
1605 951 1655 989 es
1673 935 1844 1002 nimis,

245 1043 474 1108 Domine
500 1039 632 1111 Deus
659 1055 820 1105 meus,
846 1052 908 1092 ex
944 1049 1049 1090 me.
1074 1025 1180 1088 Sed
1209 1031 1386 1086 ethoc
1408 1029 1582 1084 adhuc
1605 1043 1850 1098 quaeren-

244 1134 397 1188 dum.
425 1133 505 1186 Ex
533 1147 620 1186 me
647 1127 1017 1200 magniﬁcatnr
1037 1127 1179 1180 Deus
1203 1123 1393 1180 mens?
1420 1120 1561 1190 Ergo
1587 1135 1650 1176 ex
1680 1135 1766 1174 me
1791 1120 1852 1174 ﬁt

247 1241 498 1296 magnus.
526 1224 692 1279 Docet
714 1236 812 1276 nos
835 1218 1035 1291 aliquid
1062 1224 1116 1273 et
1141 1215 1446 1286 quotidiana
1470 1212 1642 1268 oratio
1664 1210 1849 1267 salutis

249 1328 470 1374 nostrte.
521 1314 879 1384 Sanctiﬁcetur
926 1326 1108 1366 nomen
1156 1317 1299 1362 tuum
1333 1303 1559 1381 (Matth.
1607 1319 1696 1368 vt,
1731 1302 1848 1374 9):

247 1409 488 1481 quoﬁdie
528 1409 794 1479 petimus,
825 1405 1062 1478 quotidie
1107 1415 1357 1474 rogamus
1402 1409 1458 1456 ut
1501 1397 1611 1453 ﬁat.
1654 1396 1708 1452 Si
1755 1408 1850 1450 nos

251 1480 536 1573 quisquam
564 1501 881 1570 interroget,
904 1497 1040 1566 Quid
1061 1503 1144 1551 est
1171 1492 1312 1565 quod
1337 1491 1536 1563 petitis,
1567 1497 1628 1543 ut
1655 1480 1854 1542 sancti-

251 1597 446 1652 ﬁoetur
464 1610 660 1651 nomen
689 1593 824 1650 Dei?
853 1589 1140 1663 aliquando
1170 1588 1312 1645 enim
1342 1594 1582 1644 sanctum
1611 1597 1719 1637 non
1744 1589 1848 1647 est,

252 1699 312 1745 ut
336 1687 500 1744 modo
526 1686 888 1743 snnctiﬁcctur
905 1685 930 1737 γ
966 1683 1035 1739 Ει
1063 1693 1238 1737 tamen
1272 1680 1371 1734 nisi
1407 1677 1667 1734 vellemus
1693 1673 1808 1730 ﬁeri
1831 1715 1847 1740 ,

250 1794 360 1835 non
387 1790 694 1849 peteremus
715 1786 772 1830 ut
796 1775 972 1831 ﬁeret.
1001 1773 1116 1829 Alia
1145 1779 1228 1827 est
1253 1770 1396 1826 enim
1418 1767 1725 1839 gratulatio,
1747 1764 1852 1820 alia

254 1875 430 1930 oratio
464 1891 476 1928 :
517 1870 882 1943 gratulamur,
914 1883 981 1924 ex
1008 1881 1074 1923 eo
1099 1863 1241 1937 quod
1269 1872 1386 1926 est;
1414 1875 1630 1916 oramus
1655 1899 1671 1925 ,
1703 1866 1761 1912 ut
1786 1857 1855 1912 sit

255 1967 397 2038 quod
430 1964 666 2020 nondum
693 1969 797 2019 est.
826 1959 964 2028 Quid
993 1968 1076 2014 est
1102 1973 1230 2028 ergo
1249 1997 1265 2023 ,
1293 1954 1651 2023 Sanctiﬁcetnr
1674 1966 1855 2004 nomen

256 2069 401 2115 tuum
419 2059 445 2113 2
471 2068 527 2114 et
563 2054 910 2125 intelligimus
929 2093 944 2118 ,
985 2049 1126 2122 quod
1155 2049 1241 2104 hic
1265 2047 1464 2103 dictum
1489 2053 1572 2100 est
1595 2083 1611 2109 ,
1642 2041 1857 2096 Domine

257 2152 400 2208 Deus
423 2165 594 2214 meus,
625 2145 978 2218 magniﬁcatus
1003 2159 1053 2197 es
1082 2141 1252 2195 nimis.
1283 2139 1396 2195 Hoc
1423 2145 1525 2212 est,
1555 2133 1853 2202 Sanctiﬁca-

258 2255 344 2300 ιω·
369 2259 550 2298 nomen
588 2251 728 2296 tuum
752 2280 768 2306 ,
800 2245 1044 2294 sanctum
1081 2234 1152 2289 sit
1194 2231 1335 2304 apud
1377 2229 1620 2285 homines
1661 2239 1858 2282 nomen

261 2345 435 2392 tuum.
464 2334 719 2389 Sanctum
758 2338 842 2386 est
877 2327 1019 2384 enim
1058 2339 1272 2397 semper
1308 2336 1502 2377 nomen
1547 2327 1693 2373 tuum
1715 2359 1730 2384 ,
1762 2315 1858 2372 sed

258 2429 578 2502 quihusdam
627 2423 914 2482 immundis
960 2419 1197 2477 nondum
1240 2425 1323 2472 est
1369 2423 1612 2470 sanctum
1662 2425 1856 2466 nomen

260 2501 432 2578 tuum.
464 2521 600 2575 Dicit
637 2519 778 2575 enim
821 2515 1143 2585 Apostolus,
1179 2510 1362 2564 Omnia
1402 2505 1593 2560 munda
1619 2501 1856 2568 mundis,

260 2615 537 2672 immundis
581 2622 746 2666 autem
789 2619 834 2664 et
873 2605 1163 2678 inﬁdelibus
1207 2601 1332 2657 nihil
1380 2607 1452 2655 est
1493 2595 1758 2652 mundum.
1803 2591 1886 2648 Si'

263 2705 558 2763 immundis
596 2713 652 2760 et
695 2700 999 2758 inﬁdelibus
1043 2696 1178 2752 nihil
1225 2702 1308 2749 est
1357 2688 1637 2756 mundum,
1677 2699 1860 2762 quer

263 2813 483 2870 causam
514 2798 532 2829 ¹
568 2814 583 2850 :
613 2794 719 2850 Sed
751 2792 945 2863 polluta
969 2797 1104 2855 sunt,
1136 2786 1341 2855 inquit,
1371 2797 1545 2836 eorum
1573 2788 1619 2832 et
1649 2794 1786 2832 mens
1816 2784 1863 2832 et

265 2889 572 2947 conscientia
603 2886 736 2962 (Tit.
766 2902 805 2950 ι,
838 2881 959 2955 15).
987 2882 1051 2957 Si.
1073 2879 1204 2935 nihil
1232 2885 1315 2933 est
1342 2873 1600 2931 mundum
1631 2871 1730 2933 eis.
1762 2883 1863 2926 nec

267 2986 443 3050 Deus;
471 2982 576 3041 nisi
616 2979 754 3036 forte
795 2975 994 3050 putatis
1036 2970 1292 3028 mundum
1319 2966 1487 3022 videri
1527 2965 1694 3022 Deum
1722 2961 1860 3031 illis,

267 3077 360 3150 qui
386 3075 628 3148 quotidie
673 3071 1048 3141 blasphemant
1070 3080 1212 3121 eum.
1247 3062 1305 3117 Si
1348 3058 1578 3116 mundus
1604 3065 1719 3121 est,
1749 3053 1861 3124 pla-

453 3165 500 3222 si
517 3165 710 3236 placet,
737 3159 984 3217 laudetur
1009 3158 1082 3213 :si
1107 3163 1286 3210 autem
1309 3150 1731 3222 blasphematur,
1752 3146 1861 3202 dis-

269 3262 466 3335 plicet;
495 3268 551 3316 et
589 3257 634 3312 si
689 3255 971 3325 displicet,
1009 3247 1280 3320 quomodo
1312 3245 1402 3302 tibi
1430 3252 1606 3316 potest
1636 3238 1867 3296 mundus

270 3334 396 3414 esse
419 3355 510 3427 qui
541 3350 827 3422 displicet?
855 3345 992 3417 Quid
1023 3359 1150 3414 ergo
1191 3355 1440 3413 rogamus
1465 3380 1480 3402 ,
1512 3334 1867 3403 Sanctiﬁcetur

269 3425 454 3516 nomen
482 3447 664 3502 litum?
693 3444 760 3502 Ut
789 3443 895 3498 illis
921 3438 1228 3496 hominibus
1255 3436 1343 3506 qui
1377 3425 1471 3504 per
1500 3429 1865 3485 inlidelitatem

269 3541 512 3599 nondum
524 3538 745 3602 habent,
757 3548 953 3592 nomen
966 3531 1059 3587 Dei
1074 3537 1314 3585 sanctum
1329 3523 1619 3595 sit,quibus
1632 3519 1865 3576 nondum

273 3644 359 3692 est
378 3633 468 3689 ille
487 3638 704 3688 sanctus
729 3627 818 3698 qui
844 3641 941 3698 per
984 3639 1072 3688 se,
1101 3621 1228 3678 etin
1254 3634 1334 3684 se,
1362 3625 1415 3673 et
1439 3617 1492 3670 in
1521 3613 1719 3668 sanctis
1758 3609 1868 3665 suis

273 3735 498 3785 sanctus
522 3733 624 3780 est.
655 3721 928 3792 Rogamus
954 3732 1052 3788 pro
1081 3726 1279 3786 genere
1317 3712 1552 3770 humano
1571 3747 1587 3773 ,
1618 3717 1869 3774 rogamus

276 3833 375 3890 pro
405 3815 540 3870 orbe
573 3791 834 3868 terrarum
857 3851 874 3875 ,
902 3821 1002 3879 pro
1027 3802 1276 3859 omnibus
1314 3798 1562 3870 gentibus
1581 3837 1596 3860 ,
1635 3791 1871 3864 quotidie

273 3886 592 3967 sedentibus
611 3912 668 3961 et
687 3897 1081 3973 disputantibus
1106 3895 1230 3962 quia
1257 3907 1364 3947 non
1394 3897 1477 3948 est
1501 3895 1678 3965 rectus
1706 3886 1868 3948 Deus,

277 4013 336 4060 et
372 4017 480 4059 non
509 4005 657 4055 recte
690 3975 896 4067 iudicat
925 3992 1100 4054 Deus;
1131 3997 1190 4043 ut
1228 3981 1512 4056 aliquando
1541 3980 1640 4050 ipsi
1666 3989 1871 4033 secor-

281 4097 494 4168 rigant,
521 4101 577 4150 et
605 4101 812 4148 rectum
840 4103 934 4143 cor
962 4085 1027 4140 ad
1059 4075 1199 4139 illius
1228 4077 1598 4134 rectitudinem
1639 4071 1870 4136 ducant;

282 4160 702 4243 etvadluerentes
727 4181 800 4247 ei,
830 4167 1030 4235 directi
1061 4174 1126 4230 ad
1158 4179 1361 4226 rectum
1391 4169 1445 4234 ’,‘
1463 4181 1566 4222 non
1599 4163 1709 4247 jam
1736 4160 1875 4216 vitu-

288 4285 498 4351 perent,
525 4274 621 4331 sed
649 4243 857 4346 placeat.
895 4267 1056 4326 rectis
1085 4272 1262 4320 rectus
1291 4277 1304 4314 :
1335 4257 1457 4332 quia
1479 4299 1494 4322 ,
1528 4243 1694 4326 Quam
1718 4254 1876 4308 bonus

271 4343 428 4445 (Deus
455 4343 669 4434 Israel
693 4364 787 4420 sed
829 4361 974 4445 rectis
1010 4356 1159 4412 corde
1189 4351 1366 4429 (Psal.
1395 4363 1534 4406 Lxxn
1558 4389 1575 4414 ,
1603 4343 1689 4445 1).
1714 4343 1876 4445 Ergo

287 4478 408 4520 cum
436 4433 653 4528 videret
669 4457 770 4513 iste
793 4453 882 4524 qui
911 4442 1122 4515 cantat,
1153 4445 1254 4501 iste
1289 4443 1402 4512 ipse
1427 4453 1524 4496 nos
1559 4435 1683 4509 ipsi,
1714 4433 1768 4489 id
1795 4442 1877 4489 est

287 4567 487 4624 corpus
508 4548 730 4614 Christi,
759 4543 997 4602 membra
1036 4537 1267 4600 Christi;
1309 4548 1429 4589 cum
1453 4529 1660 4586 videret
1685 4533 1877 4598 quanta

291 4619 604 4719 paenitet-it
630 4642 768 4696 Deus
792 4635 974 4709 generi
997 4633 1252 4692 humano,
1277 4626 1361 4681 cui
1388 4633 1543 4678 antea
1570 4629 1660 4677 aut
1680 4619 1875 4685 nullus,

290 4708 374 4792 aut
407 4734 575 4790 falsus
597 4771 614 4797 ,
646 4737 739 4786 aut
777 4708 884 4783 non
913 4732 1019 4782 tam
1049 4733 1276 4791 magnus
1305 4715 1584 4772 videbatur
1611 4712 1751 4767 Deus
1770 4750 1786 4774 ,
1826 4708 1881 4764 in

293 4825 562 4898 Operibus
590 4822 707 4892 ejus
729 4835 851 4878 eum
869 4815 1085 4880 videns;
1113 4810 1324 4866 Domine
1353 4807 1491 4868 Deus
1510 4821 1670 4868 meus,
1690 4801 1880 4873 inquit,

308 4895 650 4992 nagniﬁcattts
685 4931 734 4970 es
765 4910 914 4968 nimis
942 4925 960 4963 :
989 4907 1040 4963 id
1067 4913 1148 4962 est
1166 4947 1180 4971 ,
1208 4904 1297 4975 qui
1344 4899 1579 4956 nondum
1609 4907 1660 4954 te
1689 4895 1886 4951 intelli-

292 4987 486 5082 gebatn
508 5048 526 5075 ,
560 5005 797 5076 intelligo
828 5013 878 5058 te
909 5012 1179 5070 magnum.
1209 4993 1428 5064 Magnus
1448 5003 1662 5059 semper
1683 5028 1699 5054 ,
1724 4987 1882 5041 etiam

290 5077 568 5165 occultus;
600 5096 696 5154 sed
724 5094 853 5152 mihi
883 5104 1009 5148 tunc
1037 5100 1260 5160 magnus
1287 5126 1299 5149 ,
1329 5081 1544 5154 quando
1571 5077 1882 5152 apparuisti.

294 5191 663 5264 Iaguiﬁcatus
694 5203 754 5246 es
776 5201 904 5256 ergo
933 5199 998 5240 ex
1028 5197 1115 5238 me
1145 5198 1158 5234 :
1189 5193 1296 5249 quo
1325 5173 1484 5232 modo
1513 5169 1791 5240 Miriﬁcata
1813 5176 1884 5223 est

296 5285 507 5342 scientia
536 5291 626 5338 tua
665 5296 728 5335 ea:
755 5295 870 5343 me;
899 5277 1033 5333 mira
1070 5273 1213 5329 enim
1231 5269 1390 5339 [facta
1432 5274 1515 5342 est
1541 5279 1609 5320 ex
1635 5277 1742 5318 me.
1776 5261 1890 5332 Ego

299 5373 441 5427 illam
471 5369 645 5424 miror
685 5376 981 5436 conversus
1015 5355 1251 5413 ad’illam
1276 5372 1292 5422 ;
1321 5354 1410 5409 illa
1445 5359 1620 5405 autem
1652 5347 1753 5404 etsi
1781 5359 1891 5401 non

297 5447 587 5519 convertar
610 5500 626 5527 ,
657 5457 756 5528 etsi
799 5463 917 5527 post
960 5449 1363 5506 conversionem
1403 5449 1614 5498 avertar
1639 5481 1654 5504 ,
1685 5439 1891 5510 integra

299 5560 601 5626 permanet.
644 5544 753 5605 Séd
783 5559 882 5616 ego
906 5542 1016 5615 jam
1061 5553 1282 5610 magnus
1312 5536 1482 5592 factus
1521 5534 1576 5587 in
1616 5541 1679 5586 ea
1703 5572 1720 5597 ,
1747 5537 1804 5586 et
1825 5544 1890 5584 ex

301 5623 580 5720 deminuto
610 5639 777 5695 factus
805 5637 1008 5703 integer
1035 5632 1088 5686 in
1111 5645 1171 5685 ea
1191 5670 1204 5692 ,
1233 5623 1399 5683 miror
1424 5623 1565 5696 quod
1597 5637 1701 5677 non
1727 5635 1890 5676 nove-

257 5737 272 5744 “
368 5739 384 5769 ι
423 5718 507 5784 Hic
529 5723 581 5783 in
599 5730 726 5780 Edd.
752 5728 959 5784 addimr,
983 5722 1070 5774 sed
1089 5713 1659 5786 quibusdamimnnmdis
1678 5712 1892 5766 nondum

304 5804 374 5850 ut
395 5781 587 5848 milia}
612 5792 740 5858 quod
764 5804 792 5839 a
815 5781 1033 5858 melioris
1046 5781 1182 5858 nota:
1219 5791 1320 5858 Mss.
1347 5781 1503 5858 abest.

307 5833 979 5922 '"s'i‘iﬁéoﬁz‘EﬁoiéiB-‘sf.’
993 5833 1065 5909 ’λι
1084 5833 1220 5914 8th.,
1249 5849 1295 5896 et
1315 5841 1618 5908 adﬁrmantes
1654 5837 1812 5890 eidem
1833 5833 1896 5888 de

307 5927 437 5976 recto
458 5919 524 5972 ad
547 5923 746 5970 rectum.

1331 352 1729 412 ENABBATIO
1765 351 1834 411 IN
1871 351 2196 411 PSALMUM
2231 350 2369 408 Clll.

3400 343 3541 402 1558

1949 507 2066 548 ram
2088 508 2103 557 ;
2135 506 2244 551 non
2266 488 2409 562 quod
2432 487 2594 547 modo
2619 484 3096 558 magnumiactum
3125 490 3207 540 est
3235 497 3303 539 cx
3331 496 3436 556 quo
3461 482 3543 562 di-_

1949 583 2077 652 dici,
2105 582 2198 639 sed
2221 560 2342 654 quia
2368 595 2591 654 magnus
2617 578 2787 638 factus
2811 593 2929 633 sum
2948 593 3019 632 ex
3049 591 3156 647 quo
3180 573 3364 632 didici.
3397 560 3542 631 Audi

1946 669 2131 748 iamet
2160 676 2250 731 tibi
2282 675 2489 730 videtur
2517 672 2882 744 magniﬁcatus
2926 671 3066 727 Deus
3093 670 3251 726 nimis
3277 712 3291 737 ,
3325 685 3538 740 semper

1952 782 2212 840 magnus;
2258 767 2626 838 magniﬁcatus
2656 764 2796 820 enim
2841 762 3000 820 nimis
3047 762 3098 817 in
3142 761 3393 834 Operihus
3429 762 3538 815 suis

1952 859 2017 920 ad
2065 874 2182 914 nos.
2981 850 2984 854 '

2023 952 2077 1006 4.
2123 949 2494 1022 confessionem
2532 957 2577 1001 et
2608 946 2834 1002 decorent
2860 943 3089 998 induisti.
3122 943 3259 998 Ante
3288 941 3542 1014 decorem

1953 1043 2344 1103 confessionem
2377 1042 2576 1114 posuit,
2607 1041 2770 1097 decus
2797 1041 2851 1098 in
2881 1030 3287 1109 pulchritudine.
3334 1035 3540 1104 Qumris’

1955 1135 2438 1214 pulchritudinem;
2471 1134 2665 1190 bonam
2688 1147 2802 1188 rem
2825 1132 3040 1201 qua‘ris.
3071 1129 3177 1185 Sed
3203 1144 3366 1198 quare
3397 1143 3534 1196 (pun

1955 1227 2030 1283 ris
2079 1224 2549 1296 pulchritudinem,
2598 1239 2632 1278 ο
2676 1221 2887 1278 anima?
2929 1220 2998 1276 Ut
3035 1229 3176 1274 amet
3224 1231 3273 1273 te
3314 1233 3540 1292 sponsus

1958 1326 2111 1386 tuus;
2155 1317 2350 1373 etenim
2376 1316 2624 1387 displices
2644 1315 2693 1370 ci
2722 1313 2883 1369 foeda.
2935 1313 3026 1368 lllc
3048 1314 3188 1368 enim
3215 1287 3383 1382 qualis
3420 1287 3538 1363 est?

1958 1412 2229 1484 Speciosus
2255 1413 2418 1482 forma
2446 1425 2552 1481 pra:
2577 1409 2699 1478 ﬁliis
2726 1407 3005 1465 hominum.
3034 1405 3274 1460 ()sculari
3299 1405 3376 1456 vis
3400 1402 3537 1478 fuitlzi

1957 1475 2284 1580 pulchrum}
2335 1475 2587 1558 sed-non-
2632 1499 2862 1556 altendis
2908 1498 3029 1568 quia
3075 1505 3131 1552 tu
3179 1475 3543 1565 iniquitatibus

1958 1586 2127 1667 plena.
2149 1610 2227 1651 es.
2273 1593 2478 1662 Diﬂusa
2506 1603 2578 1648 est
2615 1602 2791 1647 autem
2822 1591 2988 1662 gratia
3017 1589 3069 1643 in
3110 1588 3256 1643 labiis
3293 1587 3412 1640 tuis’.
3457 1575 3545 1644 Sic

1959 1688 2108 1761 enim
2144 1686 2215 1741 de
2254 1685 2346 1741 illo
2374 1685 2575 1740 dictum
2607 1694 2689 1741 est
2730 1701 2743 1738 :
2790 1681 3063 1754 Speciostts
3088 1685 3254 1750 forma
3293 1695 3401 1750 pra:
3425 1677 3547 1747 ﬁliis

1959 1781 2252 1854 hominum,
2291 1778 2482 1847 di/fusa
2521 1787 2596 1833 est
2639 1778 2804 1849 gratia
2832 1775 2886 1829 in
2917 1774 3063 1830 labiis
3103 1773 3236 1839 tuis;
3282 1761 3546 1843 prapterca

1957 1873 2346 1930 adolescentulw
2384 1871 2744 1926 dilexeruntte
2781 1866 2967 1940 (Psal.
2999 1883 3140 1932 xuv,
3171 1863 3262 1934 5).
3295 1863 3389 1918 Est
3423 1859 3550 1940 ergo

1960 1966 2175 2040 quidam
2206 1965 2474 2022 formosus
2495 2006 2510 2030 ,
2541 1974 2623 2019 est
2660 1935 2873 2034 quidam
2904 1959 3129 2033 pulcher
3159 1973 3264 2029 pra:
3308 1956 3427 2022 ﬁliis
3453 1935 3549 2026 lto;

1959 2061 2186 2124 utinam;
2212 2058 2314 2113 etsi
2342 2058 2484 2113 ﬁlius
2513 2055 2766 2134 hominis,
2792 2065 2968 2109 tamen
2991 2067 3098 2125 pra:
3123 2050 3243 2119 ﬁliis
3267 2047 3548 2102 hominum.

1961 2153 2097 2210 Huic
2126 2161 2184 2208 tu
2209 2152 2420 2222 placere
2445 2151 2553 2216 vis,
2583 2165 2616 2204 ο
2644 2151 2820 2204 anima
2848 2147 3076 2206 humana
3097 2185 3112 2211 ,
3141 2159 3173 2198 ο
3201 2158 3300 2198 una
3332 2144 3382 2196 in
3412 2140 3553 2196 mul-

1963 2246 2068 2303 tis?
2107 2245 2397 2302 Audiamus
2435 2243 2769 2308 Ecclesium;
2800 2239 2922 2310 quia
2962 2247 3075 2294 erat
3099 2236 3208 2298 illis
3245 2234 3420 2288 anima
3450 2248 3550 2286 uua

1962 2349 2018 2395 et
2044 2353 2139 2395 cor
2167 2353 2334 2394 unum
2359 2336 2412 2391 in
2445 2335 2611 2391 Deum
2649 2333 2790 2404 (Act.
2816 2347 2898 2398 tv,
2928 2328 3028 2402 52)
3058 2347 3070 2383 :
3104 2327 3243 2383 hanc
3267 2325 3554 2395 alloquitur

1963 2433 2231 2489 Psalmus.
2262 2430 2357 2498 Vis
2381 2431 2432 2486 ei
2463 2427 2710 2500 placere?
2737 2425 2852 2482 Non
2883 2431 3064 2495 potes,
3091 2419 3343 2492 quamdiu
3373 2415 3555 2486 detor-

1965 2523 2068 2579 mis
2094 2537 2154 2578 es
2187 2539 2201 2576 :
2233 2520 2359 2592 quid
2391 2519 2554 2575 facies
2582 2527 2640 2574 ut
2667 2517 2886 2588 pulchra
2916 2514 3029 2570 sis?
3057 2513 3214 2568 Prius
3245 2508 3339 2564 tibi
3367 2507 3556 2578 displi-

1963 2623 2084 2670 neat
2109 2611 2423 2669 deformitas
2445 2620 2552 2678 tua,
2576 2618 2632 2666 et
2659 2618 2784 2664 tunc
2805 2607 2872 2662 ab
2894 2606 2987 2661 illo
3008 2606 3123 2674 ipso
3143 2603 3226 2658 cui
3248 2601 3328 2656 vis
3347 2601 3558 2672 placere

1965 2706 2212 2780 pulchra,
2257 2704 2551 2762 mereberis
2592 2699 3065 2774 pulchritudinem.
3110 2696 3228 2768 Ipse
3269 2693 3412 2750 enim
3457 2691 3560 2760 erit

1967 2799 2288 2856 reformator
2318 2807 2476 2864 tuus,
2500 2795 2592 2867 qui
2629 2793 2730 2848 fuit
2766 2792 3023 2850 formator
3052 2797 3194 2844 tuus.
3235 2787 3376 2857 Ergo
3409 2783 3560 2854 prius

1965 2890 2183 2947 attende
2216 2904 2336 2960 qua;
2373 2888 2484 2955 sis,
2524 2901 2593 2961 ne
2621 2885 2822 2941 audeas
2848 2877 2927 2940 ire
2961 2881 3102 2938 foeda
3141 2881 3196 2936 in
3235 2876 3442 2950 pulchri
3469 2889 3561 2931 os-

1965 2983 2108 3059 cula.
2139 2982 2206 3038 Et
2235 2979 2362 3052 quid
2394 2980 2628 3045 intuens,
2658 2976 2856 3046 inquis,
2885 2989 2972 3030 me
2997 2969 3439 3058 videbo‘lPosuit
3467 2965 3560 3024 tibi

1965 3057 2246 3147 speculum
2269 3072 2599 3143 Scripturam
2623 3083 2775 3125 suam
2796 3084 2813 3134 ;
2845 3066 3036 3138 legitur
3057 3063 3150 3120 tibi
3175 3081 3190 3119 :
3213 3055 3360 3118 Beati
3385 3058 3563 3147 mundi

1969 3144 2164 3235 cordet
2189 3166 2430 3238 quoniam
2477 3163 2578 3235 ipsi
2619 3161 2788 3218 Deum
2829 3159 3062 3214 videbunt
3107 3155 3332 3228 (Matth.
3369 3144 3428 3219 v,
3468 3150 3563 3223 8).

1971 3261 2259 3333 Speculum
2287 3259 2338 3314 in
2366 3258 2468 3314 hac
2487 3257 2719 3312 lectione
2743 3253 3074 3326 propositum
3099 3257 3179 3305 est
3207 3265 3222 3302 :
3244 3245 3366 3303 vide
3389 3245 3433 3300 si
3464 3245 3565 3298 hoc

1969 3369 2031 3411 es
2057 3353 2198 3425 quod
2229 3352 2396 3416 dixit;
2426 3350 2473 3406 si
2500 3347 2738 3404 nondum
2768 3361 2852 3412 es,
2879 3359 3034 3416 geme
3064 3351 3122 3398 ut
3149 3341 3243 3396 sis.
3275 3336 3567 3394 Renuntia-

1975 3445 2051 3502 bit
2079 3443 2173 3499 tibi
2212 3441 2489 3514 speculum
2519 3438 2710 3494 faciem
2740 3447 2885 3492 tuam
2918 3452 2932 3492 :
2964 3433 3101 3488 sicut
3141 3430 3416 3500 speculum
3458 3442 3565 3482 non

1963 3538 2176 3598 senties
2200 3534 2558 3604 adulatorem,
2586 3530 2665 3586 sic
2686 3543 2788 3584 nec
2815 3536 2866 3583 te
2892 3525 3097 3597 palpes.
3124 3521 3236 3577 lloc
3266 3519 3358 3575 tibi
3388 3525 3570 3573 osten-

1967 3630 2056 3686 dit
2085 3627 2227 3694 nitor
2250 3626 2342 3682 ille
2367 3623 2509 3696 quod
2536 3637 2641 3681 es:
2669 3619 2791 3676 vide
2817 3617 2958 3690 quod
2981 3631 3075 3682 es;
3108 3622 3162 3670 et
3187 3612 3235 3668 si
3265 3610 3357 3666 tibi
3386 3607 3570 3681 displi-

1967 3731 2092 3790 cet,
2131 3735 2314 3793 quaere
2340 3727 2402 3774 ut
2440 3731 2549 3772 non
2576 3717 2672 3772 sis.
2713 3712 2772 3769 Si
2817 3711 2959 3767 enim
2998 3722 3122 3763 cum
3164 3703 3302 3761 {teda
3333 3701 3442 3766 sis,
3476 3700 3567 3755 tibi

1977 3816 2078 3888 ipsi
2103 3815 2280 3872 adhuc
2306 3811 2561 3884 displices
2581 3851 2598 3876 ,
2629 3805 2855 3880 pulchro
2876 3804 2987 3874 jam
3016 3802 3214 3874 places.
3245 3795 3381 3866 Quid
3405 3793 3571 3866 ergo?

1976 3905 2239 3975 Quoniam
2267 3902 2515 3973 displicet
2541 3899 2634 3955 tibi
2664 3896 2878 3954 loeditas
2906 3904 3015 3957 tua,
3068 3889 3258 3960 incipis
3283 3891 3330 3944 ei
3360 3887 3412 3942 in
3439 3901 3570 3941 con-

1965 3999 2214 4064 ,fessione
2238 4014 2254 4062 ;
2285 3997 2426 4052 sicut
2452 3993 2581 4049 alibi
2608 3991 2806 4062 dicitur
2835 4007 2849 4045 :
2877 3987 3100 4058 Incipite
3126 3982 3343 4038 Domino
3373 3981 3426 4034 in
3451 3996 3574 4034 con-

1980 4091 2198 4163 fessione
2225 4087 2406 4158 (Psal.
2443 4089 2642 4153 cxnvt,
2674 4081 2768 4153 7).
2814 4080 2996 4135 Primo
3039 4089 3234 4132 accusa
3278 4071 3572 4128 foeditatem

1960 4192 2128 4244 .tuam
2159 4199 2174 4238 :
2207 4179 2420 4237 (editas
2448 4179 2592 4235 enim
2620 4173 2814 4230 animae
2837 4171 2906 4227 de
2931 4167 3198 4241 peccatis,
3227 4165 3294 4222 de
3320 4162 3574 4234 iniquita-

1959 4275 2147 4331 tibus.
2182 4268 2501 4330 Accusando
2535 4267 2830 4324 foeditatem
2861 4272 3004 4318 tuam
3034 4259 3211 4330 incipe
3235 4256 3476 4314 conﬁteri
3498 4297 3513 4319 ,
3543 4270 3574 4309 a

1957 4365 2322 4424 confessione
2369 4360 2566 4432 incipis
2611 4355 2857 4414 decorari
2902 4373 2916 4409 :
2959 4367 3066 4423 quo
3111 4351 3430 4418 decorante,
3474 4347 3575 4404 nisi

1983 4458 2230 4530 specioso
2259 4453 2433 4510 forma
2460 4467 2571 4523 prae
2600 4449 2725 4505 ﬁliis
2749 4442 3067 4502 hominum?

2055 4551 2110 4606 5.
2152 4547 2222 4606 Ut
2258 4553 2438 4602 autem
2479 4552 2534 4599 et
2576 4542 2828 4598 decoram
2869 4537 3108 4600 faceret,
3149 4532 3322 4590 audeo
3365 4531 3576 4598 dicere,

1986 4641 2186 4699 amavit
2220 4647 2276 4696 et
2321 4635 2540 4694 tardam.
2585 4632 2721 4703 Quid
2748 4640 2832 4688 est
2853 4673 2868 4698 ,
2897 4628 3097 4684 amavit
3121 4637 3176 4683 et
3201 4624 3440 4682 foedam?
3484 4621 3578 4677 Et-

1985 4736 2122 4791 enim
2138 4733 2366 4788 Christus
2390 4745 2484 4800 pro
2508 4727 2679 4794 impiis
2701 4733 2926 4778 mortuus
2951 4729 3021 4776 est
3043 4718 3222 4790 (Rom.
3238 4734 3289 4782 v,
3308 4715 3387 4788 6).
3411 4715 3579 4782 Quam

1960 4889 1962 4891 ,
1987 4827 2150 4881 vitam
2183 4823 2274 4878 tibi
2304 4828 2484 4877 servat
2505 4817 2797 4889 justiﬁeato
2815 4855 2831 4880 ,
2859 4812 2947 4885 qui
2977 4826 3127 4866 suam
3157 4801 3384 4865 mortem
3411 4805 3581 4860 dona-

1953 4951 1958 4956 ο
1988 4919 2068 4974 vit
2092 4925 2148 4974 et
2170 4913 2374 4985 impio?
2401 4912 2539 4968 Ecce
2563 4907 2792 4980 pulcher
2821 4906 2908 4960 ille
2933 4914 2988 4960 et
3011 4902 3266 4974 speciosus
3286 4903 3452 4972 forma
3479 4911 3583 4966 pm'

1990 5012 2112 5083 ﬁliis
2143 5007 2406 5064 hominum
2428 5046 2446 5072 ,
2477 5003 2598 5074 quia
2621 4999 2950 5072 justissimus
2977 5011 3088 5068 prae
3116 4993 3242 5049 ﬁliis
3267 4989 3544 5046 hominum
3566 5027 3579 5050 ,

1992 5081 2246 5173 quoniam
2289 5095 2542 5152 veniebat
2585 5091 2652 5147 ad
2681 5090 2912 5157 fmdam,
2943 5096 3002 5142 ut
3030 5086 3228 5141 faceret
3269 5081 3584 5152 pulchram,

1954 5245 1960 5253 .
1993 5167 2208 5264 (dicam
2258 5197 2312 5244 et
2356 5187 2494 5254 hoc,
2531 5184 2656 5256 quia
2705 5184 2757 5238 in
2797 5178 3086 5250 Scripturis
3124 5167 3374 5246 invenio)
3414 5167 3585 5224 foedus

1994 5262 2165 5341 iactus
2187 5289 2288 5338 est.
2318 5279 2434 5336 Non
2461 5292 2547 5333 me
2573 5279 2628 5331 in
2654 5275 2756 5329 hoc
2783 5271 3032 5336 audiatis,
3061 5282 3130 5323 ne
3156 5267 3209 5322 in
3239 5264 3341 5318 hoc
3363 5262 3584 5318 verbum

1951 5421 1964 5424 -
1995 5386 2200 5434 temere
2222 5373 2400 5444 lapsus
2421 5369 2544 5426 sim.
2567 5367 2716 5425 Sicut
2736 5364 2878 5421 enim
2901 5361 3164 5425 dixeram,
3188 5354 3400 5412 Amavit
3419 5360 3472 5408 et
3497 5350 3583 5408 foe-

1995 5468 2155 5534 dam;
2182 5479 2289 5522 non
2315 5472 2496 5520 autem
2525 5459 2678 5532 quasi
2706 5461 3064 5526 congruenter
3091 5450 3330 5506 dixeram
3363 5445 3584 5518 quibus-

1996 5562 2124 5618 dam
2152 5561 2300 5616 illum
2328 5555 2653 5618 amantibus,
2683 5551 2786 5607 nisi
2815 5547 2946 5605 mihi
2975 5546 3127 5600 testis
3155 5540 3503 5616 procederet;
3533 5546 3586 5595 ct

1965 5705 1968 5708 .
1998 5656 2106 5713 dixi
2149 5652 2289 5726 quod
2329 5650 2466 5706 dixit
2488 5643 2780 5718 Apostolus
2811 5658 2825 5694 :
2853 5639 2936 5695 vis
2969 5652 3129 5693 nosse
3151 5633 3292 5708 quod
3322 5632 3511 5688 amarit
3535 5639 3586 5686 et

2000 5723 2234 5807 laedam?
2262 5744 2491 5802 Christus
2523 5755 2615 5812 pro
2646 5737 2816 5808 impiis
2843 5744 3069 5788 mortuus
3095 5739 3165 5786 est
3194 5746 3212 5784 :
3237 5729 3314 5783 sic
3339 5734 3393 5782 ct
3427 5723 3582 5780 modo

2001 5841 2143 5915 quod
2174 5837 2317 5907 dixi,
2358 5835 2430 5892 Ut
2457 5832 2665 5888 veniret
2696 5828 2772 5884 ad
2802 5826 2997 5882 foedam
3017 5866 3032 5894 ,
3063 5822 3238 5880 foedus
3266 5819 3546 5875 lactus‘est
3570 5853 3587 5882 ,
