4058 6486
512 346 653 452 £536

508 510 763 568 deformis
793 506 958 581 iactus
982 513 1068 581 est
1086 549 1100 575 ,
1130 502 1398 578 quomodo
1427 497 1699 581 probabo;
1727 494 1940 574 quando
1975 494 2086 579 jam

509 601 638 657 mihi
662 599 907 671 praedixit
926 570 1163 663 divinum
1185 570 1476 668 eloquium,
1500 570 1772 663 ἔρα-ἰοειιᾷ
1793 584 1959 661 forma
1985 570 2093 660 prii

515 695 635 767 ﬁliis
660 692 960 749 hominum?
984 690 1089 751 Sed
1119 690 1171 767 in
1199 691 1313 760 ipso
1336 688 1515 743 divino
1545 683 1758 756 eloquio
1784 697 1968 739 rursus
1998 681 2096 736 ha-

512 785 636 853 beo,
673 782 903 839 Vidimus
938 800 1081 849 eum,
1110 790 1155 835 et
1181 798 1280 835 non
1307 777 1517 832 habebat
1544 777 1791 847 speciem,
1822 790 1979 844 neque
2001 772 2090 826 de.

510 895 676 933 carem
703 875 723 951 (
739 874 864 943 Isai.
892 890 1002 938 Lm,
1027 872 1122 946 2).
1149 872 1423 943 Speciosus
1453 874 1617 945 forma
1643 883 1747 938 pra:
1771 866 1893 941 ﬁliis
1925 864 2093 945 homi-

510 986 632 1024 num
672 984 690 1022 :
742 966 968 1029 Vidimus
1005 981 1118 1019 eum
1139 1006 1152 1029 ,
1195 972 1240 1017 et
1279 979 1377 1016 non
1409 959 1620 1015 habebat
1650 950 1903 1029 speciem,
1937 936 2096 1025 neque

512 1061 761 1115 decorem.
790 1058 905 1113 Non
935 1057 1093 1122 dixit,
1123 1055 1239 1110 Non
1270 1052 1519 1117 vidimus,
1561 1058 1615 1106 et
1654 1050 1774 1105 ideo
1815 1046 2102 1102 nescieba~'

514 1167 631 1207 mus
662 1160 841 1206 utrum
874 1148 1096 1205 haberet
1120 1147 1353 1219 speciem
1380 1142 1462 1200 vel
1489 1143 1740 1199 decorem
1772 1163 1785 1199 :
1812 1157 1938 1198 ecce
1964 1139 2095 1195 cidi-

514 1260 643 1308 mus,
676 1252 723 1298 et
752 1259 851 1296 non
879 1240 1087 1295 habebat
1114 1239 1347 1309 speciem,
1378 1250 1533 1306 neque
1562 1233 1811 1289 decorem.
1842 1232 1941 1289 Ubi
1968 1247 2097 1303 ergo

514 1335 665 1391 illum
694 1333 827 1389 vidit
848 1332 936 1405 qui
966 1331 1139 1399 dixit,
1171 1324 1440 1399 speciosus
1471 1330 1635 1400 forma
1661 1322 1766 1396 prie
1790 1316 1911 1394 ﬁliis
1936 1323 2097 1377 homi-

513 1429 673 1485 num?
703 1437 755 1484 et
780 1427 869 1482 ubi
896 1427 1044 1481 illum
1089 1423 1216 1479 vidit
1244 1423 1332 1494 qui
1363 1412 1529 1485 dixit,
1577 1416 1700 1474 Non
1746 1416 1955 1472 habebat
1980 1433 2098 1487 spe-

513 1522 637 1576 ciem
659 1563 674 1589 ,
718 1538 874 1593 neque
916 1517 1185 1579 decorem?
1214 1504 1348 1570 Audi
1380 1504 1468 1568 ubi
1504 1504 1625 1567 eum
1657 1502 1788 1579 vidit
1813 1509 1899 1580 qui
1928 1507 2095 1575 dixit,

515 1612 787 1686 Speciosus
812 1616 976 1685 [arma
1003 1626 1109 1683 pra:
1133 1607 1254 1679 ﬁliis
1281 1606 1559 1661 hominum.
1587 1596 1713 1659 Cum
1734 1603 1785 1681 in
1814 1606 1978 1673 forma
2007 1594 2098 1653 Dei

512 1715 659 1773 esset,
687 1722 789 1759 non
819 1703 1049 1781 rapinam
1072 1686 1341 1755 arbitratus
1370 1692 1447 1753 est
1468 1714 1574 1753 esse
1596 1692 1804 1768 aequalis
1834 1691 1961 1749 Deo.
1992 1691 2101 1749 Βία-ι

513 1798 618 1852 rito
645 1812 751 1867 pra!
772 1795 891 1865 ﬁliis
914 1793 1188 1857 hominum,
1214 1794 1335 1863 quia
1356 1788 1574 1862 aqualis
1592 1782 1710 1844 Deo
1733 1804 1747 1841 :
1772 1800 1895 1843 ecce
1917 1782 2098 1857 accepi

515 1898 570 1945 et
607 1887 795 1959 agnovi
837 1884 923 1941 ubi
951 1901 1073 1954 eum
1109 1876 1299 1939 viderit
1323 1883 1411 1953 qui
1442 1874 1607 1946 dixit,
1638 1872 1905 1957 Speciosus
1935 1882 2099 1949 forma

514 1970 623 2054 prie
651 1982 772 2051 filiis
801 1980 1082 2041 hominum.
1116 1961 1414 2047 iteSpondit
1441 1974 1585 2029 enim
1612 1970 1785 2049 nobis,
1817 1969 1916 2026 Ubi
1947 1969 2098 2024 vitie-

515 2074 638 2139 rim,
669 2073 904 2145 quaeris?
938 2070 1002 2125 In
1032 2054 1199 2142 forma
1230 2066 1340 2122 Dei.
1383 2066 1450 2121 Et
1478 2064 1615 2119 unde
1641 2061 1823 2118 vidisti
1851 2062 1901 2116 in
1932 2059 2096 2143 forma

517 2135 650 2221 Dei?
686 2135 955 2230 quomodo
990 2135 1168 2216 vidisti
1209 2160 1261 2214 in
1308 2152 1477 2213 forma
1514 2154 1649 2229 Dei?
1676 2154 1807 2222 Quia
1833 2135 2099 2207 invisibilia

515 2259 626 2330 ejus
674 2273 763 2326 per
808 2271 866 2309 ea
918 2268 1032 2327 qua:
1082 2255 1217 2327 facta
1261 2243 1378 2330 sunt
1425 2247 1677 2330 intellecta
1723 2245 2101 2316 conspiciuntur

515 2322 689 2419 (liam.
716 2362 753 2410 ι,
783 2345 899 2414 20).
929 2322 1095 2411 Deae,
1136 2328 1367 2417 optime;
1396 2322 1607 2409 accepi,
1645 2334 1834 2407 agnovi
1860 2343 1913 2389 et
1940 2344 2099 2417 quem

515 2434 732 2504 videris,
758 2445 811 2509 et
839 2436 1049 2507 qualem
1080 2434 1299 2500 videris,
1330 2422 1383 2487 et
1412 2430 1501 2486 ubi
1531 2418 1752 2509 videris,
1780 2436 1833 2483 et
1860 2426 2001 2481 unde
2025 2416 2101 2480 vi-

517 2530 684 2585 deris.
717 2528 886 2598 Quem
933 2526 1144 2583 vidisti?
1171 2526 1435 2597 Sponsum
1478 2530 1738 2599 nostrum.
1766 2520 1988 2599 Qualem
2016 2518 2097 2573 vi-

517 2620 680 2677 disti?
704 2595 1014 2691 speciosum
1055 2595 1226 2693 forma
1249 2612 1355 2697 prce
1379 2606 1501 2691 filiis
1525 2596 1806 2695 hominum.
1844 2595 1945 2668 Ubi
1968 2611 2101 2667 vidi.

514 2714 623 2770 sti?
649 2690 774 2767 Cum
800 2713 852 2766 in
883 2713 1047 2785 forma
1076 2690 1171 2765 Dei
1198 2690 1343 2764 esset.
1370 2707 1524 2765 Unde
1544 2690 1758 2762 vidisti!
1783 2704 1886 2760 Per
1910 2721 1967 2759 ea
1987 2708 2101 2776 qua:

517 2804 655 2874 facta
701 2792 816 2856 sunt
863 2786 1119 2879 intellecta
1163 2800 1562 2879 conspiciuntur.
1608 2795 1897 2852 Videamus
1939 2804 1992 2851 et
2033 2795 2100 2852 de

468 2936 475 2945 .
517 2894 623 2950 isto
653 2895 671 2926 ί
700 2882 826 2965 quid
856 2874 1003 2949 dicat
1037 2893 1171 2948 alius
1200 2874 1489 2967 propheta,
1518 2890 1610 2945 Sed
1644 2896 1749 2967 non
1776 2887 1909 2942 alius
1938 2887 2099 2957 spiri-

521 2997 642 3054 tus;
673 3003 775 3042 non
798 2987 940 3061 enim
964 2976 1272 3063 discordant
1294 2980 1432 3038 inter
1454 2996 1531 3037 se.
1562 2974 1813 3063 Exhibuit
1834 2968 1986 3033 nobis
2010 2978 2099 3033 ille

520 3058 819 3161 Speciosam
849 3066 1020 3149 forma
1048 3095 1158 3149 prae
1185 3060 1304 3132 liliis
1328 3076 1599 3155 hominum
1618 3116 1632 3139 ,
1658 3058 1908 3129 exhibeat
1927 3082 1979 3128 et
2000 3071 2100 3126 iste

518 3150 661 3245 quod
676 3156 778 3240 ait,
810 3170 1043 3226 Vidimus
1080 3187 1212 3237 eum,
1240 3178 1287 3223 ct
1310 3185 1409 3223 non
1432 3150 1642 3222 habebat
1673 3154 1906 3245 speciem,
1945 3178 2102 3235 neque

519 3243 768 3323 decorem.
800 3266 949 3322 Unus
972 3258 1243 3336 apostolus
1264 3256 1458 3318 Paulus
1483 3243 1792 3332 prophetam
1817 3248 2100 3327 Utrumque

516 3360 819 3439 coniungit;
866 3374 1027 3439 unum
1071 3350 1357 3425 capitulum
1396 3350 1543 3431 Pauli
1584 3336 1795 3422 utrique
1825 3349 2099 3435 propheta

516 3428 760 3527 perhibet
785 3436 1166 3505 testimonium.
1191 3444 1263 3502 lbi
1287 3446 1458 3521 habeo
1477 3428 1779 3514 speciesum
1803 3428 1969 3496 forma
1992 3454 2101 3508 pra:

496 3534 640 3600 (filiis
671 3544 943 3597 hominum
986 3555 1002 3594 :
1045 3528 1281 3604 Quicum
1308 3538 1359 3590 in
1390 3539 1556 3608 [arma
1584 3533 1683 3587 Dei
1709 3542 1853 3599 esset,
1883 3548 1984 3585 non
2010 3547 2101 3584 ra-

518 3637 691 3709 pinam
728 3633 998 3689 arbitratus
1031 3641 1101 3685 est
1137 3645 1242 3684 esse
1266 3624 1475 3703 a’qualis
1499 3624 1627 3681 Deo.
1659 3625 1731 3680 lbi
1762 3620 1921 3690 dixit,
1958 3621 2100 3693 quod

520 3726 654 3780 vidit
674 3732 723 3781 et
747 3724 900 3787 alius,
928 3738 1032 3777 non
1057 3721 1339 3793 habentem
1364 3718 1595 3788 speciem
1620 3712 1790 3787 neque
1810 3715 2096 3771 decerem:

520 3820 638 3892 quia
680 3819 997 3887 semetipsum
1028 3814 1298 3869 exinanivit
1328 3812 1541 3891 formam
1580 3796 1714 3891 servi
1735 3808 1985 3879 accipiens
2004 3848 2018 3873 ,
2048 3808 2102 3864 in

519 3884 861 3965 similitudine
900 3908 1159 3961 hominum
1214 3884 1416 3977 factus,
1467 3898 1515 3956 et
1562 3885 1734 3954 habitu
1779 3901 2007 3953 inventus
2047 3907 2103 3953 ut

521 4002 706 4063 homo;
733 3999 1011 4054 humiliavit
1040 4014 1113 4065 se,
1152 3992 1313 4069 factus
1340 3994 1572 4069 ohediens
1597 4006 1751 4061 usque
1772 3991 1841 4045 ad
1868 4000 2099 4058 mortem,

520 4101 727 4157 mortem
754 4104 921 4169 autem
958 4090 1120 4144 crucis
1158 4089 1176 4159 (
1200 4068 1429 4158 Philipp.
1459 4086 1518 4150 tt,
1548 4083 1642 4140 6-8
1738 4070 1924 4138 Merito
1952 4083 2099 4139 vide,-

522 4193 647 4240 rnnt
677 4202 794 4240 eum
818 4227 830 4247 ,
868 4192 923 4237 et
966 4198 1073 4236 non
1108 4170 1340 4235 habebat
1368 4178 1599 4248 Speciem
1632 4182 1806 4245 neque
1831 4175 2101 4230 decorem.

521 4276 709 4331 Merito
738 4283 860 4329 ante
885 4288 1094 4328 crucem
1124 4270 1392 4339 agitabant
1417 4256 1576 4336 caput
1617 4283 1629 4317 :
1661 4258 1880 4319 meum
1907 4273 1990 4319 est
2020 4272 2105 4319 td-

523 4375 608 4421 tus
634 4350 797 4420 Filius
828 4362 960 4419 Dei?
990 4356 1047 4418 Si
1091 4362 1253 4415 Filias
1288 4358 1385 4439 Dei
1423 4367 1517 4425 est,
1558 4344 1825 4411 descendat
1862 4354 1926 4409 de
1961 4370 2108 4409 cruce

526 4456 547 4531 (
572 4457 755 4523 Matth.
789 4469 951 4519 xxv",
983 4454 1051 4508 40
1076 4455 1115 4522 ).
1148 4452 1254 4507 Sed
1285 4468 1387 4505 non
1423 4448 1649 4504 habebat
1674 4448 1905 4517 speciem
1934 4461 2107 4517 neque

525 4530 796 4605 decorem.
826 4534 997 4613 Etiam
1030 4546 1126 4610 sic,
1157 4560 1190 4599 ο
1216 4542 1404 4614 quibus
1433 4540 1697 4610 displicet,
1728 4539 1849 4609 quia
1879 4530 1982 4593 non
2010 4539 2108 4592 ha-

525 4628 685 4695 bebat
726 4638 957 4709 Speciem
1005 4630 1177 4705 neque
1222 4626 1510 4689 decorem!
1561 4631 1607 4688 Ο
1648 4630 1909 4702 agitantes
1952 4638 2109 4699 caput

528 4740 649 4785 ante
669 4740 902 4794 crucem,
946 4735 998 4782 et
1034 4743 1137 4780 non
1171 4725 1392 4795 ligentes
1428 4710 1586 4793 caput
1618 4725 1639 4758 ⁸
1674 4723 1725 4777 iu
1762 4721 1934 4791 capite
1967 4720 2109 4791 quod

532 4822 793 4893 pendebat
824 4820 875 4874 in
896 4807 1110 4889 'cruce!
1142 4817 1327 4871 Merito
1354 4816 1503 4869 nutat
1534 4813 1899 4869 insultantium
1930 4822 2107 4881 caput,

533 4916 695 4971 donec
722 4916 787 4969 sit
812 4929 995 4969 eorum
1022 4919 1182 4982 caput
1208 4910 1296 4965 ille
1323 4909 1437 4979 ipse
1466 4908 1549 4963 cui
1576 4902 1949 4962 insuitabatnr.
1974 4906 2111 4962 Ecce

534 5009 755 5064 resumit
794 5007 1063 5071 decorem,
1110 5014 1162 5059 et
1202 5018 1448 5073 magnum
1484 5001 1753 5057 decorem.
1795 4999 1935 5054 Ecce
1969 4997 2111 5069 quod

533 5100 661 5155 dicis
693 5109 767 5165 tu,
800 5097 975 5153 minus
1002 5106 1082 5151 est
1121 5110 1278 5167 quam
1308 5093 1447 5163 quod
1477 5093 1620 5148 fecit.
1653 5092 1791 5146 Dicis
1817 5099 1892 5155 tu,
1924 5089 1987 5146 Si
2016 5089 2115 5143 Fi-

532 5194 628 5249 lius
664 5193 761 5249 Dei
792 5202 891 5260 est,
930 5190 1200 5246 descendat
1234 5190 1296 5241 de
1330 5202 1478 5241 cruce
1513 5200 1531 5240 τ
1562 5201 1691 5241 cccc
1714 5186 1781 5242 de‘
1811 5196 1971 5240 cruce
2005 5198 2113 5239 non

531 5286 823 5351 descendit,
850 5272 940 5341 Sed
964 5270 1029 5339 de
1052 5281 1301 5352 sepulcro
1324 5278 1636 5334 resurrexit.

605 5378 657 5435 6.
703 5378 861 5447 Ergo,
896 5377 1068 5431 anima
1089 5417 1102 5438 ,
1138 5374 1329 5427 decora
1363 5385 1481 5425 csse
1508 5384 1613 5424 non
1642 5376 1792 5438 potes
1811 5409 1826 5434 ,
1855 5365 1955 5421 nisi
1980 5370 2113 5421 coh-

535 5469 674 5525 fessa
727 5470 888 5523 fueris
932 5466 1219 5522 fmditatem
1270 5464 1317 5519 ei
1362 5463 1449 5533 qui
1498 5470 1711 5530 semper
1755 5459 2009 5529 pulcher,
2061 5467 2117 5513 et

488 5626 489 5629 η
541 5568 758 5633 prepter
785 5570 835 5612 te
864 5558 927 5611 ad
959 5568 1163 5626 tempus
1193 5570 1295 5610 non
1328 5554 1587 5624 pulcher;
1620 5563 1673 5604 ct
1703 5550 1780 5604 sic
1805 5548 1870 5603 ad
1908 5557 2116 5618 tempus

538 5666 645 5707 non
678 5649 895 5723 pulcher
924 5649 975 5702 in
1004 5646 1171 5702 forma
1203 5644 1345 5701 servi
1370 5686 1385 5709 ,
1430 5653 1485 5700 ut
1511 5657 1781 5710 nunquam
1808 5638 2062 5696 defecerit
2086 5655 2117 5695 a

598 5809 617 5841 ι
650 5807 723 5857 sic
748 5809 821 5853 ω’.
840 5810 959 5855 ven.
986 5808 1040 5854 et
1060 5808 1168 5852 ιον.
1216 5808 1266 5851 ιιι
1296 5808 1367 5863 8.,
1390 5806 1434 5863 et
1457 5799 1545 5861 iste
1567 5795 1685 5862 quid
1708 5794 1861 5851 dicat.
1921 5801 1983 5861 lt.

649 5868 838 5932 Aliquot
856 5872 983 5925 Mss,
1000 5876 1209 5915 crucem.

1750 378 1806 436 s.
1847 368 2208 432 AUCUSTINI
2250 375 2552 463 episcopi

2199 488 2592 579 Pillchritudinc
2624 498 2743 577 quis
2769 494 2929 571 estin
2961 482 3128 577 forma
3158 490 3272 579 Dei.
3300 490 3442 579 Ergo
3467 498 3521 547 tu
3543 533 3557 558 ,
3588 490 3802 549 Eccle-i

2198 585 2296 667 sia,
2326 574 2489 673 habes
2506 574 2755 673 decorem
2797 605 2815 653 ς
2849 576 3045 671 dicitur
3071 592 3125 640 et
3148 576 3241 639 tibi
3277 583 3330 638 in
3351 574 3583 639 canticis
3607 585 3775 640 canti-
3800 606 3806 611 ·

2198 664 2402 763 eorum,
2424 664 2473 732 ’0
2503 664 2682 763 decora
2704 677 2832 731 inter
2856 664 3085 747 mulieres
3111 674 3279 749 (Cant.
3303 690 3358 741 v,
3380 671 3459 746 9).
3490 675 3689 730 Dicitur
3710 674 3777 732 de

2202 780 2253 855 te
2291 789 2304 824 :
2338 756 2464 853 Quae
2501 756 2577 841 est.
2609 758 2702 854 ista
2739 785 2851 859 qua:
2889 757 3381 859 ascend‘it‘dealbata
3420 762 3538 837 (Μ.
3572 782 3687 833 vni,
3720 768 3775 834 5,

2201 852 2302 927 sec.
2353 848 2579 938 LXX)?
2617 848 2755 945 Quid
2798 848 3231 933 estpdealbata‘?
3271 858 3569 915 llluminata
3614 879 3627 913 ε
3672 876 3776 915 non

2201 942 2441 1013 dealbata
2467 999 2482 1025 ,
2533 958 2667 1041 sicut
2696 940 2908 1041 locata,
2955 946 3400 1033 quemadmodum
3433 968 3492 1007 sc
3530 944 3777 1007 dealbant

2201 1046 2412 1115 lentius:
2442 1036 2560 1129 qua:
2594 1049 2773 1117 volunt
2804 1035 2966 1101 videri
2997 1045 3137 1117 quod
3167 1059 3271 1098 non
3302 1052 3423 1097 sunt
3453 1058 3467 1094 :
3503 1058 3606 1096 non
3635 1043 3777 1097 deal.

2202 1142 2320 1221 hata
2342 1184 2356 1208 ,
2390 1126 2527 1221 sicut
2557 1141 2729 1221 paries
2758 1126 3064 1221 dealbatus;
3092 1136 3392 1211 destruetur
3423 1135 3565 1190 cnim
3590 1176 3606 1201 ,
3638 1137 3779 1190 sicut

2201 1216 2330 1307 dicit
2367 1210 2685 1309 Apostolus,
2719 1210 2895 1313 paries
2930 1210 3206 1283 dealbatus
3235 1216 3541 1298 (Αειέιιιιιι,
3577 1224 3655 1293 5),
3687 1224 3779 1295 hy-

2203 1323 2427 1409 pocrisis
2453 1331 2506 1376 et
2542 1320 2829 1377 simulatio.
2870 1310 3050 1375 Parios
3090 1314 3396 1383 dealbatus,
3443 1314 3573 1370 loris
3617 1320 3785 1368 tecto.

2202 1407 2375 1495 riunt,
2409 1415 2549 1470 intus
2576 1416 2763 1479 lutum.
2807 1412 2927 1495 Non!
2966 1427 3092 1483 ergo
3122 1408 3209 1483 illa
3252 1411 3327 1466 sic
3366 1407 3645 1472 dealbata;
3689 1408 3787 1462 scd

2203 1490 2464 1593 dealbata,
2497 1504 2810 1571 illuminata,
2841 1490 2962 1573 quia
2991 1518 3093 1557 non
3121 1496 3217 1572 per
3242 1500 3299 1557 se
3330 1498 3467 1554 alba.
3497 1498 3676 1559 Prius,
3707 1499 3783 1551 in~

2202 1584 2337 1672 quit,
2367 1584 2444 1674 fui
2468 1586 2788 1681 blasphemus
2813 1598 2830 1667 (
2855 1588 2873 1651 1
2903 1590 3037 1651 Tim.
3062 1594 3100 1660 ι,
3135 1596 3201 1679 i5
3222 1596 3274 1665 );
3307 1603 3359 1648 ct
3390 1594 3536 1655 item,
3570 1590 3787 1644 Fuimus

2203 1692 2336 1755 enim
2369 1680 2415 1745 et
2448 1707 2539 1746 nos
2570 1680 2847 1759 aliquando
2882 1696 3064 1741 natura
3094 1685 3188 1754 lilii
3221 1685 3340 1749 iraa,
3377 1680 3502 1737 sicut
3538 1685 3583 1734 ct
3622 1682 3786 1735 rtcteri

2204 1764 2422 1860 (Ephes.
2448 1798 2504 1846 ιι,
2533 1779 2612 1851 3).
2645 1766 2863 1836 Accedit
2887 1778 3056 1850 gratia
3082 1776 3384 1831 illuminans
3414 1781 3465 1828 ct
3489 1772 3784 1827 desiimus:

2203 1870 2376 1959 primo
2407 1872 2555 1946 nigra
2583 1866 2722 1927 fuisti
2744 1915 2758 1939 ,
2785 1870 2877 1927 sed
2909 1866 3043 1924 facta
3071 1882 3128 1923 es
3167 1866 3284 1921 alba
3324 1878 3387 1920 ex
3415 1864 3579 1934 gratia
3620 1863 3784 1917 illius.

2205 1952 2401 2045 ruistis
2425 1964 2555 2045 enim
2582 1960 2859 2033 aliquando
2880 1959 3129 2043 tenebrat;
3153 1964 3287 2013 nunc
3307 1962 3469 2010 autem
3492 1954 3583 2008 lux
3600 1956 3652 2007 in
3674 1953 3788 2007 Do-

2204 2044 2362 2135 mino.
2400 2036 2601 2123 Dicitur
2620 2050 2746 2125 ergo
2766 2062 2821 2108 et
2854 2034 2922 2108 de
2951 2059 3023 2119 te,
3051 2051 3178 2117 Qui:
3208 2038 3283 2104 est
3315 2050 3413 2103 ista
3432 2064 3544 2118 quia
3562 2046 3791 2101 ascendit

2204 2138 2481 2233 dealbata?
2506 2147 2621 2203 Jam
2650 2142 2925 2210 mirabilis,
2949 2142 3058 2215 jam
3080 2142 3166 2196 vix
3192 2138 3642 2209 contemplabilis.
3676 2136 3789 2192 Ad-

2203 2230 2444 2305 mirantis
2482 2251 2564 2297 est
2601 2242 2739 2296 enim
2779 2232 2978 2303 dicere,
3010 2230 3137 2315 Qua?
3171 2235 3247 2289 est
3283 2235 3381 2288 ista
3417 2244 3530 2303 quor
3560 2230 3793 2284 ascendit

2204 2334 2456 2401 dealbala,
2482 2345 2586 2389 tam
2611 2332 2851 2405 pulchra,
2876 2340 2980 2386 tam
3005 2329 3288 2393 luminosa,
3311 2334 3421 2381 tam
3443 2326 3559 2380 sine
3581 2322 3787 2377 macula

2204 2411 2258 2483 et
2285 2442 2413 2499 ruga
2446 2412 2555 2499 (id.
2589 2416 2641 2492 ν’,
2674 2427 2726 2493 8,
2748 2423 2882 2495 27)?
2908 2422 3095 2478 Nonne
3126 2422 3222 2475 ista
3250 2427 3333 2474 est
3359 2428 3475 2488 qua:
3499 2417 3710 2487 jacebat
3736 2415 3793 2469 in

2172 2572 2179 2581 ,
2203 2526 2360 2583 Coeno
2390 2516 2767 2589 iniquitatum?
2793 2528 2969 2571 nonne
2996 2515 3094 2569 ista
3120 2519 3202 2568 est
3225 2526 3344 2581 quia
3366 2508 3575 2579 iacebat
3601 2505 3654 2561 in
3682 2506 3790 2559 tor-

2204 2612 2469 2669 nicatione
2508 2610 2815 2667 idolorum?
2860 2624 3039 2664 nonne
3080 2608 3179 2662 ista
3223 2614 3307 2661 est
3350 2617 3470 2674 qua:
3516 2600 3789 2655 immunda

2201 2718 2319 2789 erat
2342 2708 2395 2763 in
2426 2706 2569 2762 'omni
2599 2704 2888 2774 cupiditate
2906 2700 3276 2769 desiderioque
3303 2694 3541 2751 carnali?
3569 2694 3696 2761 Quae
3714 2690 3791 2747 est

2205 2818 2332 2885 ergo
2364 2802 2458 2859 ista
2482 2816 2594 2883 qua:
2619 2799 2840 2854 ascendit
2869 2795 3102 2849 dealbata
3126 2793 3152 2846 .’
3183 2789 3410 2846 Attende
3433 2788 3552 2859 quis
3591 2787 3661 2841 sit
3696 2786 3793 2841 ille

2204 2879 2295 2968 qui
2324 2910 2419 2971 pro
2459 2880 2521 2949 ea
2547 2891 2717 2946 factus
2751 2897 2835 2945 est
2866 2903 2974 2943 non
3009 2885 3211 2940 habens
3236 2882 3467 2954 speciem
3498 2888 3674 2971 neque
3695 2879 3793 2933 de.

2204 3002 2405 3054 carem,
2432 2991 2486 3040 et
2515 2982 2763 3052 intelligis
2790 2980 2947 3051 hujus
2967 2977 3219 3034 claritatis
3244 2975 3503 3030 honorem
3529 2974 3569 3025 ι.
3606 2971 3663 3027 Si
3689 2971 3790 3024 mlo

2202 3080 2338 3137 raris
2368 3078 2506 3135 illius
2532 3064 2881 3139 humilitatem
2909 3079 3126 3144 propter
3150 3069 3307 3135 hanc,
3336 3066 3443 3121 noli
3468 3065 3576 3135 jam
3606 3063 3790 3119 mirari

2205 3172 2364 3249 hujus
2397 3169 2769 3249 celsitudinem
2812 3161 3027 3239 propter
3060 3157 3229 3217 illum.
3261 3161 3484 3227 Quantae
3523 3156 3790 3212 felicitatis

2205 3246 2292 3323 est
2312 3267 2410 3325 ista
2438 3246 2699 3343 dealbata,
2728 3270 2787 3316 ut
2812 3252 3006 3317 etcum
3034 3266 3173 3337 esset
3200 3255 3348 3325 nigra
3366 3295 3380 3319 ,
3415 3249 3691 3322 pulchrum
3720 3248 3788 3305 ad

2205 3376 2264 3433 se
2293 3338 2605 3431 deponeret,
2633 3357 2721 3426 qui
2747 3370 2843 3426 pro
2870 3350 3045 3423 impiis
3069 3336 3406 3403 moreretur?
3444 3341 3584 3413 Ergo
3619 3340 3789 3395 induit

2204 3469 2264 3509 se
2293 3452 2550 3508 Dominus
2583 3434 2721 3504 Deus
2750 3433 2932 3502 noster
2968 3436 3358 3521 confessionem
3397 3444 3452 3493 et
3488 3437 3786 3502 decorem,

2206 3545 2377 3603 induit
2401 3560 2458 3600 se
2486 3542 2776 3615 Ecclesiam
2814 3556 2826 3593 :
2860 3536 2971 3609 ipsa
2999 3536 3142 3591 enim
3179 3531 3414 3589 Ecclesia
3438 3527 3706 3585 confessio
3736 3534 3792 3581 ct

2208 3644 2388 3710 decor.
2416 3644 2553 3697 Ante
2575 3634 2861 3700 confessio,
2890 3642 3071 3703 postea
3095 3628 3291 3694 decor;
3313 3624 3577 3710 confessio
3602 3628 3791 3692 pecca-

2209 3705 2405 3803 torunt,
2437 3735 2602 3811 decor
2637 3740 2781 3789 recte
2810 3712 3069 3787 factorum
3097 3742 3111 3779 :
3142 3705 3515 3793 Confessionem
3551 3725 3597 3772 et
3634 3715 3791 3770 item

2207 3849 2315 3903 rem
2348 3808 2577 3895 induisti.
2992 3808 2993 3811 “
3066 3808 3069 3813 ’
3099 3858 3108 3868 .
3262 3808 3265 3811 ’

2280 3926 2331 3989 7.
2373 3919 2539 3998 [vers.
2568 3917 2650 3997 2.]
2686 3911 3098 3975 Circumamictus
3127 3909 3289 3989 lucem
3308 3949 3323 3976 ,
3354 3907 3482 3961 sicut
3523 3902 3794 3958 aestimans

2210 4028 2336 4081 tum.
2366 3992 2483 4091 ipsa
2513 4022 2594 4085 est
2625 3992 2787 4067 vestis
2811 4008 2928 4080 ejus
2948 4048 2963 4076 ,
2990 4003 3056 4079 de
3082 4017 3185 4074 qua
3223 3994 3330 4071 iam
3360 3992 3467 4053 dixi
3499 4015 3513 4052 :
3546 3994 3665 4091 lVon
3689 3994 3794 4091 Aha-

2211 4112 2328 4179 hens
2356 4086 2628 4173 maculam,
2656 4118 2812 4174 neque
2839 4115 3039 4172 rugam.
3066 4092 3181 4151 Lux
3203 4102 3455 4155 vocatur;
3477 4096 3531 4143 ct
3560 4087 3661 4141 hoc
3682 4086 3795 4155 jam

2210 4203 2319 4265 dixi
2362 4219 2377 4267 ς
2422 4198 2614 4254 Fuistis
2642 4193 2914 4264 aliquando
2943 4188 3192 4252 tenebrat;
3234 4200 3369 4239 nunc.
3406 4182 3570 4263 autem
3610 4179 3699 4232 luat
3744 4178 3798 4230 tu

2215 4295 2451 4371 Dotuina.
2497 4290 2611 4355 Non
2642 4302 2769 4360 ergo
2798 4287 2850 4347 in
2877 4285 3064 4349 vobis;
3110 4295 3231 4336 nam
3260 4273 3494 4333 tenebrae
3520 4273 3575 4328 in
3604 4270 3760 4361 vobis
3781 4312 3797 4337 ,

2212 4354 2301 4453 ius
2327 4365 2503 4467 autem
2534 4354 2587 4441 in
2634 4354 2878 4437 Domino.
2921 4371 3062 4449 Ergo
3088 4416 3103 4440 ,
3142 4369 3556 4445 Circumamiclus
3598 4354 3798 4429 lacerti,

2212 4456 2342 4550 velut
2376 4462 2739 4541 uestimentum.
2778 4471 3021 4535 Extendit
3050 4469 3227 4523 actum
3259 4466 3387 4519 mut
3420 4459 3617 4538 pellem.
3647 4456 3800 4524 Quo-

2215 4552 2374 4641 modo
2399 4571 2582 4641 iecerit
2613 4568 2731 4637 hoc,
2765 4575 2821 4621 ut
2864 4563 3107 4618 indueret
3134 4572 3192 4613 se
3234 4555 3373 4610 sicut
3421 4549 3800 4607 vestimentum

2214 4664 2385 4743 lucem
2418 4640 2736 4724 EcClesiam,
2760 4666 3074 4710 enumerare
3095 4649 3205 4703 vult
3225 4644 3460 4717 figuratis
3481 4640 3800 4713 quibusdam

2214 4732 2562 4829 sacramentis
2595 4768 2607 4817 ;
2636 4746 2903 4822 quomodo
2931 4743 3019 4800 lux
3060 4741 3195 4796 facta
3244 4737 3314 4794 sit
3355 4732 3613 4799 Ecclesia,
3660 4744 3804 4800 quo-

2216 4824 2375 4911 modo
2401 4843 2533 4911 iacta
2558 4842 2625 4903 sit
2654 4841 2770 4898 sine
2796 4838 2999 4894 macula
3020 4842 3075 4899 et
3099 4847 3249 4905 ruga,
3280 4827 3545 4900 quomodo
3570 4824 3707 4879 facta
3733 4826 3808 4879 sit

2217 4920 2461 5002 candida,
2493 4935 2761 5001 dealbata,
2800 4930 3005 5001 fulgens
3041 4928 3096 4982 in
3135 4918 3328 4979 vestitu
3360 4920 3539 4992 sponsi
3582 4916 3685 4985 aui,
3717 4932 3804 4968 ιιι-

2218 5012 2428 5103 inmens
2473 5031 2569 5098 illi,
2604 5006 2869 5099 quomodo
2901 5020 3035 5078 facta
3079 5018 3163 5084 sit,
3219 5015 3514 5070 audiamus.
3561 5006 3809 5063 Extendi!

2219 5098 2399 5187 etclam
2424 5125 2552 5199 sicut
2583 5120 2783 5195 pellem.
2812 5115 2877 5185 Et
2906 5113 3007 5191 hoc
3034 5109 3247 5191 quidem
3284 5106 3455 5161 video.
3495 5098 3623 5169 Quis
3660 5098 3807 5199 enim

2220 5218 2457 5279 extendit
2641 5211 2858 5279 coelum,
2896 5190 3035 5278 quod
3068 5188 3262 5256 nostris
3295 5194 3597 5252 carnalibus
3635 5188 3811 5245 oculis

2178 5336 2187 5343 ·
2222 5317 2507 5377 intuemur,
2536 5308 2635 5365 nisi
2668 5305 2844 5361 Deus?
2871 5301 2950 5365 Et,
2981 5295 3218 5355 Extendit
3253 5293 3383 5347 sicut
3413 5287 3613 5373 pellem,
3641 5283 3707 5337 ad
3733 5282 3812 5377 tu-

2220 5375 2784 5471 cilitatemvredegit’,
2824 5395 2868 5451 si
2908 5392 2975 5453 ad
3020 5392 3249 5457 litteram
3297 5382 3545 5463 accipias.
3595 5375 3812 5432 Etenim

2224 5516 2343 5559 cum
2393 5494 2590 5553 videris
2630 5468 2786 5547 istam
2817 5484 3069 5543 fabricam
3101 5493 3370 5553 magnam,
3399 5474 3519 5545 quia
3568 5468 3817 5541 quisquis

2226 5590 2497 5649 [nominum
2533 5596 2691 5649 unam
2726 5578 2807 5639 vel
2834 5588 3046 5647 parvam
3076 5580 3341 5626 cameram
3363 5559 3680 5631 extenderit,
3708 5560 3820 5611 nia-

2288 5727 2305 5759 ί
2345 5723 2531 5784 Aliquot
2552 5722 2658 5769 Mss.
2684 5714 2927 5787 omittunt,
2950 5706 3001 5760 et
3017 5702 3247 5769 intelligis
3274 5698 3420 5763 huius
3726 5689 3822 5743 ho-

2223 5802 2457 5851 norem-A-
2734 5848 2737 5851 λ
2770 5835 2905 5851 _.,._,..
2965 5830 3043 5851 ,ω
3086 5827 3271 5851 ..-.u...-.
3754 5824 3759 5827 ·

2289 5827 2539 5909 romam
2558 5850 2690 5904 uss.,
2725 5835 2923 5901 redigit.
2955 5830 3065 5895 ιω.
3085 5827 3289 5893 redigis.
