4056 6478
245 359 385 466 isti

244 539 359 598 gno
381 500 678 604 molimine,
702 537 895 598 magno
910 522 1091 580 labore
1112 529 1167 577 et
1190 500 1496 576 difficultate
1520 513 1580 572 ac
1597 497 1842 598 diuturna

250 619 567 690 'operation‘e
611 609 662 672 id
707 609 865 682 facit;
915 631 984 671 ne
1024 614 1326 686 hujusmodi
1377 613 1616 682 laborem
1665 609 1719 666 iu
1754 605 1844 680 Dei

251 705 514 783 operibus
536 711 584 766 in
596 699 816 765 firmitas
833 695 1194 780 suspicaretur
1211 707 1458 772 humana,
1481 703 1655 766 attulit
1671 719 1848 776 quam-

253 795 379 860 dam
407 803 717 868 facilitatem
742 817 838 872 pro
868 810 955 857 tua
983 800 1296 878 capacitate,
1319 807 1378 876 ut
1404 797 1479 852 sic
1500 789 1848 872 quodammo7

247 898 323 953 do
350 897 575 966 incipias
613 885 834 951 credere
876 896 1028 952 facile
1066 902 1377 967 operantem
1423 891 1609 960 Deum,
1645 899 1699 945 et
1741 904 1848 956 non

249 979 443 1059 putare
464 974 540 1042 Sic
568 1002 690 1043 eum
720 987 1024 1051 extendisse
1046 987 1259 1060 coelum,
1285 985 1416 1039 sicut
1447 992 1498 1040 tu
1527 991 1718 1037 tectum
1748 971 1845 1052 de}

251 1083 374 1136 inus
407 1093 542 1148 tunc;
591 1080 683 1158 sed
714 1097 869 1157 quam
905 1081 993 1135 tibi
1038 1079 1189 1135 facile
1232 1088 1312 1133 est
1358 1076 1644 1132 extendere
1689 1069 1845 1146 uuam

250 1159 609 1254 pellam-tam
656 1173 806 1240 facile
837 1172 909 1226 illi
954 1170 1115 1224 fuisse
1145 1167 1436 1223 extendere
1462 1179 1566 1220 tam
1600 1181 1845 1235 magnum

252 1265 473 1319 omium.
522 1257 650 1318 Mira
704 1263 947 1329 facilitas,
995 1269 1048 1317 et
1077 1270 1253 1314 tamen
1285 1258 1457 1312 adhuc
1496 1257 1724 1330 Spiritus
1757 1254 1846 1314 tibi

253 1353 411 1409 tardo
441 1356 457 1386 ¹
496 1353 743 1424 loquitur.
776 1343 911 1418 Tibi,
959 1345 1173 1422 inquam
1193 1392 1206 1416 ,
1240 1348 1412 1402 adhuc
1442 1346 1592 1401 tardo
1621 1346 1851 1420 loquitur

253 1441 510 1516 Spiritus.
537 1445 667 1518 Nam
696 1461 796 1518 nec
823 1447 899 1500 sic
925 1442 1166 1499 extendit
1218 1441 1356 1495 Deus
1386 1438 1598 1503 caelum,
1632 1439 1768 1492 sicut
1797 1444 1851 1510 et

259 1546 314 1592 tu
344 1539 558 1612 pellem.
593 1539 648 1594 Si
677 1522 819 1594 enim
867 1537 944 1592 sic
985 1528 1240 1599 extendit,
1274 1547 1399 1588 ecce
1436 1543 1557 1596 ante
1601 1539 1650 1584 te
1699 1529 1851 1612 pellis

256 1606 585 1700 vel-rugOSa,
632 1629 717 1684 vel
764 1627 952 1697 plicata
993 1626 1241 1696 ponitur;
1283 1623 1370 1678 dic
1416 1629 1476 1676 ut
1512 1606 1846 1687 extendatur,

255 1717 403 1777 dicto
431 1728 521 1774 tuo
545 1711 778 1775 extende
809 1713 1021 1789 pellem.
1050 1715 1166 1788 Non
1198 1729 1438 1786 possum,
1471 1712 1662 1782 inquis.
1711 1702 1849 1784 Ergo

258 1811 392 1866 etin
419 1797 752 1867 ostendenda
796 1799 937 1880 pelle
978 1808 1202 1862 multum
1235 1807 1389 1876 longe
1430 1819 1488 1859 es
1531 1820 1557 1856 a
1598 1801 1851 1857 facilitate

258 1900 376 1959 Dei.
410 1903 534 1974 Ipse
569 1897 710 1958 enim
741 1901 888 1967 dixit,
932 1909 978 1954 et
1015 1904 1150 1971 facta
1186 1887 1304 1954 sunt
1332 1895 1497 1965 (Psal.
1531 1910 1744 1961 CXLVIII,
1771 1893 1847 1966 5).

259 1993 424 2061 Dixit,
457 1991 575 2046 Fiat
601 1984 974 2062 ﬁrmamentum
1007 1990 1137 2043 inter
1163 2001 1345 2057 aquam
1376 1993 1421 2039 et
1448 1999 1673 2054 aquam;
1709 1993 1754 2037 et
1779 1983 1851 2062 sit:

260 2092 452 2160 factum
483 2089 556 2142 est
582 2057 732 2158 (Gen.
773 2101 811 2153 ι,
839 2065 928 2156 Β).
965 2082 1163 2138 Tamen
1194 2087 1412 2150 propter
1439 2065 1744 2146 facilitatem
1773 2057 1846 2131 si;

261 2173 638 2258 gnificandam,
673 2177 964 2258 secundum
1007 2189 1222 2230 sensum
1265 2181 1410 2238 tuum
1454 2167 1725 2239 acceperis
1750 2167 1852 2222 ali-

261 2253 389 2348 quid
411 2246 632 2329 interim
646 2249 710 2327 ad
743 2253 996 2348 litteram.
1812 2246 1839 2262 ”

332 2367 389 2422 8.
418 2363 664 2436 Figurate
685 2351 859 2418 autem
883 2361 926 2415 si
953 2345 1150 2429 aliquid
1175 2361 1373 2412 tectum
1391 2353 1558 2423 relegi
1579 2350 1847 2436 volumus,

263 2465 318 2514 et
345 2449 556 2528 pulsare
583 2441 648 2510 ad
691 2453 951 2518 clausum,
1000 2427 1297 2504 invenimus
1337 2435 1642 2514 extendisse
1682 2427 1850 2514 Deum

262 2552 464 2608 calum
497 2550 632 2604 sicut
675 2547 884 2619 pellem,
915 2553 974 2599 ut
999 2540 1352 2610 intelligamus
1380 2535 1575 2592 crelum
1613 2541 1850 2588 sanctam
1882 2581 1898 2600 ,

261 2637 616 2713 Scriptor-am.
650 2640 798 2694 Hane
825 2627 1398 2703 auctoritatem‘primo
1431 2627 1610 2698 posuit
1633 2625 1772 2681 Deus
1798 2624 1850 2680 in

262 2735 506 2792 Ecclesia
533 2731 662 2799 sua;
692 2731 814 2786 inde
834 2723 998 2799 ωδρῆ
1022 2723 1239 2795 exsequi
1267 2730 1461 2778 caetera
1483 2735 1494 2772 :
1515 2719 1691 2789 posuit
1709 2717 1852 2772 enim

260 2826 482 2890 celum,
511 2832 568 2880 et
591 2821 831 2878 extendit
867 2820 1007 2876 sicut
1038 2816 1252 2887 pellem,
1279 2821 1335 2870 et
1359 2826 1467 2867 non
1493 2809 1690 2866 frustra
1717 2809 1854 2863 sicut

264 2918 483 2989 pellem.
540 2916 717 2970 Primo
757 2914 912 2969 istam
956 2910 1146 2965 famam
1181 2903 1579 2978 praedicandum
1610 2899 1853 2957 extendit

262 3010 402 3065 sicut
428 3008 619 3080 pellem
645 3023 659 3059 :
681 3002 831 3076 pellis
859 2997 1237 3062 mortalitatem
1267 2995 1531 3068 significat
1561 3009 1577 3054 :
1605 2991 1851 3080 propter;

262 3118 328 3160 ea
357 3113 413 3159 et
429 3079 526 3158 illi
571 3102 678 3157 duo
709 3097 952 3156 homines
976 3093 1134 3168 primi
1162 3101 1412 3166 parentes
1444 3089 1635 3155 nostri,
1665 3079 1852 3144 sueti»

263 3211 352 3252 res
378 3195 582 3266 peccati
625 3193 836 3265 generis
879 3189 1116 3255 humani,
1164 3177 1423 3243 Adam‘et
1453 3179 1583 3250 Eva,
1632 3175 1752 3238 cum
1798 3179 1852 3236 in

264 3287 533 3358 paradiso,
555 3291 863 3356 contempto
907 3277 1004 3337 Dei
1030 3270 1318 3351 praecepto,
1349 3275 1416 3331 ad
1456 3269 1849 3358 suggestionem

262 3356 674 3449 suasionemque
700 3375 962 3447 serpentis
989 3371 1302 3443 transgressi
1333 3376 1516 3426 essent
1547 3363 1692 3438 quod
1731 3356 1850 3436 ius"-

263 3480 409 3528 serst
436 3471 598 3538 Dens,
627 3467 748 3525 iacti
777 3463 1029 3522 mortales
1052 3462 1258 3521 dimissi
1296 3471 1421 3520 sunt
1465 3460 1534 3516 de
1562 3459 1846 3530 paradiso;

264 3571 322 3618 ut
347 3570 528 3620 autem
556 3558 945 3633 significaretur
973 3557 1084 3628 ipsa
1116 3553 1411 3610 mortalitas
1439 3565 1646 3617 eorum,
1681 3550 1850 3605 induti

263 3663 388 3710 sunt
401 3653 597 3709 tunicis
613 3648 941 3723 pelliceis;de
961 3646 1186 3720 pellibus
1201 3645 1344 3702 enim
1361 3643 1565 3703 tunicas
1583 3641 1748 3697 factas
1759 3655 1852 3696 aco

263 3755 524 3818 ceperunt
551 3743 662 3818 (id.
677 3743 756 3816 nt)
783 3761 796 3799 :
813 3742 981 3813 pelles
996 3749 1170 3796 autem
1188 3733 1392 3794 detrahi
1410 3749 1516 3789 non
1535 3733 1730 3800 solent,
1747 3732 1852 3788 nisi

265 3841 588 3897 animalibus
611 3838 836 3893 mortuis
862 3852 882 3892 :
909 3850 1034 3906 ergo
1062 3834 1277 3906 pellium
1320 3831 1535 3886 nomine
1561 3829 1853 3885 mortalitas

265 3930 352 3988 illa
383 3928 604 4003 ﬁgurata
625 3938 728 3984 est.
757 3928 894 3996 Quid
921 3941 1067 3998 ergo,
1097 3921 1182 3982 hic
1203 3925 1248 3979 si
1276 3923 1451 3978 divina
1478 3921 1751 3990 Scriptura
1782 3921 1854 3975 si-

263 4025 549 4097 gnificatur
571 4024 725 4095 pellis
746 4021 980 4086 nomine,
1011 4016 1278 4090 quomodo
1304 4016 1442 4070 Deus
1471 4014 1539 4070 de
1563 4014 1702 4083 pelle
1732 4013 1855 4068 fecit

257 4119 485 4181 'ctclum,
513 4125 566 4171 et
595 4114 812 4170 extendit
835 4113 1014 4167 caelum
1033 4111 1158 4164 sicut
1184 4105 1410 4179 pellem?
1436 4106 1568 4174 Quia
1597 4119 1693 4175 per
1719 4117 1854 4174 quos

265 4210 425 4266 nobis
449 4208 725 4277 Scriptura
753 4205 1036 4276 praedicata
1067 4199 1440 4266 est,mortales
1461 4197 1696 4251 fuerunt.
1722 4195 1851 4250 illud

264 4301 484 4372 quidem
509 4297 745 4355 Verbum
777 4296 869 4352 Dei
895 4307 1105 4364 seraper
1127 4292 1287 4358 idem,
1316 4303 1528 4358 semper
1558 4287 1855 4372 incommu-

265 4369 430 4442 tabile
463 4393 620 4454 atque
650 4381 981 4440 t-tdeticieus.
1009 4379 1146 4433 Ecce
1167 4419 1183 4444 ,
1213 4375 1288 4430 In'
1312 4373 1562 4446 principio
1585 4381 1694 4425 erat
1731 4369 1853 4425 Ver-

267 4481 402 4540 bum,
427 4489 475 4533 et
516 4476 727 4534 Versum
749 4483 853 4530 erat
876 4472 1015 4543 apud
1043 4469 1228 4532 Deum,
1247 4476 1292 4521 et
1313 4465 1452 4520 Deus
1472 4473 1578 4520 erat
1614 4462 1852 4518 Verbum.

259 4569 534 4640 Numquid
559 4577 694 4634 erat,
726 4576 782 4628 et
823 4564 980 4624 modo
1025 4578 1129 4617 non
1172 4559 1288 4615 est?
1326 4558 1390 4614 Et
1416 4564 1517 4620 est,
1561 4564 1614 4610 et
1643 4569 1856 4624 semper

265 4663 384 4716 erit.
419 4659 477 4715 Si
517 4675 648 4729 ergo
669 4665 750 4716 est
776 4655 1013 4712 Verbum
1057 4652 1147 4707 Dei
1190 4651 1332 4707 Deus
1355 4647 1495 4718 apud
1523 4647 1713 4711 Deum,
1739 4646 1854 4716 lege

266 4754 308 4807 si
333 4762 508 4822 potes.
537 4749 642 4806 Sed
678 4748 803 4819 quid
826 4746 991 4802 dicis?
1019 4743 1142 4814 quia
1183 4755 1391 4796 sursum
1422 4747 1524 4806 est,
1553 4745 1608 4793 et
1635 4737 1754 4791 ideo
1782 4736 1857 4792 le-

267 4861 389 4915 gere
421 4860 526 4898 non
563 4841 745 4912 potes?
774 4840 982 4908 Ubique
1017 4845 1098 4890 est
1147 4832 1374 4888 Verbum
1414 4831 1542 4895 Dei;
1587 4827 1857 4898 pertendit

266 4957 292 4992 a
321 4942 428 4993 line
466 4953 636 5007 usque
665 4935 730 4989 ad
759 4935 918 4988 linem
958 4929 1188 4994 fortiter,
1216 4934 1269 4981 et
1295 4924 1503 4994 attingit
1525 4922 1703 4977 omnia
1726 4936 1853 4991 pro-

271 5041 386 5100 pter
434 5043 586 5082 suam
634 5024 946 5080 munditiam
979 5020 1134 5091 (δίῳ.
1180 5032 1296 5082 vnt,
1325 5016 1391 5080 i;
1433 5021 1479 5068 et
1505 5025 1602 5079 Vn,
1627 5011 1745 5081 24).
1787 5011 1856 5067 In

265 5125 359 5174 liae
388 5119 581 5173 mundo
605 5125 732 5181 erat,
757 5126 802 5169 et
825 5113 1044 5168 mundus
1063 5125 1152 5181 per
1180 5109 1347 5178 ipsum
1372 5105 1535 5174 factus
1571 5111 1647 5158 est
1675 5101 1854 5172 (Joan.

267 5232 304 5279 i,
337 5216 390 5278 i,
419 5213 530 5282 10):
552 5219 605 5266 et
630 5225 751 5266 cum
772 5205 940 5266 venit.
971 5205 1056 5259 hic
1081 5211 1215 5258 erat.
1237 5199 1396 5255 Venit
1420 5196 1563 5252 enim
1589 5194 1642 5248 in
1667 5208 1850 5260 carne,

265 5318 538 5374 nunquam
557 5301 750 5356 absens
763 5296 1059 5352 divinitate.
1083 5292 1258 5360 Quare
1277 5303 1404 5359 ergo
1424 5287 1604 5357 legere
1625 5299 1730 5340 non
1756 5298 1855 5354 po.

264 5394 443 5450 teras?
475 5393 608 5460 Quia
631 5392 684 5445 in
709 5387 960 5459 sapientia
987 5385 1087 5440 Dei
1113 5401 1216 5438 non
1243 5380 1510 5452 cangnovit
1525 5376 1744 5432 mundus
1765 5389 1854 5447 per

267 5485 572 5554 sapientiam
613 5483 803 5546 Deum,
856 5478 928 5536 ibi
965 5475 1284 5532 constitutus
1320 5473 1375 5530 in
1416 5468 1674 5540 sapientia
1718 5466 1850 5533 Dei;

267 5579 442 5634 omnia
470 5575 615 5632 enim
642 5573 734 5640 ibi,
777 5579 853 5634 et,
899 5570 1011 5640 ipsa
1057 5566 1350 5630 subtracta,
1399 5562 1543 5618 nulla
1586 5568 1739 5628 sunt;
1781 5558 1852 5614 ibi

268 5669 587 5723 constitutus
632 5679 736 5717 non
782 5670 997 5732 poteras
1025 5670 1348 5726 cognoscere
1400 5670 1494 5724 per
1537 5650 1850 5721 sapientiam

267 5760 474 5842 Deum:
504 5771 632 5828 ergo
653 5751 1011 5824 necessarium
1035 5757 1149 5816 erat
1177 5745 1319 5828 quod
1355 5744 1612 5816 sequitur,
1647 5738 1852 5795 Placuit

330 5892 350 5926 ι
384 5889 552 5942 Plures
569 5895 680 5939 Mss.
707 5885 788 5938 hic
809 5889 863 5936 et
883 5880 1023 5943 infra,
1045 5878 1201 5932 tarde.

1380 371 1774 489 nuntiante
1813 371 1892 444 tu
1915 388 2238 480 restituit
2273 367 2407 470 ctu.

3347 447 3350 449 λ
3390 410 3529 478 1542

1956 516 2068 573 Deo
2098 532 2185 588 per
2209 518 2479 580 stultitiam
2507 516 2878 588 meditationis
2909 519 3263 589 scientianam
3280 524 3534 586 credentes

1956 612 1997 682 (I
2022 611 2139 669 Car.
2164 628 2202 680 ι,
2232 613 2346 682 ει).
2375 613 2433 680 Si
2455 628 2549 682 per
2577 613 2853 674 stultitiam
2883 615 3274 684 praedicationis
3302 617 3434 674 salvi
3454 617 3536 676 fut

1957 705 2062 770 turi
2087 713 2242 772 crant
2266 704 2568 770 credentes,
2602 705 2763 775 elegit
2803 705 2945 768 Deus
2985 707 3229 776 quaedam
3270 711 3531 777 mortalis,
3579 721 3590 728 '

1957 797 2118 866 elegit
2147 795 2390 852 homines
2420 796 2671 863 mortales
2696 808 2750 865 et
2795 799 3114 865 morituros;
3160 798 3393 860 adhibita
3434 801 3532 861 illis

1961 903 2062 958 gua
2091 888 2297 944 mortali
2323 887 2562 954 exhibuit
2582 903 2744 949 sonos
2764 891 3034 958 mortales,
3063 891 3295 946 adhibita
3318 893 3532 964 dispené

1961 982 2166 1052 satione
2193 982 2492 1050 mortalium
2511 982 2747 1040 adhibuit
2761 984 3108 1046 instrumenta
3127 987 3388 1050 mortalia,
3407 996 3460 1044 et
3483 989 3534 1042 in

1957 1088 2024 1134 eo
2053 1074 2144 1128 tibi
2175 1073 2370 1140 factum
2398 1083 2477 1132 est
2504 1074 2718 1136 omium.
2748 1083 2806 1134 ut
2841 1075 2891 1130 in
2921 1091 2979 1134 re
3008 1078 3218 1140 mortali
3246 1087 3533 1148 cognosce-

1957 1181 2044 1228 res
2073 1165 2304 1226 Yerbum
2346 1166 2664 1231 immortale,
2701 1173 2755 1225 et
2789 1165 2946 1226 lieres
2975 1175 3029 1226 tu
3052 1183 3264 1242 quoque
3297 1169 3536 1238 ejusdem

1960 1257 2117 1328 Yet-bi
2165 1257 2570 1341 participatione
2617 1257 2954 1322 immortalis.
3003 1259 3186 1314 Vixit‘
3215 1259 3442 1330 Moyses,
3485 1271 3537 1316 et

1957 1359 2198 1410 mortuus
2228 1358 2310 1410 est
2337 1368 2350 1406 :
2383 1351 2456 1406 ait
2483 1351 2626 1410 enim
2659 1350 2736 1408 illi
2768 1350 2927 1415 Deus,
2963 1348 3190 1407 Ascende
3217 1353 3270 1410 in
3296 1363 3534 1418 mutem,

1959 1453 2005 1500 et
2044 1458 2234 1500 morere
2263 1442 2438 1514 (Deut.
2472 1458 2637 1507 χχχιι,
2673 1441 2786 1508 49).
2815 1441 3050 1506 Mortuus
3079 1452 3159 1498 est
3175 1442 3454 1507 leromias.
3484 1453 3538 1502 et

1961 1543 2037 1592 tot
2058 1535 2338 1605 Propheta:
2368 1535 2560 1602 mortui
2586 1542 2742 1598 sunt;
2773 1544 2827 1598 et
2868 1543 3199 1595 mortuorum
3227 1536 3390 1602 dicta,
3417 1539 3537 1606 quia

1958 1643 2064 1686 nou
2087 1643 2292 1693 eorum,
2331 1625 2424 1686 sed
2471 1641 2568 1700 per
2595 1641 2689 1686 eos
2716 1626 2858 1684 illius
2883 1636 3054 1691 erant,
3082 1628 3170 1698 qui
3196 1629 3411 1687 extundit
3436 1646 3538 1683 cae-

1959 1721 2084 1784 lum,
2107 1721 2235 1780 sicut
2264 1719 2465 1791 pellem,
2499 1729 2715 1788 manent
2740 1735 2906 1788 usque
2947 1720 3014 1796 ad
3053 1721 3414 1790 pusteritatem
3441 1737 3538 1776 nov

1958 1823 2144 1872 stram.
2171 1813 2310 1870 Ecce
2335 1813 2620 1882 Apostolus
2664 1812 2873 1870 solutus
2897 1811 2965 1874 de
2992 1811 3088 1872 hac
3115 1815 3242 1879 vita,
3265 1815 3352 1884 qui
3384 1815 3535 1879 dixit,

1958 1905 2174 1976 dissolvi
2203 1913 2399 1962 etesse
2421 1919 2543 1962 cum
2574 1903 2808 1968 Christo.
2851 1904 3020 1964 multo
3059 1904 3228 1975 magis
3251 1920 3369 1960 esse
3397 1906 3537 1974 optie'

1957 2014 2102 2058 mum
2137 1996 2394 2069 (Philipp.
2427 2013 2465 2062 ι,
2496 1997 2612 2067 25),
2657 1997 2785 2055 vivit
2823 2011 2966 2052 nunc
2993 2012 3114 2057 cum
3139 1996 3372 2062 Clu-isto,
3405 1997 3537 2062 sicut

1958 2090 2034 2152 illi
2085 2089 2366 2158 Propheta:
2401 2101 2588 2150 omnes
2629 2087 2816 2146 vivunt
2852 2101 2973 2148 cum
3013 2085 3226 2144 Christo
3264 2087 3401 2145 :sed
3444 2102 3531 2158 per

1958 2179 2082 2252 quid
2107 2178 2259 2234 nobis
2283 2177 2614 2247 dispensavit
2644 2176 2695 2234 id
2725 2176 2868 2246 quod
2904 2177 3160 2246 legimus?
3183 2177 3284 2240 Per
3309 2177 3360 2232 id
3399 2177 3537 2246 quod

1957 2275 2273 2338 moriturum
2304 2281 2440 2338 erat,
2469 2285 2562 2350 per
2581 2285 2662 2335 os.
2684 2285 2780 2341 per
2806 2271 3059 2340 linguam,
3085 2269 3292 2336 dentes,
3325 2285 3536 2327 manus.

1957 2365 2148 2424 Omnia
2174 2365 2272 2424 ista
2301 2365 2492 2435 quibus
2517 2369 2770 2433 operatus
2787 2369 2869 2428 est
2890 2361 3175 2431 Apostolus
3206 2369 3372 2420 totmn
3399 2361 3537 2430 quod

1956 2458 2199 2529 legimus,
2224 2455 2465 2526 corporis
2485 2451 2658 2521 cilicia
2687 2459 2828 2518 sunt,
2866 2451 2960 2510 sed
2983 2451 3202 2521 iubente
3244 2451 3422 2508 auitas
3451 2453 3536 2508 eui

1952 2550 2175 2622 iubebat
2219 2549 2357 2606 Deus
2390 2565 2405 2603 :
2448 2553 2729 2617 propterea
2768 2553 3040 2620 extentum
3071 2551 3154 2602 est
3181 2543 3373 2606 callum
3405 2544 3538 2601 sicut

1960 2642 2133 2714 pellis.
2159 2639 2266 2696 Nos
2295 2638 2394 2704 sub
2433 2638 2592 2703 ctelo,
2640 2645 2888 2705 tanquam
2923 2634 3022 2694 sub
3063 2634 3202 2704 pelle
3241 2633 3538 2713 divinarum

1957 2734 2349 2803 Scripturarum
2391 2729 2616 2799 legimus
2657 2725 2838 2792 modo,
2874 2740 2995 2786 cum
3048 2725 3298 2790 tenditur.
3329 2724 3539 2793 Etenim

1956 2836 2141 2901 postea
2171 2824 2350 2888 ctutum
2377 2821 2653 2894 plicabitur
2677 2828 2732 2876 ut
2759 2818 2882 2882 liber
2909 2817 3061 2886 (1ᾳαὶ.
3097 2832 3288 2888 xxxw,
3320 2815 3396 2888 4).
3425 2816 3538 2878 Non

1957 2919 2174 2990 frustra,
2203 2915 2416 2981 fratres,
2447 2912 2535 2972 hic
2561 2919 2618 2980 ut
2647 2911 2820 2981 pellis,
2854 2908 2924 2966 ibi
2953 2917 3009 2976 ut
3051 2908 3214 2982 liber;
3256 2908 3537 2977 ﬁguratum

1957 3010 2029 3070 ibi
2062 3007 2311 3078 quiddam
2341 3003 2496 3062 nobis
2525 3012 2624 3060 est.
2657 3000 2810 3072 Quod
2839 2999 2908 3054 ad
2948 2998 3180 3064 divinam
3209 2998 3539 3067 Scripturam

1955 3102 2165 3166 attinet,
2197 3097 2502 3159 extenditur
2531 3109 2710 3160 sermo
2736 3100 3068 3152 mortuorum
3087 3107 3101 3148 :
3122 3104 3250 3160 ergo
3281 3090 3400 3148 ideo
3424 3099 3540 3144 ten-

1955 3196 2101 3261 ditur
2136 3195 2274 3254 sicut
2319 3190 2506 3261 pellis;
2537 3196 2590 3246 et
2632 3186 2800 3246 multo
2826 3185 2994 3254 magis
3032 3182 3288 3248 tenditur,
3317 3182 3438 3252 quia
3467 3181 3540 3242 illi

1957 3287 2152 3352 mortui
2183 3291 2326 3342 sunt.
2359 3282 2490 3338 Nam
2520 3287 2640 3350 post
2658 3285 2883 3350 mortem
2911 3276 3385 3347 plusinnotuerunt
3406 3275 3540 3330 Pro,

1907 3365 1910 3368 ’
1956 3382 2135 3454 plietae
2163 3389 2218 3438 et
2238 3375 2512 3452 Apostoli;
2542 3388 2646 3429 non
2673 3378 2829 3432 erant
2851 3379 2957 3426 tam
2984 3369 3094 3427 noti
3115 3383 3236 3428 cum
3258 3367 3537 3430 viverent:

1957 3471 2255 3552 Prophetas
2293 3470 2444 3526 vivos
2483 3466 2593 3530 sola
2621 3464 2801 3524 ludam
2847 3462 3054 3529 habuit,
3083 3469 3326 3520 mortuos
3351 3475 3540 3522 omnes

1956 3573 2164 3638 gentes.
2217 3561 2350 3620 Cum
2394 3559 2537 3616 enim
2578 3556 2844 3622 viverent,
2891 3554 3126 3617 nondum
3172 3563 3288 3614 erat
3327 3560 3540 3610 extents

1959 3658 2153 3730 pellis,
2203 3652 2440 3714 nondum
2493 3658 2610 3708 erat
2657 3655 2931 3714 extentum
2982 3646 3222 3714 omium,
3279 3654 3336 3704 ut
3390 3653 3541 3716 tege?

1957 3757 2042 3806 ret
2078 3746 2263 3804 orbem
2303 3753 2582 3806 terrarum.
2612 3739 2857 3798 Extendat
2896 3753 3026 3811 ergo
3063 3738 3246 3802 emtum
3277 3737 3408 3798 sicut
3436 3738 3541 3812 palo

1960 3842 2077 3899 lem.
3107 3893 3110 3895 Α

2028 3936 2083 3993 9.
2112 3932 2264 4006 [νινε.
2291 3928 2371 4001 5.]
2405 3927 2506 3996 Qui
2547 3925 2806 3998 protegit’
2843 3925 2898 3984 in
3113 3921 3376 3990 superiora
3410 3921 3539 3991 ejus.

1959 4027 2030 4084 Et
2072 4025 2175 4080 hoc
2214 4022 2477 4093 legimus,
2527 4027 2581 4075 et
2621 4016 2689 4076 ad
2741 4016 2970 4074 litteram
3017 4013 3159 4072 bene
3207 4012 3540 4082 intelligitur.

1960 4117 2183 4190 Quando
2203 4115 2345 4172 enim
2368 4113 2529 4184 jussit
2551 4121 2607 4166 ut
2634 4112 2785 4168 lieret
2805 4109 3196 4172 ﬁrmamentum
3218 4107 3358 4164 inter
3376 4120 3543 4176 aquas

1959 4220 2014 4268 et
2033 4225 2216 4282 aquas,
2245 4207 2444 4268 factum
2467 4213 2568 4271 est,
2590 4211 2650 4264 ut
2667 4204 2774 4260 sint
2801 4216 2950 4276 aqum
2975 4199 3254 4262 hilariores
3277 4214 3394 4268 qua:
3418 4213 3542 4271 per?

1959 4302 2192 4360 fundunt
2238 4309 2429 4365 terras,
2469 4305 2526 4368 et
2562 4295 2669 4351 sint
2697 4308 2846 4364 aqua:
2874 4291 3178 4362 superiores
3220 4297 3441 4350 remoue
3477 4288 3544 4348 ab

1958 4393 2284 4468 aspectibus,
2328 4401 2504 4452 tamen
2550 4386 2673 4459 fidei
2715 4383 3118 4460 commendatae.
3163 4380 3232 4440 Et
3269 4397 3436 4452 aqua,
3467 4381 3544 4438 in.

1959 4487 2093 4560 quit,
2134 4500 2248 4556 quia
2287 4498 2438 4555 super
2467 4481 2615 4553 cielos
2643 4486 2778 4544 sunt,
2819 4477 3025 4540 laudant
3074 4491 3253 4539 nautea
3292 4473 3543 4536 Domini:

1957 4579 2196 4652 quoniam
2215 4579 2321 4648 ipse
2340 4576 2488 4640 dixit,
2509 4583 2556 4629 et
2578 4577 2712 4643 facta
2731 4578 2846 4630 sunt
2863 4585 2882 4632 ;
2897 4571 3005 4638 ipse
3025 4567 3299 4633 mandavit,
3317 4577 3363 4622 et
3379 4577 3546 4624 creata

1959 4682 2078 4731 sunt
2103 4670 2275 4739 (Psal.
2312 4681 2526 4734 exuvut,
2559 4666 2613 4732 4,
2641 4664 2721 4738 5).
2749 4663 2890 4732 Ergo
2918 4661 3212 4730 explicatus
3246 4669 3328 4728 est
3357 4674 3546 4715 sensus

1959 4766 2026 4826 ad
2056 4765 2317 4829 litteram;
2340 4759 2551 4832 protegit
2575 4757 2720 4814 enim
2740 4757 2792 4810 in
2817 4755 2961 4825 aquis
2979 4755 3241 4824 superiora
3256 4754 3387 4818 eius.
3411 4752 3544 4818 Quid

1959 4859 2029 4920 ad
2074 4853 2338 4928 figuram?
2380 4852 2638 4919 Quoniam
2689 4849 2743 4906 in
2794 4847 2963 4916 ﬁgura
3007 4848 3312 4915 accepimus
3354 4845 3543 4913 pellem

1958 4949 2292 5019 ﬁeripturam
2319 4951 2580 5009 sanctam,
2599 4949 2654 4996 et
2673 4939 3046 5002 auctoritatem
3068 4935 3231 4996 divini
3260 4933 3407 4989 verbi
3433 4932 3544 4985 dis-

1960 5049 2238 5114 pensatam
2277 5036 2429 5092 nobis
2470 5049 2566 5104 per
2605 5032 2877 5097 mortales,
2924 5029 3116 5101 quibus
3145 5025 3368 5082 mortuis
3397 5023 3546 5092 ejus-

1960 5113 2083 5192 dem
2109 5125 2522 5199 dispensationis
2557 5122 2695 5192 fama
2721 5121 3054 5185 extenditur;
3083 5115 3374 5173 Secundum
3421 5113 3542 5179 hoc,

1959 5220 2228 5295 quomodo
2271 5218 2482 5289 protegit
2523 5217 2576 5287 in
2603 5213 2750 5292 aquis
2791 5212 3052 5284 superiora
3081 5207 3232 5280 ejus?
3260 5205 3424 5275 Cujus
3455 5220 3542 5258 su-

1960 5309 2204 5386 periora?
2243 5309 2394 5370 C(Bii.
2444 5309 2514 5374 Et
2559 5307 2687 5379 quid
2735 5303 2968 5379 omium?
3006 5301 3199 5360 Sancta
3245 5297 3539 5379 Scriptura.

1960 5411 2092 5480 Qua:
2132 5413 2260 5466 sunt
2300 5403 2575 5476 superiora
2602 5409 2800 5456 sanctas
2827 5393 3148 5466 Scriptum?
3177 5391 3303 5463 quid
3334 5389 3542 5448 inveni-

1959 5519 2080 5561 mus
2108 5503 2160 5560 in
2189 5497 2478 5569 Scripturis
2507 5494 2707 5560 sanctis
2741 5488 3024 5562 superius?
3049 5487 3271 5544 Paulum
3311 5485 3544 5539 interro-

1956 5610 2022 5668 οε
2050 5613 2065 5650 ς
2095 5588 2658 5663 Superemiuentiorem,
2698 5583 2885 5660 inquit,
2917 5580 3047 5634 viam
3087 5579 3221 5633 vobis
3259 5580 3543 5631 demonstro

1957 5689 2002 5763 (l
2031 5688 2149 5745 Cor.
2173 5702 2268 5751 xu,
2299 5684 2411 5754 51).
2440 5683 2606 5750 Quam
2627 5678 2755 5736 dicit
2779 5672 3359 5746 supereminentiorem
3377 5667 3544 5726 viam?

1915 5815 1917 5817 ί
2021 5803 2041 5835 ³
2075 5807 2292 5849 Potior-es
2311 5803 2442 5858 uss,
2463 5792 2608 5858 dixit.

2023 5865 2045 5896 ¹
2077 5844 2286 5913 sié’ihif
2299 5844 2371 5908 Er:
2387 5844 2450 5907 *εἰ
2471 5844 2697 5919 plerique
2716 5859 2824 5902 Mss.
2847 5857 2902 5903 At
2921 5856 3054 5912 Lov.,
3072 5844 3295 5913 protegis.
