  <div class='ocr_page' id='page_1' title='image "/cluster/home/n/w/nwhite01/storage/ocr_20150623/37/hvd.32044015471477/165.png"; bbox 0 0 4056 6478; ppageno 0'>
   <div class='ocr_carea' id='block_1_1' title="bbox 549 292 693 352">
    <p class='ocr_par' dir='ltr' id='par_1_1' title="bbox 549 292 693 352">
     <span class='ocr_line' id='line_1_1' title="bbox 549 292 693 352; baseline 0.028 -3"><span class='ocrx_word' id='word_1_1' title='bbox 549 292 693 352; x_wconf 72' lang='grc'>1545</span> 
     </span>
    </p>
   </div>
   <div class='ocr_carea' id='block_1_2' title="bbox 553 392 2130 488">
    <p class='ocr_par' dir='ltr' id='par_1_2' title="bbox 553 392 2130 488">
     <span class='ocr_line' id='line_1_2' title="bbox 553 392 2130 488; baseline 0.006 -22"><span class='ocrx_word' id='word_1_2' title='bbox 553 428 576 466; x_wconf 72' lang='grc' dir='ltr'><strong>ι</strong></span> <span class='ocrx_word' id='word_1_3' title='bbox 612 392 687 467; x_wconf 90' lang='lat' dir='ltr'><strong>Si</strong></span> <span class='ocrx_word' id='word_1_4' title='bbox 712 410 904 485; x_wconf 95' lang='lat' dir='ltr'><strong>linguis</strong></span> <span class='ocrx_word' id='word_1_5' title='bbox 943 412 1216 470; x_wconf 86' lang='lat' dir='ltr'><strong>hominum</strong></span> <span class='ocrx_word' id='word_1_6' title='bbox 1265 413 1453 486; x_wconf 89' lang='lat' dir='ltr'><strong>loquar</strong></span> <span class='ocrx_word' id='word_1_7' title='bbox 1476 426 1531 472; x_wconf 90' lang='lat' dir='ltr'><strong>et</strong></span> <span class='ocrx_word' id='word_1_8' title='bbox 1566 418 1913 488; x_wconf 84' lang='lat' dir='ltr'><strong>Angelorum,</strong></span> <span class='ocrx_word' id='word_1_9' title='bbox 1952 418 2130 475; x_wconf 89' lang='lat' dir='ltr'><strong>chari-</strong></span> 
     </span>
    </p>
   </div>
   <div class='ocr_carea' id='block_1_3' title="bbox 548 506 2132 572">
    <p class='ocr_par' dir='ltr' id='par_1_3' title="bbox 548 506 2132 572">
     <span class='ocr_line' id='line_1_3' title="bbox 548 506 2132 572; baseline 0.006 -16"><span class='ocrx_word' id='word_1_10' title='bbox 548 509 713 557; x_wconf 88' lang='lat' dir='ltr'><strong>tatem</strong></span> <span class='ocrx_word' id='word_1_11' title='bbox 740 512 915 559; x_wconf 90' lang='lat' dir='ltr'><strong>autem</strong></span> <span class='ocrx_word' id='word_1_12' title='bbox 945 521 1049 561; x_wconf 91' lang='lat' dir='ltr'><strong>non</strong></span> <span class='ocrx_word' id='word_1_13' title='bbox 1084 506 1327 572; x_wconf 82' lang='lat' dir='ltr'><strong>habeam,</strong></span> <span class='ocrx_word' id='word_1_14' title='bbox 1359 506 1529 563; x_wconf 86' lang='lat' dir='ltr'><strong>factus</strong></span> <span class='ocrx_word' id='word_1_15' title='bbox 1556 522 1674 569; x_wconf 87' lang='lat' dir='ltr'><strong>sum</strong></span> <span class='ocrx_word' id='word_1_16' title='bbox 1699 510 1842 564; x_wconf 92' lang='lat' dir='ltr'><strong>velut</strong></span> <span class='ocrx_word' id='word_1_17' title='bbox 1865 526 2132 566; x_wconf 85' lang='lat' dir='ltr'><strong>aeramen-</strong></span> 
     </span>
    </p>
   </div>
   <div class='ocr_carea' id='block_1_4' title="bbox 541 599 2135 673">
    <p class='ocr_par' dir='ltr' id='par_1_4' title="bbox 541 599 2135 673">
     <span class='ocr_line' id='line_1_4' title="bbox 541 599 2135 673; baseline 0.007 -23"><span class='ocrx_word' id='word_1_18' title='bbox 541 604 659 651; x_wconf 67' lang='lat' dir='ltr'><strong>“tum</strong></span> <span class='ocrx_word' id='word_1_19' title='bbox 677 610 893 663; x_wconf 89' lang='lat' dir='ltr'><strong>sonans,</strong></span> <span class='ocrx_word' id='word_1_20' title='bbox 909 599 1317 671; x_wconf 83' lang='lat' dir='ltr'><strong>autcymhalum</strong></span> <span class='ocrx_word' id='word_1_21' title='bbox 1342 601 1572 657; x_wconf 90' lang='lat' dir='ltr'><strong>tinniens</strong></span> <span class='ocrx_word' id='word_1_22' title='bbox 1602 621 1620 654; x_wconf 73' lang='grc' dir='ltr'><strong>ι</strong></span> <span class='ocrx_word' id='word_1_23' title='bbox 1649 601 1821 673; x_wconf 85' lang='lat' dir='ltr'><strong>(lCor.</strong></span> <span class='ocrx_word' id='word_1_24' title='bbox 1841 620 1956 670; x_wconf 73' lang='grc' dir='ltr'>χιιι,</span> <span class='ocrx_word' id='word_1_25' title='bbox 1977 605 2055 673; x_wconf 78' lang='grc'><strong>1).</strong></span> <span class='ocrx_word' id='word_1_26' title='bbox 2080 604 2135 661; x_wconf 89' lang='lat' dir='ltr'><strong>Si</strong></span> 
     </span>
    </p>
   </div>
   <div class='ocr_carea' id='block_1_5' title="bbox 554 690 2136 766">
    <p class='ocr_par' dir='ltr' id='par_1_5' title="bbox 554 690 2136 766">
     <span class='ocr_line' id='line_1_5' title="bbox 554 690 2136 766; baseline 0.007 -21"><span class='ocrx_word' id='word_1_27' title='bbox 554 702 679 759; x_wconf 75' lang='lat' dir='ltr'><strong>ergo</strong></span> <span class='ocrx_word' id='word_1_28' title='bbox 705 690 836 744; x_wconf 85' lang='lat' dir='ltr'><strong>nihil</strong></span> <span class='ocrx_word' id='word_1_29' title='bbox 862 693 1346 761; x_wconf 89' lang='lat' dir='ltr'><strong>supereminentius</strong></span> <span class='ocrx_word' id='word_1_30' title='bbox 1382 695 1433 749; x_wconf 90' lang='lat' dir='ltr'><strong>in</strong></span> <span class='ocrx_word' id='word_1_31' title='bbox 1460 695 1733 766; x_wconf 78' lang='lat' dir='ltr'><strong>Scriptura</strong></span> <span class='ocrx_word' id='word_1_32' title='bbox 1761 707 1942 753; x_wconf 85' lang='lat' dir='ltr'><strong>sancta</strong></span> <span class='ocrx_word' id='word_1_33' title='bbox 1988 699 2136 755; x_wconf 79' lang='lat' dir='ltr'><strong>inve-</strong></span> 
     </span>
    </p>
   </div>
   <div class='ocr_carea' id='block_1_6' title="bbox 555 780 2133 861">
    <p class='ocr_par' dir='ltr' id='par_1_6' title="bbox 555 780 2133 861">
     <span class='ocr_line' id='line_1_6' title="bbox 555 780 2133 861; baseline 0.008 -26"><span class='ocrx_word' id='word_1_34' title='bbox 555 780 653 835; x_wconf 92' lang='lat' dir='ltr'><strong>niri</strong></span> <span class='ocrx_word' id='word_1_35' title='bbox 694 790 869 851; x_wconf 90' lang='lat' dir='ltr'><strong>potest</strong></span> <span class='ocrx_word' id='word_1_36' title='bbox 913 799 1071 853; x_wconf 89' lang='lat' dir='ltr'><strong>quam</strong></span> <span class='ocrx_word' id='word_1_37' title='bbox 1101 783 1370 851; x_wconf 88' lang='lat' dir='ltr'><strong>charitas;</strong></span> <span class='ocrx_word' id='word_1_38' title='bbox 1414 789 1687 858; x_wconf 82' lang='lat' dir='ltr'><strong>superiora</strong></span> <span class='ocrx_word' id='word_1_39' title='bbox 1718 790 1839 845; x_wconf 76' lang='lat' dir='ltr'><strong>cteli</strong></span> <span class='ocrx_word' id='word_1_40' title='bbox 1865 790 2133 861; x_wconf 88' lang='lat' dir='ltr'><strong>quomodo</strong></span> 
     </span>
    </p>
   </div>
   <div class='ocr_carea' id='block_1_7' title="bbox 552 870 2134 952">
    <p class='ocr_par' dir='ltr' id='par_1_7' title="bbox 552 870 2134 952">
     <span class='ocr_line' id='line_1_7' title="bbox 552 870 2134 952; baseline 0.009 -28"><span class='ocrx_word' id='word_1_41' title='bbox 552 870 602 924; x_wconf 92' lang='lat' dir='ltr'><strong>in</strong></span> <span class='ocrx_word' id='word_1_42' title='bbox 636 871 787 941; x_wconf 81' lang='lat' dir='ltr'><strong>aquis</strong></span> <span class='ocrx_word' id='word_1_43' title='bbox 830 883 1197 943; x_wconf 87' lang='lat' dir='ltr'><strong>proteguntur,</strong></span> <span class='ocrx_word' id='word_1_44' title='bbox 1244 877 1288 931; x_wconf 88' lang='lat' dir='ltr'><strong>si</strong></span> <span class='ocrx_word' id='word_1_45' title='bbox 1333 878 1608 947; x_wconf 85' lang='lat' dir='ltr'><strong>superiora</strong></span> <span class='ocrx_word' id='word_1_46' title='bbox 1652 878 1944 951; x_wconf 67' lang='lat' dir='ltr'><strong>Scriptura:</strong></span> <span class='ocrx_word' id='word_1_47' title='bbox 1993 899 2134 952; x_wconf 57' lang='lat' dir='ltr'><strong>prae.</strong></span> 
     </span>
    </p>
   </div>
   <div class='ocr_carea' id='block_1_8' title="bbox 548 962 2132 1043">
    <p class='ocr_par' dir='ltr' id='par_1_8' title="bbox 548 962 2132 1043">
     <span class='ocr_line' id='line_1_8' title="bbox 548 962 2132 1043; baseline 0.009 -29"><span class='ocrx_word' id='word_1_48' title='bbox 548 970 702 1031; x_wconf 88' lang='lat' dir='ltr'><strong>cepta</strong></span> <span class='ocrx_word' id='word_1_49' title='bbox 723 962 995 1018; x_wconf 88' lang='lat' dir='ltr'><strong>charitatis</strong></span> <span class='ocrx_word' id='word_1_50' title='bbox 1020 968 1182 1021; x_wconf 86' lang='lat' dir='ltr'><strong>sunt?</strong></span> <span class='ocrx_word' id='word_1_51' title='bbox 1213 967 1346 1023; x_wconf 80' lang='lat' dir='ltr'><strong>Audi</strong></span> <span class='ocrx_word' id='word_1_52' title='bbox 1372 971 1819 1039; x_wconf 85' lang='lat' dir='ltr'><strong>quemadmodum</strong></span> <span class='ocrx_word' id='word_1_53' title='bbox 1843 992 1855 1031; x_wconf 77' lang='grc' dir='ltr'>ε</span> <span class='ocrx_word' id='word_1_54' title='bbox 1878 973 2132 1043; x_wconf 87' lang='lat' dir='ltr'><strong>Charitas,</strong></span> 
     </span>
    </p>
   </div>
   <div class='ocr_carea' id='block_1_9' title="bbox 548 1052 2135 1137">
    <p class='ocr_par' dir='ltr' id='par_1_9' title="bbox 548 1052 2135 1137">
     <span class='ocr_line' id='line_1_9' title="bbox 548 1052 2135 1137; baseline 0.011 -31"><span class='ocrx_word' id='word_1_55' title='bbox 548 1052 736 1123; x_wconf 89' lang='lat' dir='ltr'><strong>inquit,</strong></span> <span class='ocrx_word' id='word_1_56' title='bbox 770 1053 870 1110; x_wconf 81' lang='lat' dir='ltr'><strong>Dei</strong></span> <span class='ocrx_word' id='word_1_57' title='bbox 893 1057 1085 1125; x_wconf 77' lang='lat' dir='ltr'><strong>di/Tusa</strong></span> <span class='ocrx_word' id='word_1_58' title='bbox 1107 1069 1179 1114; x_wconf 85' lang='lat' dir='ltr'><strong>est</strong></span> <span class='ocrx_word' id='word_1_59' title='bbox 1206 1062 1258 1114; x_wconf 86' lang='lat' dir='ltr'><strong>in</strong></span> <span class='ocrx_word' id='word_1_60' title='bbox 1288 1062 1523 1117; x_wconf 79' lang='lat' dir='ltr'><strong>cordibus</strong></span> <span class='ocrx_word' id='word_1_61' title='bbox 1547 1065 1730 1121; x_wconf 81' lang='lat' dir='ltr'><strong>nostris</strong></span> <span class='ocrx_word' id='word_1_62' title='bbox 1756 1083 1845 1135; x_wconf 84' lang='lat' dir='ltr'><strong>per</strong></span> <span class='ocrx_word' id='word_1_63' title='bbox 1882 1066 2135 1137; x_wconf 76' lang='lat' dir='ltr'><strong>Spiritum</strong></span> 
     </span>
    </p>
   </div>
   <div class='ocr_carea' id='block_1_10' title="bbox 545 1149 2135 1226">
    <p class='ocr_par' dir='ltr' id='par_1_10' title="bbox 545 1149 2135 1226">
     <span class='ocr_line' id='line_1_10' title="bbox 545 1149 2135 1226; baseline 0.011 -28"><span class='ocrx_word' id='word_1_64' title='bbox 545 1155 793 1211; x_wconf 80' lang='lat' dir='ltr'><strong>sanctum,</strong></span> <span class='ocrx_word' id='word_1_65' title='bbox 822 1149 911 1218; x_wconf 85' lang='lat' dir='ltr'><strong>qui</strong></span> <span class='ocrx_word' id='word_1_66' title='bbox 937 1151 1084 1205; x_wconf 85' lang='lat' dir='ltr'><strong>datus</strong></span> <span class='ocrx_word' id='word_1_67' title='bbox 1117 1161 1191 1207; x_wconf 91' lang='lat' dir='ltr'><strong>est</strong></span> <span class='ocrx_word' id='word_1_68' title='bbox 1214 1153 1356 1208; x_wconf 85' lang='lat' dir='ltr'><strong>nobis</strong></span> <span class='ocrx_word' id='word_1_69' title='bbox 1386 1155 1560 1225; x_wconf 86' lang='lat' dir='ltr'><strong>(Rom.</strong></span> <span class='ocrx_word' id='word_1_70' title='bbox 1584 1172 1637 1221; x_wconf 78' lang='grc' dir='ltr'>ν,</span> <span class='ocrx_word' id='word_1_71' title='bbox 1671 1157 1749 1226; x_wconf 86' lang='lat'><strong>5).</strong></span> <span class='ocrx_word' id='word_1_72' title='bbox 1778 1158 1893 1213; x_wconf 80' lang='lat' dir='ltr'><strong>Jam</strong></span> <span class='ocrx_word' id='word_1_73' title='bbox 1920 1161 2135 1217; x_wconf 86' lang='lat' dir='ltr'><strong>nomine</strong></span> 
     </span>
    </p>
   </div>
   <div class='ocr_carea' id='block_1_11' title="bbox 545 1236 2131 1320">
    <p class='ocr_par' dir='ltr' id='par_1_11' title="bbox 545 1236 2131 1320">
     <span class='ocr_line' id='line_1_11' title="bbox 545 1236 2131 1320; baseline 0.012 -31"><span class='ocrx_word' id='word_1_74' title='bbox 545 1236 843 1293; x_wconf 77' lang='lat' dir='ltr'><strong>diﬂ‘usionis</strong></span> <span class='ocrx_word' id='word_1_75' title='bbox 870 1241 1103 1313; x_wconf 85' lang='lat' dir='ltr'><strong>intellige</strong></span> <span class='ocrx_word' id='word_1_76' title='bbox 1126 1259 1291 1315; x_wconf 86' lang='lat' dir='ltr'><strong>aquas</strong></span> <span class='ocrx_word' id='word_1_77' title='bbox 1320 1246 1371 1300; x_wconf 90' lang='lat' dir='ltr'><strong>in</strong></span> <span class='ocrx_word' id='word_1_78' title='bbox 1402 1247 1661 1304; x_wconf 86' lang='lat' dir='ltr'><strong>charitale</strong></span> <span class='ocrx_word' id='word_1_79' title='bbox 1687 1250 1917 1320; x_wconf 76' lang='lat' dir='ltr'><strong>Spiritus</strong></span> <span class='ocrx_word' id='word_1_80' title='bbox 1937 1254 2131 1308; x_wconf 78' lang='lat' dir='ltr'><strong>sancti.</strong></span> 
     </span>
    </p>
   </div>
   <div class='ocr_carea' id='block_1_12' title="bbox 547 1328 2136 1415">
    <p class='ocr_par' dir='ltr' id='par_1_12' title="bbox 547 1328 2136 1415">
     <span class='ocr_line' id='line_1_12' title="bbox 547 1328 2136 1415; baseline 0.012 -34"><span class='ocrx_word' id='word_1_81' title='bbox 547 1328 641 1382; x_wconf 59' lang='grc' dir='ltr'>ιτιεε</span> <span class='ocrx_word' id='word_1_82' title='bbox 663 1340 786 1385; x_wconf 91' lang='lat' dir='ltr'><strong>sunt</strong></span> <span class='ocrx_word' id='word_1_83' title='bbox 813 1346 983 1402; x_wconf 74' lang='lat' dir='ltr'><strong>aquae,</strong></span> <span class='ocrx_word' id='word_1_84' title='bbox 1016 1334 1084 1389; x_wconf 91' lang='lat' dir='ltr'><strong>de</strong></span> <span class='ocrx_word' id='word_1_85' title='bbox 1110 1337 1301 1406; x_wconf 86' lang='lat' dir='ltr'><strong>quibus</strong></span> <span class='ocrx_word' id='word_1_86' title='bbox 1331 1336 1526 1395; x_wconf 90' lang='lat' dir='ltr'><strong>dicitur</strong></span> <span class='ocrx_word' id='word_1_87' title='bbox 1559 1343 1612 1395; x_wconf 92' lang='lat' dir='ltr'><strong>in</strong></span> <span class='ocrx_word' id='word_1_88' title='bbox 1638 1342 1864 1412; x_wconf 86' lang='lat' dir='ltr'><strong>quadam</strong></span> <span class='ocrx_word' id='word_1_89' title='bbox 1895 1344 2136 1415; x_wconf 82' lang='lat' dir='ltr'><strong>Scriptu-</strong></span> 
     </span>
    </p>
   </div>
   <div class='ocr_carea' id='block_1_13' title="bbox 543 1421 2134 1501">
    <p class='ocr_par' dir='ltr' id='par_1_13' title="bbox 543 1421 2134 1501">
     <span class='ocr_line' id='line_1_13' title="bbox 543 1421 2134 1501; baseline 0.011 -28"><span class='ocrx_word' id='word_1_90' title='bbox 543 1434 602 1473; x_wconf 86' lang='lat' dir='ltr'><strong>ra</strong></span> <span class='ocrx_word' id='word_1_91' title='bbox 637 1438 649 1474; x_wconf 73' lang='grc' dir='ltr'><em>τ</em></span> <span class='ocrx_word' id='word_1_92' title='bbox 682 1421 748 1475; x_wconf 86' lang='lat' dir='ltr'><strong>Et</strong></span> <span class='ocrx_word' id='word_1_93' title='bbox 768 1423 819 1477; x_wconf 88' lang='lat' dir='ltr'><strong>in</strong></span> <span class='ocrx_word' id='word_1_94' title='bbox 851 1425 1030 1494; x_wconf 78' lang='lat' dir='ltr'><strong>plateis</strong></span> <span class='ocrx_word' id='word_1_95' title='bbox 1068 1429 1165 1482; x_wconf 88' lang='lat' dir='ltr'><strong>tuis</strong></span> <span class='ocrx_word' id='word_1_96' title='bbox 1185 1430 1471 1485; x_wconf 73' lang='lat' dir='ltr'><strong>discurrant</strong></span> <span class='ocrx_word' id='word_1_97' title='bbox 1498 1450 1645 1501; x_wconf 76' lang='lat' dir='ltr'><strong>aqua:</strong></span> <span class='ocrx_word' id='word_1_98' title='bbox 1672 1444 1804 1500; x_wconf 81' lang='lat' dir='ltr'><strong>tute;</strong></span> <span class='ocrx_word' id='word_1_99' title='bbox 1832 1452 1977 1491; x_wconf 88' lang='lat' dir='ltr'><strong>nemo</strong></span> <span class='ocrx_word' id='word_1_100' title='bbox 2006 1439 2134 1491; x_wconf 83' lang='lat' dir='ltr'><strong>alie-</strong></span> 
     </span>
    </p>
   </div>
   <div class='ocr_carea' id='block_1_14' title="bbox 544 1516 2132 1596">
    <p class='ocr_par' dir='ltr' id='par_1_14' title="bbox 544 1516 2132 1596">
     <span class='ocr_line' id='line_1_14' title="bbox 544 1516 2132 1596; baseline 0.014 -34"><span class='ocrx_word' id='word_1_101' title='bbox 544 1526 641 1564; x_wconf 86' lang='lat' dir='ltr'><strong>nus</strong></span> <span class='ocrx_word' id='word_1_102' title='bbox 669 1516 997 1570; x_wconf 75' lang='lat' dir='ltr'><strong>communicet</strong></span> <span class='ocrx_word' id='word_1_103' title='bbox 1039 1517 1127 1571; x_wconf 87' lang='lat' dir='ltr'><strong>tibi</strong></span> <span class='ocrx_word' id='word_1_104' title='bbox 1152 1518 1331 1591; x_wconf 84' lang='lat' dir='ltr'><strong>(Prov.</strong></span> <span class='ocrx_word' id='word_1_105' title='bbox 1382 1538 1432 1587; x_wconf 89' lang='lat' dir='ltr'><strong>v,</strong></span> <span class='ocrx_word' id='word_1_106' title='bbox 1463 1523 1530 1578; x_wconf 79' lang='grc'>16</span> <span class='ocrx_word' id='word_1_107' title='bbox 1554 1533 1600 1577; x_wconf 91' lang='lat' dir='ltr'><strong>et</strong></span> <span class='ocrx_word' id='word_1_108' title='bbox 1624 1525 1733 1596; x_wconf 79' lang='lat' dir='ltr'><strong>l7).</strong></span> <span class='ocrx_word' id='word_1_109' title='bbox 1784 1527 1956 1582; x_wconf 84' lang='lat' dir='ltr'><strong>Alieni</strong></span> <span class='ocrx_word' id='word_1_110' title='bbox 1990 1530 2132 1584; x_wconf 90' lang='lat' dir='ltr'><strong>enim</strong></span> 
     </span>
    </p>
   </div>
   <div class='ocr_carea' id='block_1_15' title="bbox 545 1606 2132 1684">
    <p class='ocr_par' dir='ltr' id='par_1_15' title="bbox 545 1606 2132 1684">
     <span class='ocr_line' id='line_1_15' title="bbox 545 1606 2132 1684; baseline 0.015 -31"><span class='ocrx_word' id='word_1_111' title='bbox 545 1616 733 1658; x_wconf 88' lang='lat' dir='ltr'><strong>omnes</strong></span> <span class='ocrx_word' id='word_1_112' title='bbox 768 1620 799 1659; x_wconf 89' lang='lat' dir='ltr'><strong>a</strong></span> <span class='ocrx_word' id='word_1_113' title='bbox 837 1606 918 1661; x_wconf 85' lang='lat' dir='ltr'><strong>via</strong></span> <span class='ocrx_word' id='word_1_114' title='bbox 946 1609 1207 1677; x_wconf 90' lang='lat' dir='ltr'><strong>veritatis,</strong></span> <span class='ocrx_word' id='word_1_115' title='bbox 1241 1612 1353 1668; x_wconf 86' lang='lat' dir='ltr'><strong>sive</strong></span> <span class='ocrx_word' id='word_1_116' title='bbox 1393 1613 1606 1684; x_wconf 87' lang='lat' dir='ltr'><strong>Pagani,</strong></span> <span class='ocrx_word' id='word_1_117' title='bbox 1642 1616 1754 1672; x_wconf 88' lang='lat' dir='ltr'><strong>sive</strong></span> <span class='ocrx_word' id='word_1_118' title='bbox 1794 1617 1985 1683; x_wconf 74' lang='lat' dir='ltr'><strong>Judzni,</strong></span> <span class='ocrx_word' id='word_1_119' title='bbox 2019 1621 2132 1677; x_wconf 84' lang='lat' dir='ltr'><strong>sive</strong></span> 
     </span>
    </p>
   </div>
   <div class='ocr_carea' id='block_1_16' title="bbox 550 1693 2131 1776">
    <p class='ocr_par' dir='ltr' id='par_1_16' title="bbox 550 1693 2131 1776">
     <span class='ocr_line' id='line_1_16' title="bbox 550 1693 2131 1776; baseline 0.014 -29"><span class='ocrx_word' id='word_1_120' title='bbox 550 1693 803 1762; x_wconf 75' lang='lat' dir='ltr'><strong>hmretici,</strong></span> <span class='ocrx_word' id='word_1_121' title='bbox 829 1710 882 1754; x_wconf 93' lang='lat' dir='ltr'><strong>et</strong></span> <span class='ocrx_word' id='word_1_122' title='bbox 907 1701 1029 1756; x_wconf 90' lang='lat' dir='ltr'><strong>mali</strong></span> <span class='ocrx_word' id='word_1_123' title='bbox 1053 1703 1248 1774; x_wconf 85' lang='lat' dir='ltr'><strong>quique</strong></span> <span class='ocrx_word' id='word_1_124' title='bbox 1269 1705 1565 1776; x_wconf 89' lang='lat' dir='ltr'><strong>christiani,</strong></span> <span class='ocrx_word' id='word_1_125' title='bbox 1591 1709 1787 1767; x_wconf 91' lang='lat' dir='ltr'><strong>habere</strong></span> <span class='ocrx_word' id='word_1_126' title='bbox 1808 1713 1970 1767; x_wconf 88' lang='lat' dir='ltr'><strong>multa</strong></span> <span class='ocrx_word' id='word_1_127' title='bbox 1992 1714 2131 1769; x_wconf 90' lang='lat' dir='ltr'><strong>dona</strong></span> 
     </span>
    </p>
   </div>
   <div class='ocr_carea' id='block_1_17' title="bbox 516 1792 2132 1878">
    <p class='ocr_par' dir='ltr' id='par_1_17' title="bbox 516 1792 2132 1878">
     <span class='ocr_line' id='line_1_17' title="bbox 516 1792 2132 1878; baseline 0.014 -39"><span class='ocrx_word' id='word_1_128' title='bbox 516 1801 793 1857; x_wconf 75' lang='lat' dir='ltr'><strong>&#39;possunt,</strong></span> <span class='ocrx_word' id='word_1_129' title='bbox 826 1792 1141 1850; x_wconf 88' lang='lat' dir='ltr'><strong>charitatem</strong></span> <span class='ocrx_word' id='word_1_130' title='bbox 1170 1813 1277 1853; x_wconf 94' lang='lat' dir='ltr'><strong>non</strong></span> <span class='ocrx_word' id='word_1_131' title='bbox 1318 1811 1558 1869; x_wconf 89' lang='lat' dir='ltr'><strong>possunt.</strong></span> <span class='ocrx_word' id='word_1_132' title='bbox 1602 1803 1715 1859; x_wconf 85' lang='lat' dir='ltr'><strong>Hoc</strong></span> <span class='ocrx_word' id='word_1_133' title='bbox 1755 1806 1927 1875; x_wconf 89' lang='lat' dir='ltr'><strong>ipsum</strong></span> <span class='ocrx_word' id='word_1_134' title='bbox 1967 1823 2132 1878; x_wconf 90' lang='lat' dir='ltr'><strong>quare</strong></span> 
     </span>
    </p>
   </div>
   <div class='ocr_carea' id='block_1_18' title="bbox 544 1880 2125 1965">
    <p class='ocr_par' dir='ltr' id='par_1_18' title="bbox 544 1880 2125 1965">
     <span class='ocr_line' id='line_1_18' title="bbox 544 1880 2125 1965; baseline 0.013 -32"><span class='ocrx_word' id='word_1_135' title='bbox 544 1880 744 1936; x_wconf 90' lang='lat' dir='ltr'><strong>donum</strong></span> <span class='ocrx_word' id='word_1_136' title='bbox 784 1884 904 1939; x_wconf 89' lang='lat' dir='ltr'><strong>est?</strong></span> <span class='ocrx_word' id='word_1_137' title='bbox 946 1894 1003 1940; x_wconf 90' lang='lat' dir='ltr'><strong>ut</strong></span> <span class='ocrx_word' id='word_1_138' title='bbox 1028 1902 1153 1942; x_wconf 48' lang='lat' dir='ltr'><strong>&#39;non</strong></span> <span class='ocrx_word' id='word_1_139' title='bbox 1200 1889 1485 1961; x_wconf 91' lang='lat' dir='ltr'><strong>loquamur</strong></span> <span class='ocrx_word' id='word_1_140' title='bbox 1528 1893 1597 1949; x_wconf 92' lang='lat' dir='ltr'><strong>de</strong></span> <span class='ocrx_word' id='word_1_141' title='bbox 1635 1895 1790 1952; x_wconf 87' lang='lat' dir='ltr'><strong>donis</strong></span> <span class='ocrx_word' id='word_1_142' title='bbox 1832 1898 1948 1952; x_wconf 90' lang='lat' dir='ltr'><strong>aliis</strong></span> <span class='ocrx_word' id='word_1_143' title='bbox 1980 1898 2125 1965; x_wconf 89' lang='lat' dir='ltr'><strong>foris,</strong></span> 
     </span>
    </p>
   </div>
   <div class='ocr_carea' id='block_1_19' title="bbox 543 1974 2130 2056">
    <p class='ocr_par' dir='ltr' id='par_1_19' title="bbox 543 1974 2130 2056">
     <span class='ocr_line' id='line_1_19' title="bbox 543 1974 2130 2056; baseline 0.014 -32"><span class='ocrx_word' id='word_1_144' title='bbox 543 1985 664 2041; x_wconf 69' lang='lat' dir='ltr'><strong>qua:</strong></span> <span class='ocrx_word' id='word_1_145' title='bbox 686 1974 822 2029; x_wconf 85' lang='lat' dir='ltr'><strong>dona</strong></span> <span class='ocrx_word' id='word_1_146' title='bbox 865 1976 1061 2033; x_wconf 84' lang='lat' dir='ltr'><strong>habent</strong></span> <span class='ocrx_word' id='word_1_147' title='bbox 1089 1994 1277 2035; x_wconf 90' lang='lat' dir='ltr'><strong>omnes</strong></span> <span class='ocrx_word' id='word_1_148' title='bbox 1316 1982 1592 2052; x_wconf 86' lang='lat' dir='ltr'><strong>homines,</strong></span> <span class='ocrx_word' id='word_1_149' title='bbox 1633 1988 1753 2056; x_wconf 90' lang='lat' dir='ltr'><strong>quia</strong></span> <span class='ocrx_word' id='word_1_150' title='bbox 1801 1987 1925 2043; x_wconf 88' lang='lat' dir='ltr'><strong>facit</strong></span> <span class='ocrx_word' id='word_1_151' title='bbox 1963 1992 2130 2046; x_wconf 87' lang='lat' dir='ltr'><strong>solem</strong></span> 
     </span>
    </p>
   </div>
   <div class='ocr_carea' id='block_1_20' title="bbox 545 2067 2130 2153">
    <p class='ocr_par' dir='ltr' id='par_1_20' title="bbox 545 2067 2130 2153">
     <span class='ocr_line' id='line_1_20' title="bbox 545 2067 2130 2153; baseline 0.014 -37"><span class='ocrx_word' id='word_1_152' title='bbox 545 2077 701 2120; x_wconf 88' lang='lat' dir='ltr'><strong>suum</strong></span> <span class='ocrx_word' id='word_1_153' title='bbox 723 2067 849 2144; x_wconf 85' lang='lat' dir='ltr'><strong>oriri</strong></span> <span class='ocrx_word' id='word_1_154' title='bbox 880 2083 1041 2138; x_wconf 87' lang='lat' dir='ltr'><strong>super</strong></span> <span class='ocrx_word' id='word_1_155' title='bbox 1064 2071 1233 2127; x_wconf 89' lang='lat' dir='ltr'><strong>honos</strong></span> <span class='ocrx_word' id='word_1_156' title='bbox 1253 2083 1308 2128; x_wconf 91' lang='lat' dir='ltr'><strong>et</strong></span> <span class='ocrx_word' id='word_1_157' title='bbox 1327 2076 1497 2132; x_wconf 91' lang='lat' dir='ltr'><strong>malos</strong></span> <span class='ocrx_word' id='word_1_158' title='bbox 1515 2078 1727 2144; x_wconf 84' lang='lat' dir='ltr'><strong>(Matth.</strong></span> <span class='ocrx_word' id='word_1_159' title='bbox 1754 2098 1806 2144; x_wconf 92' lang='lat' dir='ltr'><strong>v,</strong></span> <span class='ocrx_word' id='word_1_160' title='bbox 1835 2081 1926 2153; x_wconf 76' lang='grc'><strong>45)</strong></span> <span class='ocrx_word' id='word_1_161' title='bbox 1950 2102 1962 2136; x_wconf 90' lang='lat'><strong>:</strong></span> <span class='ocrx_word' id='word_1_162' title='bbox 1990 2083 2130 2138; x_wconf 88' lang='lat' dir='ltr'><strong>dona</strong></span> 
     </span>
    </p>
   </div>
   <div class='ocr_carea' id='block_1_21' title="bbox 544 2138 2126 2240">
    <p class='ocr_par' dir='ltr' id='par_1_21' title="bbox 544 2138 2126 2240">
     <span class='ocr_line' id='line_1_21' title="bbox 544 2138 2126 2240; baseline 0.013 -33"><span class='ocrx_word' id='word_1_163' title='bbox 544 2152 636 2208; x_wconf 85' lang='lat' dir='ltr'><strong>Dei</strong></span> <span class='ocrx_word' id='word_1_164' title='bbox 680 2138 905 2223; x_wconf 27' lang='lat' dir='ltr'><strong>sunt,&#39;et</strong></span> <span class='ocrx_word' id='word_1_165' title='bbox 935 2174 1042 2214; x_wconf 91' lang='lat' dir='ltr'><strong>non</strong></span> <span class='ocrx_word' id='word_1_166' title='bbox 1076 2169 1277 2218; x_wconf 87' lang='lat' dir='ltr'><strong>tantum</strong></span> <span class='ocrx_word' id='word_1_167' title='bbox 1312 2165 1467 2220; x_wconf 89' lang='lat' dir='ltr'><strong>bonis</strong></span> <span class='ocrx_word' id='word_1_168' title='bbox 1509 2174 1562 2222; x_wconf 89' lang='lat' dir='ltr'><strong>et</strong></span> <span class='ocrx_word' id='word_1_169' title='bbox 1604 2171 1757 2224; x_wconf 90' lang='lat' dir='ltr'><strong>malis</strong></span> <span class='ocrx_word' id='word_1_170' title='bbox 1801 2174 2126 2240; x_wconf 89' lang='lat' dir='ltr'><strong>communia,</strong></span> 
     </span>
    </p>
   </div>
   <div class='ocr_carea' id='block_1_22' title="bbox 542 2245 2126 2331">
    <p class='ocr_par' dir='ltr' id='par_1_22' title="bbox 542 2245 2126 2331">
     <span class='ocr_line' id='line_1_22' title="bbox 542 2245 2126 2331; baseline 0.014 -33"><span class='ocrx_word' id='word_1_171' title='bbox 542 2245 635 2299; x_wconf 85' lang='lat' dir='ltr'><strong>sed</strong></span> <span class='ocrx_word' id='word_1_172' title='bbox 666 2248 824 2302; x_wconf 86' lang='lat' dir='ltr'><strong>etiam</strong></span> <span class='ocrx_word' id='word_1_173' title='bbox 871 2250 1055 2307; x_wconf 82' lang='lat' dir='ltr'><strong>bestiis</strong></span> <span class='ocrx_word' id='word_1_174' title='bbox 1098 2262 1153 2307; x_wconf 87' lang='lat' dir='ltr'><strong>et</strong></span> <span class='ocrx_word' id='word_1_175' title='bbox 1201 2257 1502 2324; x_wconf 87' lang='lat' dir='ltr'><strong>pecoribus.</strong></span> <span class='ocrx_word' id='word_1_176' title='bbox 1546 2258 1719 2329; x_wconf 86' lang='lat' dir='ltr'><strong>Ipsum</strong></span> <span class='ocrx_word' id='word_1_177' title='bbox 1748 2275 1888 2327; x_wconf 87' lang='lat' dir='ltr'><strong>esse,</strong></span> <span class='ocrx_word' id='word_1_178' title='bbox 1921 2264 2126 2331; x_wconf 86' lang='lat' dir='ltr'><strong>vivere,</strong></span> 
     </span>
    </p>
   </div>
   <div class='ocr_carea' id='block_1_23' title="bbox 542 2335 2129 2424">
    <p class='ocr_par' dir='ltr' id='par_1_23' title="bbox 542 2335 2129 2424">
     <span class='ocr_line' id='line_1_23' title="bbox 542 2335 2129 2424; baseline 0.016 -37"><span class='ocrx_word' id='word_1_179' title='bbox 542 2335 745 2403; x_wconf 85' lang='lat' dir='ltr'><strong>videre,</strong></span> <span class='ocrx_word' id='word_1_180' title='bbox 774 2340 992 2407; x_wconf 90' lang='lat' dir='ltr'><strong>sentire,</strong></span> <span class='ocrx_word' id='word_1_181' title='bbox 1022 2343 1228 2413; x_wconf 89' lang='lat' dir='ltr'><strong>audire,</strong></span> <span class='ocrx_word' id='word_1_182' title='bbox 1254 2356 1309 2402; x_wconf 89' lang='lat' dir='ltr'><strong>et</strong></span> <span class='ocrx_word' id='word_1_183' title='bbox 1335 2351 1545 2405; x_wconf 80' lang='lat' dir='ltr'><strong>caeteris</strong></span> <span class='ocrx_word' id='word_1_184' title='bbox 1570 2350 1717 2424; x_wconf 87' lang='lat' dir='ltr'><strong>fungi</strong></span> <span class='ocrx_word' id='word_1_185' title='bbox 1742 2369 1995 2411; x_wconf 90' lang='lat' dir='ltr'><strong>sensuum</strong></span> <span class='ocrx_word' id='word_1_186' title='bbox 2015 2373 2129 2411; x_wconf 84' lang='lat' dir='ltr'><strong>mu-</strong></span> 
     </span>
    </p>
   </div>
   <div class='ocr_carea' id='block_1_24' title="bbox 542 2426 2129 2518">
    <p class='ocr_par' dir='ltr' id='par_1_24' title="bbox 542 2426 2129 2518">
     <span class='ocr_line' id='line_1_24' title="bbox 542 2426 2129 2518; baseline 0.016 -38"><span class='ocrx_word' id='word_1_187' title='bbox 542 2426 778 2494; x_wconf 88' lang='lat' dir='ltr'><strong>neribus,</strong></span> <span class='ocrx_word' id='word_1_188' title='bbox 806 2428 945 2486; x_wconf 90' lang='lat' dir='ltr'><strong>dona</strong></span> <span class='ocrx_word' id='word_1_189' title='bbox 983 2434 1078 2490; x_wconf 90' lang='lat' dir='ltr'><strong>Dei</strong></span> <span class='ocrx_word' id='word_1_190' title='bbox 1122 2447 1247 2491; x_wconf 88' lang='lat' dir='ltr'><strong>sunt</strong></span> <span class='ocrx_word' id='word_1_191' title='bbox 1274 2456 1287 2493; x_wconf 91' lang='lat'><strong>:</strong></span> <span class='ocrx_word' id='word_1_192' title='bbox 1322 2441 1417 2495; x_wconf 86' lang='lat' dir='ltr'><strong>sed</strong></span> <span class='ocrx_word' id='word_1_193' title='bbox 1453 2442 1630 2499; x_wconf 87' lang='lat' dir='ltr'><strong>videte</strong></span> <span class='ocrx_word' id='word_1_194' title='bbox 1661 2459 1779 2501; x_wconf 91' lang='lat' dir='ltr'><strong>cum</strong></span> <span class='ocrx_word' id='word_1_195' title='bbox 1810 2449 2054 2518; x_wconf 87' lang='lat' dir='ltr'><strong>qualibus</strong></span> <span class='ocrx_word' id='word_1_196' title='bbox 2076 2444 2129 2506; x_wconf 83' lang='lat' dir='ltr'><strong>et</strong></span> 
     </span>
    </p>
   </div>
   <div class='ocr_carea' id='block_1_25' title="bbox 538 2526 2195 2611">
    <p class='ocr_par' dir='ltr' id='par_1_25' title="bbox 538 2526 2195 2611">
     <span class='ocr_line' id='line_1_25' title="bbox 538 2526 2195 2611; baseline 0.016 -36"><span class='ocrx_word' id='word_1_197' title='bbox 538 2535 698 2590; x_wconf 89' lang='lat' dir='ltr'><strong>quam</strong></span> <span class='ocrx_word' id='word_1_198' title='bbox 729 2526 910 2582; x_wconf 89' lang='lat' dir='ltr'><strong>multis</strong></span> <span class='ocrx_word' id='word_1_199' title='bbox 939 2533 1263 2600; x_wconf 90' lang='lat' dir='ltr'><strong>communia,</strong></span> <span class='ocrx_word' id='word_1_200' title='bbox 1294 2542 1495 2590; x_wconf 90' lang='lat' dir='ltr'><strong>etcum</strong></span> <span class='ocrx_word' id='word_1_201' title='bbox 1537 2537 1616 2593; x_wconf 90' lang='lat' dir='ltr'><strong>eis</strong></span> <span class='ocrx_word' id='word_1_202' title='bbox 1642 2554 1776 2611; x_wconf 88' lang='lat' dir='ltr'><strong>quos</strong></span> <span class='ocrx_word' id='word_1_203' title='bbox 1823 2542 1960 2597; x_wconf 92' lang='lat' dir='ltr'><strong>nolis</strong></span> <span class='ocrx_word' id='word_1_204' title='bbox 2005 2543 2129 2599; x_wconf 88' lang='lat' dir='ltr'><strong>imi-</strong></span> <span class='ocrx_word' id='word_1_205' title='bbox 2180 2560 2195 2575; x_wconf 88' lang='grc'><strong>·</strong></span> 
     </span>
    </p>
   </div>
   <div class='ocr_carea' id='block_1_26' title="bbox 545 2614 2129 2702">
    <p class='ocr_par' dir='ltr' id='par_1_26' title="bbox 545 2614 2129 2702">
     <span class='ocr_line' id='line_1_26' title="bbox 545 2614 2129 2702; baseline 0.016 -36"><span class='ocrx_word' id='word_1_206' title='bbox 545 2614 667 2668; x_wconf 90' lang='lat' dir='ltr'><strong>tari.</strong></span> <span class='ocrx_word' id='word_1_207' title='bbox 701 2614 878 2686; x_wconf 88' lang='lat' dir='ltr'><strong>Ipsum</strong></span> <span class='ocrx_word' id='word_1_208' title='bbox 907 2618 1176 2690; x_wconf 85' lang='lat' dir='ltr'><strong>ingenium</strong></span> <span class='ocrx_word' id='word_1_209' title='bbox 1217 2635 1430 2681; x_wconf 90' lang='lat' dir='ltr'><strong>acutum</strong></span> <span class='ocrx_word' id='word_1_210' title='bbox 1461 2627 1658 2685; x_wconf 88' lang='lat' dir='ltr'><strong>habent</strong></span> <span class='ocrx_word' id='word_1_211' title='bbox 1700 2638 1755 2687; x_wconf 89' lang='lat' dir='ltr'><strong>et</strong></span> <span class='ocrx_word' id='word_1_212' title='bbox 1783 2635 1999 2702; x_wconf 90' lang='lat' dir='ltr'><strong>pessimi</strong></span> <span class='ocrx_word' id='word_1_213' title='bbox 2032 2635 2129 2690; x_wconf 88' lang='lat' dir='ltr'><strong>ho-</strong></span> 
     </span>
    </p>
   </div>
   <div class='ocr_carea' id='block_1_27' title="bbox 539 2707 2129 2801">
    <p class='ocr_par' dir='ltr' id='par_1_27' title="bbox 539 2707 2129 2801">
     <span class='ocr_line' id='line_1_27' title="bbox 539 2707 2129 2801; baseline 0.016 -41"><span class='ocrx_word' id='word_1_214' title='bbox 539 2707 734 2777; x_wconf 79' lang='lat' dir='ltr'><strong>mines,</strong></span> <span class='ocrx_word' id='word_1_215' title='bbox 763 2712 1012 2769; x_wconf 89' lang='lat' dir='ltr'><strong>solertem</strong></span> <span class='ocrx_word' id='word_1_216' title='bbox 1040 2717 1233 2772; x_wconf 88' lang='lat' dir='ltr'><strong>artium</strong></span> <span class='ocrx_word' id='word_1_217' title='bbox 1260 2719 1575 2778; x_wconf 84' lang='lat' dir='ltr'><strong>industriam</strong></span> <span class='ocrx_word' id='word_1_218' title='bbox 1620 2724 1817 2781; x_wconf 90' lang='lat' dir='ltr'><strong>habent</strong></span> <span class='ocrx_word' id='word_1_219' title='bbox 1850 2736 1903 2783; x_wconf 91' lang='lat' dir='ltr'><strong>et</strong></span> <span class='ocrx_word' id='word_1_220' title='bbox 1934 2730 2129 2801; x_wconf 82' lang='lat' dir='ltr'><strong>turpis-</strong></span> 
     </span>
    </p>
   </div>
   <div class='ocr_carea' id='block_1_28' title="bbox 539 2797 2125 2891">
    <p class='ocr_par' dir='ltr' id='par_1_28' title="bbox 539 2797 2125 2891">
     <span class='ocr_line' id='line_1_28' title="bbox 539 2797 2125 2891; baseline 0.015 -40"><span class='ocrx_word' id='word_1_221' title='bbox 539 2797 661 2853; x_wconf 87' lang='lat' dir='ltr'><strong>simi</strong></span> <span class='ocrx_word' id='word_1_222' title='bbox 709 2803 928 2871; x_wconf 85' lang='lat' dir='ltr'><strong>scenici,</strong></span> <span class='ocrx_word' id='word_1_223' title='bbox 972 2804 1183 2863; x_wconf 90' lang='lat' dir='ltr'><strong>divitias</strong></span> <span class='ocrx_word' id='word_1_224' title='bbox 1230 2808 1428 2866; x_wconf 87' lang='lat' dir='ltr'><strong>habent</strong></span> <span class='ocrx_word' id='word_1_225' title='bbox 1475 2821 1530 2868; x_wconf 91' lang='lat' dir='ltr'><strong>et</strong></span> <span class='ocrx_word' id='word_1_226' title='bbox 1571 2814 1831 2883; x_wconf 88' lang='lat' dir='ltr'><strong>latrones,</strong></span> <span class='ocrx_word' id='word_1_227' title='bbox 1859 2820 2125 2891; x_wconf 88' lang='lat' dir='ltr'><strong>conjugia,</strong></span> 
     </span>
    </p>
   </div>
   <div class='ocr_carea' id='block_1_29' title="bbox 542 2887 2124 2980">
    <p class='ocr_par' dir='ltr' id='par_1_29' title="bbox 542 2887 2124 2980">
     <span class='ocr_line' id='line_1_29' title="bbox 542 2887 2124 2980; baseline 0.016 -39"><span class='ocrx_word' id='word_1_228' title='bbox 542 2887 697 2956; x_wconf 81' lang='lat' dir='ltr'><strong>filios,</strong></span> <span class='ocrx_word' id='word_1_229' title='bbox 728 2892 878 2949; x_wconf 93' lang='lat' dir='ltr'><strong>multi</strong></span> <span class='ocrx_word' id='word_1_230' title='bbox 916 2897 1041 2955; x_wconf 84' lang='lat' dir='ltr'><strong>mali</strong></span> <span class='ocrx_word' id='word_1_231' title='bbox 1088 2898 1303 2957; x_wconf 82' lang='lat' dir='ltr'><strong>habent.</strong></span> <span class='ocrx_word' id='word_1_232' title='bbox 1350 2902 1573 2959; x_wconf 87' lang='lat' dir='ltr'><strong>Pulchra</strong></span> <span class='ocrx_word' id='word_1_233' title='bbox 1618 2906 1756 2962; x_wconf 90' lang='lat' dir='ltr'><strong>dona</strong></span> <span class='ocrx_word' id='word_1_234' title='bbox 1800 2909 1892 2965; x_wconf 91' lang='lat' dir='ltr'><strong>Dei</strong></span> <span class='ocrx_word' id='word_1_235' title='bbox 1923 2887 2124 2980; x_wconf 80' lang='lat' dir='ltr'><strong>omnia,</strong></span> 
     </span>
    </p>
   </div>
   <div class='ocr_carea' id='block_1_30' title="bbox 540 2987 2127 3072">
    <p class='ocr_par' dir='ltr' id='par_1_30' title="bbox 540 2987 2127 3072">
     <span class='ocr_line' id='line_1_30' title="bbox 540 2987 2127 3072; baseline 0.016 -40"><span class='ocrx_word' id='word_1_236' title='bbox 540 2993 699 3035; x_wconf 90' lang='lat' dir='ltr'><strong>nemo</strong></span> <span class='ocrx_word' id='word_1_237' title='bbox 724 2993 906 3054; x_wconf 88' lang='lat' dir='ltr'><strong>negat;</strong></span> <span class='ocrx_word' id='word_1_238' title='bbox 936 2987 1028 3042; x_wconf 89' lang='lat' dir='ltr'><strong>sed</strong></span> <span class='ocrx_word' id='word_1_239' title='bbox 1050 2989 1170 3045; x_wconf 88' lang='lat' dir='ltr'><strong>vide</strong></span> <span class='ocrx_word' id='word_1_240' title='bbox 1194 3006 1315 3046; x_wconf 90' lang='lat' dir='ltr'><strong>cum</strong></span> <span class='ocrx_word' id='word_1_241' title='bbox 1338 2993 1529 3062; x_wconf 89' lang='lat' dir='ltr'><strong>quibus</strong></span> <span class='ocrx_word' id='word_1_242' title='bbox 1550 2999 1873 3053; x_wconf 91' lang='lat' dir='ltr'><strong>communia.</strong></span> <span class='ocrx_word' id='word_1_243' title='bbox 1902 3000 2127 3072; x_wconf 80' lang='lat' dir='ltr'><strong>ReSpice</strong></span> 
     </span>
    </p>
   </div>
   <div class='ocr_carea' id='block_1_31' title="bbox 538 3071 2123 3150">
    <p class='ocr_par' dir='ltr' id='par_1_31' title="bbox 538 3071 2123 3150">
     <span class='ocr_line' id='line_1_31' title="bbox 538 3071 2123 3150; baseline 0.017 -27"><span class='ocrx_word' id='word_1_244' title='bbox 538 3071 605 3125; x_wconf 87' lang='lat' dir='ltr'><strong>ad</strong></span> <span class='ocrx_word' id='word_1_245' title='bbox 649 3087 867 3129; x_wconf 90' lang='lat' dir='ltr'><strong>munera</strong></span> <span class='ocrx_word' id='word_1_246' title='bbox 912 3077 1074 3147; x_wconf 89' lang='lat' dir='ltr'><strong>ipsius</strong></span> <span class='ocrx_word' id='word_1_247' title='bbox 1105 3079 1379 3138; x_wconf 68' lang='lat' dir='ltr'><strong>Ecclesize.</strong></span> <span class='ocrx_word' id='word_1_248' title='bbox 1420 3085 1610 3143; x_wconf 85' lang='lat' dir='ltr'><strong>Munus</strong></span> <span class='ocrx_word' id='word_1_249' title='bbox 1651 3088 2123 3150; x_wconf 88' lang='lat' dir='ltr'><strong>Sacramentorum</strong></span> 
     </span>
    </p>
   </div>
   <div class='ocr_carea' id='block_1_32' title="bbox 539 3161 2127 3246">
    <p class='ocr_par' dir='ltr' id='par_1_32' title="bbox 539 3161 2127 3246">
     <span class='ocr_line' id='line_1_32' title="bbox 539 3161 2127 3246; baseline 0.02 -29"><span class='ocrx_word' id='word_1_250' title='bbox 539 3161 591 3217; x_wconf 89' lang='lat' dir='ltr'><strong>in</strong></span> <span class='ocrx_word' id='word_1_251' title='bbox 627 3164 918 3238; x_wconf 86' lang='lat' dir='ltr'><strong>Baptismo,</strong></span> <span class='ocrx_word' id='word_1_252' title='bbox 952 3173 1002 3226; x_wconf 94' lang='lat' dir='ltr'><strong>in</strong></span> <span class='ocrx_word' id='word_1_253' title='bbox 1034 3174 1391 3246; x_wconf 90' lang='lat' dir='ltr'><strong>Eucharistia,</strong></span> <span class='ocrx_word' id='word_1_254' title='bbox 1432 3181 1495 3234; x_wconf 77' lang='lat' dir='ltr'><strong>&#39;in</strong></span> <span class='ocrx_word' id='word_1_255' title='bbox 1536 3186 1745 3240; x_wconf 62' lang='lat' dir='ltr'><strong>caeteris</strong></span> <span class='ocrx_word' id='word_1_256' title='bbox 1786 3190 1981 3244; x_wconf 86' lang='lat' dir='ltr'><strong>sanctis</strong></span> <span class='ocrx_word' id='word_1_257' title='bbox 2028 3190 2127 3246; x_wconf 90' lang='lat' dir='ltr'><strong>Sa-</strong></span> 
     </span>
    </p>
   </div>
   <div class='ocr_carea' id='block_1_33' title="bbox 536 3260 2126 3353">
    <p class='ocr_par' dir='ltr' id='par_1_33' title="bbox 536 3260 2126 3353">
     <span class='ocr_line' id='line_1_33' title="bbox 536 3260 2126 3353; baseline 0.021 -45"><span class='ocrx_word' id='word_1_258' title='bbox 536 3260 844 3328; x_wconf 90' lang='lat' dir='ltr'><strong>cramentis,</strong></span> <span class='ocrx_word' id='word_1_259' title='bbox 875 3265 1031 3334; x_wconf 90' lang='lat' dir='ltr'><strong>quale</strong></span> <span class='ocrx_word' id='word_1_260' title='bbox 1062 3282 1254 3325; x_wconf 91' lang='lat' dir='ltr'><strong>munus</strong></span> <span class='ocrx_word' id='word_1_261' title='bbox 1283 3273 1399 3327; x_wconf 82' lang='lat' dir='ltr'><strong>est?</strong></span> <span class='ocrx_word' id='word_1_262' title='bbox 1429 3273 1539 3330; x_wconf 85' lang='lat' dir='ltr'><strong>Hoc</strong></span> <span class='ocrx_word' id='word_1_263' title='bbox 1570 3293 1761 3334; x_wconf 89' lang='lat' dir='ltr'><strong>munus</strong></span> <span class='ocrx_word' id='word_1_264' title='bbox 1790 3280 2014 3353; x_wconf 90' lang='lat' dir='ltr'><strong>adeptus</strong></span> <span class='ocrx_word' id='word_1_265' title='bbox 2041 3296 2126 3343; x_wconf 88' lang='lat' dir='ltr'><strong>est</strong></span> 
     </span>
    </p>
   </div>
   <div class='ocr_carea' id='block_1_34' title="bbox 534 3347 2124 3442">
    <p class='ocr_par' dir='ltr' id='par_1_34' title="bbox 534 3347 2124 3442">
     <span class='ocr_line' id='line_1_34' title="bbox 534 3347 2124 3442; baseline 0.021 -42"><span class='ocrx_word' id='word_1_266' title='bbox 534 3356 590 3401; x_wconf 87' lang='lat' dir='ltr'><strong>et</strong></span> <span class='ocrx_word' id='word_1_267' title='bbox 614 3347 798 3406; x_wconf 89' lang='lat' dir='ltr'><strong>Simon</strong></span> <span class='ocrx_word' id='word_1_268' title='bbox 818 3368 999 3425; x_wconf 84' lang='lat' dir='ltr'><strong>magus</strong></span> <span class='ocrx_word' id='word_1_269' title='bbox 1018 3357 1155 3427; x_wconf 82' lang='lat' dir='ltr'><strong>(Act.</strong></span> <span class='ocrx_word' id='word_1_270' title='bbox 1181 3377 1289 3428; x_wconf 86' lang='lat' dir='ltr'><strong>vm,</strong></span> <span class='ocrx_word' id='word_1_271' title='bbox 1319 3364 1429 3436; x_wconf 69' lang='grc'><strong>15).</strong></span> <span class='ocrx_word' id='word_1_272' title='bbox 1454 3365 1737 3437; x_wconf 89' lang='lat' dir='ltr'><strong>Prophetia</strong></span> <span class='ocrx_word' id='word_1_273' title='bbox 1757 3347 1913 3442; x_wconf 78' lang='lat' dir='ltr'><strong>quale</strong></span> <span class='ocrx_word' id='word_1_274' title='bbox 1935 3392 2124 3435; x_wconf 90' lang='lat' dir='ltr'><strong>munus</strong></span> 
     </span>
    </p>
   </div>
   <div class='ocr_carea' id='block_1_35' title="bbox 535 3440 2123 3541">
    <p class='ocr_par' dir='ltr' id='par_1_35' title="bbox 535 3440 2123 3541">
     <span class='ocr_line' id='line_1_35' title="bbox 535 3440 2123 3541; baseline 0.021 -49"><span class='ocrx_word' id='word_1_275' title='bbox 535 3440 650 3494; x_wconf 86' lang='lat' dir='ltr'><strong>est?</strong></span> <span class='ocrx_word' id='word_1_276' title='bbox 680 3441 1016 3513; x_wconf 87' lang='lat' dir='ltr'><strong>Prophelavit</strong></span> <span class='ocrx_word' id='word_1_277' title='bbox 1045 3457 1099 3504; x_wconf 91' lang='lat' dir='ltr'><strong>et</strong></span> <span class='ocrx_word' id='word_1_278' title='bbox 1124 3442 1249 3507; x_wconf 74' lang='lat' dir='ltr'><strong>Saﬁl</strong></span> <span class='ocrx_word' id='word_1_279' title='bbox 1281 3456 1451 3514; x_wconf 89' lang='lat' dir='ltr'><strong>malus</strong></span> <span class='ocrx_word' id='word_1_280' title='bbox 1494 3474 1610 3524; x_wconf 84' lang='lat' dir='ltr'><strong>rex,</strong></span> <span class='ocrx_word' id='word_1_281' title='bbox 1646 3471 1701 3517; x_wconf 90' lang='lat' dir='ltr'><strong>ct</strong></span> <span class='ocrx_word' id='word_1_282' title='bbox 1737 3440 1863 3522; x_wconf 87' lang='lat' dir='ltr'><strong>tunc</strong></span> <span class='ocrx_word' id='word_1_283' title='bbox 1889 3470 2123 3541; x_wconf 89' lang='lat' dir='ltr'><strong>prophe-</strong></span> 
     </span>
    </p>
   </div>
   <div class='ocr_carea' id='block_1_36' title="bbox 538 3531 2121 3621">
    <p class='ocr_par' dir='ltr' id='par_1_36' title="bbox 538 3531 2121 3621">
     <span class='ocr_line' id='line_1_36' title="bbox 538 3531 2121 3621; baseline 0.024 -39"><span class='ocrx_word' id='word_1_284' title='bbox 538 3531 686 3595; x_wconf 87' lang='lat' dir='ltr'><strong>tavit,</strong></span> <span class='ocrx_word' id='word_1_285' title='bbox 720 3547 840 3589; x_wconf 92' lang='lat' dir='ltr'><strong>cum</strong></span> <span class='ocrx_word' id='word_1_286' title='bbox 869 3536 1032 3594; x_wconf 87' lang='lat' dir='ltr'><strong>David</strong></span> <span class='ocrx_word' id='word_1_287' title='bbox 1071 3554 1312 3601; x_wconf 89' lang='lat' dir='ltr'><strong>sanctum</strong></span> <span class='ocrx_word' id='word_1_288' title='bbox 1356 3564 1780 3621; x_wconf 85' lang='lat' dir='ltr'><strong>persequeretur.</strong></span> <span class='ocrx_word' id='word_1_289' title='bbox 1811 3531 2072 3619; x_wconf 46' lang='lat' dir='ltr'><strong>lnlend&#39;ite</strong></span> <span class='ocrx_word' id='word_1_290' title='bbox 2106 3582 2121 3620; x_wconf 90' lang='lat'><strong>:</strong></span> 
     </span>
    </p>
   </div>
   <div class='ocr_carea' id='block_1_37' title="bbox 536 3624 2121 3712">
    <p class='ocr_par' dir='ltr' id='par_1_37' title="bbox 536 3624 2121 3712">
     <span class='ocr_line' id='line_1_37' title="bbox 536 3624 2121 3712; baseline 0.024 -37"><span class='ocrx_word' id='word_1_291' title='bbox 536 3636 643 3677; x_wconf 90' lang='lat' dir='ltr'><strong>non</strong></span> <span class='ocrx_word' id='word_1_292' title='bbox 673 3624 801 3694; x_wconf 81' lang='lat' dir='ltr'><strong>dixi,</strong></span> <span class='ocrx_word' id='word_1_293' title='bbox 833 3643 952 3685; x_wconf 82' lang='lat' dir='ltr'><strong>cum</strong></span> <span class='ocrx_word' id='word_1_294' title='bbox 980 3646 1291 3701; x_wconf 86' lang='lat' dir='ltr'><strong>persecutus</strong></span> <span class='ocrx_word' id='word_1_295' title='bbox 1318 3641 1520 3700; x_wconf 90' lang='lat' dir='ltr'><strong>fuisset.</strong></span> <span class='ocrx_word' id='word_1_296' title='bbox 1546 3644 1807 3705; x_wconf 86' lang='lat' dir='ltr'><strong>Fortassis</strong></span> <span class='ocrx_word' id='word_1_297' title='bbox 1832 3656 1974 3709; x_wconf 89' lang='lat' dir='ltr'><strong>enim</strong></span> <span class='ocrx_word' id='word_1_298' title='bbox 2000 3672 2121 3712; x_wconf 93' lang='lat' dir='ltr'><strong>eum</strong></span> 
     </span>
    </p>
   </div>
   <div class='ocr_carea' id='block_1_38' title="bbox 534 3725 2122 3817">
    <p class='ocr_par' dir='ltr' id='par_1_38' title="bbox 534 3725 2122 3817">
     <span class='ocr_line' id='line_1_38' title="bbox 534 3725 2122 3817; baseline 0.023 -49"><span class='ocrx_word' id='word_1_299' title='bbox 534 3727 847 3785; x_wconf 87' lang='lat' dir='ltr'><strong>persecutus</strong></span> <span class='ocrx_word' id='word_1_300' title='bbox 877 3725 1241 3792; x_wconf 73' lang='lat' dir='ltr'><strong>ptenilentiam</strong></span> <span class='ocrx_word' id='word_1_301' title='bbox 1280 3735 1463 3803; x_wconf 78' lang='lat' dir='ltr'><strong>gessit,</strong></span> <span class='ocrx_word' id='word_1_302' title='bbox 1496 3746 1549 3792; x_wconf 88' lang='lat' dir='ltr'><strong>et</strong></span> <span class='ocrx_word' id='word_1_303' title='bbox 1576 3738 1763 3809; x_wconf 88' lang='lat' dir='ltr'><strong>dignus</strong></span> <span class='ocrx_word' id='word_1_304' title='bbox 1806 3742 1903 3799; x_wconf 88' lang='lat' dir='ltr'><strong>fuit</strong></span> <span class='ocrx_word' id='word_1_305' title='bbox 1934 3750 2122 3817; x_wconf 88' lang='lat' dir='ltr'><strong>spiritu</strong></span> 
     </span>
    </p>
   </div>
   <div class='ocr_carea' id='block_1_39' title="bbox 536 3806 2118 3907">
    <p class='ocr_par' dir='ltr' id='par_1_39' title="bbox 536 3806 2118 3907">
     <span class='ocr_line' id='line_1_39' title="bbox 536 3806 2118 3907; baseline 0.024 -50"><span class='ocrx_word' id='word_1_306' title='bbox 536 3806 909 3875; x_wconf 81' lang='lat' dir='ltr'><strong>praphetandi.</strong></span> <span class='ocrx_word' id='word_1_307' title='bbox 955 3813 1073 3871; x_wconf 86' lang='lat' dir='ltr'><strong>Non</strong></span> <span class='ocrx_word' id='word_1_308' title='bbox 1128 3832 1456 3893; x_wconf 87' lang='lat' dir='ltr'><strong>persecutus,</strong></span> <span class='ocrx_word' id='word_1_309' title='bbox 1505 3806 1678 3899; x_wconf 74' lang='lat' dir='ltr'><strong>neque</strong></span> <span class='ocrx_word' id='word_1_310' title='bbox 1725 3806 2118 3907; x_wconf 71' lang='lat' dir='ltr'><strong>persecuturus,</strong></span> 
     </span>
    </p>
   </div>
   <div class='ocr_carea' id='block_1_40' title="bbox 534 3897 2123 3996">
    <p class='ocr_par' dir='ltr' id='par_1_40' title="bbox 534 3897 2123 3996">
     <span class='ocr_line' id='line_1_40' title="bbox 534 3897 2123 3996; baseline 0.022 -44"><span class='ocrx_word' id='word_1_311' title='bbox 534 3897 629 3996; x_wconf 55' lang='lat' dir='ltr'><strong>sed</strong></span> <span class='ocrx_word' id='word_1_312' title='bbox 652 3914 974 3974; x_wconf 86' lang='lat' dir='ltr'><strong>persequens</strong></span> <span class='ocrx_word' id='word_1_313' title='bbox 1006 3911 1365 3983; x_wconf 88' lang='lat' dir='ltr'><strong>prophetavit.</strong></span> <span class='ocrx_word' id='word_1_314' title='bbox 1396 3917 1536 3973; x_wconf 84' lang='lat' dir='ltr'><strong>Misit</strong></span> <span class='ocrx_word' id='word_1_315' title='bbox 1569 3897 1635 3975; x_wconf 79' lang='lat' dir='ltr'><strong>ad</strong></span> <span class='ocrx_word' id='word_1_316' title='bbox 1665 3897 2123 3996; x_wconf 74' lang='lat' dir='ltr'><strong>comprehendan</strong></span> 
     </span>
    </p>
   </div>
   <div class='ocr_carea' id='block_1_41' title="bbox 530 3985 2119 4089">
    <p class='ocr_par' dir='ltr' id='par_1_41' title="bbox 530 3985 2119 4089">
     <span class='ocr_line' id='line_1_41' title="bbox 530 3985 2119 4089; baseline 0.023 -48"><span class='ocrx_word' id='word_1_317' title='bbox 530 3985 659 4043; x_wconf 92' lang='lat' dir='ltr'><strong>dum</strong></span> <span class='ocrx_word' id='word_1_318' title='bbox 682 3990 846 4048; x_wconf 83' lang='lat' dir='ltr'><strong>David</strong></span> <span class='ocrx_word' id='word_1_319' title='bbox 871 3997 1144 4056; x_wconf 87' lang='lat' dir='ltr'><strong>ministros</strong></span> <span class='ocrx_word' id='word_1_320' title='bbox 1168 4018 1294 4060; x_wconf 90' lang='lat' dir='ltr'><strong>suos</strong></span> <span class='ocrx_word' id='word_1_321' title='bbox 1319 4023 1332 4060; x_wconf 75' lang='grc' dir='ltr'><strong>ε</strong></span> <span class='ocrx_word' id='word_1_322' title='bbox 1356 4006 1519 4063; x_wconf 92' lang='lat' dir='ltr'><strong>David</strong></span> <span class='ocrx_word' id='word_1_323' title='bbox 1540 4026 1669 4066; x_wconf 89' lang='lat' dir='ltr'><strong>vero</strong></span> <span class='ocrx_word' id='word_1_324' title='bbox 1688 4029 1753 4069; x_wconf 90' lang='lat' dir='ltr'><strong>eo</strong></span> <span class='ocrx_word' id='word_1_325' title='bbox 1784 3985 2021 4089; x_wconf 76' lang='lat' dir='ltr'><strong>tempore</strong></span> <span class='ocrx_word' id='word_1_326' title='bbox 2042 4022 2119 4076; x_wconf 88' lang='lat' dir='ltr'><strong>in-</strong></span> 
     </span>
    </p>
   </div>
   <div class='ocr_carea' id='block_1_42' title="bbox 534 4085 2121 4180">
    <p class='ocr_par' dir='ltr' id='par_1_42' title="bbox 534 4085 2121 4180">
     <span class='ocr_line' id='line_1_42' title="bbox 534 4085 2121 4180; baseline 0.025 -47"><span class='ocrx_word' id='word_1_327' title='bbox 534 4088 617 4135; x_wconf 89' lang='lat' dir='ltr'><strong>ter</strong></span> <span class='ocrx_word' id='word_1_328' title='bbox 645 4085 934 4155; x_wconf 82' lang='lat' dir='ltr'><strong>prephetas</strong></span> <span class='ocrx_word' id='word_1_329' title='bbox 961 4101 1095 4159; x_wconf 88' lang='lat' dir='ltr'><strong>erat,</strong></span> <span class='ocrx_word' id='word_1_330' title='bbox 1130 4095 1217 4151; x_wconf 90' lang='lat' dir='ltr'><strong>ubi</strong></span> <span class='ocrx_word' id='word_1_331' title='bbox 1245 4108 1360 4154; x_wconf 89' lang='lat' dir='ltr'><strong>erat</strong></span> <span class='ocrx_word' id='word_1_332' title='bbox 1402 4112 1457 4157; x_wconf 90' lang='lat' dir='ltr'><strong>et</strong></span> <span class='ocrx_word' id='word_1_333' title='bbox 1503 4114 1719 4163; x_wconf 87' lang='lat' dir='ltr'><strong>sanctus</strong></span> <span class='ocrx_word' id='word_1_334' title='bbox 1746 4085 1993 4180; x_wconf 79' lang='lat' dir='ltr'><strong>Samuel;</strong></span> <span class='ocrx_word' id='word_1_335' title='bbox 2023 4116 2121 4171; x_wconf 82' lang='lat' dir='ltr'><strong>im-</strong></span> 
     </span>
    </p>
   </div>
   <div class='ocr_carea' id='block_1_43' title="bbox 532 4266 2117 4367">
    <p class='ocr_par' dir='ltr' id='par_1_43' title="bbox 532 4266 2117 4367">
     <span class='ocr_line' id='line_1_43' title="bbox 532 4266 2117 4367; baseline 0.025 -47"><span class='ocrx_word' id='word_1_336' title='bbox 532 4266 903 4337; x_wconf 87' lang='lat' dir='ltr'><strong>phetaverunt.</strong></span> <span class='ocrx_word' id='word_1_337' title='bbox 929 4276 1035 4332; x_wconf 88' lang='lat' dir='ltr'><strong>Sed</strong></span> <span class='ocrx_word' id='word_1_338' title='bbox 1065 4282 1198 4338; x_wconf 88' lang='lat' dir='ltr'><strong>forte</strong></span> <span class='ocrx_word' id='word_1_339' title='bbox 1224 4285 1363 4341; x_wconf 87' lang='lat' dir='ltr'><strong>bono</strong></span> <span class='ocrx_word' id='word_1_340' title='bbox 1394 4290 1465 4344; x_wconf 91' lang='lat' dir='ltr'><strong>illi</strong></span> <span class='ocrx_word' id='word_1_341' title='bbox 1509 4292 1688 4348; x_wconf 84' lang='lat' dir='ltr'><strong>animo</strong></span> <span class='ocrx_word' id='word_1_342' title='bbox 1715 4266 2005 4367; x_wconf 47' lang='lat' dir='ltr'><strong>venerant:</strong></span> <span class='ocrx_word' id='word_1_343' title='bbox 2031 4305 2117 4359; x_wconf 87' lang='lat' dir='ltr'><strong>vel</strong></span> 
     </span>
    </p>
   </div>
   <div class='ocr_carea' id='block_1_44' title="bbox 532 4359 2120 4465">
    <p class='ocr_par' dir='ltr' id='par_1_44' title="bbox 532 4359 2120 4465">
     <span class='ocr_line' id='line_1_44' title="bbox 532 4359 2120 4465; baseline 0.025 -52"><span class='ocrx_word' id='word_1_344' title='bbox 532 4359 601 4413; x_wconf 91' lang='lat' dir='ltr'><strong>ob</strong></span> <span class='ocrx_word' id='word_1_345' title='bbox 629 4367 999 4425; x_wconf 86' lang='lat' dir='ltr'><strong>necessitatem</strong></span> <span class='ocrx_word' id='word_1_346' title='bbox 1030 4372 1189 4429; x_wconf 79' lang='lat' dir='ltr'><strong>officii</strong></span> <span class='ocrx_word' id='word_1_347' title='bbox 1217 4384 1319 4446; x_wconf 87' lang='lat' dir='ltr'><strong>sui,</strong></span> <span class='ocrx_word' id='word_1_348' title='bbox 1354 4382 1437 4437; x_wconf 88' lang='lat' dir='ltr'><strong>vel</strong></span> <span class='ocrx_word' id='word_1_349' title='bbox 1477 4400 1582 4440; x_wconf 92' lang='lat' dir='ltr'><strong>non</strong></span> <span class='ocrx_word' id='word_1_350' title='bbox 1615 4386 1801 4443; x_wconf 85' lang='lat' dir='ltr'><strong>facturi</strong></span> <span class='ocrx_word' id='word_1_351' title='bbox 1832 4394 1972 4462; x_wconf 92' lang='lat' dir='ltr'><strong>quod</strong></span> <span class='ocrx_word' id='word_1_352' title='bbox 2003 4396 2120 4465; x_wconf 84' lang='lat' dir='ltr'><strong>jus-</strong></span> 
     </span>
    </p>
   </div>
   <div class='ocr_carea' id='block_1_45' title="bbox 532 4459 2118 4553">
    <p class='ocr_par' dir='ltr' id='par_1_45' title="bbox 532 4459 2118 4553">
     <span class='ocr_line' id='line_1_45' title="bbox 532 4459 2118 4553; baseline 0.024 -46"><span class='ocrx_word' id='word_1_353' title='bbox 532 4467 649 4507; x_wconf 88' lang='lat' dir='ltr'><strong>sum</strong></span> <span class='ocrx_word' id='word_1_354' title='bbox 679 4466 781 4513; x_wconf 92' lang='lat' dir='ltr'><strong>est.</strong></span> <span class='ocrx_word' id='word_1_355' title='bbox 813 4459 953 4516; x_wconf 81' lang='lat' dir='ltr'><strong>Misit</strong></span> <span class='ocrx_word' id='word_1_356' title='bbox 990 4473 1044 4519; x_wconf 91' lang='lat' dir='ltr'><strong>et</strong></span> <span class='ocrx_word' id='word_1_357' title='bbox 1085 4467 1218 4523; x_wconf 90' lang='lat' dir='ltr'><strong>alios</strong></span> <span class='ocrx_word' id='word_1_358' title='bbox 1250 4488 1263 4525; x_wconf 88' lang='lat'><strong>:</strong></span> <span class='ocrx_word' id='word_1_359' title='bbox 1293 4471 1393 4528; x_wconf 90' lang='lat' dir='ltr'><strong>hoc</strong></span> <span class='ocrx_word' id='word_1_360' title='bbox 1421 4484 1474 4530; x_wconf 89' lang='lat' dir='ltr'><strong>et</strong></span> <span class='ocrx_word' id='word_1_361' title='bbox 1520 4476 1572 4531; x_wconf 92' lang='lat' dir='ltr'><strong>in</strong></span> <span class='ocrx_word' id='word_1_362' title='bbox 1600 4478 1678 4534; x_wconf 91' lang='lat' dir='ltr'><strong>eis</strong></span> <span class='ocrx_word' id='word_1_363' title='bbox 1707 4459 1902 4538; x_wconf 81' lang='lat' dir='ltr'><strong>factum</strong></span> <span class='ocrx_word' id='word_1_364' title='bbox 1932 4459 2040 4553; x_wconf 73' lang='lat' dir='ltr'><strong>est;</strong></span> <span class='ocrx_word' id='word_1_365' title='bbox 2065 4496 2118 4544; x_wconf 88' lang='lat' dir='ltr'><strong>et</strong></span> 
     </span>
    </p>
   </div>
   <div class='ocr_carea' id='block_1_46' title="bbox 531 4548 2115 4638">
    <p class='ocr_par' dir='ltr' id='par_1_46' title="bbox 531 4548 2115 4638">
     <span class='ocr_line' id='line_1_46' title="bbox 531 4548 2115 4638; baseline 0.023 -40"><span class='ocrx_word' id='word_1_366' title='bbox 531 4557 715 4600; x_wconf 85' lang='lat' dir='ltr'><strong>eorum</strong></span> <span class='ocrx_word' id='word_1_367' title='bbox 762 4548 863 4605; x_wconf 90' lang='lat' dir='ltr'><strong>hoc</strong></span> <span class='ocrx_word' id='word_1_368' title='bbox 908 4555 1066 4611; x_wconf 88' lang='lat' dir='ltr'><strong>modo</strong></span> <span class='ocrx_word' id='word_1_369' title='bbox 1110 4559 1345 4617; x_wconf 88' lang='lat' dir='ltr'><strong>animtun</strong></span> <span class='ocrx_word' id='word_1_370' title='bbox 1392 4564 1823 4638; x_wconf 88' lang='lat' dir='ltr'><strong>interpretemur.</strong></span> <span class='ocrx_word' id='word_1_371' title='bbox 1864 4573 2000 4631; x_wconf 91' lang='lat' dir='ltr'><strong>Cum</strong></span> <span class='ocrx_word' id='word_1_372' title='bbox 2041 4578 2115 4634; x_wconf 89' lang='lat' dir='ltr'><strong>illi</strong></span> 
     </span>
    </p>
   </div>
   <div class='ocr_carea' id='block_1_47' title="bbox 532 4636 2114 4733">
    <p class='ocr_par' dir='ltr' id='par_1_47' title="bbox 532 4636 2114 4733">
     <span class='ocr_line' id='line_1_47' title="bbox 532 4636 2114 4733; baseline 0.023 -46"><span class='ocrx_word' id='word_1_373' title='bbox 532 4636 818 4706; x_wconf 83' lang='lat' dir='ltr'><strong>tardarent,</strong></span> <span class='ocrx_word' id='word_1_374' title='bbox 850 4644 994 4700; x_wconf 87' lang='lat' dir='ltr'><strong>venit</strong></span> <span class='ocrx_word' id='word_1_375' title='bbox 1034 4648 1145 4717; x_wconf 91' lang='lat' dir='ltr'><strong>ipse</strong></span> <span class='ocrx_word' id='word_1_376' title='bbox 1192 4650 1390 4719; x_wconf 89' lang='lat' dir='ltr'><strong>furens,</strong></span> <span class='ocrx_word' id='word_1_377' title='bbox 1423 4657 1681 4714; x_wconf 88' lang='lat' dir='ltr'><strong>anhelans</strong></span> <span class='ocrx_word' id='word_1_378' title='bbox 1722 4662 1945 4733; x_wconf 72' lang='lat' dir='ltr'><strong>cmdem,</strong></span> <span class='ocrx_word' id='word_1_379' title='bbox 1988 4681 2114 4724; x_wconf 71' lang='lat' dir='ltr'><strong>san—</strong></span> 
     </span>
    </p>
   </div>
   <div class='ocr_carea' id='block_1_48' title="bbox 529 4728 2115 4829">
    <p class='ocr_par' dir='ltr' id='par_1_48' title="bbox 529 4728 2115 4829">
     <span class='ocr_line' id='line_1_48' title="bbox 529 4728 2115 4829; baseline 0.023 -51"><span class='ocrx_word' id='word_1_380' title='bbox 529 4728 741 4795; x_wconf 88' lang='lat' dir='ltr'><strong>guinem</strong></span> <span class='ocrx_word' id='word_1_381' title='bbox 786 4734 971 4790; x_wconf 90' lang='lat' dir='ltr'><strong>sitiens</strong></span> <span class='ocrx_word' id='word_1_382' title='bbox 997 4738 1297 4797; x_wconf 89' lang='lat' dir='ltr'><strong>innocentis</strong></span> <span class='ocrx_word' id='word_1_383' title='bbox 1327 4749 1518 4813; x_wconf 88' lang='lat' dir='ltr'><strong>sancti,</strong></span> <span class='ocrx_word' id='word_1_384' title='bbox 1569 4751 1655 4805; x_wconf 91' lang='lat' dir='ltr'><strong>cui</strong></span> <span class='ocrx_word' id='word_1_385' title='bbox 1681 4753 1839 4808; x_wconf 87' lang='lat' dir='ltr'><strong>etiam</strong></span> <span class='ocrx_word' id='word_1_386' title='bbox 1877 4756 2115 4829; x_wconf 80' lang='lat' dir='ltr'><strong>ingratus</strong></span> 
     </span>
    </p>
   </div>
   <div class='ocr_carea' id='block_1_49' title="bbox 526 4824 2115 4921">
    <p class='ocr_par' dir='ltr' id='par_1_49' title="bbox 526 4824 2115 4921">
     <span class='ocr_line' id='line_1_49' title="bbox 526 4824 2115 4921; baseline 0.023 -51"><span class='ocrx_word' id='word_1_387' title='bbox 526 4829 669 4885; x_wconf 89' lang='lat' dir='ltr'><strong>erat;</strong></span> <span class='ocrx_word' id='word_1_388' title='bbox 699 4831 752 4876; x_wconf 92' lang='lat' dir='ltr'><strong>et</strong></span> <span class='ocrx_word' id='word_1_389' title='bbox 782 4824 896 4893; x_wconf 87' lang='lat' dir='ltr'><strong>ipse</strong></span> <span class='ocrx_word' id='word_1_390' title='bbox 925 4828 1174 4899; x_wconf 88' lang='lat' dir='ltr'><strong>impletus</strong></span> <span class='ocrx_word' id='word_1_391' title='bbox 1201 4844 1283 4889; x_wconf 91' lang='lat' dir='ltr'><strong>est</strong></span> <span class='ocrx_word' id='word_1_392' title='bbox 1310 4838 1496 4908; x_wconf 76' lang='lat' dir='ltr'><strong>spiritu</strong></span> <span class='ocrx_word' id='word_1_393' title='bbox 1525 4842 1896 4914; x_wconf 85' lang='lat' dir='ltr'><strong>prophetandi,</strong></span> <span class='ocrx_word' id='word_1_394' title='bbox 1915 4824 1968 4903; x_wconf 76' lang='lat' dir='ltr'><strong>et</strong></span> <span class='ocrx_word' id='word_1_395' title='bbox 1990 4860 2115 4921; x_wconf 84' lang='lat' dir='ltr'><strong>pro-</strong></span> 
     </span>
    </p>
   </div>
   <div class='ocr_carea' id='block_1_50' title="bbox 526 4909 2111 5013">
    <p class='ocr_par' dir='ltr' id='par_1_50' title="bbox 526 4909 2111 5013">
     <span class='ocr_line' id='line_1_50' title="bbox 526 4909 2111 5013; baseline 0.023 -53"><span class='ocrx_word' id='word_1_396' title='bbox 526 4909 761 4977; x_wconf 78' lang='lat' dir='ltr'><strong>plwtavit</strong></span> <span class='ocrx_word' id='word_1_397' title='bbox 790 4914 832 4985; x_wconf 91' lang='lat' dir='ltr'><strong>(l</strong></span> <span class='ocrx_word' id='word_1_398' title='bbox 858 4915 984 4989; x_wconf 82' lang='lat' dir='ltr'><strong>Reg.</strong></span> <span class='ocrx_word' id='word_1_399' title='bbox 1010 4936 1117 4988; x_wconf 79' lang='lat' dir='ltr'><strong>xix,</strong></span> <span class='ocrx_word' id='word_1_400' title='bbox 1153 4924 1364 4997; x_wconf 68' lang='lat'><strong>18-24).</strong></span> <span class='ocrx_word' id='word_1_401' title='bbox 1402 4928 1515 4984; x_wconf 88' lang='lat' dir='ltr'><strong>Non</strong></span> <span class='ocrx_word' id='word_1_402' title='bbox 1541 4909 1671 5003; x_wconf 83' lang='lat' dir='ltr'><strong>ergo</strong></span> <span class='ocrx_word' id='word_1_403' title='bbox 1709 4950 1768 4990; x_wconf 87' lang='lat' dir='ltr'><strong>se</strong></span> <span class='ocrx_word' id='word_1_404' title='bbox 1792 4909 2007 5007; x_wconf 46' lang='lat' dir='ltr'><strong>jactent.</strong></span> <span class='ocrx_word' id='word_1_405' title='bbox 2021 4938 2111 5013; x_wconf 87' lang='lat' dir='ltr'><strong>qui</strong></span> 
     </span>
    </p>
   </div>
   <div class='ocr_carea' id='block_1_51' title="bbox 531 5002 2107 5100">
    <p class='ocr_par' dir='ltr' id='par_1_51' title="bbox 531 5002 2107 5100">
     <span class='ocr_line' id='line_1_51' title="bbox 531 5002 2107 5100; baseline 0.026 -52"><span class='ocrx_word' id='word_1_406' title='bbox 531 5002 660 5065; x_wconf 79' lang='lat' dir='ltr'><strong>tmte</strong></span> <span class='ocrx_word' id='word_1_407' title='bbox 686 5006 801 5061; x_wconf 88' lang='lat' dir='ltr'><strong>sine</strong></span> <span class='ocrx_word' id='word_1_408' title='bbox 825 5008 1081 5067; x_wconf 80' lang='lat' dir='ltr'><strong>charitate</strong></span> <span class='ocrx_word' id='word_1_409' title='bbox 1102 5013 1385 5074; x_wconf 88' lang='lat' dir='ltr'><strong>habuerint</strong></span> <span class='ocrx_word' id='word_1_410' title='bbox 1407 5022 1507 5078; x_wconf 91' lang='lat' dir='ltr'><strong>hoc</strong></span> <span class='ocrx_word' id='word_1_411' title='bbox 1527 5002 1719 5081; x_wconf 85' lang='lat' dir='ltr'><strong>munus</strong></span> <span class='ocrx_word' id='word_1_412' title='bbox 1738 5002 1828 5083; x_wconf 81' lang='lat' dir='ltr'><strong>Dei</strong></span> <span class='ocrx_word' id='word_1_413' title='bbox 1845 5002 2107 5100; x_wconf 75' lang='lat' dir='ltr'><strong>sanctum,</strong></span> 
     </span>
    </p>
   </div>
   <div class='ocr_carea' id='block_1_52' title="bbox 528 5096 2111 5191">
    <p class='ocr_par' dir='ltr' id='par_1_52' title="bbox 528 5096 2111 5191">
     <span class='ocr_line' id='line_1_52' title="bbox 528 5096 2111 5191; baseline 0.023 -46"><span class='ocrx_word' id='word_1_414' title='bbox 528 5096 662 5150; x_wconf 66' lang='lat' dir='ltr'><strong>rit‘lll.</strong></span> <span class='ocrx_word' id='word_1_415' title='bbox 688 5110 929 5157; x_wconf 87' lang='lat' dir='ltr'><strong>sanctum</strong></span> <span class='ocrx_word' id='word_1_416' title='bbox 960 5106 1313 5177; x_wconf 86' lang='lat' dir='ltr'><strong>baptismum;</strong></span> <span class='ocrx_word' id='word_1_417' title='bbox 1345 5114 1439 5169; x_wconf 87' lang='lat' dir='ltr'><strong>sed</strong></span> <span class='ocrx_word' id='word_1_418' title='bbox 1470 5116 1685 5173; x_wconf 88' lang='lat' dir='ltr'><strong>videant</strong></span> <span class='ocrx_word' id='word_1_419' title='bbox 1710 5123 1919 5191; x_wconf 88' lang='lat' dir='ltr'><strong>qualem</strong></span> <span class='ocrx_word' id='word_1_420' title='bbox 1946 5127 2111 5181; x_wconf 50' lang='lat' dir='ltr'><strong>ratioc&#39;.</strong></span> 
     </span>
    </p>
   </div>
   <div class='ocr_carea' id='block_1_53' title="bbox 528 5192 2107 5279">
    <p class='ocr_par' dir='ltr' id='par_1_53' title="bbox 528 5192 2107 5279">
     <span class='ocr_line' id='line_1_53' title="bbox 528 5192 2107 5279; baseline 0.023 -42"><span class='ocrx_word' id='word_1_421' title='bbox 528 5204 645 5242; x_wconf 86' lang='lat' dir='ltr'><strong>m-m</strong></span> <span class='ocrx_word' id='word_1_422' title='bbox 680 5192 911 5250; x_wconf 86' lang='lat' dir='ltr'><strong>habituri</strong></span> <span class='ocrx_word' id='word_1_423' title='bbox 957 5209 1229 5257; x_wconf 89' lang='lat' dir='ltr'><strong>suntcum</strong></span> <span class='ocrx_word' id='word_1_424' title='bbox 1269 5204 1407 5273; x_wconf 87' lang='lat' dir='ltr'><strong>Deo,</strong></span> <span class='ocrx_word' id='word_1_425' title='bbox 1450 5209 1538 5279; x_wconf 91' lang='lat' dir='ltr'><strong>qui</strong></span> <span class='ocrx_word' id='word_1_426' title='bbox 1567 5215 1766 5267; x_wconf 88' lang='lat' dir='ltr'><strong>sanctis</strong></span> <span class='ocrx_word' id='word_1_427' title='bbox 1792 5229 1897 5271; x_wconf 88' lang='lat' dir='ltr'><strong>non</strong></span> <span class='ocrx_word' id='word_1_428' title='bbox 1924 5228 2107 5275; x_wconf 88' lang='lat' dir='ltr'><strong>sancte</strong></span> 
     </span>
    </p>
   </div>
   <div class='ocr_carea' id='block_1_54' title="bbox 528 5284 2106 5365">
    <p class='ocr_par' dir='ltr' id='par_1_54' title="bbox 528 5284 2106 5365">
     <span class='ocr_line' id='line_1_54' title="bbox 528 5284 2106 5365; baseline 0.02 -32"><span class='ocrx_word' id='word_1_429' title='bbox 528 5292 758 5338; x_wconf 84' lang='lat' dir='ltr'><strong>utuntur.</strong></span> <span class='ocrx_word' id='word_1_430' title='bbox 794 5284 871 5341; x_wconf 82' lang='lat' dir='ltr'><strong>Ex</strong></span> <span class='ocrx_word' id='word_1_431' title='bbox 895 5286 976 5344; x_wconf 91' lang='lat' dir='ltr'><strong>his</strong></span> <span class='ocrx_word' id='word_1_432' title='bbox 1002 5300 1161 5348; x_wconf 88' lang='lat' dir='ltr'><strong>erunt</strong></span> <span class='ocrx_word' id='word_1_433' title='bbox 1181 5297 1269 5365; x_wconf 91' lang='lat' dir='ltr'><strong>qui</strong></span> <span class='ocrx_word' id='word_1_434' title='bbox 1297 5296 1487 5354; x_wconf 87' lang='lat' dir='ltr'><strong>dicturi</strong></span> <span class='ocrx_word' id='word_1_435' title='bbox 1508 5312 1632 5357; x_wconf 91' lang='lat' dir='ltr'><strong>sunt</strong></span> <span class='ocrx_word' id='word_1_436' title='bbox 1664 5320 1680 5357; x_wconf 92' lang='lat'><strong>:</strong></span> <span class='ocrx_word' id='word_1_437' title='bbox 1708 5303 1774 5359; x_wconf 83' lang='lat' dir='ltr'><strong>In</strong></span> <span class='ocrx_word' id='word_1_438' title='bbox 1799 5308 2000 5362; x_wconf 84' lang='lat' dir='ltr'><strong>nomine</strong></span> <span class='ocrx_word' id='word_1_439' title='bbox 2019 5314 2106 5364; x_wconf 86' lang='lat' dir='ltr'><strong>tuo</strong></span> 
     </span>
    </p>
   </div>
   <div class='ocr_carea' id='block_1_55' title="bbox 521 5377 2104 5459">
    <p class='ocr_par' dir='ltr' id='par_1_55' title="bbox 521 5377 2104 5459">
     <span class='ocr_line' id='line_1_55' title="bbox 521 5377 2104 5459; baseline 0.021 -35"><span class='ocrx_word' id='word_1_440' title='bbox 521 5377 947 5445; x_wconf 71' lang='lat' dir='ltr'><strong>prop/:etavimus.</strong></span> <span class='ocrx_word' id='word_1_441' title='bbox 975 5382 1089 5439; x_wconf 87' lang='lat' dir='ltr'><strong>Non</strong></span> <span class='ocrx_word' id='word_1_442' title='bbox 1117 5387 1220 5442; x_wconf 90' lang='lat' dir='ltr'><strong>illis</strong></span> <span class='ocrx_word' id='word_1_443' title='bbox 1240 5389 1465 5459; x_wconf 89' lang='lat' dir='ltr'><strong>dicetur,</strong></span> <span class='ocrx_word' id='word_1_444' title='bbox 1482 5393 1808 5459; x_wconf 82' lang='lat' dir='ltr'><strong>Mentimini;</strong></span> <span class='ocrx_word' id='word_1_445' title='bbox 1837 5399 1930 5454; x_wconf 91' lang='lat' dir='ltr'><strong>sed</strong></span> <span class='ocrx_word' id='word_1_446' title='bbox 1957 5400 2104 5458; x_wconf 83' lang='lat' dir='ltr'><strong>dice-</strong></span> 
     </span>
    </p>
   </div>
   <div class='ocr_carea' id='block_1_56' title="bbox 519 5466 2103 5563">
    <p class='ocr_par' dir='ltr' id='par_1_56' title="bbox 519 5466 2103 5563">
     <span class='ocr_line' id='line_1_56' title="bbox 519 5466 2103 5563; baseline 0.018 -45"><span class='ocrx_word' id='word_1_447' title='bbox 519 5472 621 5523; x_wconf 86' lang='lat' dir='ltr'><strong>tur,</strong></span> <span class='ocrx_word' id='word_1_448' title='bbox 653 5466 773 5523; x_wconf 84' lang='lat' dir='ltr'><strong>Non</strong></span> <span class='ocrx_word' id='word_1_449' title='bbox 802 5474 914 5527; x_wconf 83' lang='lat' dir='ltr'><strong>novi</strong></span> <span class='ocrx_word' id='word_1_450' title='bbox 944 5492 1061 5541; x_wconf 84' lang='lat' dir='ltr'><strong>vos;</strong></span> <span class='ocrx_word' id='word_1_451' title='bbox 1090 5480 1306 5535; x_wconf 78' lang='lat' dir='ltr'><strong>recedite</strong></span> <span class='ocrx_word' id='word_1_452' title='bbox 1329 5499 1360 5535; x_wconf 90' lang='lat' dir='ltr'><strong>a</strong></span> <span class='ocrx_word' id='word_1_453' title='bbox 1380 5500 1477 5550; x_wconf 88' lang='lat' dir='ltr'><strong>me,</strong></span> <span class='ocrx_word' id='word_1_454' title='bbox 1505 5489 1591 5554; x_wconf 87' lang='lat' dir='ltr'><strong>qui</strong></span> <span class='ocrx_word' id='word_1_455' title='bbox 1617 5489 1895 5557; x_wconf 84' lang='lat' dir='ltr'><strong>operamini</strong></span> <span class='ocrx_word' id='word_1_456' title='bbox 1917 5491 2103 5563; x_wconf 83' lang='lat' dir='ltr'><strong>iniqui-</strong></span> 
     </span>
    </p>
   </div>
   <div class='ocr_carea' id='block_1_57' title="bbox 516 5559 2102 5657">
    <p class='ocr_par' dir='ltr' id='par_1_57' title="bbox 516 5559 2102 5657">
     <span class='ocr_line' id='line_1_57' title="bbox 516 5559 2102 5657; baseline 0.021 -50"><span class='ocrx_word' id='word_1_457' title='bbox 516 5564 665 5610; x_wconf 72' lang='lat' dir='ltr'><strong>tatem</strong></span> <span class='ocrx_word' id='word_1_458' title='bbox 691 5559 898 5629; x_wconf 75' lang='lat' dir='ltr'><strong>(Matth.</strong></span> <span class='ocrx_word' id='word_1_459' title='bbox 933 5580 1024 5630; x_wconf 84' lang='lat' dir='ltr'><strong>vn,</strong></span> <span class='ocrx_word' id='word_1_460' title='bbox 1051 5568 1141 5633; x_wconf 72' lang='lat' dir='ltr'><strong>ea,</strong></span> <span class='ocrx_word' id='word_1_461' title='bbox 1174 5570 1288 5639; x_wconf 68' lang='grc' dir='ltr'><strong>εδ).</strong></span> <span class='ocrx_word' id='word_1_462' title='bbox 1320 5574 1453 5641; x_wconf 83' lang='lat' dir='ltr'><strong>Quia</strong></span> <span class='ocrx_word' id='word_1_463' title='bbox 1475 5577 1518 5629; x_wconf 86' lang='lat' dir='ltr'><strong>si</strong></span> <span class='ocrx_word' id='word_1_464' title='bbox 1544 5578 1755 5633; x_wconf 80' lang='lat' dir='ltr'><strong>habeam</strong></span> <span class='ocrx_word' id='word_1_465' title='bbox 1775 5597 1972 5637; x_wconf 83' lang='lat' dir='ltr'><strong>omnem</strong></span> <span class='ocrx_word' id='word_1_466' title='bbox 1988 5559 2102 5657; x_wconf 53' lang='lat' dir='ltr'><strong>pro.</strong></span> 
     </span>
    </p>
   </div>
   <div class='ocr_carea' id='block_1_58' title="bbox 515 5651 2099 5752">
    <p class='ocr_par' dir='ltr' id='par_1_58' title="bbox 515 5651 2099 5752">
     <span class='ocr_line' id='line_1_58' title="bbox 515 5651 2099 5752; baseline 0.02 -52"><span class='ocrx_word' id='word_1_467' title='bbox 515 5651 756 5720; x_wconf 68' lang='lat' dir='ltr'><strong>plactiam,</strong></span> <span class='ocrx_word' id='word_1_468' title='bbox 802 5655 1095 5713; x_wconf 80' lang='lat' dir='ltr'><strong>cltaritatem</strong></span> <span class='ocrx_word' id='word_1_469' title='bbox 1129 5672 1294 5717; x_wconf 84' lang='lat' dir='ltr'><strong>autem</strong></span> <span class='ocrx_word' id='word_1_470' title='bbox 1339 5683 1439 5720; x_wconf 86' lang='lat' dir='ltr'><strong>non</strong></span> <span class='ocrx_word' id='word_1_471' title='bbox 1480 5668 1711 5738; x_wconf 80' lang='lat' dir='ltr'><strong>habeam,</strong></span> <span class='ocrx_word' id='word_1_472' title='bbox 1751 5674 1882 5728; x_wconf 79' lang='lat' dir='ltr'><strong>nihil</strong></span> <span class='ocrx_word' id='word_1_473' title='bbox 1914 5651 2028 5731; x_wconf 76' lang='lat' dir='ltr'><strong>sunt</strong></span> <span class='ocrx_word' id='word_1_474' title='bbox 2055 5678 2099 5752; x_wconf 83' lang='grc' dir='ltr'><strong>(Ι</strong></span> 
     </span>
    </p>
   </div>
   <div class='ocr_carea' id='block_1_59' title="bbox 515 5738 2094 5835">
    <p class='ocr_par' dir='ltr' id='par_1_59' title="bbox 515 5738 2094 5835">
     <span class='ocr_line' id='line_1_59' title="bbox 515 5738 2094 5835; baseline 0.018 -38"><span class='ocrx_word' id='word_1_475' title='bbox 515 5738 635 5797; x_wconf 86' lang='lat' dir='ltr'><strong>Cor.</strong></span> <span class='ocrx_word' id='word_1_476' title='bbox 663 5758 776 5813; x_wconf 81' lang='lat' dir='ltr'><strong>xm,</strong></span> <span class='ocrx_word' id='word_1_477' title='bbox 805 5745 883 5819; x_wconf 78' lang='lat'><strong>2).</strong></span> <span class='ocrx_word' id='word_1_478' title='bbox 917 5747 1255 5822; x_wconf 79' lang='lat' dir='ltr'><strong>PrOphetavit</strong></span> <span class='ocrx_word' id='word_1_479' title='bbox 1280 5764 1335 5813; x_wconf 90' lang='lat' dir='ltr'><strong>et</strong></span> <span class='ocrx_word' id='word_1_480' title='bbox 1358 5757 1507 5829; x_wconf 71' lang='lat' dir='ltr'><strong>Sail],</strong></span> <span class='ocrx_word' id='word_1_481' title='bbox 1533 5762 1631 5819; x_wconf 86' lang='lat' dir='ltr'><strong>sed</strong></span> <span class='ocrx_word' id='word_1_482' title='bbox 1646 5766 1967 5835; x_wconf 82' lang='lat' dir='ltr'><strong>operabatur</strong></span> <span class='ocrx_word' id='word_1_483' title='bbox 1992 5738 2094 5829; x_wconf 71' lang='lat' dir='ltr'><strong>ini-</strong></span> 
     </span>
    </p>
   </div>
   <div class='ocr_carea' id='block_1_60' title="bbox 1714 298 2553 381">
    <p class='ocr_par' dir='ltr' id='par_1_60' title="bbox 1714 298 2553 381">
     <span class='ocr_line' id='line_1_60' title="bbox 1714 298 2553 381; baseline 0.017 -27"><span class='ocrx_word' id='word_1_484' title='bbox 1714 380 1719 381; x_wconf 13' lang='grc' dir='ltr'>ί</span> <span class='ocrx_word' id='word_1_485' title='bbox 1754 298 1811 355; x_wconf 89' lang='lat' dir='ltr'><strong>s.</strong></span> <span class='ocrx_word' id='word_1_486' title='bbox 1844 298 2210 357; x_wconf 84' lang='lat' dir='ltr'><strong>AUGUSTINI</strong></span> <span class='ocrx_word' id='word_1_487' title='bbox 2248 302 2553 368; x_wconf 84' lang='lat' dir='ltr'><strong>EPISCOPI</strong></span> 
     </span>
    </p>
   </div>
   <div class='ocr_carea' id='block_1_61' title="bbox 3704 343 3847 421">
    <p class='ocr_par' dir='ltr' id='par_1_61' title="bbox 3704 343 3847 421">
     <span class='ocr_line' id='line_1_61' title="bbox 3704 343 3847 421; baseline 0.021 -20"><span class='ocrx_word' id='word_1_488' title='bbox 3704 343 3847 421; x_wconf 69' lang='grc' dir='ltr'>ιδιι</span> 
     </span>
    </p>
   </div>
   <div class='ocr_carea' id='block_1_62' title="bbox 2247 445 3845 552">
    <p class='ocr_par' dir='ltr' id='par_1_62' title="bbox 2247 445 3845 552">
     <span class='ocr_line' id='line_1_62' title="bbox 2247 445 3845 552; baseline 0.026 -54"><span class='ocrx_word' id='word_1_489' title='bbox 2247 445 2523 516; x_wconf 86' lang='lat' dir='ltr'><strong>quitatem.</strong></span> <span class='ocrx_word' id='word_1_490' title='bbox 2552 450 2683 519; x_wconf 89' lang='lat' dir='ltr'><strong>Quis</strong></span> <span class='ocrx_word' id='word_1_491' title='bbox 2723 463 2900 519; x_wconf 89' lang='lat' dir='ltr'><strong>autem</strong></span> <span class='ocrx_word' id='word_1_492' title='bbox 2924 472 3176 532; x_wconf 89' lang='lat' dir='ltr'><strong>operatur</strong></span> <span class='ocrx_word' id='word_1_493' title='bbox 3206 465 3559 542; x_wconf 88' lang='lat' dir='ltr'><strong>iniquitatem,</strong></span> <span class='ocrx_word' id='word_1_494' title='bbox 3605 477 3714 535; x_wconf 86' lang='lat' dir='ltr'><strong>nisi</strong></span> <span class='ocrx_word' id='word_1_495' title='bbox 3752 482 3845 552; x_wconf 87' lang='lat' dir='ltr'><strong>qui</strong></span> 
     </span>
    </p>
   </div>
   <div class='ocr_carea' id='block_1_63' title="bbox 2244 540 3840 647">
    <p class='ocr_par' dir='ltr' id='par_1_63' title="bbox 2244 540 3840 647">
     <span class='ocr_line' id='line_1_63' title="bbox 2244 540 3840 647; baseline 0.023 -52"><span class='ocrx_word' id='word_1_496' title='bbox 2244 552 2351 595; x_wconf 84' lang='lat' dir='ltr'><strong>non</strong></span> <span class='ocrx_word' id='word_1_497' title='bbox 2391 540 2633 599; x_wconf 86' lang='lat' dir='ltr'><strong>habuerit</strong></span> <span class='ocrx_word' id='word_1_498' title='bbox 2660 546 3008 607; x_wconf 85' lang='lat' dir='ltr'><strong>charitatem?</strong></span> <span class='ocrx_word' id='word_1_499' title='bbox 3048 555 3328 615; x_wconf 87' lang='lat' dir='ltr'><strong>Plenitudo</strong></span> <span class='ocrx_word' id='word_1_500' title='bbox 3352 565 3496 619; x_wconf 88' lang='lat' dir='ltr'><strong>enim</strong></span> <span class='ocrx_word' id='word_1_501' title='bbox 3526 540 3683 641; x_wconf 77' lang='lat' dir='ltr'><strong>Legis</strong></span> <span class='ocrx_word' id='word_1_502' title='bbox 3706 540 3840 647; x_wconf 46' lang='lat' dir='ltr'><strong>Cha:</strong></span> 
     </span>
    </p>
   </div>
   <div class='ocr_carea' id='block_1_64' title="bbox 2244 631 3839 736">
    <p class='ocr_par' dir='ltr' id='par_1_64' title="bbox 2244 631 3839 736">
     <span class='ocr_line' id='line_1_64' title="bbox 2244 631 3839 736; baseline 0.025 -52"><span class='ocrx_word' id='word_1_503' title='bbox 2244 631 2340 686; x_wconf 88' lang='lat' dir='ltr'><strong>rita</strong></span> <span class='ocrx_word' id='word_1_504' title='bbox 2348 633 2671 707; x_wconf 78' lang='lat' dir='ltr'><strong>s(Rom.xni,</strong></span> <span class='ocrx_word' id='word_1_505' title='bbox 2682 643 2702 696; x_wconf 86' lang='lat' dir='ltr'><strong>l</strong></span> <span class='ocrx_word' id='word_1_506' title='bbox 2714 644 2788 713; x_wconf 79' lang='grc' dir='ltr'><strong>Ο).</strong></span> <span class='ocrx_word' id='word_1_507' title='bbox 2800 644 2938 717; x_wconf 87' lang='lat' dir='ltr'><strong>Ergo</strong></span> <span class='ocrx_word' id='word_1_508' title='bbox 2948 654 3160 724; x_wconf 81' lang='lat' dir='ltr'><strong>protegit</strong></span> <span class='ocrx_word' id='word_1_509' title='bbox 3178 656 3228 709; x_wconf 90' lang='lat' dir='ltr'><strong>in</strong></span> <span class='ocrx_word' id='word_1_510' title='bbox 3246 659 3389 728; x_wconf 84' lang='lat' dir='ltr'><strong>aquis</strong></span> <span class='ocrx_word' id='word_1_511' title='bbox 3404 631 3667 732; x_wconf 57' lang='lat' dir='ltr'><strong>superiora</strong></span> <span class='ocrx_word' id='word_1_512' title='bbox 3681 668 3793 736; x_wconf 83' lang='lat' dir='ltr'><strong>ejus</strong></span> 
     </span>
    </p>
   </div>
   <div class='ocr_carea' id='block_1_65' title="bbox 2242 723 3843 821">
    <p class='ocr_par' dir='ltr' id='par_1_65' title="bbox 2242 723 3843 821">
     <span class='ocr_line' id='line_1_65' title="bbox 2242 723 3843 821; baseline 0.027 -46"><span class='ocrx_word' id='word_1_513' title='bbox 2242 723 2369 794; x_wconf 90' lang='lat' dir='ltr'><strong>quid</strong></span> <span class='ocrx_word' id='word_1_514' title='bbox 2387 724 2545 782; x_wconf 85' lang='lat' dir='ltr'><strong>dixit?</strong></span> <span class='ocrx_word' id='word_1_515' title='bbox 2561 729 2616 784; x_wconf 89' lang='lat' dir='ltr'><strong>ln</strong></span> <span class='ocrx_word' id='word_1_516' title='bbox 2632 736 2878 793; x_wconf 88' lang='lat' dir='ltr'><strong>omnibus</strong></span> <span class='ocrx_word' id='word_1_517' title='bbox 2893 723 3180 812; x_wconf 84' lang='lat' dir='ltr'><strong>Scripturis</strong></span> <span class='ocrx_word' id='word_1_518' title='bbox 3200 723 3843 821; x_wconf 69' lang='lat' dir='ltr'><strong>supereniiitentissimam</strong></span> 
     </span>
    </p>
   </div>
   <div class='ocr_carea' id='block_1_66' title="bbox 2246 815 3841 919">
    <p class='ocr_par' dir='ltr' id='par_1_66' title="bbox 2246 815 3841 919">
     <span class='ocr_line' id='line_1_66' title="bbox 2246 815 3841 919; baseline 0.025 -52"><span class='ocrx_word' id='word_1_519' title='bbox 2246 815 2408 885; x_wconf 89' lang='lat' dir='ltr'><strong>viam,</strong></span> <span class='ocrx_word' id='word_1_520' title='bbox 2438 825 3079 892; x_wconf 84' lang='lat' dir='ltr'><strong>superemincntissimnm</strong></span> <span class='ocrx_word' id='word_1_521' title='bbox 3121 837 3294 894; x_wconf 89' lang='lat' dir='ltr'><strong>locum</strong></span> <span class='ocrx_word' id='word_1_522' title='bbox 3333 841 3568 902; x_wconf 87' lang='lat' dir='ltr'><strong>charitas</strong></span> <span class='ocrx_word' id='word_1_523' title='bbox 3595 849 3841 919; x_wconf 87' lang='lat' dir='ltr'><strong>obtinet;</strong></span> 
     </span>
    </p>
   </div>
   <div class='ocr_carea' id='block_1_67' title="bbox 2243 911 3844 999">
    <p class='ocr_par' dir='ltr' id='par_1_67' title="bbox 2243 911 3844 999">
     <span class='ocr_line' id='line_1_67' title="bbox 2243 911 3844 999; baseline 0.025 -38"><span class='ocrx_word' id='word_1_524' title='bbox 2243 922 2352 963; x_wconf 91' lang='lat' dir='ltr'><strong>non</strong></span> <span class='ocrx_word' id='word_1_525' title='bbox 2364 911 2428 965; x_wconf 88' lang='lat' dir='ltr'><strong>ad</strong></span> <span class='ocrx_word' id='word_1_526' title='bbox 2450 928 2565 968; x_wconf 90' lang='lat' dir='ltr'><strong>eam</strong></span> <span class='ocrx_word' id='word_1_527' title='bbox 2590 919 2833 987; x_wconf 86' lang='lat' dir='ltr'><strong>aspirant</strong></span> <span class='ocrx_word' id='word_1_528' title='bbox 2848 924 2949 978; x_wconf 85' lang='lat' dir='ltr'><strong>nisi</strong></span> <span class='ocrx_word' id='word_1_529' title='bbox 2968 925 3111 993; x_wconf 91' lang='lat' dir='ltr'><strong>boni,</strong></span> <span class='ocrx_word' id='word_1_530' title='bbox 3132 929 3267 986; x_wconf 88' lang='lat' dir='ltr'><strong>hanc</strong></span> <span class='ocrx_word' id='word_1_531' title='bbox 3283 934 3557 993; x_wconf 86' lang='lat' dir='ltr'><strong>nobiscum</strong></span> <span class='ocrx_word' id='word_1_532' title='bbox 3574 955 3677 996; x_wconf 92' lang='lat' dir='ltr'><strong>non</strong></span> <span class='ocrx_word' id='word_1_533' title='bbox 3695 957 3844 999; x_wconf 82' lang='lat' dir='ltr'><strong>com-</strong></span> 
     </span>
    </p>
   </div>
   <div class='ocr_carea' id='block_1_68' title="bbox 2242 1002 3844 1104">
    <p class='ocr_par' dir='ltr' id='par_1_68' title="bbox 2242 1002 3844 1104">
     <span class='ocr_line' id='line_1_68' title="bbox 2242 1002 3844 1104; baseline 0.022 -49"><span class='ocrx_word' id='word_1_534' title='bbox 2242 1002 2515 1059; x_wconf 90' lang='lat' dir='ltr'><strong>municant</strong></span> <span class='ocrx_word' id='word_1_535' title='bbox 2531 1009 2683 1064; x_wconf 89' lang='lat' dir='ltr'><strong>mali:</strong></span> <span class='ocrx_word' id='word_1_536' title='bbox 2706 1025 2929 1082; x_wconf 90' lang='lat' dir='ltr'><strong>possunt</strong></span> <span class='ocrx_word' id='word_1_537' title='bbox 2944 1023 3339 1080; x_wconf 81' lang='lat' dir='ltr'><strong>communicare</strong></span> <span class='ocrx_word' id='word_1_538' title='bbox 3354 1027 3844 1104; x_wconf 76' lang='lat' dir='ltr'><strong>Baptismum,pos-</strong></span> 
     </span>
    </p>
   </div>
   <div class='ocr_carea' id='block_1_69' title="bbox 2242 1102 3846 1190">
    <p class='ocr_par' dir='ltr' id='par_1_69' title="bbox 2242 1102 3846 1190">
     <span class='ocr_line' id='line_1_69' title="bbox 2242 1102 3846 1190; baseline 0.022 -44"><span class='ocrx_word' id='word_1_539' title='bbox 2242 1102 2370 1148; x_wconf 88' lang='lat' dir='ltr'><strong>sunt</strong></span> <span class='ocrx_word' id='word_1_540' title='bbox 2396 1102 2790 1160; x_wconf 88' lang='lat' dir='ltr'><strong>communicare</strong></span> <span class='ocrx_word' id='word_1_541' title='bbox 2815 1116 3004 1163; x_wconf 58' lang='lat' dir='ltr'><strong>cetera</strong></span> <span class='ocrx_word' id='word_1_542' title='bbox 3037 1110 3399 1183; x_wconf 86' lang='lat' dir='ltr'><strong>Sacramenta,</strong></span> <span class='ocrx_word' id='word_1_543' title='bbox 3439 1132 3669 1190; x_wconf 88' lang='lat' dir='ltr'><strong>possunt</strong></span> <span class='ocrx_word' id='word_1_544' title='bbox 3694 1140 3846 1181; x_wconf 74' lang='lat' dir='ltr'><strong>com-</strong></span> 
     </span>
    </p>
   </div>
   <div class='ocr_carea' id='block_1_70' title="bbox 2241 1190 3846 1291">
    <p class='ocr_par' dir='ltr' id='par_1_70' title="bbox 2241 1190 3846 1291">
     <span class='ocr_line' id='line_1_70' title="bbox 2241 1190 3846 1291; baseline 0.022 -50"><span class='ocrx_word' id='word_1_545' title='bbox 2241 1190 2516 1248; x_wconf 89' lang='lat' dir='ltr'><strong>municare</strong></span> <span class='ocrx_word' id='word_1_546' title='bbox 2542 1199 2859 1268; x_wconf 89' lang='lat' dir='ltr'><strong>orationem,</strong></span> <span class='ocrx_word' id='word_1_547' title='bbox 2891 1216 3113 1273; x_wconf 89' lang='lat' dir='ltr'><strong>possunt</strong></span> <span class='ocrx_word' id='word_1_548' title='bbox 3158 1215 3559 1274; x_wconf 86' lang='lat' dir='ltr'><strong>communicare</strong></span> <span class='ocrx_word' id='word_1_549' title='bbox 3586 1218 3721 1275; x_wconf 87' lang='lat' dir='ltr'><strong>istos</strong></span> <span class='ocrx_word' id='word_1_550' title='bbox 3748 1236 3846 1291; x_wconf 87' lang='lat' dir='ltr'><strong>pa-</strong></span> 
     </span>
    </p>
   </div>
   <div class='ocr_carea' id='block_1_71' title="bbox 2241 1282 3843 1371">
    <p class='ocr_par' dir='ltr' id='par_1_71' title="bbox 2241 1282 3843 1371">
     <span class='ocr_line' id='line_1_71' title="bbox 2241 1282 3843 1371; baseline 0.022 -35"><span class='ocrx_word' id='word_1_551' title='bbox 2241 1282 2423 1347; x_wconf 87' lang='lat' dir='ltr'><strong>rietes,</strong></span> <span class='ocrx_word' id='word_1_552' title='bbox 2454 1296 2506 1339; x_wconf 90' lang='lat' dir='ltr'><strong>et</strong></span> <span class='ocrx_word' id='word_1_553' title='bbox 2534 1286 2686 1344; x_wconf 88' lang='lat' dir='ltr'><strong>istam</strong></span> <span class='ocrx_word' id='word_1_554' title='bbox 2720 1294 3186 1370; x_wconf 88' lang='lat' dir='ltr'><strong>conjunctionem;</strong></span> <span class='ocrx_word' id='word_1_555' title='bbox 3212 1306 3527 1366; x_wconf 88' lang='lat' dir='ltr'><strong>charitatem</strong></span> <span class='ocrx_word' id='word_1_556' title='bbox 3559 1314 3843 1371; x_wconf 85' lang='lat' dir='ltr'><strong>nobiscum</strong></span> 
     </span>
    </p>
   </div>
   <div class='ocr_carea' id='block_1_72' title="bbox 2241 1386 3845 1474">
    <p class='ocr_par' dir='ltr' id='par_1_72' title="bbox 2241 1386 3845 1474">
     <span class='ocr_line' id='line_1_72' title="bbox 2241 1386 3845 1474; baseline 0.022 -43"><span class='ocrx_word' id='word_1_557' title='bbox 2241 1390 2347 1431; x_wconf 88' lang='lat' dir='ltr'><strong>non</strong></span> <span class='ocrx_word' id='word_1_558' title='bbox 2376 1386 2791 1440; x_wconf 80' lang='lat' dir='ltr'><strong>communicant.</strong></span> <span class='ocrx_word' id='word_1_559' title='bbox 2826 1387 2942 1459; x_wconf 87' lang='lat' dir='ltr'><strong>Ipse</strong></span> <span class='ocrx_word' id='word_1_560' title='bbox 2970 1404 3053 1448; x_wconf 89' lang='lat' dir='ltr'><strong>est</strong></span> <span class='ocrx_word' id='word_1_561' title='bbox 3079 1396 3220 1452; x_wconf 90' lang='lat' dir='ltr'><strong>enim</strong></span> <span class='ocrx_word' id='word_1_562' title='bbox 3250 1400 3368 1458; x_wconf 85' lang='lat' dir='ltr'><strong>fons</strong></span> <span class='ocrx_word' id='word_1_563' title='bbox 3396 1406 3645 1474; x_wconf 89' lang='lat' dir='ltr'><strong>proprius</strong></span> <span class='ocrx_word' id='word_1_564' title='bbox 3677 1408 3845 1465; x_wconf 84' lang='lat' dir='ltr'><strong>bono-</strong></span> 
     </span>
    </p>
   </div>
   <div class='ocr_carea' id='block_1_73' title="bbox 2240 1472 3843 1557">
    <p class='ocr_par' dir='ltr' id='par_1_73' title="bbox 2240 1472 3843 1557">
     <span class='ocr_line' id='line_1_73' title="bbox 2240 1472 3843 1557; baseline 0.021 -36"><span class='ocrx_word' id='word_1_565' title='bbox 2240 1481 2379 1535; x_wconf 87' lang='lat' dir='ltr'><strong>rum,</strong></span> <span class='ocrx_word' id='word_1_566' title='bbox 2412 1472 2657 1540; x_wconf 91' lang='lat' dir='ltr'><strong>proprius</strong></span> <span class='ocrx_word' id='word_1_567' title='bbox 2682 1486 3009 1548; x_wconf 84' lang='lat' dir='ltr'><strong>sanctorum,</strong></span> <span class='ocrx_word' id='word_1_568' title='bbox 3039 1484 3105 1539; x_wconf 91' lang='lat' dir='ltr'><strong>de</strong></span> <span class='ocrx_word' id='word_1_569' title='bbox 3130 1503 3236 1557; x_wconf 89' lang='lat' dir='ltr'><strong>quo</strong></span> <span class='ocrx_word' id='word_1_570' title='bbox 3261 1489 3455 1547; x_wconf 90' lang='lat' dir='ltr'><strong>dicitur</strong></span> <span class='ocrx_word' id='word_1_571' title='bbox 3478 1472 3686 1555; x_wconf 17' lang='lat' dir='ltr'><strong>:‘Nemo</strong></span> <span class='ocrx_word' id='word_1_572' title='bbox 3715 1500 3843 1554; x_wconf 84' lang='lat' dir='ltr'><strong>alie-</strong></span> 
     </span>
    </p>
   </div>
   <div class='ocr_carea' id='block_1_74' title="bbox 2239 1567 3842 1660">
    <p class='ocr_par' dir='ltr' id='par_1_74' title="bbox 2239 1567 3842 1660">
     <span class='ocr_line' id='line_1_74' title="bbox 2239 1567 3842 1660; baseline 0.022 -47"><span class='ocrx_word' id='word_1_573' title='bbox 2239 1575 2337 1615; x_wconf 87' lang='lat' dir='ltr'><strong>nus</strong></span> <span class='ocrx_word' id='word_1_574' title='bbox 2376 1567 2707 1622; x_wconf 85' lang='lat' dir='ltr'><strong>communicet</strong></span> <span class='ocrx_word' id='word_1_575' title='bbox 2738 1571 2844 1624; x_wconf 79' lang='lat' dir='ltr'><strong>tibi.</strong></span> <span class='ocrx_word' id='word_1_576' title='bbox 2875 1573 2974 1639; x_wconf 86' lang='lat' dir='ltr'><strong>Qui</strong></span> <span class='ocrx_word' id='word_1_577' title='bbox 3003 1587 3126 1632; x_wconf 93' lang='lat' dir='ltr'><strong>sunt</strong></span> <span class='ocrx_word' id='word_1_578' title='bbox 3151 1581 3351 1637; x_wconf 87' lang='lat' dir='ltr'><strong>alieni?</strong></span> <span class='ocrx_word' id='word_1_579' title='bbox 3378 1585 3579 1643; x_wconf 89' lang='lat' dir='ltr'><strong>Omnes</strong></span> <span class='ocrx_word' id='word_1_580' title='bbox 3619 1591 3710 1660; x_wconf 89' lang='lat' dir='ltr'><strong>qui</strong></span> <span class='ocrx_word' id='word_1_581' title='bbox 3741 1605 3842 1646; x_wconf 80' lang='lat' dir='ltr'><strong>au.-</strong></span> 
     </span>
    </p>
   </div>
   <div class='ocr_carea' id='block_1_75' title="bbox 2239 1648 3841 1749">
    <p class='ocr_par' dir='ltr' id='par_1_75' title="bbox 2239 1648 3841 1749">
     <span class='ocr_line' id='line_1_75' title="bbox 2239 1648 3841 1749; baseline 0.021 -44"><span class='ocrx_word' id='word_1_582' title='bbox 2239 1648 2410 1718; x_wconf 92' lang='lat' dir='ltr'><strong>diunt,</strong></span> <span class='ocrx_word' id='word_1_583' title='bbox 2441 1652 2563 1709; x_wconf 90' lang='lat' dir='ltr'><strong>Non</strong></span> <span class='ocrx_word' id='word_1_584' title='bbox 2589 1659 2707 1713; x_wconf 87' lang='lat' dir='ltr'><strong>novi</strong></span> <span class='ocrx_word' id='word_1_585' title='bbox 2748 1677 2851 1717; x_wconf 84' lang='lat' dir='ltr'><strong>vos.</strong></span> <span class='ocrx_word' id='word_1_586' title='bbox 2882 1663 2936 1719; x_wconf 88' lang='lat' dir='ltr'><strong>Si</strong></span> <span class='ocrx_word' id='word_1_587' title='bbox 2970 1669 3110 1722; x_wconf 91' lang='lat' dir='ltr'><strong>enim</strong></span> <span class='ocrx_word' id='word_1_588' title='bbox 3143 1686 3249 1727; x_wconf 89' lang='lat' dir='ltr'><strong>non</strong></span> <span class='ocrx_word' id='word_1_589' title='bbox 3288 1688 3701 1749; x_wconf 88' lang='lat' dir='ltr'><strong>cognoscuntur,</strong></span> <span class='ocrx_word' id='word_1_590' title='bbox 3732 1682 3841 1737; x_wconf 91' lang='lat' dir='ltr'><strong>uti-</strong></span> 
     </span>
    </p>
   </div>
   <div class='ocr_carea' id='block_1_76' title="bbox 2238 1744 3841 1845">
    <p class='ocr_par' dir='ltr' id='par_1_76' title="bbox 2238 1744 3841 1845">
     <span class='ocr_line' id='line_1_76' title="bbox 2238 1744 3841 1845; baseline 0.022 -49"><span class='ocrx_word' id='word_1_591' title='bbox 2238 1757 2344 1812; x_wconf 91' lang='lat' dir='ltr'><strong>que</strong></span> <span class='ocrx_word' id='word_1_592' title='bbox 2373 1744 2532 1801; x_wconf 90' lang='lat' dir='ltr'><strong>alieni</strong></span> <span class='ocrx_word' id='word_1_593' title='bbox 2572 1759 2715 1815; x_wconf 89' lang='lat' dir='ltr'><strong>sunt,</strong></span> <span class='ocrx_word' id='word_1_594' title='bbox 2751 1755 2945 1823; x_wconf 86' lang='lat' dir='ltr'><strong>quibus</strong></span> <span class='ocrx_word' id='word_1_595' title='bbox 2970 1757 3184 1831; x_wconf 91' lang='lat' dir='ltr'><strong>dicitur,</strong></span> <span class='ocrx_word' id='word_1_596' title='bbox 3211 1763 3334 1820; x_wconf 83' lang='lat' dir='ltr'><strong>Non</strong></span> <span class='ocrx_word' id='word_1_597' title='bbox 3358 1770 3473 1824; x_wconf 86' lang='lat' dir='ltr'><strong>novi</strong></span> <span class='ocrx_word' id='word_1_598' title='bbox 3500 1786 3606 1826; x_wconf 82' lang='lat' dir='ltr'><strong>uos.</strong></span> <span class='ocrx_word' id='word_1_599' title='bbox 3632 1772 3841 1845; x_wconf 87' lang='lat' dir='ltr'><strong>Super-</strong></span> 
     </span>
    </p>
   </div>
   <div class='ocr_carea' id='block_1_77' title="bbox 2239 1835 3841 1938">
    <p class='ocr_par' dir='ltr' id='par_1_77' title="bbox 2239 1835 3841 1938">
     <span class='ocr_line' id='line_1_77' title="bbox 2239 1835 3841 1938; baseline 0.021 -50"><span class='ocrx_word' id='word_1_600' title='bbox 2239 1835 2482 1891; x_wconf 88' lang='lat' dir='ltr'><strong>eminens</strong></span> <span class='ocrx_word' id='word_1_601' title='bbox 2509 1853 2637 1921; x_wconf 85' lang='lat' dir='ltr'><strong>ergo</strong></span> <span class='ocrx_word' id='word_1_602' title='bbox 2669 1844 2752 1897; x_wconf 87' lang='lat' dir='ltr'><strong>via</strong></span> <span class='ocrx_word' id='word_1_603' title='bbox 2772 1844 3046 1905; x_wconf 87' lang='lat' dir='ltr'><strong>charitatis</strong></span> <span class='ocrx_word' id='word_1_604' title='bbox 3070 1860 3207 1908; x_wconf 86' lang='lat' dir='ltr'><strong>tenet</strong></span> <span class='ocrx_word' id='word_1_605' title='bbox 3237 1871 3331 1912; x_wconf 88' lang='lat' dir='ltr'><strong>eos</strong></span> <span class='ocrx_word' id='word_1_606' title='bbox 3350 1860 3439 1928; x_wconf 92' lang='lat' dir='ltr'><strong>qui</strong></span> <span class='ocrx_word' id='word_1_607' title='bbox 3468 1865 3681 1935; x_wconf 89' lang='lat' dir='ltr'><strong>proprie</strong></span> <span class='ocrx_word' id='word_1_608' title='bbox 3710 1882 3841 1938; x_wconf 78' lang='lat' dir='ltr'><strong>per-</strong></span> 
     </span>
    </p>
   </div>
   <div class='ocr_carea' id='block_1_78' title="bbox 2240 1916 3835 2027">
    <p class='ocr_par' dir='ltr' id='par_1_78' title="bbox 2240 1916 3835 2027">
     <span class='ocr_line' id='line_1_78' title="bbox 2590 1916 3799 1938; baseline 0.023 -27"><span class='ocrx_word' id='word_1_609' title='bbox 2590 1920 2593 1921; x_wconf 10' lang='lat'><em>7</em></span> <span class='ocrx_word' id='word_1_610' title='bbox 3368 1916 3380 1928; x_wconf 94' lang='lat'><strong>.</strong></span> <span class='ocrx_word' id='word_1_611' title='bbox 3468 1916 3484 1932; x_wconf 91' lang='lat'><strong>.</strong></span> <span class='ocrx_word' id='word_1_612' title='bbox 3564 1916 3677 1935; x_wconf 51' lang='grc' dir='ltr'><strong>τη</strong></span> <span class='ocrx_word' id='word_1_613' title='bbox 3710 1916 3799 1938; x_wconf 62' lang='grc' dir='ltr'><strong>ιν-</strong></span> 
     </span>
     <span class='ocr_line' id='line_1_79' title="bbox 2240 1916 3835 2027; baseline 0.021 -47"><span class='ocrx_word' id='word_1_614' title='bbox 2240 1916 2411 1983; x_wconf 90' lang='lat' dir='ltr'><strong>tinent</strong></span> <span class='ocrx_word' id='word_1_615' title='bbox 2445 1931 2511 1986; x_wconf 87' lang='lat' dir='ltr'><strong>ad</strong></span> <span class='ocrx_word' id='word_1_616' title='bbox 2543 1949 2762 2005; x_wconf 80' lang='lat' dir='ltr'><strong>regnum</strong></span> <span class='ocrx_word' id='word_1_617' title='bbox 2803 1941 3083 1998; x_wconf 75' lang='lat' dir='ltr'><strong>caelorum.</strong></span> <span class='ocrx_word' id='word_1_618' title='bbox 3117 1946 3260 2019; x_wconf 85' lang='lat' dir='ltr'><strong>Ergo</strong></span> <span class='ocrx_word' id='word_1_619' title='bbox 3298 1963 3619 2024; x_wconf 67' lang='lat' dir='ltr'><strong>praeceptum</strong></span> <span class='ocrx_word' id='word_1_620' title='bbox 3651 1958 3835 2027; x_wconf 85' lang='lat' dir='ltr'><strong>chari-</strong></span> 
     </span>
    </p>
   </div>
   <div class='ocr_carea' id='block_1_79' title="bbox 2239 2022 3840 2106">
    <p class='ocr_par' dir='ltr' id='par_1_79' title="bbox 2239 2022 3840 2106">
     <span class='ocr_line' id='line_1_80' title="bbox 2239 2022 3840 2106; baseline 0.022 -35"><span class='ocrx_word' id='word_1_621' title='bbox 2239 2022 2361 2075; x_wconf 85' lang='lat' dir='ltr'><strong>tatis</strong></span> <span class='ocrx_word' id='word_1_622' title='bbox 2387 2038 2547 2091; x_wconf 88' lang='lat' dir='ltr'><strong>super</strong></span> <span class='ocrx_word' id='word_1_623' title='bbox 2568 2027 2753 2097; x_wconf 76' lang='lat' dir='ltr'><strong>ccelos,</strong></span> <span class='ocrx_word' id='word_1_624' title='bbox 2790 2046 2954 2102; x_wconf 88' lang='lat' dir='ltr'><strong>super</strong></span> <span class='ocrx_word' id='word_1_625' title='bbox 2979 2051 3166 2094; x_wconf 87' lang='lat' dir='ltr'><strong>omnes</strong></span> <span class='ocrx_word' id='word_1_626' title='bbox 3197 2041 3359 2098; x_wconf 90' lang='lat' dir='ltr'><strong>libros</strong></span> <span class='ocrx_word' id='word_1_627' title='bbox 3386 2060 3401 2095; x_wconf 90' lang='lat'><strong>:</strong></span> <span class='ocrx_word' id='word_1_628' title='bbox 3429 2046 3478 2100; x_wconf 90' lang='lat' dir='ltr'><strong>ei</strong></span> <span class='ocrx_word' id='word_1_629' title='bbox 3519 2049 3663 2104; x_wconf 88' lang='lat' dir='ltr'><strong>enim</strong></span> <span class='ocrx_word' id='word_1_630' title='bbox 3705 2051 3840 2106; x_wconf 88' lang='lat' dir='ltr'><strong>sub-</strong></span> 
     </span>
    </p>
   </div>
   <div class='ocr_carea' id='block_1_80' title="bbox 2237 2109 3841 2209">
    <p class='ocr_par' dir='ltr' id='par_1_80' title="bbox 2237 2109 3841 2209">
     <span class='ocr_line' id='line_1_81' title="bbox 2237 2109 3841 2209; baseline 0.02 -44"><span class='ocrx_word' id='word_1_631' title='bbox 2237 2109 2436 2167; x_wconf 90' lang='lat' dir='ltr'><strong>duntur</strong></span> <span class='ocrx_word' id='word_1_632' title='bbox 2481 2116 2624 2182; x_wconf 91' lang='lat' dir='ltr'><strong>libri,</strong></span> <span class='ocrx_word' id='word_1_633' title='bbox 2656 2119 2705 2174; x_wconf 88' lang='lat' dir='ltr'><strong>ei</strong></span> <span class='ocrx_word' id='word_1_634' title='bbox 2754 2123 2949 2180; x_wconf 87' lang='lat' dir='ltr'><strong>militat</strong></span> <span class='ocrx_word' id='word_1_635' title='bbox 2977 2129 3151 2186; x_wconf 90' lang='lat' dir='ltr'><strong>omnis</strong></span> <span class='ocrx_word' id='word_1_636' title='bbox 3194 2130 3371 2204; x_wconf 87' lang='lat' dir='ltr'><strong>lingua</strong></span> <span class='ocrx_word' id='word_1_637' title='bbox 3402 2145 3741 2209; x_wconf 81' lang='lat' dir='ltr'><strong>sanctorum,</strong></span> <span class='ocrx_word' id='word_1_638' title='bbox 3782 2152 3841 2198; x_wconf 82' lang='lat' dir='ltr'><strong>et</strong></span> 
     </span>
    </p>
   </div>
   <div class='ocr_carea' id='block_1_81' title="bbox 2235 2294 3842 2400">
    <p class='ocr_par' dir='ltr' id='par_1_81' title="bbox 2235 2294 3842 2400">
     <span class='ocr_line' id='line_1_82' title="bbox 2235 2294 3842 2400; baseline 0.021 -49"><span class='ocrx_word' id='word_1_639' title='bbox 2235 2294 2651 2368; x_wconf 86' lang='lat' dir='ltr'><strong>Supereminens</strong></span> <span class='ocrx_word' id='word_1_640' title='bbox 2680 2315 2764 2362; x_wconf 89' lang='lat' dir='ltr'><strong>est</strong></span> <span class='ocrx_word' id='word_1_641' title='bbox 2790 2323 2917 2380; x_wconf 86' lang='lat' dir='ltr'><strong>ergo</strong></span> <span class='ocrx_word' id='word_1_642' title='bbox 2937 2313 3042 2381; x_wconf 88' lang='lat' dir='ltr'><strong>via,</strong></span> <span class='ocrx_word' id='word_1_643' title='bbox 3066 2324 3121 2370; x_wconf 90' lang='lat' dir='ltr'><strong>et</strong></span> <span class='ocrx_word' id='word_1_644' title='bbox 3142 2319 3331 2374; x_wconf 89' lang='lat' dir='ltr'><strong>merito</strong></span> <span class='ocrx_word' id='word_1_645' title='bbox 3352 2324 3582 2395; x_wconf 79' lang='lat' dir='ltr'><strong>protegit</strong></span> <span class='ocrx_word' id='word_1_646' title='bbox 3606 2294 3842 2400; x_wconf 48' lang='lat' dir='ltr'><strong>in-aquis</strong></span> 
     </span>
    </p>
   </div>
   <div class='ocr_carea' id='block_1_82' title="bbox 2234 2390 3840 2477">
    <p class='ocr_par' dir='ltr' id='par_1_82' title="bbox 2234 2390 3840 2477">
     <span class='ocr_line' id='line_1_83' title="bbox 2234 2390 3840 2477; baseline 0.022 -36"><span class='ocrx_word' id='word_1_647' title='bbox 2234 2390 2508 2457; x_wconf 87' lang='lat' dir='ltr'><strong>superiora</strong></span> <span class='ocrx_word' id='word_1_648' title='bbox 2534 2395 2654 2455; x_wconf 64' lang='lat' dir='ltr'><strong>caeli</strong></span> <span class='ocrx_word' id='word_1_649' title='bbox 2675 2413 2689 2460; x_wconf 86' lang='lat'><strong>;</strong></span> <span class='ocrx_word' id='word_1_650' title='bbox 2709 2398 2832 2470; x_wconf 91' lang='lat' dir='ltr'><strong>quia</strong></span> <span class='ocrx_word' id='word_1_651' title='bbox 2857 2402 2985 2458; x_wconf 88' lang='lat' dir='ltr'><strong>nihil</strong></span> <span class='ocrx_word' id='word_1_652' title='bbox 3002 2404 3208 2465; x_wconf 88' lang='lat' dir='ltr'><strong>invenis</strong></span> <span class='ocrx_word' id='word_1_653' title='bbox 3227 2390 3549 2471; x_wconf 86' lang='lat' dir='ltr'><strong>eminentius</strong></span> <span class='ocrx_word' id='word_1_654' title='bbox 3570 2416 3840 2477; x_wconf 82' lang='lat' dir='ltr'><strong>charitate</strong></span> 
     </span>
    </p>
   </div>
   <div class='ocr_carea' id='block_1_83' title="bbox 2234 2478 2735 2545">
    <p class='ocr_par' dir='ltr' id='par_1_83' title="bbox 2234 2478 2735 2545">
     <span class='ocr_line' id='line_1_84' title="bbox 2234 2478 2735 2545; baseline 0.016 -8"><span class='ocrx_word' id='word_1_655' title='bbox 2234 2478 2287 2537; x_wconf 85' lang='lat' dir='ltr'><strong>in</strong></span> <span class='ocrx_word' id='word_1_656' title='bbox 2315 2480 2507 2539; x_wconf 90' lang='lat' dir='ltr'><strong>divinis</strong></span> <span class='ocrx_word' id='word_1_657' title='bbox 2537 2485 2735 2545; x_wconf 88' lang='lat' dir='ltr'><strong>Libris.</strong></span> 
     </span>
    </p>
   </div>
   <div class='ocr_carea' id='block_1_84' title="bbox 2307 2595 3836 2690">
    <p class='ocr_par' dir='ltr' id='par_1_84' title="bbox 2307 2595 3836 2690">
     <span class='ocr_line' id='line_1_85' title="bbox 2307 2595 3836 2690; baseline 0.021 -41"><span class='ocrx_word' id='word_1_658' title='bbox 2307 2595 2395 2651; x_wconf 78' lang='grc'><strong>10.</strong></span> <span class='ocrx_word' id='word_1_659' title='bbox 2434 2595 2541 2654; x_wconf 91' lang='lat' dir='ltr'><strong>Sed</strong></span> <span class='ocrx_word' id='word_1_660' title='bbox 2560 2600 2735 2659; x_wconf 89' lang='lat' dir='ltr'><strong>adhuc</strong></span> <span class='ocrx_word' id='word_1_661' title='bbox 2761 2605 3061 2666; x_wconf 90' lang='lat' dir='ltr'><strong>evidentius</strong></span> <span class='ocrx_word' id='word_1_662' title='bbox 3085 2613 3208 2669; x_wconf 89' lang='lat' dir='ltr'><strong>audi</strong></span> <span class='ocrx_word' id='word_1_663' title='bbox 3238 2616 3364 2685; x_wconf 89' lang='lat' dir='ltr'><strong>quid</strong></span> <span class='ocrx_word' id='word_1_664' title='bbox 3389 2633 3527 2690; x_wconf 79' lang='lat' dir='ltr'><strong>aqua</strong></span> <span class='ocrx_word' id='word_1_665' title='bbox 3550 2621 3643 2678; x_wconf 88' lang='lat' dir='ltr'><strong>sit.</strong></span> <span class='ocrx_word' id='word_1_666' title='bbox 3678 2623 3836 2680; x_wconf 78' lang='lat' dir='ltr'><strong>Dixi-</strong></span> 
     </span>
    </p>
   </div>
   <div class='ocr_carea' id='block_1_85' title="bbox 2233 2689 3839 2773">
    <p class='ocr_par' dir='ltr' id='par_1_85' title="bbox 2233 2689 3839 2773">
     <span class='ocr_line' id='line_1_86' title="bbox 2233 2689 3839 2773; baseline 0.02 -32"><span class='ocrx_word' id='word_1_667' title='bbox 2233 2700 2355 2742; x_wconf 88' lang='lat' dir='ltr'><strong>mus</strong></span> <span class='ocrx_word' id='word_1_668' title='bbox 2376 2689 2518 2745; x_wconf 90' lang='lat' dir='ltr'><strong>enim</strong></span> <span class='ocrx_word' id='word_1_669' title='bbox 2544 2694 2685 2763; x_wconf 90' lang='lat' dir='ltr'><strong>quod</strong></span> <span class='ocrx_word' id='word_1_670' title='bbox 2722 2695 2957 2755; x_wconf 86' lang='lat' dir='ltr'><strong>charitas</strong></span> <span class='ocrx_word' id='word_1_671' title='bbox 3008 2702 3102 2759; x_wconf 88' lang='lat' dir='ltr'><strong>Dei</strong></span> <span class='ocrx_word' id='word_1_672' title='bbox 3139 2704 3330 2764; x_wconf 78' lang='lat' dir='ltr'><strong>dilTusa</strong></span> <span class='ocrx_word' id='word_1_673' title='bbox 3372 2689 3451 2765; x_wconf 81' lang='lat' dir='ltr'><strong>sit</strong></span> <span class='ocrx_word' id='word_1_674' title='bbox 3480 2712 3532 2766; x_wconf 91' lang='lat' dir='ltr'><strong>in</strong></span> <span class='ocrx_word' id='word_1_675' title='bbox 3579 2715 3839 2773; x_wconf 86' lang='lat' dir='ltr'><strong>cordibus</strong></span> 
     </span>
    </p>
   </div>
   <div class='ocr_carea' id='block_1_86' title="bbox 2230 2782 3825 2870">
    <p class='ocr_par' dir='ltr' id='par_1_86' title="bbox 2230 2782 3825 2870">
     <span class='ocr_line' id='line_1_87' title="bbox 2230 2782 3825 2870; baseline 0.019 -36"><span class='ocrx_word' id='word_1_676' title='bbox 2230 2782 2432 2837; x_wconf 88' lang='lat' dir='ltr'><strong>nostris</strong></span> <span class='ocrx_word' id='word_1_677' title='bbox 2457 2799 2554 2855; x_wconf 90' lang='lat' dir='ltr'><strong>per</strong></span> <span class='ocrx_word' id='word_1_678' title='bbox 2581 2785 2837 2859; x_wconf 88' lang='lat' dir='ltr'><strong>Spiritum</strong></span> <span class='ocrx_word' id='word_1_679' title='bbox 2869 2805 3115 2852; x_wconf 88' lang='lat' dir='ltr'><strong>sanctum</strong></span> <span class='ocrx_word' id='word_1_680' title='bbox 3137 2840 3154 2864; x_wconf 93' lang='lat'><strong>,</strong></span> <span class='ocrx_word' id='word_1_681' title='bbox 3180 2801 3270 2870; x_wconf 87' lang='lat' dir='ltr'><strong>qui</strong></span> <span class='ocrx_word' id='word_1_682' title='bbox 3310 2801 3467 2858; x_wconf 88' lang='lat' dir='ltr'><strong>datus</strong></span> <span class='ocrx_word' id='word_1_683' title='bbox 3501 2814 3583 2861; x_wconf 86' lang='lat' dir='ltr'><strong>est</strong></span> <span class='ocrx_word' id='word_1_684' title='bbox 3622 2809 3825 2865; x_wconf 84' lang='lat' dir='ltr'><strong>nobis:</strong></span> 
     </span>
    </p>
   </div>
   <div class='ocr_carea' id='block_1_87' title="bbox 2231 2870 3840 2967">
    <p class='ocr_par' dir='ltr' id='par_1_87' title="bbox 2231 2870 3840 2967">
     <span class='ocr_line' id='line_1_88' title="bbox 2231 2870 3840 2967; baseline 0.021 -41"><span class='ocrx_word' id='word_1_685' title='bbox 2231 2870 2466 2931; x_wconf 80' lang='lat' dir='ltr'><strong>diximus</strong></span> <span class='ocrx_word' id='word_1_686' title='bbox 2484 2877 2655 2934; x_wconf 87' lang='lat' dir='ltr'><strong>etiam</strong></span> <span class='ocrx_word' id='word_1_687' title='bbox 2675 2921 2691 2949; x_wconf 94' lang='lat'><strong>,</strong></span> <span class='ocrx_word' id='word_1_688' title='bbox 2724 2880 2790 2937; x_wconf 87' lang='lat' dir='ltr'><strong>In</strong></span> <span class='ocrx_word' id='word_1_689' title='bbox 2819 2885 2998 2954; x_wconf 76' lang='lat' dir='ltr'><strong>plateis</strong></span> <span class='ocrx_word' id='word_1_690' title='bbox 3021 2889 3307 2948; x_wconf 85' lang='lat' dir='ltr'><strong>discurrant</strong></span> <span class='ocrx_word' id='word_1_691' title='bbox 3340 2912 3486 2967; x_wconf 66' lang='lat' dir='ltr'><strong>aqua</strong></span> <span class='ocrx_word' id='word_1_692' title='bbox 3514 2906 3631 2954; x_wconf 64' lang='lat' dir='ltr'><strong>tuae.</strong></span> <span class='ocrx_word' id='word_1_693' title='bbox 3663 2902 3735 2957; x_wconf 85' lang='lat' dir='ltr'><strong>Et</strong></span> <span class='ocrx_word' id='word_1_694' title='bbox 3760 2904 3840 2959; x_wconf 85' lang='lat' dir='ltr'><strong>ait</strong></span> 
     </span>
    </p>
   </div>
   <div class='ocr_carea' id='block_1_88' title="bbox 2231 2963 3836 3057">
    <p class='ocr_par' dir='ltr' id='par_1_88' title="bbox 2231 2963 3836 3057">
     <span class='ocr_line' id='line_1_89' title="bbox 2231 2963 3836 3057; baseline 0.021 -40"><span class='ocrx_word' id='word_1_695' title='bbox 2231 2963 2365 3020; x_wconf 85' lang='lat' dir='ltr'><strong>mihi</strong></span> <span class='ocrx_word' id='word_1_696' title='bbox 2412 2966 2639 3039; x_wconf 86' lang='lat' dir='ltr'><strong>aliquis,</strong></span> <span class='ocrx_word' id='word_1_697' title='bbox 2690 2971 2806 3029; x_wconf 86' lang='lat' dir='ltr'><strong>Non</strong></span> <span class='ocrx_word' id='word_1_698' title='bbox 2856 2975 2931 3031; x_wconf 90' lang='lat' dir='ltr'><strong>ibi</strong></span> <span class='ocrx_word' id='word_1_699' title='bbox 2970 2992 3226 3050; x_wconf 77' lang='lat' dir='ltr'><strong>expresse</strong></span> <span class='ocrx_word' id='word_1_700' title='bbox 3270 2963 3471 3043; x_wconf 82' lang='lat' dir='ltr'><strong>dictum</strong></span> <span class='ocrx_word' id='word_1_701' title='bbox 3514 2999 3620 3057; x_wconf 87' lang='lat' dir='ltr'><strong>est,</strong></span> <span class='ocrx_word' id='word_1_702' title='bbox 3653 3002 3836 3050; x_wconf 79' lang='lat' dir='ltr'><strong>utrum</strong></span> 
     </span>
    </p>
   </div>
   <div class='ocr_carea' id='block_1_89' title="bbox 2228 3054 3837 3146">
    <p class='ocr_par' dir='ltr' id='par_1_89' title="bbox 2228 3054 3837 3146">
     <span class='ocr_line' id='line_1_90' title="bbox 2228 3054 3837 3146; baseline 0.02 -37"><span class='ocrx_word' id='word_1_703' title='bbox 2228 3054 2550 3113; x_wconf 87' lang='lat' dir='ltr'><strong>charitatem</strong></span> <span class='ocrx_word' id='word_1_704' title='bbox 2602 3060 2902 3135; x_wconf 77' lang='lat' dir='ltr'><strong>intelligere</strong></span> <span class='ocrx_word' id='word_1_705' title='bbox 2943 3067 3171 3127; x_wconf 87' lang='lat' dir='ltr'><strong>debeam</strong></span> <span class='ocrx_word' id='word_1_706' title='bbox 3201 3075 3371 3146; x_wconf 89' lang='lat' dir='ltr'><strong>:-quid</strong></span> <span class='ocrx_word' id='word_1_707' title='bbox 3406 3079 3451 3135; x_wconf 90' lang='lat' dir='ltr'><strong>si</strong></span> <span class='ocrx_word' id='word_1_708' title='bbox 3494 3054 3633 3137; x_wconf 84' lang='lat' dir='ltr'><strong>alius</strong></span> <span class='ocrx_word' id='word_1_709' title='bbox 3683 3085 3837 3141; x_wconf 85' lang='lat' dir='ltr'><strong>aliud</strong></span> 
     </span>
    </p>
   </div>
   <div class='ocr_carea' id='block_1_90' title="bbox 2228 3148 3833 3246">
    <p class='ocr_par' dir='ltr' id='par_1_90' title="bbox 2228 3148 3833 3246">
     <span class='ocr_line' id='line_1_91' title="bbox 2228 3148 3833 3246; baseline 0.021 -44"><span class='ocrx_word' id='word_1_710' title='bbox 2228 3148 2425 3220; x_wconf 87' lang='lat' dir='ltr'><strong>aliquid</strong></span> <span class='ocrx_word' id='word_1_711' title='bbox 2450 3152 2743 3224; x_wconf 80' lang='lat' dir='ltr'><strong>intelligat?</strong></span> <span class='ocrx_word' id='word_1_712' title='bbox 2766 3158 2992 3222; x_wconf 87' lang='lat' dir='ltr'><strong>Tantum</strong></span> <span class='ocrx_word' id='word_1_713' title='bbox 3012 3177 3283 3224; x_wconf 89' lang='lat' dir='ltr'><strong>memento</strong></span> <span class='ocrx_word' id='word_1_714' title='bbox 3306 3172 3450 3241; x_wconf 85' lang='lat' dir='ltr'><strong>quod</strong></span> <span class='ocrx_word' id='word_1_715' title='bbox 3489 3173 3567 3230; x_wconf 86' lang='lat' dir='ltr'><strong>ait</strong></span> <span class='ocrx_word' id='word_1_716' title='bbox 3593 3177 3833 3246; x_wconf 81' lang='lat' dir='ltr'><strong>Aposto—</strong></span> 
     </span>
    </p>
   </div>
   <div class='ocr_carea' id='block_1_91' title="bbox 2230 3240 3837 3326">
    <p class='ocr_par' dir='ltr' id='par_1_91' title="bbox 2230 3240 3837 3326">
     <span class='ocr_line' id='line_1_92' title="bbox 2230 3240 3837 3326; baseline 0.019 -30"><span class='ocrx_word' id='word_1_717' title='bbox 2230 3240 2335 3307; x_wconf 88' lang='lat' dir='ltr'><strong>lus,</strong></span> <span class='ocrx_word' id='word_1_718' title='bbox 2364 3242 2598 3303; x_wconf 81' lang='lat' dir='ltr'><strong>Cltaritas</strong></span> <span class='ocrx_word' id='word_1_719' title='bbox 2623 3248 2722 3304; x_wconf 83' lang='lat' dir='ltr'><strong>Dei</strong></span> <span class='ocrx_word' id='word_1_720' title='bbox 2740 3250 2932 3318; x_wconf 73' lang='lat' dir='ltr'><strong>diffusa</strong></span> <span class='ocrx_word' id='word_1_721' title='bbox 2970 3266 3043 3311; x_wconf 81' lang='lat' dir='ltr'><strong>est</strong></span> <span class='ocrx_word' id='word_1_722' title='bbox 3066 3258 3120 3313; x_wconf 88' lang='lat' dir='ltr'><strong>in</strong></span> <span class='ocrx_word' id='word_1_723' title='bbox 3150 3240 3386 3317; x_wconf 81' lang='lat' dir='ltr'><strong>cordibus</strong></span> <span class='ocrx_word' id='word_1_724' title='bbox 3406 3268 3610 3322; x_wconf 82' lang='lat' dir='ltr'><strong>nostris.</strong></span> <span class='ocrx_word' id='word_1_725' title='bbox 3634 3240 3792 3326; x_wconf 65' lang='lat' dir='ltr'><strong>Unde</strong></span> <span class='ocrx_word' id='word_1_726' title='bbox 3812 3273 3837 3325; x_wconf 82' lang='lat'><strong>?</strong></span> 
     </span>
    </p>
   </div>
   <div class='ocr_carea' id='block_1_92' title="bbox 2228 3333 3834 3432">
    <p class='ocr_par' dir='ltr' id='par_1_92' title="bbox 2228 3333 3834 3432">
     <span class='ocr_line' id='line_1_93' title="bbox 2228 3333 3834 3432; baseline 0.019 -43"><span class='ocrx_word' id='word_1_727' title='bbox 2228 3333 2337 3390; x_wconf 88' lang='lat' dir='ltr'><strong>Per</strong></span> <span class='ocrx_word' id='word_1_728' title='bbox 2377 3337 2629 3408; x_wconf 81' lang='lat' dir='ltr'><strong>Spiritum</strong></span> <span class='ocrx_word' id='word_1_729' title='bbox 2657 3354 2908 3414; x_wconf 86' lang='lat' dir='ltr'><strong>sanctum,</strong></span> <span class='ocrx_word' id='word_1_730' title='bbox 2946 3352 3031 3419; x_wconf 81' lang='lat' dir='ltr'><strong>qui</strong></span> <span class='ocrx_word' id='word_1_731' title='bbox 3073 3352 3225 3409; x_wconf 86' lang='lat' dir='ltr'><strong>datus</strong></span> <span class='ocrx_word' id='word_1_732' title='bbox 3244 3364 3317 3410; x_wconf 85' lang='lat' dir='ltr'><strong>est</strong></span> <span class='ocrx_word' id='word_1_733' title='bbox 3342 3358 3503 3413; x_wconf 79' lang='lat' dir='ltr'><strong>nobis.</strong></span> <span class='ocrx_word' id='word_1_734' title='bbox 3534 3362 3674 3416; x_wconf 79' lang='lat' dir='ltr'><strong>Audi</strong></span> <span class='ocrx_word' id='word_1_735' title='bbox 3717 3363 3834 3432; x_wconf 81' lang='lat' dir='ltr'><strong>jam</strong></span> 
     </span>
    </p>
   </div>
   <div class='ocr_carea' id='block_1_93' title="bbox 2232 3428 3830 3525">
    <p class='ocr_par' dir='ltr' id='par_1_93' title="bbox 2232 3428 3830 3525">
     <span class='ocr_line' id='line_1_94' title="bbox 2232 3428 3830 3525; baseline 0.015 -39"><span class='ocrx_word' id='word_1_736' title='bbox 2232 3428 2513 3489; x_wconf 90' lang='lat' dir='ltr'><strong>Dominum</strong></span> <span class='ocrx_word' id='word_1_737' title='bbox 2554 3436 2866 3507; x_wconf 86' lang='lat' dir='ltr'><strong>magistrum</strong></span> <span class='ocrx_word' id='word_1_738' title='bbox 2906 3441 3287 3510; x_wconf 77' lang='lat' dir='ltr'><strong>Apostolorum</strong></span> <span class='ocrx_word' id='word_1_739' title='bbox 3352 3466 3367 3502; x_wconf 89' lang='lat'><strong>:</strong></span> <span class='ocrx_word' id='word_1_740' title='bbox 3422 3449 3486 3506; x_wconf 89' lang='lat' dir='ltr'><strong>Si</strong></span> <span class='ocrx_word' id='word_1_741' title='bbox 3534 3454 3650 3523; x_wconf 80' lang='lat' dir='ltr'><strong>quis</strong></span> <span class='ocrx_word' id='word_1_742' title='bbox 3698 3428 3830 3525; x_wconf 64' lang='lat' dir='ltr'><strong>sitit,</strong></span> 
     </span>
    </p>
   </div>
   <div class='ocr_carea' id='block_1_94' title="bbox 2228 3522 3832 3619">
    <p class='ocr_par' dir='ltr' id='par_1_94' title="bbox 2228 3522 3832 3619">
     <span class='ocr_line' id='line_1_95' title="bbox 2228 3522 3832 3619; baseline 0.017 -45"><span class='ocrx_word' id='word_1_743' title='bbox 2228 3522 2412 3587; x_wconf 77' lang='lat' dir='ltr'><strong>veniat,</strong></span> <span class='ocrx_word' id='word_1_744' title='bbox 2432 3532 2489 3581; x_wconf 74' lang='lat' dir='ltr'><strong>et</strong></span> <span class='ocrx_word' id='word_1_745' title='bbox 2518 3524 2673 3581; x_wconf 82' lang='lat' dir='ltr'><strong>bibat.</strong></span> <span class='ocrx_word' id='word_1_746' title='bbox 2704 3528 2854 3585; x_wconf 85' lang='lat' dir='ltr'><strong>Dicat</strong></span> <span class='ocrx_word' id='word_1_747' title='bbox 2874 3531 3051 3589; x_wconf 89' lang='lat' dir='ltr'><strong>adhuc</strong></span> <span class='ocrx_word' id='word_1_748' title='bbox 3084 3553 3099 3591; x_wconf 75' lang='grc' dir='ltr'>ε</span> <span class='ocrx_word' id='word_1_749' title='bbox 3129 3534 3231 3602; x_wconf 80' lang='lat' dir='ltr'><strong>Qui</strong></span> <span class='ocrx_word' id='word_1_750' title='bbox 3246 3540 3404 3595; x_wconf 60' lang='lat' dir='ltr'><strong>art-an</strong></span> <span class='ocrx_word' id='word_1_751' title='bbox 3423 3543 3476 3595; x_wconf 90' lang='lat' dir='ltr'><strong>in</strong></span> <span class='ocrx_word' id='word_1_752' title='bbox 3495 3522 3594 3607; x_wconf 73' lang='lat' dir='ltr'><strong>ma,</strong></span> <span class='ocrx_word' id='word_1_753' title='bbox 3612 3522 3832 3619; x_wconf 65' lang='lat' dir='ltr'><strong>ﬂumina</strong></span> 
     </span>
    </p>
   </div>
   <div class='ocr_carea' id='block_1_95' title="bbox 2224 3614 3831 3707">
    <p class='ocr_par' dir='ltr' id='par_1_95' title="bbox 2224 3614 3831 3707">
     <span class='ocr_line' id='line_1_96' title="bbox 2224 3614 3831 3707; baseline 0.02 -43"><span class='ocrx_word' id='word_1_754' title='bbox 2224 3626 2372 3681; x_wconf 69' lang='lat' dir='ltr'><strong>aqua:</strong></span> <span class='ocrx_word' id='word_1_755' title='bbox 2392 3614 2515 3669; x_wconf 72' lang='lat' dir='ltr'><strong>victe</strong></span> <span class='ocrx_word' id='word_1_756' title='bbox 2540 3618 2699 3687; x_wconf 75' lang='lat' dir='ltr'><strong>ﬂuent</strong></span> <span class='ocrx_word' id='word_1_757' title='bbox 2720 3620 2784 3675; x_wconf 83' lang='lat' dir='ltr'><strong>de</strong></span> <span class='ocrx_word' id='word_1_758' title='bbox 2803 3633 2971 3678; x_wconf 61' lang='lat' dir='ltr'><strong>ventre</strong></span> <span class='ocrx_word' id='word_1_759' title='bbox 2994 3627 3123 3697; x_wconf 85' lang='lat' dir='ltr'><strong>ejus.</strong></span> <span class='ocrx_word' id='word_1_760' title='bbox 3152 3628 3290 3696; x_wconf 87' lang='lat' dir='ltr'><strong>Quid</strong></span> <span class='ocrx_word' id='word_1_761' title='bbox 3315 3632 3560 3691; x_wconf 79' lang='lat' dir='ltr'><strong>esthoc?</strong></span> <span class='ocrx_word' id='word_1_762' title='bbox 3581 3617 3831 3707; x_wconf 79' lang='lat' dir='ltr'><strong>Exponat</strong></span> 
     </span>
    </p>
   </div>
   <div class='ocr_carea' id='block_1_96' title="bbox 2231 3700 3828 3799">
    <p class='ocr_par' dir='ltr' id='par_1_96' title="bbox 2231 3700 3828 3799">
     <span class='ocr_line' id='line_1_97' title="bbox 2231 3700 3828 3799; baseline 0.019 -43"><span class='ocrx_word' id='word_1_763' title='bbox 2231 3700 2568 3775; x_wconf 89' lang='lat' dir='ltr'><strong>Evangelista</strong></span> <span class='ocrx_word' id='word_1_764' title='bbox 2590 3727 2604 3762; x_wconf 86' lang='lat'><strong><em>:</em></strong></span> <span class='ocrx_word' id='word_1_765' title='bbox 2629 3727 2647 3761; x_wconf 78' lang='grc' dir='ltr'><strong>ι</strong></span> <span class='ocrx_word' id='word_1_766' title='bbox 2673 3710 2783 3766; x_wconf 88' lang='lat' dir='ltr'><strong>Hoc</strong></span> <span class='ocrx_word' id='word_1_767' title='bbox 2807 3723 2987 3770; x_wconf 88' lang='lat' dir='ltr'><strong>autem</strong></span> <span class='ocrx_word' id='word_1_768' title='bbox 2999 3716 3230 3786; x_wconf 85' lang='lat' dir='ltr'><strong>dicebat,</strong></span> <span class='ocrx_word' id='word_1_769' title='bbox 3252 3738 3273 3773; x_wconf 78' lang='grc' dir='ltr'><strong>ι</strong></span> <span class='ocrx_word' id='word_1_770' title='bbox 3298 3723 3488 3795; x_wconf 90' lang='lat' dir='ltr'><strong>inquit,</strong></span> <span class='ocrx_word' id='word_1_771' title='bbox 3510 3726 3608 3783; x_wconf 72' lang='lat' dir='ltr'><strong>«de</strong></span> <span class='ocrx_word' id='word_1_772' title='bbox 3623 3700 3828 3799; x_wconf 77' lang='lat' dir='ltr'><strong>Spiritu</strong></span> 
     </span>
    </p>
   </div>
   <div class='ocr_carea' id='block_1_97' title="bbox 2225 3802 3826 3887">
    <p class='ocr_par' dir='ltr' id='par_1_97' title="bbox 2225 3802 3826 3887">
     <span class='ocr_line' id='line_1_98' title="bbox 2225 3802 3826 3887; baseline 0.019 -39"><span class='ocrx_word' id='word_1_773' title='bbox 2225 3809 2385 3865; x_wconf 89' lang='lat' dir='ltr'><strong>quem</strong></span> <span class='ocrx_word' id='word_1_774' title='bbox 2406 3802 2675 3869; x_wconf 88' lang='lat' dir='ltr'><strong>accepturi</strong></span> <span class='ocrx_word' id='word_1_775' title='bbox 2696 3814 2848 3860; x_wconf 87' lang='lat' dir='ltr'><strong>erant</strong></span> <span class='ocrx_word' id='word_1_776' title='bbox 2870 3808 3155 3866; x_wconf 86' lang='lat' dir='ltr'><strong>credentes</strong></span> <span class='ocrx_word' id='word_1_777' title='bbox 3184 3811 3237 3870; x_wconf 87' lang='lat' dir='ltr'><strong>in</strong></span> <span class='ocrx_word' id='word_1_778' title='bbox 3257 3828 3401 3870; x_wconf 88' lang='lat' dir='ltr'><strong>eum.</strong></span> <span class='ocrx_word' id='word_1_779' title='bbox 3426 3816 3657 3887; x_wconf 89' lang='lat' dir='ltr'><strong>Spiritus</strong></span> <span class='ocrx_word' id='word_1_780' title='bbox 3681 3824 3826 3879; x_wconf 87' lang='lat' dir='ltr'><strong>enim</strong></span> 
     </span>
    </p>
   </div>
   <div class='ocr_carea' id='block_1_98' title="bbox 2226 3888 3825 3981">
    <p class='ocr_par' dir='ltr' id='par_1_98' title="bbox 2226 3888 3825 3981">
     <span class='ocr_line' id='line_1_99' title="bbox 2226 3888 3825 3981; baseline 0.019 -41"><span class='ocrx_word' id='word_1_781' title='bbox 2226 3888 2461 3945; x_wconf 87' lang='lat' dir='ltr'><strong>nondum</strong></span> <span class='ocrx_word' id='word_1_782' title='bbox 2483 3901 2595 3947; x_wconf 91' lang='lat' dir='ltr'><strong>erat</strong></span> <span class='ocrx_word' id='word_1_783' title='bbox 2632 3893 2792 3951; x_wconf 92' lang='lat' dir='ltr'><strong>datus</strong></span> <span class='ocrx_word' id='word_1_784' title='bbox 2819 3939 2833 3963; x_wconf 95' lang='lat'><strong>,</strong></span> <span class='ocrx_word' id='word_1_785' title='bbox 2865 3899 2989 3969; x_wconf 88' lang='lat' dir='ltr'><strong>quia</strong></span> <span class='ocrx_word' id='word_1_786' title='bbox 3019 3900 3178 3957; x_wconf 85' lang='lat' dir='ltr'><strong>Jesus</strong></span> <span class='ocrx_word' id='word_1_787' title='bbox 3214 3905 3448 3964; x_wconf 85' lang='lat' dir='ltr'><strong>nondum</strong></span> <span class='ocrx_word' id='word_1_788' title='bbox 3476 3919 3593 3965; x_wconf 87' lang='lat' dir='ltr'><strong>erat</strong></span> <span class='ocrx_word' id='word_1_789' title='bbox 3614 3912 3825 3981; x_wconf 73' lang='lat' dir='ltr'><strong>gloriﬁ-</strong></span> 
     </span>
    </p>
   </div>
   <div class='ocr_carea' id='block_1_99' title="bbox 2224 3982 3823 4067">
    <p class='ocr_par' dir='ltr' id='par_1_99' title="bbox 2224 3982 3823 4067">
     <span class='ocr_line' id='line_1_100' title="bbox 2224 3982 3823 4067; baseline 0.018 -36"><span class='ocrx_word' id='word_1_790' title='bbox 2224 3987 2396 4035; x_wconf 88' lang='lat' dir='ltr'><strong>catus.</strong></span> <span class='ocrx_word' id='word_1_791' title='bbox 2432 3998 2451 4032; x_wconf 79' lang='grc' dir='ltr'><strong>ι</strong></span> <span class='ocrx_word' id='word_1_792' title='bbox 2484 3982 2623 4053; x_wconf 83' lang='lat' dir='ltr'><strong>Ergo</strong></span> <span class='ocrx_word' id='word_1_793' title='bbox 2647 4026 2663 4049; x_wconf 92' lang='lat'><strong>,</strong></span> <span class='ocrx_word' id='word_1_794' title='bbox 2692 3984 2907 4055; x_wconf 79' lang='lat' dir='ltr'><strong>fratres,</strong></span> <span class='ocrx_word' id='word_1_795' title='bbox 2944 3989 2989 4045; x_wconf 90' lang='lat' dir='ltr'><strong>si</strong></span> <span class='ocrx_word' id='word_1_796' title='bbox 3020 4001 3301 4061; x_wconf 87' lang='lat' dir='ltr'><strong>propterea</strong></span> <span class='ocrx_word' id='word_1_797' title='bbox 3328 3996 3557 4067; x_wconf 83' lang='lat' dir='ltr'><strong>Spiritus</strong></span> <span class='ocrx_word' id='word_1_798' title='bbox 3584 4002 3823 4060; x_wconf 88' lang='lat' dir='ltr'><strong>nondum</strong></span> 
     </span>
    </p>
   </div>
   <div class='ocr_carea' id='block_1_100' title="bbox 2223 4072 3821 4163">
    <p class='ocr_par' dir='ltr' id='par_1_100' title="bbox 2223 4072 3821 4163">
     <span class='ocr_line' id='line_1_101' title="bbox 2223 4072 3821 4163; baseline 0.019 -40"><span class='ocrx_word' id='word_1_799' title='bbox 2223 4080 2340 4125; x_wconf 90' lang='lat' dir='ltr'><strong>erat</strong></span> <span class='ocrx_word' id='word_1_800' title='bbox 2393 4072 2567 4139; x_wconf 89' lang='lat' dir='ltr'><strong>datus,</strong></span> <span class='ocrx_word' id='word_1_801' title='bbox 2616 4077 2739 4146; x_wconf 87' lang='lat' dir='ltr'><strong>quia</strong></span> <span class='ocrx_word' id='word_1_802' title='bbox 2784 4079 2943 4137; x_wconf 84' lang='lat' dir='ltr'><strong>Jesus</strong></span> <span class='ocrx_word' id='word_1_803' title='bbox 2998 4084 3234 4142; x_wconf 92' lang='lat' dir='ltr'><strong>nondum</strong></span> <span class='ocrx_word' id='word_1_804' title='bbox 3284 4100 3404 4145; x_wconf 88' lang='lat' dir='ltr'><strong>erat</strong></span> <span class='ocrx_word' id='word_1_805' title='bbox 3451 4092 3821 4163; x_wconf 87' lang='lat' dir='ltr'><strong>glorificatus;</strong></span> 
     </span>
    </p>
   </div>
   <div class='ocr_carea' id='block_1_101' title="bbox 2222 4161 3824 4247">
    <p class='ocr_par' dir='ltr' id='par_1_101' title="bbox 2222 4161 3824 4247">
     <span class='ocr_line' id='line_1_102' title="bbox 2222 4161 3824 4247; baseline 0.021 -33"><span class='ocrx_word' id='word_1_806' title='bbox 2222 4161 2518 4230; x_wconf 82' lang='lat' dir='ltr'><strong>gloriﬁcato</strong></span> <span class='ocrx_word' id='word_1_807' title='bbox 2569 4182 2635 4221; x_wconf 93' lang='lat' dir='ltr'><strong>eo</strong></span> <span class='ocrx_word' id='word_1_808' title='bbox 2677 4178 2734 4224; x_wconf 90' lang='lat' dir='ltr'><strong>et</strong></span> <span class='ocrx_word' id='word_1_809' title='bbox 2782 4172 3107 4232; x_wconf 88' lang='lat' dir='ltr'><strong>ascendente</strong></span> <span class='ocrx_word' id='word_1_810' title='bbox 3160 4178 3213 4232; x_wconf 91' lang='lat' dir='ltr'><strong>in</strong></span> <span class='ocrx_word' id='word_1_811' title='bbox 3252 4161 3695 4247; x_wconf 20' lang='lat' dir='ltr'><strong>caelosamissus</strong></span> <span class='ocrx_word' id='word_1_812' title='bbox 3739 4201 3824 4247; x_wconf 84' lang='lat' dir='ltr'><strong>est</strong></span> 
     </span>
    </p>
   </div>
   <div class='ocr_carea' id='block_1_102' title="bbox 2221 4250 3822 4343">
    <p class='ocr_par' dir='ltr' id='par_1_102' title="bbox 2221 4250 3822 4343">
     <span class='ocr_line' id='line_1_103' title="bbox 2221 4250 3822 4343; baseline 0.019 -36"><span class='ocrx_word' id='word_1_813' title='bbox 2221 4250 2447 4321; x_wconf 86' lang='lat' dir='ltr'><strong>Spiritus</strong></span> <span class='ocrx_word' id='word_1_814' title='bbox 2492 4267 2709 4313; x_wconf 88' lang='lat' dir='ltr'><strong>sanctus</strong></span> <span class='ocrx_word' id='word_1_815' title='bbox 2737 4258 2918 4331; x_wconf 85' lang='lat' dir='ltr'><strong>(Joan.</strong></span> <span class='ocrx_word' id='word_1_816' title='bbox 2949 4281 3045 4331; x_wconf 87' lang='lat' dir='ltr'><strong>vn,</strong></span> <span class='ocrx_word' id='word_1_817' title='bbox 3069 4268 3287 4343; x_wconf 78' lang='lat'><strong>57-39),</strong></span> <span class='ocrx_word' id='word_1_818' title='bbox 3320 4282 3378 4329; x_wconf 87' lang='lat' dir='ltr'><strong>et</strong></span> <span class='ocrx_word' id='word_1_819' title='bbox 3411 4273 3678 4335; x_wconf 82' lang='lat' dir='ltr'><strong>charitate</strong></span> <span class='ocrx_word' id='word_1_820' title='bbox 3714 4280 3822 4338; x_wconf 88' lang='lat' dir='ltr'><strong>im-</strong></span> 
     </span>
    </p>
   </div>
   <div class='ocr_carea' id='block_1_103' title="bbox 2224 4346 3823 4447">
    <p class='ocr_par' dir='ltr' id='par_1_103' title="bbox 2224 4346 3823 4447">
     <span class='ocr_line' id='line_1_104' title="bbox 2224 4346 3823 4447; baseline 0.022 -49"><span class='ocrx_word' id='word_1_821' title='bbox 2224 4346 2347 4416; x_wconf 82' lang='lat' dir='ltr'><strong>pleti</strong></span> <span class='ocrx_word' id='word_1_822' title='bbox 2392 4358 2517 4403; x_wconf 90' lang='lat' dir='ltr'><strong>sunt</strong></span> <span class='ocrx_word' id='word_1_823' title='bbox 2548 4352 2823 4422; x_wconf 77' lang='lat' dir='ltr'><strong>Apostoli,</strong></span> <span class='ocrx_word' id='word_1_824' title='bbox 2860 4348 3046 4416; x_wconf 67' lang='lat' dir='ltr'><strong>diffusa</strong></span> <span class='ocrx_word' id='word_1_825' title='bbox 3098 4363 3153 4418; x_wconf 91' lang='lat' dir='ltr'><strong>in</strong></span> <span class='ocrx_word' id='word_1_826' title='bbox 3199 4366 3450 4424; x_wconf 90' lang='lat' dir='ltr'><strong>cordibus</strong></span> <span class='ocrx_word' id='word_1_827' title='bbox 3494 4386 3683 4429; x_wconf 84' lang='lat' dir='ltr'><strong>eorum</strong></span> <span class='ocrx_word' id='word_1_828' title='bbox 3725 4392 3823 4447; x_wconf 87' lang='lat' dir='ltr'><strong>per</strong></span> 
     </span>
    </p>
   </div>
   <div class='ocr_carea' id='block_1_104' title="bbox 2220 4435 3818 4535">
    <p class='ocr_par' dir='ltr' id='par_1_104' title="bbox 2220 4435 3818 4535">
     <span class='ocr_line' id='line_1_105' title="bbox 2220 4435 3818 4535; baseline 0.02 -43"><span class='ocrx_word' id='word_1_829' title='bbox 2220 4435 2475 4507; x_wconf 84' lang='lat' dir='ltr'><strong>Spiritum</strong></span> <span class='ocrx_word' id='word_1_830' title='bbox 2499 4452 2766 4509; x_wconf 91' lang='lat' dir='ltr'><strong>sanctum,</strong></span> <span class='ocrx_word' id='word_1_831' title='bbox 2793 4448 2882 4516; x_wconf 90' lang='lat' dir='ltr'><strong>qui</strong></span> <span class='ocrx_word' id='word_1_832' title='bbox 2912 4448 3067 4507; x_wconf 89' lang='lat' dir='ltr'><strong>datus</strong></span> <span class='ocrx_word' id='word_1_833' title='bbox 3094 4464 3179 4510; x_wconf 90' lang='lat' dir='ltr'><strong>est</strong></span> <span class='ocrx_word' id='word_1_834' title='bbox 3213 4456 3322 4524; x_wconf 85' lang='lat' dir='ltr'><strong>eis;</strong></span> <span class='ocrx_word' id='word_1_835' title='bbox 3376 4461 3499 4531; x_wconf 89' lang='lat' dir='ltr'><strong>quia</strong></span> <span class='ocrx_word' id='word_1_836' title='bbox 3540 4435 3818 4535; x_wconf 75' lang='lat' dir='ltr'><strong>superlora</strong></span> 
     </span>
    </p>
   </div>
   <div class='ocr_carea' id='block_1_105' title="bbox 2219 4530 3819 4620">
    <p class='ocr_par' dir='ltr' id='par_1_105' title="bbox 2219 4530 3819 4620">
     <span class='ocr_line' id='line_1_106' title="bbox 2219 4530 3819 4620; baseline 0.021 -38"><span class='ocrx_word' id='word_1_837' title='bbox 2219 4530 2341 4584; x_wconf 74' lang='grc' dir='ltr'><strong>οωιὶ</strong></span> <span class='ocrx_word' id='word_1_838' title='bbox 2373 4532 2525 4602; x_wconf 89' lang='lat' dir='ltr'><strong>aquis</strong></span> <span class='ocrx_word' id='word_1_839' title='bbox 2575 4544 2943 4607; x_wconf 85' lang='lat' dir='ltr'><strong>proteguntur.</strong></span> <span class='ocrx_word' id='word_1_840' title='bbox 2978 4544 3044 4599; x_wconf 83' lang='lat' dir='ltr'><strong>Et</strong></span> <span class='ocrx_word' id='word_1_841' title='bbox 3084 4545 3240 4614; x_wconf 89' lang='lat' dir='ltr'><strong>bene,</strong></span> <span class='ocrx_word' id='word_1_842' title='bbox 3290 4530 3415 4620; x_wconf 79' lang='lat' dir='ltr'><strong>quia</strong></span> <span class='ocrx_word' id='word_1_843' title='bbox 3461 4530 3721 4615; x_wconf 73' lang='lat' dir='ltr'><strong>Dominus</strong></span> <span class='ocrx_word' id='word_1_844' title='bbox 3766 4559 3819 4616; x_wconf 91' lang='lat' dir='ltr'><strong>in</strong></span> 
     </span>
    </p>
   </div>
   <div class='ocr_carea' id='block_1_106' title="bbox 2216 4623 3817 4710">
    <p class='ocr_par' dir='ltr' id='par_1_106' title="bbox 2216 4623 3817 4710">
     <span class='ocr_line' id='line_1_107' title="bbox 2216 4623 3817 4710; baseline 0.019 -35"><span class='ocrx_word' id='word_1_845' title='bbox 2216 4623 2386 4677; x_wconf 70' lang='lat' dir='ltr'><strong>emlos</strong></span> <span class='ocrx_word' id='word_1_846' title='bbox 2407 4627 2669 4692; x_wconf 87' lang='lat' dir='ltr'><strong>ascendit,</strong></span> <span class='ocrx_word' id='word_1_847' title='bbox 2703 4638 2762 4685; x_wconf 91' lang='lat' dir='ltr'><strong>ut</strong></span> <span class='ocrx_word' id='word_1_848' title='bbox 2780 4646 3026 4701; x_wconf 82' lang='lat' dir='ltr'><strong>superior</strong></span> <span class='ocrx_word' id='word_1_849' title='bbox 3049 4648 3193 4694; x_wconf 87' lang='lat' dir='ltr'><strong>esset</strong></span> <span class='ocrx_word' id='word_1_850' title='bbox 3216 4642 3387 4710; x_wconf 71' lang='lat' dir='ltr'><strong>cmlis,</strong></span> <span class='ocrx_word' id='word_1_851' title='bbox 3416 4646 3608 4702; x_wconf 85' lang='lat' dir='ltr'><strong>etinde</strong></span> <span class='ocrx_word' id='word_1_852' title='bbox 3636 4649 3817 4705; x_wconf 87' lang='lat' dir='ltr'><strong>mitte-</strong></span> 
     </span>
    </p>
   </div>
   <div class='ocr_carea' id='block_1_107' title="bbox 2216 4714 3815 4809">
    <p class='ocr_par' dir='ltr' id='par_1_107' title="bbox 2216 4714 3815 4809">
     <span class='ocr_line' id='line_1_108' title="bbox 2216 4714 3815 4809; baseline 0.02 -42"><span class='ocrx_word' id='word_1_853' title='bbox 2216 4724 2301 4769; x_wconf 85' lang='lat' dir='ltr'><strong>ret</strong></span> <span class='ocrx_word' id='word_1_854' title='bbox 2325 4714 2658 4773; x_wconf 85' lang='lat' dir='ltr'><strong>charitatem.</strong></span> <span class='ocrx_word' id='word_1_855' title='bbox 2683 4720 2797 4777; x_wconf 89' lang='lat' dir='ltr'><strong>Non</strong></span> <span class='ocrx_word' id='word_1_856' title='bbox 2828 4725 2971 4780; x_wconf 90' lang='lat' dir='ltr'><strong>enim</strong></span> <span class='ocrx_word' id='word_1_857' title='bbox 3002 4728 3080 4783; x_wconf 91' lang='lat' dir='ltr'><strong>sic</strong></span> <span class='ocrx_word' id='word_1_858' title='bbox 3115 4729 3255 4785; x_wconf 92' lang='lat' dir='ltr'><strong>Deus</strong></span> <span class='ocrx_word' id='word_1_859' title='bbox 3290 4736 3557 4806; x_wconf 88' lang='lat' dir='ltr'><strong>protegit,</strong></span> <span class='ocrx_word' id='word_1_860' title='bbox 3584 4748 3641 4793; x_wconf 89' lang='lat' dir='ltr'><strong>ut</strong></span> <span class='ocrx_word' id='word_1_861' title='bbox 3663 4744 3815 4809; x_wconf 83' lang='lat' dir='ltr'><strong>quasi</strong></span> 
     </span>
    </p>
   </div>
   <div class='ocr_carea' id='block_1_108' title="bbox 2217 4811 3815 4900">
    <p class='ocr_par' dir='ltr' id='par_1_108' title="bbox 2217 4811 3815 4900">
     <span class='ocr_line' id='line_1_109' title="bbox 2217 4811 3815 4900; baseline 0.018 -42"><span class='ocrx_word' id='word_1_862' title='bbox 2217 4815 2549 4866; x_wconf 85' lang='lat' dir='ltr'><strong>sustentetur</strong></span> <span class='ocrx_word' id='word_1_863' title='bbox 2567 4811 2635 4866; x_wconf 90' lang='lat' dir='ltr'><strong>ab</strong></span> <span class='ocrx_word' id='word_1_864' title='bbox 2659 4828 2724 4868; x_wconf 90' lang='lat' dir='ltr'><strong>eo</strong></span> <span class='ocrx_word' id='word_1_865' title='bbox 2752 4829 2910 4884; x_wconf 91' lang='lat' dir='ltr'><strong>quem</strong></span> <span class='ocrx_word' id='word_1_866' title='bbox 2936 4820 3166 4890; x_wconf 84' lang='lat' dir='ltr'><strong>protegit</strong></span> <span class='ocrx_word' id='word_1_867' title='bbox 3197 4839 3212 4876; x_wconf 86' lang='lat'><strong>:</strong></span> <span class='ocrx_word' id='word_1_868' title='bbox 3239 4824 3656 4898; x_wconf 87' lang='lat' dir='ltr'><strong>sublevatquem</strong></span> <span class='ocrx_word' id='word_1_869' title='bbox 3688 4847 3815 4900; x_wconf 91' lang='lat' dir='ltr'><strong>pro-</strong></span> 
     </span>
    </p>
   </div>
   <div class='ocr_carea' id='block_1_109' title="bbox 2218 4900 3816 4993">
    <p class='ocr_par' dir='ltr' id='par_1_109' title="bbox 2218 4900 3816 4993">
     <span class='ocr_line' id='line_1_110' title="bbox 2218 4900 3816 4993; baseline 0.018 -40"><span class='ocrx_word' id='word_1_870' title='bbox 2218 4900 2368 4969; x_wconf 85' lang='lat' dir='ltr'><strong>tegit,</strong></span> <span class='ocrx_word' id='word_1_871' title='bbox 2396 4917 2500 4956; x_wconf 92' lang='lat' dir='ltr'><strong>non</strong></span> <span class='ocrx_word' id='word_1_872' title='bbox 2539 4917 2745 4961; x_wconf 89' lang='lat' dir='ltr'><strong>onerat.</strong></span> <span class='ocrx_word' id='word_1_873' title='bbox 2779 4907 2848 4963; x_wconf 90' lang='lat' dir='ltr'><strong>Ita</strong></span> <span class='ocrx_word' id='word_1_874' title='bbox 2871 4925 3001 4981; x_wconf 89' lang='lat' dir='ltr'><strong>ergo</strong></span> <span class='ocrx_word' id='word_1_875' title='bbox 3024 4913 3218 4969; x_wconf 70' lang='lat' dir='ltr'><strong>coelum</strong></span> <span class='ocrx_word' id='word_1_876' title='bbox 3262 4920 3416 4988; x_wconf 88' lang='lat' dir='ltr'><strong>aquis</strong></span> <span class='ocrx_word' id='word_1_877' title='bbox 3452 4925 3712 4993; x_wconf 88' lang='lat' dir='ltr'><strong>protegit,</strong></span> <span class='ocrx_word' id='word_1_878' title='bbox 3762 4937 3816 4982; x_wconf 89' lang='lat' dir='ltr'><strong>ut</strong></span> 
     </span>
    </p>
   </div>
   <div class='ocr_carea' id='block_1_110' title="bbox 2215 4994 3813 5083">
    <p class='ocr_par' dir='ltr' id='par_1_110' title="bbox 2215 4994 3813 5083">
     <span class='ocr_line' id='line_1_111' title="bbox 2215 4994 3813 5083; baseline 0.018 -39"><span class='ocrx_word' id='word_1_879' title='bbox 2215 4994 2386 5063; x_wconf 82' lang='lat' dir='ltr'><strong>magis</strong></span> <span class='ocrx_word' id='word_1_880' title='bbox 2411 4994 2539 5051; x_wconf 90' lang='lat' dir='ltr'><strong>illud</strong></span> <span class='ocrx_word' id='word_1_881' title='bbox 2571 4996 2751 5055; x_wconf 87' lang='lat' dir='ltr'><strong>divino</strong></span> <span class='ocrx_word' id='word_1_882' title='bbox 2776 5000 2975 5071; x_wconf 89' lang='lat' dir='ltr'><strong>Spiritu</strong></span> <span class='ocrx_word' id='word_1_883' title='bbox 3005 5005 3335 5064; x_wconf 90' lang='lat' dir='ltr'><strong>sublevetur.</strong></span> <span class='ocrx_word' id='word_1_884' title='bbox 3363 5012 3515 5078; x_wconf 82' lang='lat' dir='ltr'><strong>Quod</strong></span> <span class='ocrx_word' id='word_1_885' title='bbox 3543 5017 3813 5083; x_wconf 86' lang='lat' dir='ltr'><strong>sublevat,</strong></span> 
     </span>
    </p>
   </div>
   <div class='ocr_carea' id='block_1_111' title="bbox 2214 5091 3815 5179">
    <p class='ocr_par' dir='ltr' id='par_1_111' title="bbox 2214 5091 3815 5179">
     <span class='ocr_line' id='line_1_112' title="bbox 2214 5091 3815 5179; baseline 0.017 -41"><span class='ocrx_word' id='word_1_886' title='bbox 2214 5097 2423 5140; x_wconf 89' lang='lat' dir='ltr'><strong>sursum</strong></span> <span class='ocrx_word' id='word_1_887' title='bbox 2445 5097 2554 5155; x_wconf 92' lang='lat' dir='ltr'><strong>est;</strong></span> <span class='ocrx_word' id='word_1_888' title='bbox 2587 5091 2728 5161; x_wconf 88' lang='lat' dir='ltr'><strong>quod</strong></span> <span class='ocrx_word' id='word_1_889' title='bbox 2760 5094 3090 5165; x_wconf 90' lang='lat' dir='ltr'><strong>sublevatur,</strong></span> <span class='ocrx_word' id='word_1_890' title='bbox 3123 5099 3257 5155; x_wconf 90' lang='lat' dir='ltr'><strong>infra</strong></span> <span class='ocrx_word' id='word_1_891' title='bbox 3279 5110 3363 5157; x_wconf 88' lang='lat' dir='ltr'><strong>est</strong></span> <span class='ocrx_word' id='word_1_892' title='bbox 3392 5122 3405 5156; x_wconf 93' lang='lat'>:</span> <span class='ocrx_word' id='word_1_893' title='bbox 3432 5106 3561 5161; x_wconf 90' lang='lat' dir='ltr'><strong>illud</strong></span> <span class='ocrx_word' id='word_1_894' title='bbox 3584 5124 3815 5179; x_wconf 86' lang='lat' dir='ltr'><strong>suspen-</strong></span> 
     </span>
    </p>
   </div>
   <div class='ocr_carea' id='block_1_112' title="bbox 2213 5173 3811 5271">
    <p class='ocr_par' dir='ltr' id='par_1_112' title="bbox 2213 5173 3811 5271">
     <span class='ocr_line' id='line_1_113' title="bbox 2213 5173 3811 5271; baseline 0.018 -42"><span class='ocrx_word' id='word_1_895' title='bbox 2213 5173 2314 5244; x_wconf 93' lang='lat' dir='ltr'><strong>dit,</strong></span> <span class='ocrx_word' id='word_1_896' title='bbox 2349 5177 2450 5234; x_wconf 87' lang='lat' dir='ltr'><strong>hoc</strong></span> <span class='ocrx_word' id='word_1_897' title='bbox 2479 5181 2695 5250; x_wconf 89' lang='lat' dir='ltr'><strong>pendet.</strong></span> <span class='ocrx_word' id='word_1_898' title='bbox 2721 5182 2777 5239; x_wconf 90' lang='lat' dir='ltr'><strong>Si</strong></span> <span class='ocrx_word' id='word_1_899' title='bbox 2808 5200 2937 5257; x_wconf 90' lang='lat' dir='ltr'><strong>ergo</strong></span> <span class='ocrx_word' id='word_1_900' title='bbox 2964 5188 3095 5244; x_wconf 91' lang='lat' dir='ltr'><strong>illud</strong></span> <span class='ocrx_word' id='word_1_901' title='bbox 3122 5194 3421 5263; x_wconf 86' lang='lat' dir='ltr'><strong>suspendit,</strong></span> <span class='ocrx_word' id='word_1_902' title='bbox 3453 5197 3553 5253; x_wconf 90' lang='lat' dir='ltr'><strong>hoc</strong></span> <span class='ocrx_word' id='word_1_903' title='bbox 3575 5173 3811 5271; x_wconf 81' lang='lat' dir='ltr'><strong>pendet;</strong></span> 
     </span>
    </p>
   </div>
   <div class='ocr_carea' id='block_1_113' title="bbox 2208 5268 3810 5365">
    <p class='ocr_par' dir='ltr' id='par_1_113' title="bbox 2208 5268 3810 5365">
     <span class='ocr_line' id='line_1_114' title="bbox 2208 5268 3810 5365; baseline 0.017 -43"><span class='ocrx_word' id='word_1_904' title='bbox 2208 5268 2331 5326; x_wconf 86' lang='lat' dir='ltr'><strong>audi</strong></span> <span class='ocrx_word' id='word_1_905' title='bbox 2358 5272 2481 5342; x_wconf 83' lang='lat' dir='ltr'><strong>quia</strong></span> <span class='ocrx_word' id='word_1_906' title='bbox 2510 5273 2609 5330; x_wconf 86' lang='lat' dir='ltr'><strong>hoc</strong></span> <span class='ocrx_word' id='word_1_907' title='bbox 2629 5277 2822 5332; x_wconf 77' lang='lat' dir='ltr'><strong>coelum</strong></span> <span class='ocrx_word' id='word_1_908' title='bbox 2861 5280 3253 5353; x_wconf 89' lang='lat' dir='ltr'><strong>Scripturarum</strong></span> <span class='ocrx_word' id='word_1_909' title='bbox 3288 5302 3356 5343; x_wconf 84' lang='lat' dir='ltr'><strong>ex</strong></span> <span class='ocrx_word' id='word_1_910' title='bbox 3389 5268 3651 5348; x_wconf 78' lang='lat' dir='ltr'><strong>cltaritate</strong></span> <span class='ocrx_word' id='word_1_911' title='bbox 3677 5310 3810 5365; x_wconf 82' lang='lat' dir='ltr'><strong>pen-</strong></span> 
     </span>
    </p>
   </div>
   <div class='ocr_carea' id='block_1_114' title="bbox 2210 5358 3809 5452">
    <p class='ocr_par' dir='ltr' id='par_1_114' title="bbox 2210 5358 3809 5452">
     <span class='ocr_line' id='line_1_115' title="bbox 2210 5358 3809 5452; baseline 0.018 -39"><span class='ocrx_word' id='word_1_912' title='bbox 2210 5358 2320 5419; x_wconf 91' lang='lat' dir='ltr'><strong>det.</strong></span> <span class='ocrx_word' id='word_1_913' title='bbox 2352 5362 2466 5418; x_wconf 92' lang='lat' dir='ltr'><strong>Duo</strong></span> <span class='ocrx_word' id='word_1_914' title='bbox 2504 5376 2629 5420; x_wconf 86' lang='lat' dir='ltr'><strong>sum</strong></span> <span class='ocrx_word' id='word_1_915' title='bbox 2668 5383 2860 5437; x_wconf 89' lang='lat' dir='ltr'><strong>nempe</strong></span> <span class='ocrx_word' id='word_1_916' title='bbox 2902 5371 2991 5426; x_wconf 92' lang='lat' dir='ltr'><strong>illa</strong></span> <span class='ocrx_word' id='word_1_917' title='bbox 3036 5376 3309 5432; x_wconf 90' lang='lat' dir='ltr'><strong>notissima</strong></span> <span class='ocrx_word' id='word_1_918' title='bbox 3362 5393 3626 5452; x_wconf 58' lang='lat' dir='ltr'><strong>praecepta</strong></span> <span class='ocrx_word' id='word_1_919' title='bbox 3674 5358 3809 5442; x_wconf 80' lang='lat' dir='ltr'><strong>dile-</strong></span> 
     </span>
    </p>
   </div>
   <div class='ocr_carea' id='block_1_115' title="bbox 2209 5455 3809 5545">
    <p class='ocr_par' dir='ltr' id='par_1_115' title="bbox 2209 5455 3809 5545">
     <span class='ocr_line' id='line_1_116' title="bbox 2209 5455 3809 5545; baseline 0.018 -36"><span class='ocrx_word' id='word_1_920' title='bbox 2209 5455 2401 5509; x_wconf 89' lang='lat' dir='ltr'><strong>ctionis</strong></span> <span class='ocrx_word' id='word_1_921' title='bbox 2431 5475 2445 5512; x_wconf 90' lang='lat'><strong>:</strong></span> <span class='ocrx_word' id='word_1_922' title='bbox 2474 5477 2493 5510; x_wconf 79' lang='grc' dir='ltr'><strong>ι</strong></span> <span class='ocrx_word' id='word_1_923' title='bbox 2519 5457 2574 5513; x_wconf 84' lang='lat' dir='ltr'><strong>In</strong></span> <span class='ocrx_word' id='word_1_924' title='bbox 2607 5459 2690 5515; x_wconf 87' lang='lat' dir='ltr'><strong>bis</strong></span> <span class='ocrx_word' id='word_1_925' title='bbox 2709 5460 2918 5519; x_wconf 88' lang='lat' dir='ltr'><strong>duobus</strong></span> <span class='ocrx_word' id='word_1_926' title='bbox 2948 5473 3229 5539; x_wconf 69' lang='lat' dir='ltr'><strong>prmceptis</strong></span> <span class='ocrx_word' id='word_1_927' title='bbox 3260 5481 3366 5528; x_wconf 90' lang='lat' dir='ltr'><strong>tota</strong></span> <span class='ocrx_word' id='word_1_928' title='bbox 3396 5474 3504 5530; x_wconf 70' lang='lat' dir='ltr'><strong>Lex</strong></span> <span class='ocrx_word' id='word_1_929' title='bbox 3535 5479 3734 5545; x_wconf 89' lang='lat' dir='ltr'><strong>pendet</strong></span> <span class='ocrx_word' id='word_1_930' title='bbox 3754 5493 3809 5539; x_wconf 88' lang='lat' dir='ltr'><strong>et</strong></span> 
     </span>
    </p>
   </div>
   <div class='ocr_carea' id='block_1_116' title="bbox 2210 5547 3807 5645">
    <p class='ocr_par' dir='ltr' id='par_1_116' title="bbox 2210 5547 3807 5645">
     <span class='ocr_line' id='line_1_117' title="bbox 2210 5547 3807 5645; baseline 0.016 -42"><span class='ocrx_word' id='word_1_931' title='bbox 2210 5547 2492 5619; x_wconf 72' lang='lat' dir='ltr'><strong>PrOphetze</strong></span> <span class='ocrx_word' id='word_1_932' title='bbox 2524 5552 2735 5624; x_wconf 80' lang='lat' dir='ltr'><strong>(Matth.</strong></span> <span class='ocrx_word' id='word_1_933' title='bbox 2769 5573 2904 5627; x_wconf 71' lang='grc' dir='ltr'>χχιι,</span> <span class='ocrx_word' id='word_1_934' title='bbox 2942 5561 3057 5632; x_wconf 72' lang='grc'><strong>40).</strong></span> <span class='ocrx_word' id='word_1_935' title='bbox 3107 5563 3208 5632; x_wconf 86' lang='lat' dir='ltr'><strong>Qui</strong></span> <span class='ocrx_word' id='word_1_936' title='bbox 3258 5569 3492 5641; x_wconf 86' lang='lat' dir='ltr'><strong>protegit</strong></span> <span class='ocrx_word' id='word_1_937' title='bbox 3540 5570 3594 5626; x_wconf 91' lang='lat' dir='ltr'><strong>in</strong></span> <span class='ocrx_word' id='word_1_938' title='bbox 3651 5576 3807 5645; x_wconf 86' lang='lat' dir='ltr'><strong>aquis</strong></span> 
     </span>
    </p>
   </div>
   <div class='ocr_carea' id='block_1_117' title="bbox 2206 5643 2697 5716">
    <p class='ocr_par' dir='ltr' id='par_1_117' title="bbox 2206 5643 2697 5716">
     <span class='ocr_line' id='line_1_118' title="bbox 2206 5643 2697 5716; baseline 0.008 -20"><span class='ocrx_word' id='word_1_939' title='bbox 2206 5643 2478 5713; x_wconf 85' lang='lat' dir='ltr'><strong>superiora</strong></span> <span class='ocrx_word' id='word_1_940' title='bbox 2503 5645 2636 5716; x_wconf 86' lang='lat' dir='ltr'><strong>ejus.</strong></span> <span class='ocrx_word' id='word_1_941' title='bbox 2677 5667 2697 5700; x_wconf 76' lang='grc' dir='ltr'><strong>ι</strong></span> 
     </span>
    </p>
   </div>
   <div class='ocr_carea' id='block_1_118' title="bbox 2282 5754 3851 5845">
    <p class='ocr_par' dir='ltr' id='par_1_118' title="bbox 2282 5754 3851 5845">
     <span class='ocr_line' id='line_1_119' title="bbox 2282 5754 3851 5845; baseline 0.017 -35"><span class='ocrx_word' id='word_1_942' title='bbox 2282 5754 2370 5811; x_wconf 81' lang='grc' dir='ltr'><strong>Η.</strong></span> <span class='ocrx_word' id='word_1_943' title='bbox 2423 5754 2523 5825; x_wconf 81' lang='lat' dir='ltr'><strong>Qui</strong></span> <span class='ocrx_word' id='word_1_944' title='bbox 2546 5760 2686 5831; x_wconf 85' lang='lat' dir='ltr'><strong>ponit</strong></span> <span class='ocrx_word' id='word_1_945' title='bbox 2706 5762 2858 5821; x_wconf 80' lang='lat' dir='ltr'><strong>nubes</strong></span> <span class='ocrx_word' id='word_1_946' title='bbox 2885 5781 3148 5824; x_wconf 81' lang='lat' dir='ltr'><strong>ascensum</strong></span> <span class='ocrx_word' id='word_1_947' title='bbox 3168 5770 3299 5841; x_wconf 89' lang='lat' dir='ltr'><strong>ejus.</strong></span> <span class='ocrx_word' id='word_1_948' title='bbox 3318 5771 3592 5845; x_wconf 83' lang='lat' dir='ltr'><strong>Accipitur</strong></span> <span class='ocrx_word' id='word_1_949' title='bbox 3614 5782 3672 5832; x_wconf 85' lang='lat' dir='ltr'><strong>et</strong></span> <span class='ocrx_word' id='word_1_950' title='bbox 3699 5775 3803 5835; x_wconf 80' lang='lat' dir='ltr'><strong>hoc</strong></span> <span class='ocrx_word' id='word_1_951' title='bbox 3850 5774 3851 5777; x_wconf 46' lang='grc'><em>“</em></span> 
     </span>
    </p>
   </div>
  </div>
