4058 6486
244 448 379 506 1515

239 564 371 620 bene
393 562 460 635 ad
498 562 757 617 litteram.
787 557 1045 615 Dominus
1072 555 1349 614 visibiliter
1368 552 1608 611 ascendit
1640 552 1695 609 in
1722 566 1830 609 coe-

240 657 364 711 lum.
426 654 712 723 Quomodo
755 651 945 723 positae
989 657 1113 705 sunt
1160 648 1328 705 nubes
1368 661 1620 703 ascensus
1670 644 1832 700 coeli?

242 747 362 802 Haec
424 763 546 800 cum
587 746 831 810 dixisset,
886 742 1039 797 nubes
1087 740 1305 811 suscepit
1356 755 1472 793 eum
1524 737 1660 810 (Act.
1686 752 1728 801 ς,
1748 733 1828 805 9).

236 839 411 895 Habes
440 838 569 913 item
599 835 670 891 de
694 834 1087 892 resurrectione
1114 842 1294 888 nostra
1322 829 1633 901 praedictum
1665 845 1679 882 :
1718 845 1737 880 ι
1764 826 1832 882 Ει

237 930 507 995 mortuis,
552 929 757 999 inquit,
802 945 822 979 ι
876 926 929 982 in
984 925 1230 991 Christo,
1277 928 1560 992 resurgent
1607 917 1767 990 primi
1810 933 1828 985 ;

239 1022 435 1078 deinde
463 1032 519 1078 et
540 1036 640 1077 nos
660 1021 753 1091 qui
786 1020 1035 1083 vivimus,
1068 1017 1227 1073 simul
1272 1031 1394 1073 cum
1421 1015 1528 1071 illis
1560 1014 1831 1085 rapiemur

233 1116 283 1170 in
313 1115 551 1169 nubibus
573 1114 786 1168 obviam
815 1111 1029 1167 Christo
1069 1111 1123 1165 in
1160 1125 1307 1175 aera,
1334 1118 1494 1179 atque
1520 1108 1588 1162 ita
1617 1120 1831 1177 semper

232 1222 348 1262 eum
370 1206 604 1261 Domino
622 1205 822 1261 erimus
841 1223 860 1257 ι
886 1202 1117 1275 (lTltess.
1135 1217 1208 1267 1v,
1226 1202 1312 1268 15,
1333 1198 1442 1272 16).
1465 1199 1641 1255 Habes
1661 1197 1830 1253 nubes

233 1312 517 1353 ascensum
541 1296 665 1352 caeli
698 1294 1015 1351 :ostendam
1062 1303 1117 1349 et
1150 1293 1320 1348 nubes
1375 1306 1657 1345 ascensum
1707 1286 1827 1343 cmli

234 1387 411 1458 hujus,
446 1388 500 1443 id
534 1396 620 1443 est
645 1386 945 1442 divinarum
971 1384 1387 1455 Scripturarum.
1419 1382 1557 1451 Quid
1582 1390 1666 1437 est
1694 1379 1825 1447 hoc,

231 1479 465 1535 fratres?
490 1478 706 1536 Utinam
737 1494 825 1534 me
864 1478 1122 1532 Dominus
1148 1476 1289 1530 Deus
1329 1488 1483 1529 meus
1538 1474 1674 1528 inter
1711 1471 1828 1527 illas

234 1571 652 1640 qualescumque
665 1568 834 1624 nubes
849 1582 1136 1623 numerare
1156 1565 1403 1637 dignetur
1423 1581 1438 1630 ;
1456 1563 1649 1620 viderit
1668 1577 1826 1632 quam

232 1662 493 1718 nebulosa
521 1662 694 1718 nubes
721 1663 822 1717 sim
855 1677 870 1715 :
903 1675 1091 1717 omnes
1120 1670 1295 1714 tamen
1314 1655 1690 1728 praedicatores
1706 1669 1826 1709 ver-

231 1754 282 1811 bi
307 1756 558 1810 veritatis
597 1755 768 1811 nubes
803 1754 1047 1824 accipite.
1079 1752 1409 1823 Quicumque
1454 1764 1582 1820 ergo
1630 1746 1826 1803 inﬁrmi

232 1860 332 1901 non
366 1856 597 1916 possunt
623 1846 915 1902 ascendere
948 1845 1001 1899 in
1028 1845 1130 1900 hoc
1156 1845 1373 1908 coelum,
1408 1841 1459 1897 id
1503 1849 1586 1897 est
1633 1840 1700 1894 ad
1746 1839 1827 1893 in-

234 1938 507 1994 tellectum
548 1938 965 2008 Scripturarum,
991 1951 1089 2008 per
1124 1935 1291 1991 nubes
1320 1932 1628 1989 ascendant.
1664 1930 1827 1986 Forte

231 2030 370 2086 enim
391 2038 450 2085 et
484 2030 648 2085 modo
673 2028 733 2084 ﬁt
758 2029 913 2085 vobis
934 2028 951 2060 ³
975 2045 990 2093 ;
1017 2029 1063 2082 si
1097 2025 1295 2096 aliquid
1325 2025 1528 2097 agimus
1549 2066 1564 2090 ,
1591 2023 1637 2078 si
1672 2023 1826 2078 labor

229 2124 499 2194 sudorque
530 2130 715 2178 noster
742 2137 847 2177 non
892 2130 975 2177 est
1014 2119 1397 2183 infructuosus,
1438 2116 1727 2172 ascenditis
1768 2114 1824 2171 in

229 2219 423 2275 coelum
469 2216 865 2287 Scripturarum
892 2213 1212 2279 divinarum,
1244 2212 1347 2267 hoc
1390 2220 1471 2266 est
1517 2210 1569 2264 in
1613 2209 1823 2264 intelle-

231 2320 373 2367 ctum
397 2324 589 2366 earum
618 2324 713 2379 per
732 2306 1165 2380 pmdicationem
1180 2314 1438 2359 nostram.
1457 2302 1628 2370 Quam
1657 2300 1824 2356 altum

228 2411 333 2458 erat
360 2401 563 2457 emtum
594 2399 650 2456 in
678 2399 883 2470 psalmo
912 2398 1014 2454 isto
1046 2399 1060 2453 ι
1096 2395 1266 2452 Nemo
1294 2394 1708 2469 enimvestrum
1741 2392 1823 2446 vi-

228 2494 385 2550 debat
426 2492 558 2565 quid
620 2502 764 2549 esset
812 2492 866 2548 in
918 2491 1086 2563 ﬁgura
1126 2507 1142 2545 :
1186 2488 1427 2544 Extendit
1477 2485 1658 2542 calum
1696 2486 1824 2541 sicut

228 2587 426 2657 pellem,
456 2585 545 2655 qui
571 2585 783 2656 protegit
808 2585 862 2638 in
885 2584 1030 2655 aquis
1057 2582 1323 2653 superiora
1344 2581 1475 2651 ejus.
1508 2578 1622 2634 Hoc
1647 2578 1822 2650 ipsum

228 2676 367 2747 quod
410 2675 616 2731 dictum
666 2684 771 2742 est,
815 2674 916 2742 Qui
969 2674 1107 2747 ponit
1160 2671 1315 2727 nubes
1364 2685 1628 2726 ascensum
1674 2669 1823 2740 ejus;

229 2782 348 2824 ecce
370 2767 487 2838 jam
518 2767 844 2823 intellectum
871 2774 975 2829 est,
1005 2772 1257 2834 quantum
1292 2761 1547 2816 Dominus
1570 2758 1813 2826 donavit,

231 2858 644 2930 pradicantibus
675 2857 859 2923 nobis;
890 2871 997 2912 non
1018 2855 1162 2911 enim
1193 2854 1362 2909 nubes
1389 2850 1457 2907 de
1483 2866 1580 2906 suo
1600 2864 1823 2906 munere

232 2954 443 3026 pluunt.
466 2953 579 3009 Vos
603 2950 949 3023 intelligendo
975 2948 1282 3015 ascendite,
1313 2947 1366 3002 in
1398 2944 1671 3001 intellectu
1706 2943 1822 3013 ipso

229 3046 544 3103 fructiticate
568 3063 584 3111 ;
613 3060 682 3100 ne
706 3044 823 3099 sitis
847 3042 1017 3114 qualis
1045 3041 1135 3097 illa
1163 3040 1318 3095 vinea
1336 3081 1353 3106 ,
1381 3037 1450 3094 de
1486 3052 1587 3108 qua
1629 3035 1823 3091 dicitur

229 3137 362 3209 apud
412 3138 732 3208 prophetam
766 3150 782 3187 :
821 3130 1079 3187 Mandabo
1118 3129 1331 3184 nubibus
1369 3128 1491 3183 meis
1537 3144 1599 3182 ne
1643 3127 1821 3199 pluunt

228 3249 373 3304 super
403 3248 539 3286 eam.
574 3227 937 3284 Accusabatur
981 3225 1124 3281 enim
1168 3222 1409 3294 quaedam
1457 3221 1629 3282 vinea,
1679 3217 1820 3289 quod

231 3340 320 3395 pro
347 3340 453 3379 uva
472 3324 654 3393 spinas
673 3319 900 3376 dederat
917 3356 935 3385 ,
962 3331 1068 3372 non
1100 3313 1406 3371 reddiderat
1446 3311 1659 3381 dignam
1694 3325 1819 3380 gra-

231 3420 349 3475 tiam
405 3418 551 3474 dulci
598 3416 811 3487 pluviae.
857 3412 957 3480 Qui
997 3412 1139 3466 enim
1188 3410 1327 3465 bona
1372 3406 1540 3475 audit,
1586 3414 1641 3461 et
1679 3405 1819 3460 mala

230 3521 496 3583 operatur,
521 3509 664 3566 dulci
695 3508 870 3578 pluvia
898 3504 1241 3574 compluitur,
1267 3512 1320 3559 et
1354 3501 1534 3572 spinas
1574 3509 1814 3571 generat.

229 3605 335 3661 Non
362 3615 447 3662 est
476 3612 532 3658 ut
558 3602 910 3672 suspicentur,
935 3598 1149 3662 fratres,
1186 3594 1254 3650 de
1303 3594 1477 3664 aliqua
1505 3600 1716 3648 terrena
1764 3599 1821 3647 et

232 3698 323 3754 ista
352 3698 551 3753 visibili
582 3696 737 3751 vinea
770 3693 1053 3749 Dominum
1080 3690 1340 3746 locutum.
1372 3685 1613 3757 Namque
1652 3686 1721 3741 ibi
1751 3700 1818 3742 ne

229 3788 322 3844 sub
345 3787 678 3843 obscuritate
702 3783 967 3841 sermonis
995 3785 1187 3836 lateret
1205 3777 1476 3835 excusatio
1498 3776 1814 3847 iniquitatis,

230 3881 335 3953 ipse
364 3880 624 3936 Dominus
645 3893 739 3948 per
754 3877 924 3948 ipsum
942 3873 1251 3946 pr0phetam
1274 3870 1519 3941 exposuit
1540 3869 1624 3923 cui
1643 3869 1815 3923 vincte

234 3973 560 4046 loqueretur,
591 3980 645 4025 et
672 3969 738 4025 de
773 3984 875 4040 qua
903 3968 1056 4024 vinea
1096 3965 1195 4020 ista
1226 3964 1429 4019 diceret
1456 3979 1469 4014 :
1509 3959 1665 4015 Vinea
1685 4001 1699 4024 ,
1733 3960 1815 4013 in-

230 4066 354 4135 quit,
379 4062 593 4116 Domini
615 4060 862 4125 Sabaoth,
890 4060 1065 4113 domus
1086 4055 1247 4110 Israel
1276 4062 1366 4108 est.
1385 4051 1521 4121 Quid
1538 4060 1817 4122 vagantur,

229 4171 259 4211 ο
282 4155 474 4227 iniqui,
506 4153 672 4209 corda
691 4162 865 4207 vestra
889 4166 983 4221 per
998 4156 1206 4205 montes
1225 4154 1282 4201 et
1304 4145 1470 4201 colles
1490 4142 1817 4197 vinitorum?

229 4248 374 4314 Novi,
406 4248 603 4318 inquit,
632 4245 700 4302 de
729 4261 830 4315 qua
854 4243 1006 4299 vinea
1023 4242 1230 4312 loquar,
1253 4240 1375 4294 novi
1397 4237 1483 4292 ubi
1509 4235 1814 4307 qumrebam

232 4349 477 4407 avam,et
503 4340 683 4396 inveni
710 4337 929 4408 spinas;
958 4336 1075 4391 sine
1108 4348 1268 4390 causa
1304 4331 1445 4387 aliud
1484 4339 1641 4399 atque
1674 4328 1818 4384 aliud

229 4434 569 4507 suspicamini
621 4440 676 4489 et
728 4429 1019 4501 Opinamini
1051 4468 1067 4493 ,
1119 4427 1363 4491 nolentes
1414 4423 1711 4493 intelligere
1759 4430 1816 4476 ut

230 4528 356 4585 bene
380 4530 575 4600 agatis.
605 4525 739 4581 Nam
770 4532 824 4579 et
853 4522 955 4577 hoc
982 4520 1237 4588 scriptum
1260 4524 1343 4572 est
1376 4532 1390 4572 :
1426 4513 1606 4585 Noluit
1628 4513 1818 4567 intelli-

230 4639 336 4692 gere
356 4632 409 4675 ut
440 4621 566 4675 bene
610 4626 779 4690 ageret
825 4612 995 4688 (Psal.
1038 4628 1215 4675 xxxv,
1271 4610 1349 4681 Δ).
1394 4608 1587 4677 Tollite
1631 4621 1819 4677 omnes

230 4713 559 4782 suspiciones
586 4717 791 4765 vestras
817 4708 885 4763 de
911 4704 1088 4769 medio
1111 4720 1125 4756 :
1160 4701 1315 4756 Vinea
1340 4699 1541 4754 Domini
1567 4698 1816 4779 Sabaoth,

232 4808 404 4862 domus
429 4805 601 4861 Israel
641 4813 750 4866 est;
782 4811 826 4857 et
874 4801 1022 4854 homo
1063 4796 1233 4861 Iuda,
1289 4795 1537 4849 novellum
1585 4792 1820 4845 dilectum

234 4899 381 4971 μιαί.
402 4915 457 4965 v,
487 4898 634 4968 1-7).
670 4896 953 4959 Dilectum,
978 4905 1100 4948 cum
1130 4890 1419 4960 plantatum
1446 4894 1562 4950 est;
1595 4884 1820 4939 damna-

234 5000 359 5056 tum,
388 5006 513 5047 eum
543 4989 724 5058 spinas
753 4986 974 5043 creavit.
1008 4983 1184 5052 Ergo,
1226 4981 1439 5045 fratres,
1486 4976 1625 5031 forte
1667 4976 1819 5032 vinea

232 5080 325 5137 fuit
346 5083 543 5137 domus
572 5078 755 5145 Israel,
798 5087 851 5133 et
902 5090 1001 5131 nos
1054 5089 1160 5128 non
1209 5084 1396 5127 sumus
1441 5068 1635 5122 vinea?
1686 5065 1818 5123 Cum

233 5176 420 5230 timore
448 5172 731 5229 audiamus
751 5168 893 5240 quod
915 5166 1115 5225 Judaeis
1139 5164 1339 5219 dictum
1369 5158 1631 5215 videmus.
1661 5158 1820 5214 Vide-

230 5274 277 5322 te
313 5263 766 5339 quemadmodum
814 5258 1103 5332 Apostolus
1134 5264 1329 5312 terreat
1372 5267 1551 5309 ramos
1590 5250 1820 5307 insertos

228 5359 290 5415 de
314 5359 483 5416 ramis
507 5356 712 5422 fractis,
745 5361 801 5411 et
838 5354 891 5408 in
936 5351 1099 5408 ramis
1145 5348 1327 5404 fractis
1372 5344 1714 5401 commendet
1757 5342 1820 5397 ti-

228 5454 474 5509 mendam
517 5448 877 5510 severitatem,
921 5443 973 5499 in
1012 5442 1175 5498 ramis
1227 5439 1439 5495 insertis
1481 5434 1823 5493 commendet

228 5542 507 5607 amandam
532 5540 826 5605 bonitatem
854 5534 1031 5609 (Rom.
1050 5550 1127 5600 XI,
1147 5529 1362 5603 20-22).
1383 5529 1497 5585 Noli
1520 5544 1639 5584 esse
1659 5526 1822 5582 infru-

230 5645 443 5691 ctuosus
474 5634 527 5689 in
553 5632 818 5693 bonitate,
846 5643 914 5683 ne
958 5626 1154 5681 sterilis
1206 5623 1405 5679 sentias
1456 5620 1819 5697 severitatem.

231 5725 335 5783 Sed
363 5710 479 5783 non.
495 5740 615 5781 sum
641 5724 793 5787 vitis,
820 5718 954 5776 dicis
983 5716 1136 5774 mihi.
1158 5714 1261 5773 Ubi
1307 5723 1390 5771 est
1420 5710 1630 5769 Domini
1674 5726 1775 5766 vox
1804 5724 1817 5761 :

294 5864 319 5925 '7
344 5864 419 5925 sic
437 5861 668 5925 plerique
689 5864 821 5918 Mss,
846 5861 901 5907 At
934 5862 1034 5906 Am.
1062 5858 1116 5905 et
1145 5859 1241 5915 Ern,
1265 5849 1382 5904 satis
1419 5851 1483 5903 sit
1503 5845 1650 5909 vobis,
1690 5853 1823 5904 Lov.,

234 5922 586 5993 meum.

1374 430 1771 493 ENARRATIO
1808 430 1877 490 ΙΝ
1914 433 2237 491 PSALMUM
2276 430 2410 490 Clll.

3390 429 3527 489 1516

1941 550 2053 623 Ego
2082 570 2192 607 sum
2216 552 2351 619 vitis,
2382 567 2466 605 vos
2491 551 2607 607 estis
2634 560 2925 618 sarmenta;
2952 548 3111 605 Pater
3135 568 3273 605 meus
3298 552 3527 621 agricola

1941 641 2121 716 (Joan.
2160 660 2249 711 xv,
2296 645 2348 707 1,
2392 644 2486 714 5)?
2534 643 2631 700 Ubi
2680 659 2783 699 vox
2837 643 3075 713 Apostoli
3108 660 3121 697 :
3157 643 3281 705 Ouis
3328 644 3526 716 plantat

1938 740 2153 805 vineam,
2184 751 2231 795 et
2272 739 2335 795 de
2357 738 2526 807 fructu
2558 738 2669 807 ejus
2706 755 2807 792 non
2856 738 3063 810 percipit
3112 737 3155 811 (l
3177 737 3291 793 Cor.
3320 756 3395 807 1x,
3427 738 3529 809 7)?

1938 830 2104 888 Vinea
2133 847 2259 901 ergo
2284 845 2365 896 es,
2389 846 2423 886 ο
2445 830 2702 895 Ecclesia,
2734 840 2788 885 et
2822 830 2987 887 habes
3011 830 3300 901 agricolam
3328 831 3519 887 Deum.

1928 921 2106 985 Nemo
2132 922 2359 993 agricola
2395 922 2556 978 homo
2581 922 2836 991 compluit
2866 922 3074 977 vincant
3102 937 3271 977 suam.
3307 922 3524 979 Fratres

1936 1030 2064 1086 ergo
2093 1014 2442 1078 dilectissimi,
2467 1015 2671 1070 viscera
2692 1012 2967 1081 Ecclesiae,
2998 1014 3217 1084 pignora
3242 1012 3519 1080 Ecclesiae,

1939 1108 2032 1163 lilii
2056 1107 2237 1162 matris
2258 1107 2512 1169 etelestis,
2550 1105 2751 1171 audite,
2781 1121 2901 1160 cum
2929 1114 3137 1176 tempus
3158 1113 3261 1160 est.
3292 1105 3518 1160 Minatus

1936 1207 2020 1254 est
2041 1199 2184 1253 Deus
2211 1199 2285 1252 illi
2313 1198 2483 1253 vineae
2512 1196 2842 1252 atrocissima
2872 1198 3325 1253 comminatione:
3361 1196 3525 1251 Man-

1936 1292 2066 1344 aabo
2103 1290 2312 1345 nubibus
2358 1290 2502 1356 meis,
2540 1284 2729 1360 inquit,
2761 1307 2824 1343 ne
2867 1300 3046 1360 ptuant
3092 1307 3243 1361 super
3277 1307 3406 1345 eam.
3458 1290 3524 1346 Et

1930 1372 2131 1438 factum
2162 1393 2244 1440 est
2274 1403 2287 1439 :
2319 1397 2577 1440 venerunt
2598 1384 2836 1455 Apostoli
2854 1384 2919 1439 ad
2940 1384 3171 1451 Judaeos,
3196 1393 3517 1455 respuerunt

1935 1491 2062 1543 eos;
2093 1487 2148 1532 et
2178 1477 2423 1534 dixerunt
2446 1479 2570 1543 illis,
2597 1478 2677 1531 Ad
2705 1495 2790 1533 vos
2827 1479 2966 1533 missi
3010 1495 3244 1545 eramus,
3279 1480 3366 1535 sed
3405 1480 3524 1551 quia

1933 1570 2190 1638 repulistis
2211 1571 2411 1624 verbum
2446 1569 2560 1635 Dei,
2591 1570 2723 1625 imus
2758 1570 2825 1624 ad
2855 1568 3037 1627 Gentes
3067 1570 3203 1641 (Act.
3234 1587 3351 1637 xm,
3403 1571 3521 1638 46).

1936 1657 2142 1714 Videtis
2167 1661 2437 1731 quomodo
2476 1662 2530 1716 in
2561 1662 2750 1718 eodem
2779 1662 2979 1731 Spiritu
3029 1662 3145 1729 Dei,
3189 1662 3281 1718 illo
3302 1662 3524 1734 jubente

1934 1750 2255 1807 intrinsecus
2280 1753 2371 1824 qui
2411 1752 2615 1808 habitat
2645 1754 2695 1808 in
2724 1753 2973 1809 cordibus
3002 1768 3222 1809 suorum
3246 1795 3262 1819 ,
3306 1752 3526 1809 manda-

1935 1853 2046 1899 tum
2075 1846 2145 1900 sit
2180 1846 2408 1901 nubibus
2456 1846 2549 1901 Dei
2597 1862 2665 1901 ne
2712 1847 3082 1917 compluerent
3126 1847 3360 1911 vineam,
3404 1861 3525 1915 qua

1928 1951 2057 2003 cum
2084 1946 2488 2006 exspectaretur
2514 1946 2570 1992 ut
2592 1936 2789 1993 faceret
2816 1953 2992 2003 uvam,
3022 1936 3146 1992 fecit
3174 1937 3375 2007 Spinas.
3400 1936 3525 1992 Ideo

1932 2039 1989 2087 et
2018 2031 2186 2087 nubes
2212 2031 2340 2087 fecit
2366 2046 2649 2089 ascensum
2679 2032 2816 2101 ejus,
2844 2041 2898 2086 et
2923 2032 3119 2087 uelum
3154 2029 3376 2087 tetendit
3413 2029 3523 2085 sic-

1930 2130 1990 2177 ut
2036 2122 2250 2192 pellem.
2309 2122 2426 2177 Non
2470 2131 2552 2178 est
2615 2122 2758 2193 quod
2815 2123 3114 2192 queramini
3163 2139 3177 2175 :
3231 2121 3520 2176 auctoritas

1928 2200 2322 2284 Scripturarum
2373 2224 2587 2270 extenta
2635 2224 2719 2270 est
2772 2230 2935 2283 super
2983 2214 3167 2268 orbein
3214 2223 3515 2278 terrarum,

1931 2306 2102 2361 nubes
2143 2322 2251 2362 non
2300 2307 2537 2374 desunt,
2594 2306 2917 2379 praedicatur
2968 2307 3187 2361 verbum
3234 2305 3473 2361 veritatis
3501 2345 3517 2372 ,

1930 2408 2269 2469 exponuntur
2285 2400 2463 2453 omnia
2492 2415 2610 2470 qua:
2636 2399 2858 2454 obscura
2901 2406 3042 2463 sunt,
3070 2406 3127 2453 ut
3154 2396 3315 2453 corda
3343 2405 3521 2451 vestra

1926 2507 2027 2564 per
2050 2491 2215 2547 nubes
2237 2491 2546 2571 ascendant.
2567 2490 2754 2547 Videte
2778 2491 3047 2562 quomodo
3065 2490 3316 2557 credatis,
3342 2489 3520 2545 videte

1929 2583 2054 2655 quid
2098 2585 2441 2654 suscipiatis:
2476 2592 2595 2654 post
2643 2583 3044 2654 praedicatorem
3100 2582 3277 2638 veniet
3328 2579 3513 2651 judex,

1929 2687 2051 2748 post
2075 2676 2501 2748 dispensatorem
2529 2676 2706 2732 veniet
2751 2686 2989 2732 exactor.
3043 2675 3141 2743 Qui
3184 2674 3327 2746 ponit
3365 2671 3520 2728 nubes

1928 2785 2189 2825 ascensum
2212 2752 2341 2841 ejus.

1930 2908 1933 2911 γ
1972 2824 2089 2916 712.
2135 2824 2491 2926 Qui'ambulat
2536 2877 2688 2933 super
2716 2877 2909 2932 pennas
2951 2868 3229 2915 uentorum.
3261 2858 3372 2913 Hoc
3404 2824 3566 2928 jamj

1928 2953 2284 3025 periculosum
2315 2963 2400 3010 est
2424 2955 2667 3025 accipere
2704 2954 2771 3009 ad
2815 2955 3068 3009 litteram.
3102 2954 3207 3008 Aut
3245 2968 3363 3023 quas
3391 2959 3519 3011 sunt

1929 3063 2119 3118 pennae
2161 3048 2595 3103 ventorum?aut
2640 3062 2768 3103 vero
2816 3048 2833 3079 ¹
2890 3046 3159 3117 quomodo
3199 3048 3250 3102 in
3287 3047 3514 3117 pictura,

1928 3139 2114 3195 facturi
2143 3142 2297 3196 nobis
2322 3156 2507 3197 sumus
2550 3150 2737 3195 ventos
2768 3140 3032 3207 volantes,
3072 3149 3125 3195 et
3161 3139 3273 3194 alas
3317 3138 3518 3194 haben-

1929 3234 2042 3287 tes?
2067 3232 2271 3287 Ventus
2318 3241 2551 3299 nonest,
2599 3231 2812 3297 fratres,
2864 3231 2966 3286 nisi
3020 3246 3177 3301 quem
3232 3231 3513 3297 sentimus,

1928 3333 2108 3382 motus
2135 3325 2349 3395 quidam
2372 3333 2426 3380 et
2447 3324 2597 3395 quasi
2631 3324 2823 3379 ﬂuctus
2845 3324 3008 3390 aeris,
3053 3323 3331 3392 impellens
3372 3320 3516 3392 quod

1926 3424 2104 3487 potest
2139 3430 2237 3487 pro
2271 3415 2493 3470 viribus.
2515 3414 2644 3482 Quae
2685 3429 2875 3484 penna:
2904 3422 3185 3469 ventorum
3220 3413 3376 3467 sunt?
3407 3410 3515 3467 Sed

1928 3516 1983 3561 et
2010 3523 2130 3577 quae
2172 3508 2270 3562 alae
2320 3506 2455 3562 Dei?
2495 3507 2560 3561 Et
2587 3517 2759 3560 tamen
2790 3504 2987 3560 dictum
3030 3514 3111 3560 est
3146 3524 3159 3559 :
3189 3503 3297 3559 Sub
3338 3504 3517 3559 umbra

1928 3600 2132 3663 alarum
2174 3608 2375 3653 tuarum
2416 3598 2686 3671 sperabunt
2734 3597 2906 3669 (Psal.
2935 3614 3096 3661 xxxv,
3129 3598 3204 3669 8).
3248 3596 3518 3654 Conemur

1925 3705 2053 3761 ergo
2073 3699 2127 3746 et
2152 3689 2253 3746 hoc
2268 3691 2511 3760 accipere
2530 3690 2596 3745 ad
2628 3691 2879 3757 litteram,
2905 3690 3067 3745 veluti
3089 3690 3301 3759 pr0prie
3318 3691 3514 3745 factum

1926 3784 1979 3838 in
2011 3795 2252 3839 creatura
2281 3785 2401 3839 ista.
2434 3784 2780 3839 Velocitatem
2810 3783 2956 3838 verbi
2986 3783 3213 3838 fortasse
3238 3798 3515 3840 commen-

1926 3874 2017 3930 dat
2037 3874 2343 3945 Scriptura;
2371 3875 2439 3930 de
2479 3891 2580 3943 qua
2627 3876 2910 3929 velocitate
2957 3874 3277 3944 jampridem
3315 3877 3369 3929 in
3410 3876 3515 3931 alio

1926 3966 2131 4041 psalmo
2172 3966 2333 4021 locuti
2382 3981 2587 4029 sumus,
2644 3966 2731 4020 ubi
2782 3966 3036 4034 scriptum
3084 3976 3207 4021 est:
3246 3965 3414 4035 Usque
3460 3966 3515 4021 in

1925 4058 2234 4113 velocitatem
2256 4057 2412 4110 currit
2442 4058 2645 4110 verbum
2672 4058 2783 4127 ejus
2815 4055 2985 4123 (Psal.
3015 4072 3213 4121 chvn,
3251 4057 3356 4126 l5).
3379 4056 3513 4125 Quia

1928 4147 2057 4202 nihil
2096 4148 2269 4203 ventis
2299 4147 2537 4203 velocius
2572 4158 2770 4201 norunt
2817 4146 3080 4202 homines.
3113 4146 3390 4215 Quomodo
3422 4148 3512 4203 illa

1928 4241 2152 4297 facilitas
2181 4242 2201 4272 ³
2237 4240 2712 4296 commendabatur
2752 4239 2803 4293 in
2831 4238 3003 4308 pelle;
3043 4238 3173 4293 nihil
3202 4239 3343 4293 enim
3380 4238 3512 4293 faci-

1929 4332 2030 4388 lius
2072 4333 2140 4387 ab
2188 4333 2403 4388 homine
2441 4346 2598 4401 quam
2638 4331 2792 4400 pellis
2817 4330 3163 4385 extenditur:
3196 4331 3272 4386 sic
3322 4340 3376 4386 et
3428 4330 3513 4387 hic

1929 4424 2203 4479 insinuans
2234 4424 2400 4479 Deum
2422 4425 2506 4479 vel
2530 4423 2762 4480 Verbum
2782 4422 2802 4453 ⁸
2822 4423 2939 4491 ejus
2957 4423 3149 4493 ubique
3171 4434 3511 4493 praesentem,

1928 4516 2209 4571 velocitate
2236 4523 2413 4569 motus
2441 4514 2571 4568 nihil
2599 4513 2879 4581 deserere,
2903 4514 3024 4582 quia
3058 4522 3113 4567 tu
3158 4530 3262 4569 non
3290 4530 3515 4570 noveras

1927 4606 2126 4678 aliquid
2152 4616 2314 4663 vento
2340 4606 2595 4671 velocius,
2626 4605 2882 4671 Ambulat,
2909 4606 3073 4674 inquit
3098 4646 3113 4672 ,
3146 4622 3299 4676 super
3325 4624 3516 4677 pennas

1927 4712 2206 4767 ventorum,
2254 4701 2306 4755 id
2334 4710 2437 4767 est,
2470 4699 2723 4754 velocitas
2766 4699 2881 4766 ejus
2924 4707 3142 4770 superat
3176 4698 3513 4755 velocitatem

1929 4803 2210 4848 ventorum
2244 4808 2257 4845 :
2292 4801 2348 4847 ut
2379 4806 2473 4862 per
2498 4806 2698 4861 pennas
2727 4800 3003 4845 ventorum
3027 4790 3294 4861 intelligas
3316 4791 3513 4845 veloci-

1930 4894 2090 4940 tatem
2122 4892 2422 4949 ventorum,
2464 4883 2769 4938 et’vcrbum
2822 4883 2912 4937 Dei
2961 4883 3225 4951 intelligas
3276 4882 3516 4937 velocius

1929 4975 2177 5032 omnibus
2225 4976 2421 5030 ventis.
2478 4972 2547 5027 Et
2599 4975 2676 5028 sic
2726 4974 2777 5027 in
2816 4974 2981 5044 prima
3036 4973 3170 5029 facie
3207 4972 3515 5027 considera-

1932 5068 2090 5123 tionis
2139 5083 2152 5121 :
2198 5067 2473 5137 pulsemus
2519 5065 2590 5119 ad
2642 5066 2841 5137 aliquid
2888 5066 3143 5134 interius,
3198 5076 3253 5120 et
3292 5065 3514 5134 figurate

1930 5161 2129 5233 aliquid
2156 5160 2309 5216 nobis
2338 5160 2573 5217 indicent
2600 5160 2718 5216 istae
2742 5160 2953 5216 litterae.

1930 5319 1945 5325 _
2004 5255 2091 5310 15.
2137 5254 2335 5309 Ventos
2361 5252 2576 5324 quidem
2618 5252 2961 5323 intelligimus
2998 5252 3047 5305 in
3079 5253 3245 5321 ligura
3282 5266 3386 5305 non
3423 5250 3518 5305 ab-

1929 5345 2092 5402 surde
2121 5346 2327 5400 animas
2359 5362 2371 5399 :
2406 5360 2513 5400 non
2541 5345 2665 5416 quia
2707 5352 2894 5398 ventus
2924 5352 3005 5398 est
3035 5343 3208 5397 anima
3228 5384 3244 5409 ,
3272 5332 3368 5399 Sed
3393 5343 3513 5414 quia

1932 5426 2214 5495 invisibilis
2234 5447 2317 5495 est
2346 5448 2558 5505 ventus,
2594 5437 2835 5508 quamvis
2863 5452 2946 5491 res
2977 5450 3230 5504 corporea
3248 5479 3262 5502 ,
3293 5451 3514 5507 corpora

1930 5533 2233 5605 impellens,
2268 5542 2445 5589 tamen
2472 5532 2593 5603 quia
2618 5530 2835 5585 humani
2862 5530 3000 5584 oculi
3026 5530 3195 5586 aciem
3235 5529 3402 5602 fugit;
3437 5540 3518 5586 est

2484 5622 2512 5651 Ο

1932 5784 1941 5785 ί
1992 5715 3516 5842 ίεξιῗώἒῗεέιῗὸπᾳοεοιᾷαπίὴϋυιιαὺωιοοᾶαηωαιωε

1929 5844 2159 5905 quernum
2176 5835 2263 5887 illa
2285 5833 2509 5905 facilitas,
2524 5838 2633 5905 etc.

1995 5892 3013 5961 'stcuss..itsdd.,oeumpercerbm.
3097 5896 3149 5911 "
3378 5900 3437 5915 "
3523 5938 3534 5980 ἱ
