2028 3242
279 186 289 212 i
295 180 346 214 34⁸1

275 247 363 271 autem
376 241 463 270 anima
474 240 629 272 invisibilis,
645 241 786 274 propterea
804 231 870 265 bene
893 234 1064 273 intelligimus

264 277 377 325 animas
391 292 494 317 ventos.
511 287 574 314 inde
586 290 625 314 est
640 284 709 321 quod
728 288 755 312 et
770 284 839 311 Deus
853 282 1005 311 insufflasse
1023 282 1065 310 di-

274 335 343 365 citur
353 333 474 371 Spiritum
484 334 544 361 vitae
557 331 670 360 formato
678 330 793 366 homini;
805 333 828 357 et
837 332 919 373 factus
933 324 969 356 est
989 329 1063 356 hoino

274 382 300 409 in
321 380 432 409 animam
445 378 563 407 viventem
579 377 653 414 (Gen.
669 385 698 410 tt,
714 374 753 413 'l).
768 373 840 411 Ergo
862 375 944 408 venti,
969 374 1065 413 anima;

268 428 301 456 'in
316 426 440 464 allegoria
451 434 503 454 tton
514 424 629 453 absurde
640 424 813 459 accipiuntur.
825 420 920 451 Videte
930 427 1018 450 autem
1028 429 1064 449 ne

273 475 372 511 putetis
386 473 521 501 nominata
530 471 665 507 allegoria,
682 469 838 506 pantomimi
856 467 954 504 aliquid
965 474 1009 496 me
1021 465 1064 495 di-

273 522 352 550 xisse.
362 521 428 550 Nam
441 520 563 557 quxdam
578 520 669 553 verba,
681 519 807 555 quoniam
819 519 898 546 verba
912 520 983 552 sunt,
991 521 1018 545 et
1031 512 1065 545 ei

274 567 363 604 lingua
379 566 536 603 procedunt,
551 565 701 595 communia
720 565 796 593 nobis
817 568 880 592 sunt
898 564 978 591 etiam
1002 570 1064 590 cum

263 605 351 643 rebus
364 613 484 647 ludicris,
499 618 526 642 et
545 610 599 653 non
616 612 737 640 honestis
749 620 756 640 :
769 616 858 639 tamen
878 610 964 638 locum
985 617 1063 637 suum

270 660 369 689 habent
380 659 461 688 verba
474 656 524 688 ista
534 659 560 687 in
568 658 698 691 Ecclesia,
709 662 736 686 et
748 655 835 685 locitm
847 664 924 685 suum
938 657 964 684 in
972 658 1061 684 scena.

269 706 327 734 Non
341 706 411 734 enim
424 713 473 744 ego
486 701 540 745 dixi
554 703 624 740 quod
639 703 783 739 Apostolus
797 708 849 730 non
864 702 941 735 dixit,
955 708 1015 745 cum
1030 700 1063 728 de

269 752 372 780 duobus
387 751 450 779 ﬁliis
470 746 585 788 Ab'ral'tte
607 744 803 785 dicei‘etzﬂute
826 753 894 782 sunt,
919 748 1013 783 inquit,
1036 747 1064 774 in

266 795 391 836 allegoria
403 797 500 834 (Calai.
510 790 547 829 iv,
558 793 617 835 24).
630 796 762 833 Alleg‘oria
774 794 880 828 dicitur,
892 798 952 822 cum
962 788 1062 831 aliquid

270 840 340 870 aliud
354 836 458 870 videtur
474 850 569 870 sonare
590 841 616 870 in
636 838 724 869 verbis
735 862 742 875 ,
757 844 784 868 et
796 840 867 867 aliud
882 840 909 867 in
923 839 1058 873 intellectu

263 884 428 924 signiﬁcare.
444 880 584 926 Quomodo
596 886 693 914 dicitur
702 890 786 922 agtius
795 880 918 913 Christus
933 884 1023 921 (Joan.
1041 891 1061 925 il,

269 933 315 970 29)
333 944 339 961 ;
355 929 484 970 nu'm'q‘tiid
512 926 689 969 pecus?_Leo
710 931 832 960 ChriStus
854 930 946 967 (Αροε.
971 930 1060 965 v,5):

269 978 397 1016 numquid
411 980 514 1008 bestia?
530 979 609 1007 Petra
631 979 752 1007 Christus
768 978 790 1014 (l
802 977 902 1011 Corfx,
915 978 943 1013 4)
958 985 965 1004 :
982 979 1061 1004 num‘-

265 1022 331 1063 quid
343 1026 456 1065 duritia?
473 1026 548 1054 Mons
566 1025 686 1053 Christus
707 1024 786 1061 (Dan.
801 1026 830 1053 it.
847 1022 892 1059 35)
911 1031 917 1050 :
932 1021 1061 1063 numquid

270 1077 357 1100 tumor
373 1073 470 1100 terras?
490 1072 525 1099 Et
549 1071 588 1098 sic
607 1070 688 1098 multa
710 1069 781 1097 aliud
804 1069 928 1097 videntur
952 1074 1060 1114 sonare,

267 1118 339 1145 aliud
353 1117 517 1153 signiﬁcare:
533 1121 560 1144 et
573 1121 683 1143 vocatur
698 1115 834 1150 allegoria.
846 1113 912 1142 Nam
926 1114 970 1149 qui
984 1113 1060 1149 putat

266 1165 311 1191 'me
325 1163 358 1190 de
374 1160 477 1190 theatro
492 1162 590 1189 dixisse
603 1161 768 1197 allegoriam,
785 1164 858 1195 putet
873 1164 899 1188 et
915 1159 1058 1187 Dominum

268 1209 301 1236 de
322 1207 519 1244 amphitheatro
538 1207 637 1236 dixisse
648 1203 811 1243 parabolam.
828 1206 930 1234 Videtis
947 1206 1008 1243 quid
1022 1205 1061 1234 fa-

268 1255 320 1284 ciat
326 1254 418 1283 civitas
427 1254 463 1291 (a)
471 1254 515 1282 ubi
522 1249 811 1289 abundantspectacula
819 1261 826 1280 :
834 1252 859 1280 in
867 1260 931 1288 agro
941 1248 1060 1294 securius

263 1298 407 1340 loquerer;
423 1300 485 1336 ‘quid
499 1301 534 1328 sit
548 1301 617 1328 enim
634 1297 769 1335 allegoria,
786 1303 838 1327 non
852 1299 889 1327 ibi
903 1299 972 1327 forte
988 1298 1058 1327 didi-

269 1348 369 1375 cisscnl
384 1347 505 1374 homines
517 1368 525 1380 ,
541 1345 592 1374 nisi
606 1346 631 1373 in
646 1346 790 1380 Scripturis
811 1345 867 1373 Dei.
891 1342 961 1380 Ergo
987 1341 1059 1380 quod

268 1394 381 1421 dicimus
395 1393 549 1428 allegoriam
565 1392 675 1428 ﬁguram
688 1400 749 1419 esse
760 1411 767 1424 ,
782 1395 979 1430 sacramentum
993 1388 1059 1426 ligu-

266 1430 352 1466 i'atnni
368 1438 494 1472 allegoria
510 1440 560 1465 est.
576 1436 612 1464 Et
623 1432 684 1472 qttid
697 1436 742 1464 hic
755 1435 900 1472 accipimus
911 1457 919 1470 ,
939 1434 1059 1464 Ascendit

265 1487 341 1520 “super
354 1491 449 1519 pennas
460 1484 608 1511 ventorum?
624 1483 754 1518 Diximus,
769 1481 839 1511 bene
854 1482 936 1517 accipi
946 1480 1059 1517 ﬁgurate

266 1532 359 1557 Ventos
369 1529 481 1561 animas.
497 1529 594 1557 Pennas
608 1527 748 1556 ventorum
761 1549 769 1562 ,
790 1536 885 1563 penna:
909 1526 1057 1555 animarum

265 1576 325 1610 ‘qum
340 1576 412 1607 sunt,
427 1573 477 1602 nisi
499 1583 514 1602 a
534 1574 629 1611 quibus
646 1582 750 1603 sursum
770 1574 948 1602 attolluntur?
959 1573 1058 1602 Pennas

265 1627 328 1656 ergo
339 1618 488 1648 animarum
503 1621 624 1654 virtutes,
640 1620 708 1648 bona
724 1628 815 1656 opera,
833 1625 907 1648 recte
928 1619 1007 1648 facta.
1026 1620 1057 1648 in

264 1667 366 1702 duabus
386 1664 434 1695 alis
448 1666 547 1695 habent
558 1673 653 1695 omnes
667 1675 783 1702 pennas;
800 1663 889 1694 omnia
903 1666 974 1694 enim
989 1674 1057 1701 prte-

265 1717 340 1750 cepta
354 1714 381 1742 in
397 1712 500 1742 duobus
519 1714 659 1749 praeceptis
685 1717 756 1741 sunt.
785 1712 911 1749 Quisquis
933 1711 1058 1741 dilexerit

264 1758 347 1788 Deum
363 1764 390 1788 et
401 1760 563 1795 proximum,
578 1760 694 1787 animam
708 1753 789 1788 habet
799 1764 954 1794 pennatam,
965 1759 1056 1787 liberis

263 1799 324 1839 alis.
341 1807 434 1834 sancto
449 1811 540 1834 amore
554 1805 689 1833 volantem
710 1805 744 1833 ad
760 1805 911 1832 Dominum.
927 1805 1055 1840 Quicum-

263 1850 316 1888 que
326 1852 477 1887 implicatur
497 1858 588 1879 amore
611 1851 720 1885 carnali,
732 1850 833 1878 viscum
848 1850 929 1878 habet
942 1851 968 1877 in
991 1856 1057 1885 pen-

265 1898 317 1926 itis.
331 1897 397 1925 Nam
409 1898 430 1925 si
443 1898 531 1925 anima
544 1904 596 1924 non
608 1894 689 1924 habet
700 1896 757 1923 alas
769 1900 795 1924 et
806 1903 916 1931 pennas,
930 1896 1056 1924 undcilie

262 1940 372 1981 gemens
392 1944 420 1972 in
446 1943 664 1971 tribulationibus
689 1939 753 1970 dicit
774 1951 780 1969 :
800 1942 887 1976 «Quis
900 1942 973 1970 dabit
990 1939 1055 1970 mihi

262 1986 373 2028 pennas,
387 1990 456 2017 sicut
468 1989 599 2017 columbae
609 1989 621 2015 τ
633 1998 642 2015 ›
657 1988 690 2016 Et
703 1988 822 2023 sequitur
837 1997 843 2015 :
862 1997 872 2014 ι
889 1988 924 2015 Et
937 1988 1032 2016 volabo
1045 2008 1053 2021 ,

262 2034 288 2065 et
303 2033 467 2073 requiescam
485 2046 495 2062 ι
511 2030 597 2071 (Psal.
611 2043 664 2069 Liv,
676 2035 714 2071 7).
727 2035 792 2062 item
806 2034 858 2063 alio
870 2035 931 2063 loco
947 2044 956 2063 τ
975 2044 984 2061 ‹
997 2035 1056 2068 Quo

262 2084 305 2111 ibo
318 2086 333 2111 a
344 2083 437 2118 spiritu
446 2087 502 2116 tuo,
516 2086 543 2110 et
553 2089 606 2118 quo
617 2090 631 2109 a
646 2081 714 2109 facie
733 2086 775 2108 tua
791 2081 908 2117 fugiam?
920 2080 948 2110 Si
965 2089 1056 2110 ascen-

262 2128 359 2157 deroin
374 2130 481 2160 coelum,
494 2133 521 2155 tu
537 2127 573 2155 ibi
584 2135 630 2161 es;
644 2128 667 2155 si
682 2126 846 2155 descendero
861 2127 894 2155 ad
910 2124 1053 2162 infcmum,

263 2175 342 2206 ades:
359 2175 380 2201 si
394 2180 524 2208 accepero
541 2177 640 2208 pennas
653 2181 727 2200 meas
739 2172 808 2201 sicut
822 2173 956 2206 columba,
967 2177 995 2201 et
1006 2181 1055 2200 vo-

264 2221 324 2247 labo
339 2217 364 2247 in
374 2224 493 2247 extrema
504 2218 595 2247 maris.
608 2219 758 2255 tTanquat‘n
768 2217 870 2247 diceret
879 2228 886 2246 :
894 2219 1054 2254 Sicpossum

262 2265 353 2301 fugere
367 2273 382 2292 a
395 2264 462 2292 facie
477 2265 524 2292 irae
536 2268 598 2298 tum,
614 2261 637 2292 si
649 2262 777 2300 accepero
793 2270 895 2299 pennas
907 2269 935 2292 ut
952 2265 1055 2292 colum-

263 2313 306 2344 ba,
323 2314 349 2339 et
359 2311 484 2338 Vulavcro
504 2310 530 2338 in
554 2314 673 2339 eXtrema
687 2310 779 2338 maris.
796 2310 825 2337 in
839 2314 957 2338 extrema
973 2310 1055 2338 maris

263 2357 361 2390 volare,
384 2361 425 2384 est
440 2359 514 2391 spem
534 2355 589 2391 jam
615 2356 781 2391 praetendere
801 2356 828 2383 in
851 2356 929 2383 ﬁnem
951 2356 1052 2389 surculi,

262 2401 395 2438 quomodo
415 2399 460 2429 ille
480 2402 525 2437 qui
539 2402 574 2429 ait
592 2412 597 2428 ε
618 2402 674 2429 Hoc
694 2403 764 2429 labar
785 2406 822 2429 est
836 2406 894 2429 ante
910 2410 958 2435 me,
975 2402 1055 2429 donec

261 2450 384 2476 introeant
395 2449 421 2475 iit
431 2445 604 2475 sanetum-ium
617 2448 673 2481 Dei,
686 2452 708 2475 et
719 2447 859 2483 intelligant
876 2447 902 2474 in
919 2448 1054 2475 novissima

263 2495 346 2530 (Paul.
366 2491 440 2523 th‘ui
451 2516 457 2528 ,
473 2494 517 2527 i6,
535 2496 590 2531 ΓΙ).
603 2495 636 2522 Et
650 2494 784 2530 quomodo
797 2494 877 2533 Venit.
892 2494 918 2521 in
934 2500 1054 2531 extrema

262 2542 353 2575 utaris,
375 2541 454 2569 etiam
478 2541 593 2577 acceptis
612 2540 726 2576 pennis?
750 2540 850 2568 Etenim
870 2536 945 2574 illuc,
958 2542 1052 2577 inquit,

263 2596 353 2615 manus
381 2593 424 2614 tua
442 2588 547 2615 deducet
571 2595 627 2619 me,
642 2593 665 2614 et
686 2587 804 2622 perducet
823 2594 862 2615 me
881 2589 984 2616 dextera
1010 2593 1055 2616 tua

264 2634 348 2671 (Psal.
360 2638 491 2667 cxxxvm,
508 2633 595 2670 7-l0).
609 2632 675 2662 Nam
690 2639 716 2662 et
731 2639 791 2662 cum
812 2635 907 2670 pennis
921 2636 989 2663 meis
1009 2643 1055 2663 ca-

262 2688 325 2709 sura
338 2686 408 2715 sum,
422 2681 472 2708 nisi
488 2686 515 2708 tu
529 2679 654 2709 deducas.
667 2681 736 2716 Ergo
751 2682 806 2709 alas
818 2681 916 2709 habent
932 2681 1015 2709 bonas
1027 2677 1055 2710 et

263 2726 373 2759 liberas,
385 2730 412 2753 et
422 2726 496 2753 nullo
502 2724 576 2754 visco
584 2726 724 2762 obligatas,
732 2727 827 2754 animm
835 2726 903 2755 bene
913 2730 1054 2764 operanles

263 2777 397 2809 praecepta
422 2773 479 2807 Dei,
503 2773 633 2801 habentes
655 2773 812 2802 charitatem
834 2773 868 2801 de
890 2774 1055 2802 conscientia

262 2828 328 2857 pura
342 2824 371 2848 et
381 2820 433 2848 ﬁde
450 2827 503 2848 non
522 2821 583 2849 ﬁcta
603 2820 626 2856 (Ι
638 2821 705 2848 Tim.
722 2829 741 2855 ι,
753 2821 792 2857 5).
810 2820 864 2849 Sed
885 2821 1055 2858 quantumvis

260 2866 317 2899 sint
326 2866 448 2902 Mla!
459 2866 602 2898 virtutibus
610 2867 760 2902 abundis.
772 2867 836 2903 quid
850 2866 886 2897 ad
900 2866 972 2895 illam
988 2863 1056 2897 die-

293 2919 331 2953 (a)
346 2919 470 2951 cum.
629 2928 640 2935 -

1048 2973 1088 3009 ,ζῇ

894 180 924 209 S.
943 175 1127 215 AUGUSTlNl
1148 179 1299 208 EPISCOPI

1845 181 1914 229 ista

1122 235 1237 274 ctionem
1247 233 1304 269 Dei,
1317 234 1369 271 "qua
1382 236 1564 278 suntdilectte,
1574 238 1654 265 etiam
1665 245 1726 266 cum
1737 239 1812 268 visco
1821 227 1912 269 essent

1120 283 1278 318 implicatae?
1299 282 1383 319 Major
1405 292 1468 319 ergo
1491 284 1517 311 in
1544 292 1594 312 nos
1613 284 1720 313 dilectio
1744 285 1802 320 Dei,
1830 295 1906 322 quam

1115 333 1211 356 nostra
1226 329 1252 356 in
1265 328 1349 356 illum.
1362 327 1458 357 Nostra
1474 324 1585 357 dilectio
1599 337 1695 365 pennae
1709 337 1809 360 nostra:
1826 338 1886 361 sunt
1902 355 1909 361 .

1118 374 1166 410 sed
1178 375 1225 402 ille
1239 375 1350 402 ambutat
1368 372 1395 403 et
1406 383 1483 410 super
1493 384 1589 410 pennas
1609 381 1749 404 ventorum.

1154 417 1197 448 ιιι
1211 420 1270 449 Jam
1288 420 1392 449 dicebat
1411 421 1565 456 quibusdam
1588 422 1729 457 Apostolus
1751 431 1758 449 :
1783 432 1792 450 ι
1818 423 1906 453 Flectt

1112 461 1201 502 'genua
1214 475 1272 495 mea
1284 475 1332 503 pro
1346 466 1422 495 vobis
1434 468 1466 495 ad
1479 467 1584 496 Patrem
1595 489 1602 501 ,
1619 473 1651 496 ut
1662 469 1708 496 det
1724 470 1799 497 vobis
1813 477 1908 498 secun-

1110 510 1179 541 "dum
1203 513 1355 542 interiorem
1375 513 1509 541 hominem
1530 514 1651 543 habitare
1664 515 1798 543 Christum
1819 524 1866 551 per
1881 516 1899 543 ti

1116 558 1176 587 dem
1190 560 1216 587 in
1234 557 1360 588 cordibus
1372 560 1487 594 vestris,
1508 564 1536 588 ut
1558 560 1584 588 in
1608 560 1737 589 charitate
1758 562 1868 590 radicati
1885 567 1912 590 et

1115 604 1226 633 fundati.
1242 614 1253 633 ›
1268 606 1326 634 Jam
1336 606 1383 633 dat
1395 606 1447 633 illis
1460 598 1615 633 charitatem
1630 606 1716 642 ',jam
1728 607 1774 634 dat
1786 607 1837 635 illis
1853 608 1911 635 alas

1115 656 1142 680 et
1167 660 1277 688 pennas.
1302 651 1337 680 Ut
1359 652 1477 687 possitis,
1500 653 1601 688 inquit,
1621 653 1831 688 comprehendere
1856 662 1914 688 qua:

1113 695 1147 724 sit
1162 697 1279 735 latitudo,
1293 696 1433 733 longitudo,
1450 690 1558 725 altitudo
1569 701 1593 725 et
1601 690 1764 734 profundum.
1779 691 1914 727 Fortassis

1113 745 1221 771 'cru‘cem
1237 742 1342 771 Domini
1354 742 1498 778 signiﬁcat.
1513 743 1578 771 Erat
1588 744 1658 771 enim
1674 743 1785 771 latitudo
1796 766 1803 777 ,
1817 745 1843 771 in
1860 738 1913 780 qua

1113 794 1244 824 porrecta).
1262 793 1324 817 sunt
1341 796 1451 822 manus;
1466 789 1603 825 longitudo
1616 796 1631 816 a
1647 781 1719 817 iem
1734 797 1845 825 surgens
1855 810 1862 822 ,
1883 789 1913 816 in

1111 836 1165 870 'qua
1185 836 1242 863 erat
1253 832 1350 870 corpus
1367 835 1496 868 inﬁxum;
1511 835 1639 869 altitudo,
1653 836 1687 864 ab
1701 835 1748 863 illo
1760 835 1865 864 devexo
1881 836 1913 863 li-

1112 885 1166 916 gno
1181 885 1286 909 surSum
1306 881 1377 917 quod
1398 881 1517 914 eminet;
1535 882 1705 917 profundum,
1720 882 1766 910 ubi
1785 882 1837 909 lixa
1853 874 1913 910 erat

1112 929 1178 954 ‘crux
1188 948 1196 961 ,
1211 932 1238 955 et
1250 927 1287 955 ibi
1301 928 1389 955 ontnls
1404 934 1465 962 spes
1483 926 1545 954 vita
1563 931 1671 954 nostrae.
1692 927 1818 955 Latitudo
1837 928 1910 955 enim

1112 971 1155 1000 est
1177 972 1206 1000 in
1232 972 1309 1000 bonis
1333 973 1478 1008 operibus,
1506 973 1642 1008 longitudo
1658 973 1685 1000 in
1712 974 1912 1008 perseverando

1112 1016 1197 1053 usque
1212 1017 1237 1045 itt
1250 1018 1340 1050 linem,
1350 1019 1460 1045 altitudo
1476 1023 1584 1053 propter
1593 1018 1703 1046 Sursunt
1714 1026 1769 1052 cor,
1782 1023 1810 1046 ut
1819 1020 1911 1047 omnia

1112 1062 1182 1090 bona
1196 1069 1276 1099 opera
1290 1068 1380 1091 nostra
1395 1085 1401 1097 ,
1417 1064 1442 1090 in
1460 1064 1556 1098 quibus
1569 1071 1771 1098 perseveramus
1783 1067 1869 1099 Itaque
1884 1064 1911 1092 in

1113 1109 1205 1144 linem,
1219 1110 1346 1138 habentes
1356 1110 1523 1138 latitudinem
1537 1118 1588 1146 qua
1600 1111 1611 1128 ⁸
1623 1111 1693 1138 bene
1705 1117 1848 1145 operantur
1858 1132 1866 1143 ,
1884 1115 1912 1138 et

1112 1153 1305 1192 longitudinem
1324 1164 1375 1193 qua
1387 1159 1590 1196 perseveramus
1605 1159 1690 1191 usque
1700 1157 1727 1184 in
1741 1156 1821 1184 ﬁnem
1834 1171 1841 1190 ,
1856 1164 1911 1184 non

1112 1202 1240 1230 faciamus
1259 1202 1311 1231 nisi
1335 1210 1384 1238 spe
1407 1198 1556 1231 cmlestium
1579 1202 1760 1238 praemiorum.
1783 1201 1842 1238 ipsa
1867 1206 1910 1230 est

1111 1243 1181 1276 enim
1194 1249 1307 1277 altitudo
1316 1270 1324 1283 ,
1338 1257 1392 1277 non
1408 1247 1452 1276 hic
1464 1254 1584 1285 quaerere
1598 1242 1748 1276 mercedem
1759 1268 1766 1281 ,
1782 1249 1830 1276 sed
1854 1256 1912 1276 stir-

1111 1300 1186 1332 sum;
1207 1303 1241 1323 ne
1255 1294 1358 1323 dicatur
1371 1294 1448 1322 nobis
1462 1303 1469 1321 τ
1482 1295 1561 1322 Amet!
1572 1294 1629 1322 dico
1641 1289 1709 1321 eam
1719 1315 1726 1328 ,
1745 1291 1912 1330 perceperunt

1111 1337 1248 1368 mercedem
1268 1347 1341 1368 suam
1363 1340 1468 1376 (Matth.
1490 1348 1516 1368 vr
1530 1360 1538 1374 ,
1563 1334 1605 1376 Ξ).
1632 1339 1792 1368 Profundum
1817 1344 1910 1367 autem

1111 1387 1181 1423 quod
1196 1386 1260 1420 dixi,
1273 1386 1318 1415 nhi
1332 1386 1383 1414 ﬁxa
1395 1391 1453 1414 erat
1466 1393 1528 1422 pars
1544 1386 1640 1419 crucis,
1654 1389 1680 1414 et
1690 1393 1743 1413 non
1757 1381 1911 1419 ridebatur;

1110 1428 1173 1461 inde
1183 1434 1326 1469 Surgebant
1341 1441 1400 1469 quae
1411 1432 1581 1461 videbantur.
1594 1432 1663 1467 Quid
1678 1437 1718 1461 est
1730 1432 1799 1467 quod
1814 1433 1912 1460 occui$

1111 1481 1166 1507 t‘um
1178 1484 1235 1513 est,
1250 1479 1277 1508 et
1289 1487 1342 1508 non
1356 1480 1489 1516 publicum
1506 1479 1533 1507 in
1547 1480 1686 1507 Ecclesia?
1703 1474 1911 1508 Sacramctttuin

1110 1520 1248 1561 Baptismi,
1262 1530 1458 1554 sacramentum
1474 1524 1660 1563 Eucharistitc.
1675 1525 1760 1561 Opera
1772 1524 1843 1553 enim
1856 1532 1912 1552 ηοο

1109 1576 1164 1600 stra
1179 1571 1248 1600 bona
1268 1572 1359 1600 vident
1373 1577 1398 1600 et
1412 1571 1510 1607 Pagani
1521 1594 1528 1605 ,
1542 1571 1714 1600 Sacramenta
1729 1580 1795 1600 vero
1818 1572 1912 1599 occul-

1110 1622 1200 1646 tantur
1214 1618 1265 1646 illis
1281 1626 1288 1646 :
1303 1619 1349 1647 sed
1365 1619 1399 1647 ab
1418 1619 1459 1647 his
1473 1627 1533 1653 qum
1547 1626 1600 1646 non
1615 1619 1723 1652 vident,
1738 1623 1848 1655 surgunt
1861 1619 1911 1647 illa

1109 1670 1169 1700 quae
1183 1664 1274 1692 vident
1287 1664 1314 1697 ';
1331 1664 1401 1692 sicut
1421 1672 1436 1691 a
1451 1664 1584 1700 profundo
1597 1665 1685 1693 crucis
1698 1664 1767 1700 quod
1791 1665 1817 1692 in
1832 1668 1910 1692 terra

1109 1710 1198 1746 ﬂgitur
1208 1731 1215 1743 ,
1230 1710 1314 1745 surgit
1332 1714 1387 1737 tota
1402 1718 1466 1738 crux
1486 1718 1545 1745 quae
1559 1714 1670 1745 apparet
1683 1714 1711 1738 et
1723 1706 1852 1738 cernitur.
1876 1710 1911 1737 Et

1109 1756 1173 1792 quid
1191 1757 1301 1792 postea?
1321 1755 1387 1784 Cum
1411 1756 1462 1784 hoc
1475 1755 1586 1784 dixisset
1610 1758 1770 1792 Apostolus,
1785 1757 1890 1792 adjecit
1901 1777 1909 1790 ,

1111 1795 1183 1830 Scire
1195 1803 1270 1830 etiam
1284 1803 1508 1839 super-eminentem
1522 1804 1653 1830 scientiam
1670 1804 1800 1831 cltaritatis
1810 1803 1911 1831 Christi

1110 1847 1219 1883 (Ephes.
1232 1856 1262 1876 ut
1272 1869 1279 1881 ,
1295 1847 1406 1885 M—i9);
1420 1857 1480 1877 cum
1491 1849 1546 1884 jam
1559 1849 1658 1877 dictum
1670 1849 1778 1883 luisset,
1794 1849 1827 1877 In
1841 1850 1910 1877 cha-

1108 1893 1183 1921 ritate
1204 1894 1312 1922 radican'
1329 1900 1353 1923 et
1368 1895 1478 1931 fundati.
1500 1895 1604 1923 Atnatis
1622 1895 1692 1923 enim
1707 1895 1865 1930 Christum,
1883 1899 1911 1924 et

1108 1939 1170 1968 ideo
1184 1940 1211 1967 in
1225 1947 1305 1968 cruce
1318 1941 1474 1975 operamini.
1489 1940 1542 1968 Sed
1560 1940 1690 1976 numquid
1703 1942 1797 1969 amatis
1816 1938 1909 1976 quan-

1109 1989 1166 2013 tum
1176 1993 1224 2013 vos
1235 1985 1278 2014 ille
1289 1986 1408 2013 amavit?
1421 1986 1541 2014 Amando
1555 1991 1643 2014 autem
1658 1983 1909 2022 quantumcumque

1108 2032 1215 2065 amatis,
1228 2032 1322 2059 volatis
1333 2031 1365 2059 ad
1385 2032 1471 2067 ipsum
1483 2054 1490 2066 ,
1505 2036 1536 2060 ut
1548 2033 1714 2068 cognoscatis
1727 2034 1908 2069 quemadtito-

1108 2070 1172 2104 dum
1188 2077 1245 2112 ipse
1255 2085 1302 2105 vos
1314 2078 1460 2111 amaverit;
1471 2078 1523 2105 hoc
1535 2081 1576 2106 est
1585 2099 1592 2111 ,
1608 2083 1637 2106 ut
1651 2079 1741 2107 sciatis
1753 2076 1908 2115 superenti-

1108 2124 1227 2152 ncntiam
1240 2123 1376 2152 charitatis
1389 2124 1496 2152 Christi.
1512 2125 1615 2153 Amatis
1629 2126 1700 2153 enim
1715 2132 1762 2153 vos
1775 2122 1908 2161 quantuni

1108 2170 1230 2205 potestis,
1242 2174 1269 2198 et
1279 2170 1374 2198 volatis
1384 2174 1510 2205 quantum
1523 2166 1636 2206 potestis
1651 2180 1658 2198 :
1669 2171 1716 2199 sed
1728 2171 1774 2199 ille
1786 2172 1908 2200 ambulat

1109 2220 1136 2243 et
1153 2224 1232 2251 super
1247 2223 1347 2251 pennas
1361 2220 1512 2244 ventorum.
1527 2216 1579 2250 Qui
1591 2217 1705 2244 ambulat
1717 2226 1794 2253 super
1806 2225 1909 2253 perm“

1107 2266 1248 2289 ventorum.
1903 2262 1906 2264 ’

1143 2307 1188 2335 15.
1205 2306 1279 2344 [ver-3.
1294 2307 1333 2344 4.]
1345 2307 1400 2342 Qui
1412 2308 1474 2343 facit
1484 2303 1587 2343 angelos
1596 2315 1656 2335 suos
1664 2308 1780 2343 spiritus,
1795 2312 1818 2336 et
1827 2309 1909 2336 mini.-

1108 2358 1173 2380 ειν-ος
1185 2362 1244 2380 suos
1255 2353 1338 2389 ignem
1350 2354 1511 2389 ﬂagrantem.
1528 2354 1562 2383 Et
1576 2354 1637 2387 hoc,
1652 2355 1775 2389 quamvis
1790 2362 1843 2383 non
1860 2356 1906 2383 γε,

1108 2397 1218 2425 deamus
1228 2399 1421 2433 apparitionem
1428 2399 1600 2434 Angelorum;
1611 2398 1767 2427 abscondita
1777 2399 1819 2428 est
1829 2401 1906 2428 etim

1108 2442 1143 2470 ab
1162 2443 1248 2470 oculis
1259 2444 1376 2476 nostris,
1392 2448 1469 2472 etest
1481 2444 1509 2471 in
1522 2443 1636 2479 quadam
1651 2445 1787 2479 republica
1804 2453 1919 2481 magna

1107 2489 1277 2525 imperatoris
1289 2491 1333 2519 Dei
1345 2512 1352 2523 ,
1364 2496 1450 2518 tamen
1462 2488 1523 2518 esse
1532 2491 1647 2525 Angelos
1657 2491 1780 2519 novimus
1788 2499 1823 2520 οι
1838 2492 1905 2525 ﬁde,

1109 2540 1136 2564 et
1148 2537 1238 2564 multis
1256 2537 1411 2571 apparuisse
1430 2537 1558 2572 scriptum
1572 2536 1702 2572 legimus,
1716 2541 1743 2565 et
1762 2538 1906 2571 tatem“,

1108 2591 1159 2612 nec
1179 2583 1241 2622 inde
1255 2584 1378 2612 dubitare
1392 2584 1432 2612 ias
1446 2584 1523 2612 nobis
1537 2588 1588 2612 est.
1609 2584 1724 2620 Spiritus
1744 2589 1833 2612 autem
1853 2585 1895 2612 An

1108 2630 1160 2666 geli
1171 2637 1249 2664 sunt;
1263 2635 1291 2659 et
1304 2639 1363 2658 cuin
1376 2631 1485 2666 spiritus
1497 2636 1568 2664 sunt,
1582 2639 1637 2659 non
1649 2636 1712 2659 sunt
1721 2632 1828 2668 angeli;
1842 2634 1904 2660 cum

1109 2678 1266 2711 mittuntur,
1282 2678 1348 2705 ilunt
1367 2678 1464 2714 angeli.
1479 2679 1597 2715 Angelus
1615 2680 1686 2708 enim
1706 2677 1786 2708 ofﬁcii
1803 2678 1905 2708 nomen

1109 2728 1168 2757 est,
1183 2731 1236 2751 non
1251 2728 1362 2751 naturae.
1377 2724 1481 2759 Quaeris
1493 2733 1592 2754 nomen
1602 2725 1681 2761 hujus
1693 2729 1796 2753 natura;
1807 2746 1814 2758 ,
1825 2725 1907 2760 spiri~

1109 2775 1153 2799 tus
1165 2775 1215 2804 est;
1231 2771 1327 2806 quaeris
1338 2770 1467 2806 ofﬁcium,
1478 2772 1588 2808 angelus
1601 2776 1643 2801 est
1656 2781 1664 2800 :
1677 2781 1710 2801 ex
1724 2767 1757 2800 eo
1767 2768 1840 2808 quad
1850 2777 1905 2808 est,

1143 2828 1152 2844 ¹
1169 2828 1244 2859 Hicin
1256 2827 1311 2852 Edd.
1324 2827 1427 2859 additur,
1440 2832 1504 2857 Deus
1516 2835 1526 2854 :
1537 2829 1600 2859 quod
1612 2836 1626 2854 a
1636 2831 1689 2855 Mss.
1701 2829 1780 2855 abest.

1141 2858 1537 2896 ξέὲίίῑιξοιψεὲξροαιξτοξίεηο
1545 2858 1687 2896 ιοωνφνδατ
1805 2894 1809 2896 .
1845 2890 1871 2896 ..

1143 2889 1154 2905 ³
1170 2890 1206 2914 Sic
1282 2893 1310 2914 At
1320 2890 1387 2921 add,
1399 2889 1442 2917 sed
1454 2891 1484 2916 ab
1496 2891 1534 2917 his
1546 2889 1697 2924 amentiam,
1709 2891 1851 2925 surguntad
1861 2890 1907 2918 illa

1110 2926 1219 2952 mm
1229 2920 1318 2947 uideat.
1774 2926 1777 2929 '
1823 2927 1826 2930 λ
