4058 6486
540 401 669 458 1551

542 519 657 574 Illic
678 533 901 589 passeres
921 512 1280 583 nidiﬁcabnnt;
1302 508 1469 581 fulica:
1487 506 1669 575 domus
1688 504 1793 558 dua:
1808 512 1881 557 est
1904 500 2114 557 eorum?

540 610 799 682 Numquid
831 610 1020 663 domus
1047 606 1217 660 fulica:
1237 602 1341 656 dux
1369 609 1451 655 est
1482 598 1790 670 passerum?
1814 605 1904 652 aut
1929 595 2119 651 domus

541 704 712 760 fulica:
739 704 845 757 dux
874 709 955 755 est
982 694 1303 754 cedrorum?
1331 693 1399 749 Et
1426 693 1526 747 hoc
1551 690 1693 745 enim
1722 688 1793 744 ibi
1820 696 1921 753 est,
1957 686 2019 741 Et
2037 701 2121 740 ce-

540 799 621 852 dri
650 796 829 851 Libani
876 809 999 863 quas
1043 787 1290 860 plantavit
1319 802 1337 839 :
1364 785 1469 839 illic
1499 798 1725 855 passeres
1753 778 2121 847 nidi/imbuat;

540 892 710 962 fulica:
736 890 912 942 domus
941 884 1046 937 dux
1090 891 1162 936 est
1191 895 1381 934 eorum.
1415 876 1483 931 Et
1511 874 1723 946 quidem
1766 871 1928 926 latina
1969 870 2119 925 locu-

541 984 719 1042 tione,
764 993 933 1033 eorum
959 962 1281 1036 cedrorum,
1330 983 1435 1023 non
1477 962 2116 1038 possumusintelligere;

540 1074 683 1130 cedri
715 1071 857 1125 enim
886 1066 1124 1123 feminini
1155 1062 1365 1134 generis
1406 1068 1547 1114 sunt.
1578 1057 1775 1112 Fulicae
1814 1054 1990 1123 itaque
2019 1050 2119 1107 do-

540 1181 658 1221 mus
688 1148 953 1233 quomodo
982 1168 1063 1213 est
1107 1157 1214 1211 dux
1263 1151 1574 1224 passerum?
1612 1148 1723 1203 Hoc
1758 1146 1897 1202 enim
1929 1144 1981 1198 in
2018 1144 2116 1198 ista

539 1264 780 1311 creatura
802 1296 817 1320 ,
847 1268 965 1322 quae
1006 1248 1175 1305 oculis
1202 1244 1402 1301 nostris
1439 1242 1674 1312 adjacet,
1717 1236 1936 1306 intelligi
1974 1233 2120 1289 nullo

540 1358 694 1419 pacto
720 1355 909 1416 potest.
944 1344 1152 1397 Fulicas
1179 1340 1319 1396 enim
1348 1350 1474 1391 aves
1501 1348 1619 1390 esse
1645 1330 1878 1386 marinas
1904 1326 1988 1382 vel
2012 1336 2121 1382 sta-

541 1459 770 1514 gnenses
815 1441 1077 1496 novimus.
1130 1435 1329 1491 Domus
1369 1432 1541 1489 iuliae
1584 1429 1654 1485 sit
1701 1426 1855 1482 nidus
1896 1423 2115 1479 fulicte:

541 1534 807 1608 quomodo
844 1547 971 1603 ergo
1015 1530 1204 1584 domus
1249 1525 1420 1581 fulica:
1448 1524 1551 1579 dux
1599 1517 1911 1594 passerum?
1946 1517 2121 1608 Quare

542 1605 781 1698 quadam
831 1626 883 1680 in
923 1624 1083 1679 rebus
1132 1618 1425 1674 visibilibus
1468 1614 1620 1685 quasi
1660 1610 1891 1667 absurda
1935 1605 2122 1662 miscet

540 1718 766 1791 Spiritus
792 1727 1026 1777 sanctus,
1058 1713 1155 1767 nisi
1177 1717 1237 1766 ut
1259 1725 1326 1766 ex
1349 1722 1414 1763 eo
1432 1705 1574 1777 quod
1602 1719 1704 1758 non
1732 1713 2014 1772 possumus
2032 1711 2122 1752 ac-

545 1814 723 1883 cipere
761 1811 825 1865 ad
854 1809 1087 1863 litteram
1107 1844 1122 1870 ,
1152 1809 1308 1873 cogat
1340 1814 1437 1856 nos
1466 1798 1567 1854 ista
1605 1794 1951 1868 spiritualiter
1978 1804 2122 1861 qure-

542 1921 663 1961 rere
676 1910 701 1957 Υ

617 1996 704 2051 19.
735 1994 879 2065 Ergo
906 1992 950 2047 si
980 1990 1045 2047 ad
1086 1988 1278 2046 coelum
1308 1984 1615 2049 intellectu,
1653 1988 1713 2034 ut
1750 1976 1891 2043 dixi,
1923 1974 1989 2029 ad
2030 1988 2123 2029 ex-

549 2100 745 2147 tentam
780 2088 969 2158 pellem
994 2084 1153 2139 vultis
1178 2079 1488 2141 ascendere,
1514 2086 1567 2132 et
1595 2073 1763 2130 nubes
1789 2070 1911 2125 fecit
1932 2081 2124 2122 ascen-

545 2170 748 2240 Sionem
779 2157 922 2250 ejus;
956 2177 1123 2233 nubes
1155 2176 1256 2231 ista
1292 2186 1411 2242 quae
1436 2168 1587 2224 vobis
1611 2164 1861 2235 loquitur,
1890 2157 2114 2216 invalida

549 2282 632 2328 cst
659 2248 821 2326 hodie
844 2269 909 2325 ad
936 2268 1113 2323 omnia
1141 2266 1240 2320 ista
1263 2259 1595 2333 exponenda.
1619 2258 1751 2313 Date
1774 2253 2001 2315 veniam,
2024 2248 2125 2305 etsi

545 2381 652 2419 non
677 2372 885 2426 vestrm,
910 2375 1042 2415 mea:
1070 2367 1215 2414 certe
1236 2351 1543 2410 infirmitati.
1569 2348 1887 2404 Aviditatem
1910 2341 2123 2413 quidem

546 2464 776 2511 vestram
808 2461 1007 2508 tantam
1033 2450 1210 2515 video,
1237 2455 1295 2502 ut
1319 2459 1530 2513 semper
1558 2439 1727 2512 parati
1755 2438 1871 2492 sitis
1899 2433 2120 2489 audire:

545 2548 639 2605 sed
658 2548 777 2603 dua:
802 2562 889 2601 res
908 2552 1050 2608 sunt,
1074 2554 1295 2612 quarum
1318 2537 1453 2592 ratio
1472 2550 1577 2590 non
1599 2526 1986 2589 contemnenda
2016 2533 2121 2579 est.

547 2640 676 2694 Nam
704 2648 758 2696 et
780 2637 1059 2693 infirmitas
1082 2632 1322 2702 corporis
1346 2629 1514 2686 nostri
1534 2620 1920 2683 consideranda
1940 2628 2044 2685 est,
2072 2624 2128 2673 et

547 2732 779 2801 ipsarum
821 2744 999 2785 rerum
1045 2742 1161 2796 quae
1202 2729 1540 2793 exponuntur
1582 2715 1857 2773 memoria.
1906 2710 2123 2767 Interim

546 2800 665 2895 quae
697 2820 917 2877 audistis
955 2820 1199 2889 cogitate.
1249 2814 1386 2883 Quid
1423 2811 1568 2868 dixi?
1595 2808 1724 2875 Quae
1765 2800 2125 2860 manducastis

548 2916 828 2969 ruminate.
874 2911 962 2967 Sic
1005 2909 1146 2965 enim
1185 2907 1334 2962 eritis
1361 2902 1558 2959 munda
1586 2898 1852 2959 animalia,
1905 2902 1961 2951 et
2002 2900 2125 2962 apta

548 3005 715 3076 epulis
738 3003 847 3059 Dei.
868 3002 1121 3058 Fructum
1146 3011 1321 3053 autem
1335 3005 1566 3050 vestrum
1591 2992 1646 3046 in
1665 2986 1919 3059 Operibus
1934 2982 2126 3038 vestris

549 3073 826 3153 advertite.
853 3094 1018 3149 Valde
1047 3093 1187 3148 enim
1213 3088 1351 3145 male
1388 3086 1579 3157 digerit
1604 3083 1650 3138 is
1669 3080 1759 3152 qui
1797 3077 1934 3133 bene
1954 3073 2122 3140 audit,

550 3200 604 3246 et
625 3190 727 3245 non
752 3189 888 3244 bene
909 3194 1161 3256 operatur
1186 3201 1200 3238 :
1225 3182 1349 3254 quia
1371 3178 1630 3234 Dominus
1649 3174 1788 3229 Deus
1810 3178 1991 3226 noster
2017 3182 2123 3221 non

549 3286 699 3353 deest
720 3297 956 3354 pascere.
985 3280 1177 3334 Notum
1202 3283 1286 3331 est
1306 3273 1551 3329 omnibus
1571 3267 1691 3339 quia
1721 3264 1788 3321 de
1808 3278 1943 3333 pane
1963 3274 2123 3345 quem

549 3375 870 3444 accepimus,
901 3380 956 3425 et
993 3384 1151 3440 quem
1180 3378 1481 3435 erogamus,
1522 3354 1776 3414 reddituri
1817 3366 2000 3408 sumus
2033 3364 2122 3404 ra-

554 3467 771 3520 tionem.
803 3463 1014 3534 Optime
1035 3458 1180 3514 novit
1198 3454 1441 3511 Charitas
1457 3461 1668 3513 vestra;
1696 3462 1805 3501 non
1824 3444 1965 3501 enim
1989 3448 2129 3496 tacet

551 3559 706 3614 nobis
726 3557 918 3626 Pagina
950 3553 1147 3615 divina,
1178 3560 1267 3602 aut
1291 3544 1535 3600 adulatur
1558 3543 1575 3573 ί
1599 3556 1697 3594 nos
1725 3540 1886 3593 Deus.
1930 3536 2003 3588 De
2025 3534 2127 3587 isto

552 3651 668 3704 loco
688 3663 842 3718 quam
870 3643 1023 3699 liberi
1047 3642 1212 3696 simus
1236 3636 1305 3713 ad
1326 3650 1441 3698 vos,
1483 3630 1709 3704 potestis
1731 3628 2011 3682 advertere
2036 3642 2048 3677 :
2072 3632 2128 3679 et

551 3741 595 3795 si
626 3713 760 3795 forte
786 3751 883 3807 ego
922 3733 1097 3788 minus
1136 3728 1272 3784 liber
1310 3741 1451 3791 sum,
1481 3722 1565 3777 vel
1603 3732 1790 3775 omnes
1810 3716 1899 3786 qui
1944 3715 1997 3769 in
2024 3713 2129 3769 hoc

552 3831 670 3887 loco
687 3804 841 3885 vobis
854 3827 1162 3896 loquuntur,
1185 3821 1227 3875 si
1259 3817 1432 3872 minus
1452 3812 1602 3869 liberi
1620 3822 1825 3873 sumus,
1848 3813 1995 3861 certe
2015 3804 2128 3873 ipse

552 3938 728 3980 sermo
755 3921 845 3976 Dei
869 3918 1132 3973 neminem
1159 3914 1325 3968 timet.
1353 3908 1461 3965 Nos
1487 3917 1665 3962 autem
1686 3903 1800 3958 sive
1821 3902 2124 3965 timeamus,

552 4021 663 4075 sive
684 4016 835 4072 liberi
863 4014 1050 4077 simus,
1075 4024 1197 4064 cum
1218 4005 1457 4077 cogimur
1475 3999 1814 4063 annuntiare,
1841 3995 1930 4066 qui
1956 3992 2127 4048 nerui-

554 4125 679 4166 nem
718 4109 905 4162 timet:
936 4106 1035 4158 hoc
1060 4101 1211 4157 vobis
1237 4114 1341 4153 non
1384 4096 1649 4156 homines,
1694 4089 1786 4146 sed
1814 4089 1953 4142 Deus
1990 4100 2128 4155 pra:-

555 4205 709 4268 stitit,
735 4209 791 4255 ut
820 4208 873 4254 et
898 4213 994 4267 per
1028 4193 1255 4249 tumidos
1282 4190 1509 4245 liberum
1550 4183 1794 4240 audiatis.
1826 4177 2131 4234 Excusatio—

557 4310 678 4351 item
719 4294 771 4346 in
791 4290 990 4359 judicio
1032 4286 1125 4341 Dei
1162 4300 1269 4339 non
1304 4279 1585 4344 habebitis,
1636 4276 1737 4330 nisi
1774 4289 1870 4327 vos
1896 4272 1947 4326 in
1977 4269 2132 4325 benis

557 4384 805 4455 operibus
826 4377 1192 4441 exercueritis,
1234 4384 1284 4429 et
1305 4388 1488 4428 eorum
1510 4385 1625 4435 qute
1643 4366 1861 4422 audistis
1883 4373 2132 4433 tanquam

561 4480 748 4550 pluvia:
766 4475 990 4530 fructum
1012 4483 1304 4540 congruum
1325 4463 1600 4521 dederitis.
1622 4461 1847 4516 Fructus
1868 4470 2133 4526 congruus

561 4584 720 4638 opera
736 4566 871 4620 bona
891 4582 904 4627 ;
933 4564 954 4617 f
955 4572 1133 4618 ructus
1152 4572 1419 4628 congruus
1436 4555 1640 4609 sincera
1660 4550 1896 4615 dilectio,
1916 4564 2020 4601 non
2044 4560 2134 4602 so-

563 4660 668 4715 lum
691 4656 888 4719 fratris,
912 4654 1003 4709 sed
1025 4661 1078 4707 et
1101 4648 1319 4705 inimici.
1348 4645 1650 4714 Supplicem
1674 4641 1875 4697 nullum
1892 4653 2133 4709 spernas,

562 4760 613 4805 et
629 4748 710 4804 cui
728 4747 857 4802 dare
872 4758 977 4800 non
996 4751 1146 4813 potes
1163 4739 1304 4811 quod
1325 4736 1663 4808 petierit,non
1683 4748 1804 4787 eum
1820 4744 2042 4801 spernas
2061 4746 2073 4781 :
2090 4728 2136 4785 si

566 4851 714 4912 potes
728 4839 875 4901 dare,
898 4837 994 4901 da;
1014 4835 1056 4887 si
1076 4849 1180 4888 non
1201 4840 1372 4903 potes,
1388 4826 1649 4883 affabilem
1666 4834 1719 4880 te
1736 4832 1946 4894 pratsta.
1966 4821 2136 4877 Coro-

567 4945 656 4985 nat
669 4934 807 4986 Deus
825 4930 964 4982 intus
977 4927 1300 4980 voluntatem
1313 4923 1357 4986 ',
1373 4919 1463 4976 ubi
1478 4934 1582 4974 non
1600 4915 2137 4973 invenitfacultatem.

566 5022 732 5077 Nemo
748 5020 891 5075 dicat
922 5016 1067 5072 :Non
1097 5015 1286 5069 habeo.
1305 5012 1548 5068 Charitas
1564 5025 1667 5064 non
1697 5008 1765 5064 de
1789 5007 2013 5063 saccello
2027 5022 2141 5062 ero-

564 5126 717 5185 gatur
748 5132 761 5168 :
790 5113 911 5182 quia
933 5106 1183 5181 quidquid
1208 5105 1453 5169 dicimus,
1477 5111 1530 5158 et
1546 5101 1799 5173 quidquid
1822 5100 2070 5163 diximus,
2088 5107 2142 5154 et

564 5206 818 5279 quidquid
844 5207 1020 5261 dicere
1043 5201 1390 5272 potuerimus,
1418 5197 1500 5252 vel
1528 5211 1646 5263 nos,
1668 5194 1752 5250 vel
1775 5202 1893 5265 post
1916 5207 2034 5258 nos,
2056 5191 2141 5245 vel

566 5301 653 5369 qui
683 5308 806 5353 ante
830 5312 949 5361 nos,
983 5296 1141 5349 finem
1167 5308 1275 5347 non
1306 5290 1501 5345 habent
1525 5289 1626 5343 nisi
1646 5287 1955 5343 charitatem
1981 5300 1994 5335 :
2018 5282 2141 5354 quia

567 5391 689 5447 fluis
710 5390 958 5461 praecepti
979 5389 1209 5445 cbaritas
1226 5394 1327 5450 est,
1351 5384 1419 5440 de
1444 5382 1606 5438 corde
1628 5396 1781 5453 puro,
1804 5388 1858 5435 et
1877 5377 2144 5434 conscien-

571 5485 640 5538 tia
682 5484 844 5550 bona,
875 5493 929 5537 et
947 5482 1049 5537 fide
1074 5497 1183 5536 non
1210 5481 1328 5535 fleta
1354 5478 1393 5549 (l
1425 5477 1557 5531 Tim.
1587 5492 1626 5541 ι,
1659 5475 1739 5546 5).
1784 5473 2138 5543 Interrogata,

568 5574 780 5644 quando
805 5573 1001 5645 rogatis
1026 5574 1213 5640 Deum,
1253 5568 1415 5626 corda
1436 5577 1611 5623 vestra
1636 5582 1651 5632 ;
1677 5563 1853 5620 videte
1876 5564 2145 5633 quomodo

1769 386 1826 443 S.
1869 383 2235 469 AUGUSTINl
2267 383 2569 441 EPISCOPI

2724 458 2731 463 ,
3316 452 3317 457 γ
3486 438 3492 444 .
3663 381 3806 440 esse

2228 500 2359 554 sicut
2386 510 2433 553 et
2474 516 2564 554 nos
2600 499 2898 553 dimittimus
2927 497 3228 553 debitoribus
3266 497 3449 552 nostris
3479 493 3687 570 (Blatth.
3712 514 3807 567 vt,

2226 591 2335 663 12).
2352 592 2465 647 Non
2493 593 2600 648 eris
2619 607 2797 659 orans,
2824 592 2921 646 nisi
2938 592 3092 647 istam
3111 590 3186 661 (α)
3207 591 3351 647 dicas
3372 593 3443 657 :si
3456 591 3613 645 aliam
3638 592 3806 659 dicas,

2225 700 2329 741 non
2356 696 2408 741 te
2431 685 2647 741 exaudit
2683 686 2809 750 ille;
2834 685 2957 756 quia
2985 701 3089 740 non
3116 685 3285 754 ipsam
3315 684 3408 739 tibi
3447 684 3664 740 dictavit
3706 683 3805 740 Ju-

2223 776 2499 845 risperitus
2532 792 2688 848 quem
2715 776 2877 832 misit.
2905 776 3133 833 Necesse
3158 785 3242 832 est
3266 792 3395 847 ergo
3433 787 3491 831 ut
3516 785 3571 831 et
3591 776 3809 847 quando

2222 868 2384 924 verba
2424 878 2601 924 nostra
2645 868 2871 924 dicimus
2907 868 2961 923 in
3006 868 3267 935 oratione,
3310 867 3603 922 secundum
3633 868 3804 938 ipsam

2224 957 2582 1025 dicamus;et
2626 959 2838 1027 quando
2887 960 2999 1029 ipsa
3029 959 3188 1016 verba
3239 958 3485 1021 dicimus,
3537 957 3673 1013 bene
3718 959 3801 1013 in-

2224 1049 2523 1120 telligamus
2544 1049 2687 1122 quod
2717 1051 2961 1116 dicimus,
2984 1051 3105 1122 quia
3138 1048 3469 1105 manifestam
3501 1047 3644 1103 illam
3684 1064 3807 1104 esse

2224 1140 2365 1196 Deus
2392 1142 2575 1197 voluit.
2606 1143 2666 1198 Si
2696 1159 2825 1214 ergo
2853 1160 2957 1198 non
2984 1143 3282 1211 oraveritis,
3314 1157 3461 1212 spem
3491 1158 3594 1197 non
3638 1140 3804 1196 habe-

2224 1231 2346 1288 bitis
2371 1251 2383 1286 :
2407 1233 2451 1287 si
2481 1234 2639 1290 aliter
2672 1250 2828 1305 quam
2857 1234 3104 1306 Magister
3131 1233 3311 1289 docuit
3351 1232 3649 1297 oraveritis,
3695 1247 3804 1286 non

2224 1323 2577 1380 exaudiemini
2607 1341 2623 1391 ;
2660 1333 2750 1379 aut
2773 1326 2818 1380 si
2851 1326 2902 1379 in
2927 1326 3168 1380 oratione
3194 1325 3400 1379 mentiti
3439 1323 3664 1389 fueritis,
3696 1340 3805 1377 non

2223 1415 2595 1486 impetrabitis.
2626 1418 2789 1488 Ergo,
2815 1426 2870 1473 et
2893 1418 3174 1483 orandum,
3206 1426 3262 1473 et
3299 1433 3480 1472 verum
3520 1416 3807 1471 dicendum

2222 1514 2325 1573 est,
2356 1517 2411 1563 et
2447 1509 2525 1564 sic
2551 1509 2809 1563 orandum
2839 1518 2941 1576 est,
2980 1508 3245 1579 quomodo
3283 1508 3371 1565 ille
3414 1508 3613 1563 docuit.
3660 1506 3809 1561 Veiis

2224 1600 2381 1668 nolis,
2408 1601 2643 1671 quotidie
2682 1602 2920 1658 dicturus
2946 1618 3011 1658 es
3038 1620 3052 1656 :
3083 1602 3291 1657 Dimitte
3315 1603 3455 1655 nobis
3499 1600 3665 1653 debita
3706 1614 3805 1652 no-

2223 1703 2347 1757 stra,
2380 1694 2509 1748 sicut
2554 1704 2599 1748 et
2638 1712 2727 1749 nos
2771 1695 3069 1750 dimittimus
3116 1694 3418 1749 debitoribus
3466 1692 3671 1748 nostris.
3714 1690 3809 1747 Vis

2224 1800 2444 1842 securus
2471 1785 2685 1843 dicere?
2710 1787 2816 1845 Fac
2852 1787 2991 1858 quod
3017 1787 3172 1844 dicis.

2881 1916 3053 1957 SERIO
3079 1917 3136 1957 11.

2299 2020 2351 2064 ι.
2382 2008 2504 2065 Scio
2529 2010 2651 2081 quia
2678 2010 2943 2068 debitores
2970 2029 3067 2069 nos
3094 2013 3306 2080 tenetis,
3333 2028 3439 2069 non
3464 2010 3805 2080 necessitate,

2228 2100 2320 2157 sed
2347 2102 2485 2172 quod
2516 2112 2598 2158 est
2621 2103 3006 2170 vehementius,
3035 2106 3311 2161 eharitate.
3340 2105 3601 2161 Debemus
3627 2114 3809 2161 autem

2228 2192 2332 2249 hoc
2360 2194 2531 2264 primo
2573 2196 2799 2252 Domino
2843 2198 2952 2253 Deo
2993 2207 3207 2265 nostro,
3238 2199 3326 2269 qui
3368 2198 3615 2253 habitans
3657 2208 3713 2252 et
3756 2197 3809 2251 in

2227 2286 2378 2341 vobis
2406 2288 2567 2358 exigit
2598 2290 2694 2343 ista
2724 2290 2792 2345 de
2829 2291 2983 2346 nobis
3008 2308 3020 2345 :
3050 2290 3243 2347 deinde
3270 2291 3468 2347 domno
3492 2293 3509 2324 ¹
3541 2300 3594 2347 et
3632 2291 3805 2362 patri,

2227 2380 2475 2449 praesenti
2519 2390 2572 2435 et
2582 2381 2799 2452 jubenti
2827 2392 2880 2437 et
2904 2384 3074 2437 oranti
3114 2398 3212 2453 pro
3253 2399 3370 2448 me;
3398 2382 3590 2438 deinde
3616 2390 3812 2439 vestra:

2226 2473 2491 2528 violentiae
2519 2490 2621 2544 qua
2651 2476 2980 2545 extorquetis
3018 2476 3176 2530 etiam
3219 2474 3443 2531 infirmis
3466 2474 3671 2529 viribus
3707 2488 3811 2528 no-

2228 2566 2372 2620 stris.
2405 2566 2604 2621 Tamen
2625 2607 2638 2630 ,
2667 2577 2921 2638 quantum
2950 2568 3205 2623 Dominus
3240 2567 3437 2633 donat,
3469 2568 3557 2636 qui
3586 2576 3641 2621 et
3666 2567 3814 2636 ipsas

2226 2659 2368 2714 vires
2386 2659 2537 2714 vobis
2556 2660 2828 2715 orantibus
2849 2660 3048 2716 donare
3067 2662 3332 2731 dignetur,
3351 2659 3597 2730 quoniam
3617 2656 3815 2729 psalmi

2228 2749 2388 2820 hujus
2426 2754 2625 2823 primas
2662 2762 2841 2825 partes
2866 2754 2953 2809 die
2976 2754 3085 2825 jam
3112 2770 3284 2824 nuper
3327 2753 3659 2823 praecedente
3704 2761 3816 2806 tra-

2227 2845 2517 2910 ctavimus;
2550 2847 2709 2901 etiam
2752 2848 3023 2917 sequentia
3072 2846 3403 2918 suscipienda
3435 2855 3589 2912 sunt,
3635 2854 3689 2901 et
3720 2845 3813 2901 illo

2226 2933 2537 3002 adiuvante,
2586 2936 2637 2991 in
2682 2937 2832 3006 cujus
2879 2937 3091 2993 nomine
3137 2938 3429 3007 coepimus,
3474 2935 3814 2992 terminanda

2229 3034 2371 3081 sunt.
2418 3026 2995 3084 Commendaveramus
3047 3037 3223 3084 autem
3274 3027 3531 3083 Charitati
3578 3036 3811 3094 vestrae,

2228 3115 2316 3186 qui
2360 3115 2600 3172 adfuistis
2620 3160 2635 3183 ,
2671 3127 2836 3173 totum
2864 3120 3021 3173 istum
3054 3120 3316 3189 psalmum
3346 3119 3580 3188 figuratis
3605 3128 3813 3189 myste-

2228 3207 2322 3262 riis
2348 3222 2467 3264 esse
2494 3216 2823 3264 contextum.
2862 3210 3010 3267 Unde
3048 3210 3189 3281 quod
3227 3209 3492 3266 difﬁcilius
3520 3211 3808 3279 quarritur,

2229 3301 2366 3356 solet
2390 3299 2597 3358 dulcius
2626 3303 2868 3357 inveniri.
2903 3302 3010 3358 Nec
3040 3303 3234 3373 putetis
3263 3304 3362 3357 ista
3391 3302 3543 3357 vobis
3570 3302 3815 3357 obscuri-

2231 3402 2336 3446 tate
2360 3391 2648 3457 subtracta,
2681 3394 2776 3449 sed
2807 3393 3117 3450 difficultate
3142 3394 3385 3460 condita;
3414 3393 3481 3447 ad
3510 3394 3638 3457 hoc,
3666 3391 3814 3462 quod

2229 3498 2372 3554 saepe
2391 3483 2501 3550 jam
2533 3482 2795 3551 diximus,
2829 3493 2888 3539 ut
2913 3484 3068 3539 detur
3097 3482 3426 3554 petentibus,
3455 3474 3756 3539 inveniatur
3780 3500 3815 3539 a

2230 3576 2610 3646 qumrentibus,
2627 3572 2857 3632 intretur
2871 3592 2898 3630 a
2918 3575 3251 3647 pulsantibus
3266 3575 3478 3647 (Matth.
3496 3590 3594 3639 vn,
3613 3575 3647 3630 7
3666 3584 3709 3629 et
3729 3575 3813 3644 8).

2231 3667 2333 3723 Sed
2360 3682 2495 3738 opus
2523 3677 2607 3724 est
2652 3668 2807 3724 nobis
2844 3665 3119 3739 aliquanto
3151 3667 3351 3738 majore
3380 3674 3434 3722 et
3470 3666 3684 3722 silentio
3714 3681 3816 3721 ve-

2231 3769 2363 3826 stro,
2394 3768 2449 3814 et
2472 3758 2719 3828 patientia
2750 3767 2947 3826 vestra,
2978 3769 3035 3813 ut
3060 3773 3225 3829 pauca
3252 3774 3368 3828 qua:
3388 3757 3575 3812 dicturi
3602 3770 3812 3822 sumus,

2232 3863 2338 3904 non
2368 3864 2465 3919 per
2504 3850 2780 3919 strepitum
2815 3858 3023 3919 tempus
3062 3848 3290 3919 amplius
3326 3856 3605 3917 occupent.
3636 3846 3814 3901 Pauca

2233 3943 2374 3997 enim
2400 3957 2499 3997 nos
2523 3942 2702 3997 dicere
2739 3942 2993 4013 temporis
3018 3943 3158 4012 cogit
3198 3942 3466 4012 angustia,
3498 3940 3636 4011 quod
3664 3940 3818 3994 novit

2233 4043 2286 4089 et
2307 4033 2547 4089 Charitas
2570 4042 2744 4088 vestra
2771 4033 2967 4088 debere
3001 4048 3099 4087 nos
3127 4031 3392 4101 exsequiis
3423 4031 3592 4086 fidelis
3616 4044 3815 4098 corpo-

2234 4128 2310 4182 ris
2334 4126 2571 4181 solemne
2596 4124 2927 4195 obsequium.
2961 4122 3102 4180 Ecce
3122 4124 3232 4193 jam
3261 4137 3380 4193 quae
3405 4121 3543 4177 dicta
3572 4130 3692 4176 sunt
3722 4136 3817 4174 re-

2234 4228 2416 4288 petere
2437 4258 2449 4279 ,
2482 4224 2536 4270 et
2577 4230 2762 4269 rursus
2789 4228 3056 4283 exponere
3085 4228 3191 4268 non
3232 4228 3517 4283 cogamur:
3551 4212 3594 4267 si
3630 4211 3822 4267 defueo

2234 4319 2360 4364 runt
2384 4308 2561 4378 aliqui,
2590 4307 2679 4377 qui
2702 4323 2806 4361 non
2828 4305 3127 4368 audierunt,
3154 4320 3259 4360 non
3283 4305 3564 4369 deessent;
3597 4302 3822 4373 prodest

2237 4406 2415 4453 autem
2442 4397 2548 4451 illis
2577 4397 2834 4461 fortasse,
2880 4394 3021 4465 quod
3062 4410 3166 4449 non
3204 4394 3423 4449 attdiunt
3447 4393 3643 4449 modo'I
3673 4392 3822 4463 quod

2240 4488 2521 4544 audierunt
2565 4488 2653 4558 qui
2700 4485 3017 4551 adfuerunt,
3067 4496 3124 4541 ut
3161 4493 3215 4541 et
3248 4486 3347 4555 ipsi
3373 4484 3576 4540 discant
3603 4482 3822 4541 adesse.

2240 4582 2501 4653 Legamus
2526 4595 2651 4652 ergo
2681 4581 2900 4635 cursim.

2307 4674 2362 4728 2.
2408 4673 2556 4746 [vers.
2608 4675 2661 4740 Ι,
2706 4670 2787 4746 2.]
2839 4671 3073 4738 Benedic,
3122 4670 3291 4724 anima
3342 4685 3474 4738 mea,
3515 4667 3819 4723 Dominum.

2242 4763 2488 4821 Omnium
2521 4773 2762 4819 nostrum
2792 4763 2964 4818 anima
2992 4763 3165 4828 dicat,
3193 4777 3296 4815 una
3325 4758 3462 4816 facta
3505 4762 3556 4815 in
3582 4759 3822 4815 Christo.

2241 4858 2459 4915 Domine
2485 4858 2621 4913 Dens
2643 4874 2782 4911 meus
2800 4898 2814 4921 ,
2864 4855 3213 4925 magniﬁcatus
3238 4869 3289 4908 es
3312 4855 3483 4907 nimis.
3525 4851 3677 4909 Unde
3701 4866 3828 4906 ma-

2241 4948 2522 5021 gnificatus
2549 4948 2643 5003 es?
2672 4946 3048 5013 Confessionem
3076 4954 3121 4998 et
3149 4944 3377 4998 decorem
3416 4941 3646 4995 induisti.
3676 4939 3829 4995 Con-

2245 5039 2487 5104 fitemini,
2516 5049 2573 5094 ut
2596 5038 2942 5104 decoremini,
2970 5048 3029 5091 ut
3057 5035 3239 5089 induat
3266 5050 3379 5089 vos.
3408 5032 3831 5089 Circumamictus

2245 5130 2404 5186 lucem
2445 5130 2574 5184 sicut
2620 5130 2985 5184 vestimentum.
3036 5125 3475 5182 Circumamictus
3530 5123 3830 5180 Ecclesium

2245 5236 2426 5288 suam;
2458 5221 2583 5293 quia
2623 5222 2735 5291 ipsa
2766 5219 2898 5273 facta
2928 5227 3010 5274 est
3050 5219 3139 5273 lux
3179 5217 3232 5274 in
3264 5218 3374 5282 illo,
3400 5231 3520 5288 qua:
3543 5215 3689 5287 prius
3712 5222 3833 5269 erat

2248 5314 2483 5370 tenebrae
2528 5313 2581 5367 in
2627 5326 2715 5374 se,
2760 5309 2972 5365 dicente
3007 5310 3263 5381 Apostolo
3288 5329 3299 5363 :
3327 5308 3515 5363 Fuistis
3553 5302 3839 5375 aliquando

2250 5406 2478 5471 tenebrm,
2496 5419 2628 5457 nunc
2639 5411 2803 5456 autem
2816 5402 2905 5457 lux
2920 5403 2973 5456 in
2993 5399 3437 5468 Domino(Epltes.
3457 5412 3510 5463 v,
3524 5397 3604 5467 8).
3634 5394 3839 5449 Extat.

2251 5504 2374 5555 deus
2398 5496 2575 5551 caelum
2601 5496 2727 5550 sicut
2754 5494 2972 5566 pellem:
2993 5494 3077 5549 vel
3108 5502 3211 5547 tam
3238 5490 3393 5545 facile
3428 5502 3587 5560 quam
3626 5497 3683 5542 tu
3712 5488 3840 5557 pel-

2314 5603 2331 5634 ι
2366 5603 2438 5651 sic
2457 5607 2565 5649 Mss.
2593 5606 2646 5649 At
2666 5598 2797 5657 Edd.,
2822 5598 3027 5649 domino.

2250 5694 2269 5695 η
2316 5666 2335 5696 ι
2642 5649 2884 5725 notatus.
2908 5660 3017 5725 edd.
3042 5656 3320 5725 autem,sed
3344 5656 3387 5705 si
3402 5649 3843 5725 Αάεΐαενῇηιέαιίφά.

2252 5726 2336 5797 qui
2354 5715 2745 5797 nguﬁudiernnt,
2767 5720 2849 5785 qui
2866 5722 3045 5797 utinam
3078 5732 3171 5797 non
3195 5717 3410 5797 deessent
3431 5715 3661 5780 :prodest
3679 5723 3844 5775 autem

2255 5780 2352 5837 illis
2375 5786 2572 5849 fortasse
2589 5784 2672 5895 qui
2695 5780 2790 5834 nou
2821 5783 3019 5833 audiunt
3043 5780 3199 5843 modo,
3224 5788 3322 5830 etc.
3406 5842 3410 5845 _

2327 5849 2399 5912 (α)
2432 5849 2587 5897 Subau
2626 5849 2656 5909 i,
2685 5860 2890 5910 precem.
3304 5852 3309 5855 '

558 5666 941 5724 .transntittatis
955 5680 1165 5720 versum
1186 5665 1344 5720 istum
1365 5679 1381 5715 :
1398 5660 1606 5715 Dimitte
1618 5656 1758 5712 nobis
1772 5654 1937 5710 debita
1950 5664 2142 5721 nostra,

635 5803 653 5837 ³
689 5799 855 5852 Plures
871 5805 1002 5859 νει,
1025 5796 1209 5848 adulat.

633 5863 656 5901 θ
689 5849 789 5915 itm.
808 5849 888 5915 Et.
912 5849 965 5914 et
985 5849 1208 5928 plerique
1223 5865 1353 5921 Ἀβδη
1377 5855 1643 5910 bonitatem.
2327 5849 2399 5912 (α)
2432 5849 2656 5909 Subaudi,
2685 5860 2890 5910 precem.
