4056 6482
304 351 451 415 I355

299 469 431 538 lem,
459 468 509 526 si
532 474 643 525 tam
668 466 828 525 facile
854 467 947 538 sit,
976 475 1227 542 tanquam
1254 472 1321 529 ad
1346 472 1581 534 litteram
1604 478 1836 550 accipias
1878 496 1895 536 :

298 562 391 622 vel
415 561 789 618 auctoritatem
810 559 1203 634 Scripturarum
1231 564 1587 640 intelligamus
1608 570 1897 628 distentam

296 668 396 726 per
424 662 596 712 totum
653 654 911 711 mundum
957 657 1175 714 nomine
1210 659 1397 731 pellis;
1438 662 1563 733 quia
1602 665 1899 721 mortalitas

293 745 348 802 in
396 746 543 818 pelle
590 746 958 818 signiﬁcatur,
1014 747 1320 820 dispensata
1373 762 1456 811 est
1503 764 1684 813 autem
1742 757 1897 814 nobis

291 839 471 894 omnis
491 839 782 896 auctoritas
802 838 1201 911 Scripturarum
1220 842 1521 902 divinarum
1539 863 1634 918 per
1649 848 1895 906 homines

287 930 550 987 mortales
567 974 584 999 ,
615 947 844 1003 quorum
882 933 994 1004 jam
1022 943 1355 993 mortuorum
1382 937 1522 994 fama
1546 939 1889 999 distenditur.

360 1022 418 1080 5.
462 1021 615 1097 [vers.
643 1022 725 1097 3.]
768 1024 871 1094 Qui
913 1028 1132 1100 protegit
1172 1028 1227 1084 in
1273 1031 1420 1101 aquis
1456 1033 1721 1104 superiora
1757 1035 1889 1106 ejus.

288 1113 456 1186 Cujus
495 1116 815 1188 superiora?
858 1118 1014 1176 C(Bil.
1066 1120 1205 1189 Quid
1251 1130 1334 1179 est
1360 1123 1593 1181 celum?
1641 1125 1892 1198 Figurate

288 1207 551 1265 duntaxat
567 1209 800 1268 diximus
819 1212 1153 1285 Scripturam
1178 1214 1435 1275 divinam.
1460 1218 1592 1289 Quae
1610 1220 1889 1292 superiora

285 1298 583 1372 Scriptura:
603 1302 840 1360 divinae?
866 1306 1219 1378 Praeceptum,
1249 1324 1356 1382 quo
1384 1310 1516 1367 nihil
1538 1320 1622 1369 est
1648 1311 1890 1370 eminen-

286 1397 432 1467 tius,
482 1397 779 1457 cbaritatis.
819 1400 997 1471 Quare
1036 1413 1217 1460 autem
1264 1405 1416 1477 aquis
1458 1418 1765 1479 comparata
1806 1418 1890 1467 est

283 1488 562 1546 cbaritas?
615 1492 749 1560 Quia
791 1493 1016 1549 charitas
1057 1493 1157 1550 Dei
1204 1496 1396 1565 diﬂ'usa
1438 1507 1513 1555 est
1554 1500 1611 1556 in
1653 1500 1887 1559 cordibus

282 1583 471 1638 nostris
496 1601 586 1655 per
616 1583 870 1656 Spiritum
896 1596 1149 1657 sanctum,
1170 1589 1259 1660 qui
1279 1590 1429 1646 datus
1449 1600 1522 1648 est
1542 1591 1686 1648 nobis
1707 1592 1881 1662 (Rom.

280 1688 333 1741 v,
369 1675 448 1747 5).
483 1674 639 1732 Unde
671 1692 806 1749 aqua
837 1678 952 1749 ipse
972 1679 1244 1751 Spiritus?
1270 1681 1404 1749 Quia
1433 1684 1598 1740 stabat
1621 1683 1807 1754 Jesus,
1838 1693 1885 1741 et

279 1766 578 1824 clamabat:
599 1769 663 1825 Si
680 1771 793 1841 quis
818 1772 943 1840 sitit,
966 1774 1130 1828 veniat
1158 1775 1226 1829 ad
1251 1792 1332 1830 me
1349 1784 1397 1830 et
1424 1775 1580 1832 bibat.
1603 1777 1704 1845 Qui
1725 1777 1883 1832 credit

277 1862 333 1918 in
365 1880 474 1932 me,
503 1865 722 1935 ﬂumina
748 1883 896 1937 aqua:
933 1870 1058 1924 vivae
1084 1870 1243 1940 ﬂuent
1281 1871 1344 1926 de
1372 1881 1544 1927 ventre
1571 1872 1700 1942 ejus.
1727 1871 1882 1930 Unde

277 1955 575 2027 probamus
622 1959 748 2030 quia
791 1959 860 2015 de
908 1959 1112 2032 Spiritu
1158 1962 1363 2020 dictum
1406 1965 1523 2021 est?
1565 1964 1717 2022 Dicat
1763 1966 1881 2037 ipse

274 2046 621 2122 Evangelista
640 2094 656 2119 ,
692 2053 787 2124 qui
815 2055 1057 2125 sequitur
1084 2064 1140 2111 et
1166 2057 1245 2113 ait
1276 2074 1289 2111 ε
1324 2050 1442 2113 Hoc
1483 2068 1653 2115 autem
1683 2060 1880 2117 dicebat

274 2140 344 2195 de
374 2141 600 2211 Spiritu,
627 2160 776 2213 quem
799 2148 1054 2217 accepturi
1081 2159 1225 2205 erant
1256 2150 1310 2205 hi
1332 2152 1419 2222 qui
1447 2152 1503 2207 in
1531 2169 1645 2208 eum
1675 2157 1877 2226 fuerant

272 2234 521 2288 credituri
549 2233 728 2299 (loan.
768 2253 842 2303 γι,
866 2239 1078 2312 57-59).
1112 2240 1213 2310 Qui
1250 2243 1477 2298 ambulat
1503 2260 1656 2317 super
1684 2263 1877 2318 pennas

272 2335 539 2382 scutorum
557 2344 577 2384 :
597 2328 651 2385 id
689 2338 773 2386 est
793 2370 811 2397 ,
844 2346 1006 2403 super
1033 2334 1259 2390 virtutes
1284 2334 1606 2393 animarum.
1637 2337 1769 2406 Quae
1792 2346 1877 2397 est

273 2421 446 2475 virtus
488 2421 726 2478 animae?
769 2422 887 2495 Ipsa
928 2426 1185 2485 charitas.
1236 2428 1519 2504 Quomodo
1561 2441 1739 2490 autem
1782 2435 1874 2492 ille

272 2525 437 2583 super
465 2513 614 2571 illam
642 2517 924 2574 ambulat?
947 2519 1084 2589 Quia
1108 2520 1281 2593 major
1310 2532 1396 2582 est
1421 2523 1658 2583 cbaritas
1684 2526 1783 2585 Dei
1814 2526 1873 2586 in

270 2619 392 2673 nos,
414 2624 579 2680 quam
608 2621 793 2668 nostra
816 2613 870 2668 in
899 2614 1089 2671 Deum.

343 2699 400 2756 4.
435 2700 601 2775 [uers.
630 2708 684 2761 4.
708 2705 731 2780 ]
765 2707 864 2775 Qui
889 2709 1012 2781 facit
1040 2709 1249 2783 angelos
1276 2728 1395 2769 suos
1442 2714 1669 2786 spiritus,
1699 2724 1745 2771 et
1769 2715 1867 2772 mi-

277 2798 469 2855 nistros
493 2814 613 2853 suos
632 2797 798 2870 ignem
820 2800 1126 2872 ﬂagrantem
1144 2820 1163 2857 :
1186 2802 1239 2859 id
1268 2812 1374 2872 est,
1400 2819 1495 2861 eos
1515 2806 1605 2877 qui
1625 2807 1738 2877 jam
1759 2809 1870 2880 spi-

274 2891 413 2947 ritus
446 2900 593 2960 sunt,
624 2892 716 2963 qui
746 2892 1075 2963 spirituales,
1116 2909 1224 2951 non
1259 2897 1506 2954 carnales
1558 2906 1705 2967 sunt,
1740 2899 1870 2957 facit
1908 2963 1913 2969 ,

272 2984 498 3055 angelos
515 2998 661 3052 suos,
690 2985 951 3041 mittendo
967 2995 1027 3041 ut
1047 2986 1470 3059 praedicentejus
1492 2990 1865 3062 Evangelium.

269 3073 339 3130 Et
367 3076 629 3132 ministros
649 3092 768 3132 suos
792 3078 959 3150 ignem
982 3080 1309 3151 ﬂagrantem.
1355 3079 1470 3137 Nisi
1513 3082 1656 3138 enim
1683 3082 1869 3140 ardeat
1924 3154 1927 3157 Α

266 3166 516 3224 minister
547 3168 866 3239 praedicans,
895 3186 1007 3226 non
1033 3171 1277 3226 accendit
1314 3188 1438 3228 eum
1474 3173 1562 3228 cui
1586 3173 1865 3244 praedicat.

339 3259 395 3316 5.
421 3259 443 3332 [
471 3277 600 3316 vers.
630 3262 684 3329 5,
714 3260 767 3317 6.
798 3260 820 3334 ]
868 3260 1128 3317 Fundautt
1166 3271 1355 3317 terram
1395 3279 1548 3335 super
1572 3264 1870 3334 ﬁrmamen-

267 3361 377 3408 tum
405 3354 543 3424 ejus.
600 3353 855 3409 Firmavit
910 3353 1210 3411 Ecclesiam
1264 3369 1427 3427 super
1466 3356 1865 3416 ﬁrmamentum

266 3445 554 3504 Ecclesiae.
585 3448 740 3517 Quod
778 3457 862 3506 est
890 3449 1287 3508 ﬁrmamentum
1307 3451 1585 3522 Ecclesiae,
1616 3453 1720 3510 nisi
1750 3455 1867 3511 iun-

264 3538 576 3596 damentum
602 3541 903 3597 Ecclesite?
931 3542 1085 3612 Quod
1109 3552 1193 3600 est
1218 3544 1622 3603 fundamentum
1671 3547 1861 3604 Eccle-

265 3630 381 3698 siae,
408 3632 516 3688 nisi
537 3633 605 3689 de
624 3648 729 3705 quo
756 3633 886 3691 dicit
905 3636 1194 3706 Apostolus
1224 3656 1237 3693 :
1264 3637 1686 3696 Fundamentum
1714 3658 1862 3698 nemo

267 3730 428 3792 potest
476 3741 664 3794 ponere
701 3736 1039 3797 prwterquam
1064 3728 1200 3799 quod
1240 3730 1459 3802 positum
1487 3741 1579 3801 est,
1606 3734 1742 3804 quod
1791 3742 1863 3789 est

268 3810 506 3869 Christus
532 3814 681 3872 Jesus
705 3816 749 3889 (Ι
772 3816 891 3873 Cor.
921 3834 999 3886 ιιι,
1026 3819 1157 3887 ll)?
1179 3821 1246 3875 Et
1274 3821 1396 3879 ideo
1426 3823 1518 3879 tali
1543 3821 1862 3881 fundamen-

271 3911 325 3959 to
354 3904 595 3971 suffulta,
627 3909 754 3978 quid
784 3911 980 3966 meruit
1010 3911 1241 3968 audire?
1279 3913 1400 3969 Non
1443 3914 1770 3972 inclinabitur
1806 3918 1862 3974 in

269 3998 514 4054 arculum
539 4000 731 4055 seculi.
760 3999 810 4054 F
811 4000 1021 4056 undavit
1047 4012 1230 4057 terram
1247 4023 1398 4075 super
1418 4008 1707 4075 ﬁrmitatem
1725 4012 1855 4081 ejus,

265 4088 319 4145 id
348 4103 455 4159 est,
488 4093 717 4148 ﬁrmavit
744 4094 1037 4151 Ecclesiam
1066 4110 1229 4167 super
1258 4095 1660 4155 fundamentum
1714 4100 1861 4156 Chri-

264 4192 427 4238 stum.
457 4182 671 4239 Nutabit
687 4187 917 4242 Ecclesia
935 4188 980 4245 si
1004 4187 1271 4244 nutaverit
1296 4188 1698 4247 fundamentum
1723 4208 1737 4245 :
1761 4191 1858 4249 sed

263 4274 405 4331 unde
432 4276 642 4333 nutabit
661 4276 925 4345 Christus,
957 4280 1048 4352 qui
1076 4290 1362 4352 antequam
1392 4282 1599 4339 veniret
1625 4283 1693 4339 ad
1716 4299 1814 4341 nos
1836 4326 1853 4354 ,

262 4376 315 4421 et
340 4383 565 4424 carnem
589 4370 903 4441 susciperet,
936 4373 1107 4427 omnia
1136 4389 1226 4445 per
1248 4374 1415 4445 ipsum
1466 4377 1603 4448 facta
1626 4385 1764 4443 sunt,
1808 4385 1857 4433 et

260 4460 368 4515 sine
390 4461 505 4533 ipso
529 4463 724 4533 factum
743 4474 815 4521 est
840 4466 969 4520 nihil
998 4465 1176 4539 (Joan.
1202 4483 1240 4535 ι,
1264 4465 1321 4541 5)
1345 4484 1360 4534 ;
1399 4469 1489 4540 qui
1516 4471 1695 4526 omnia
1719 4487 1853 4529 con-

262 4549 399 4606 tinet
427 4555 710 4625 majestate
734 4599 749 4624 ,
781 4566 837 4613 et
862 4573 964 4614 nos
991 4558 1272 4616 bonitate?
1299 4560 1416 4617 Non
1442 4569 1664 4621 nutante
1690 4564 1851 4620 Chri-

261 4651 369 4709 sto,
398 4660 503 4699 non
527 4647 855 4704 inclinabitur
874 4653 929 4705 in
973 4652 1214 4707 saeculum
1240 4652 1434 4709 seculi.
1460 4653 1563 4710 Ubi
1592 4664 1717 4712 sunt
1759 4657 1853 4728 qui

258 4733 446 4790 dicunt
486 4737 692 4807 perisse
719 4736 788 4793 de
812 4745 1012 4795 mundo
1052 4745 1365 4815 Ecclesiam,
1394 4746 1608 4817 quando
1630 4764 1729 4805 nec
1762 4749 1849 4807 in-

256 4827 453 4883 clinari
484 4831 694 4900 potest?

332 4920 387 4976 6.
420 4921 529 4978 Sed
556 4923 697 4979 unde
718 4925 884 4997 coepit
910 4925 1169 4985 Dominus
1197 4943 1439 4987 asserere
1472 4931 1628 4989 istam
1656 4934 1849 4991 Eccle-

256 5012 416 5081 siam,
443 5017 706 5085 revelare,
730 5019 990 5091 incipere,
1017 5023 1321 5094 ostendere,
1347 5025 1679 5084 diffundere?
1710 5031 1850 5087 unde

257 5112 425 5178 etrapit
452 5109 597 5166 hoc?
625 5111 750 5182 quid
794 5123 910 5169 erat
954 5115 1171 5186 primo?
1204 5116 1337 5184 Quia
1385 5121 1618 5191 fundavit
1663 5133 1850 5179 terram

257 5213 415 5263 super
440 5202 816 5271 ﬁrmamentum
842 5206 952 5274 eius
970 5248 987 5273 ,
1038 5225 1140 5263 non
1166 5209 1490 5267 inclinabitur
1518 5215 1572 5268 in
1608 5218 1850 5272 sceculum

256 5293 458 5347 saculi.
502 5293 733 5367 Abyssus
752 5297 882 5353 sicut
916 5300 1262 5357 uestimentum
1287 5304 1500 5360 amictus
1527 5306 1714 5378 ipsius.
1745 5308 1850 5366 Cu-

250 5382 391 5457 jus?
417 5389 677 5459 numquid
707 5391 845 5447 forte
886 5393 1021 5449 Dei?
1070 5395 1177 5452 Sed
1223 5395 1333 5467 jam
1371 5397 1441 5455 de
1481 5400 1677 5456 amictu
1731 5403 1847 5475 ejus

254 5476 486 5544 dixerat,
520 5479 937 5540 Circumamictus
975 5485 1159 5555 lucem,
1188 5488 1319 5543 velut
1343 5492 1704 5549 vestimentum.
1731 5498 1847 5552 Au-

251 5566 347 5624 dio
371 5571 539 5627 Deum
569 5573 690 5631 luce
725 5566 1000 5647 vestitum,
1034 5587 1088 5633 et
1117 5579 1209 5635 lux
1230 5580 1343 5653 ipsa
1366 5584 1413 5637 si
1454 5585 1723 5657 volumus,
1748 5605 1845 5646 nos

249 5676 462 5720 sumus.
494 5665 635 5735 Quid
682 5678 784 5737 est,
839 5670 885 5726 si
915 5672 1204 5730 volumus?
1230 5674 1287 5731 Si
1319 5675 1429 5747 jam
1462 5682 1693 5738 tenebrae
1737 5700 1842 5740 non

247 5764 440 5811 sumus
462 5763 504 5811 ι.
538 5758 680 5832 Ergo
706 5762 752 5818 si
784 5762 929 5819 Deus
950 5763 1069 5820 luce
1085 5766 1308 5822 vestitus
1328 5776 1430 5834 est,
1455 5770 1608 5840 cujus
1631 5788 1841 5831 rursum

763 5883 814 5927 Si
832 5875 942 5939 jam
953 5878 1158 5930 tenebras
1174 5878 1369 5943 Ibimus.
1395 5880 1611 5935 Nonnulli
1630 5897 1643 5937 :
1669 5884 1720 5939 si
1729 5885 1842 5951 jam

246 5922 469 5982 latebras
490 5922 714 5995 fugimus.

502 6015 732 6084 Sacr.
784 6026 1063 6089 Anaus'r.
1097 6029 1203 6092 IV.

1428 360 1828 424 ENARRATIO
1864 361 1934 426 IN
1969 362 2293 428 PSALMUM
2326 368 2461 429 CIII.

3453 381 3595 445 {85b

2008 482 2386 539 vestimentum
2406 490 2491 541 est
2509 482 2780 558 abyssus?
2808 486 3051 563 Abyssus
3079 491 3224 549 enim
3260 492 3455 554 dicitur
3482 500 3592 558 im-

2001 586 2191 630 mensa
2217 590 2478 647 aquarum
2507 577 2663 649 copia
2689 595 2703 633 :
2730 581 2906 638 omnis
2955 597 3094 653 aqua
3115 626 3132 655 ,
3162 588 3338 644 omnis
3367 589 3588 650 humida

2000 674 2211 735 natura,
2260 676 2420 739 atque
2466 670 2765 728 substantia
2819 673 3232 751 circumquaque
3256 680 3448 739 diﬁ'usa
3490 700 3589 757 per

1997 758 2189 828 maria,
2227 766 2282 816 et
2306 759 2545 831 ﬂumina,
2578 772 2631 820 et
2676 774 2831 822 antra
2866 768 3110 839 occulta,
3152 772 3315 829 simul
3343 790 3452 832 uno
3486 792 3587 835 no-

1995 848 2143 906 mine
2171 850 2399 923 abyssus
2430 865 2670 913 vocatur.
2706 856 2852 931 Ergo
2872 867 3072 918 terram
3096 862 3475 937 intelligimus,
3518 870 3588 925 de

1995 956 2099 1014 qua
2129 942 2284 1011 dixit,
2314 945 2576 1004 Fundauit
2605 957 2791 1007 terram
2818 969 2970 1026 super
3011 956 3387 1027 ﬁrmamentum
3434 963 3588 1034 ejus;

1995 1048 2100 1088 non
2137 1036 2463 1095 inclinabitur
2514 1042 2570 1098 in
2612 1045 2854 1102 swculum
2893 1050 3110 1116 steculi;
3139 1052 3207 1109 de
3259 1054 3349 1111 illa
3377 1055 3587 1114 dictum

1992 1124 2177 1196 credo,
2205 1128 2430 1202 Abyssus
2452 1134 2583 1188 sicut
2608 1137 2959 1195 uestimentum
2987 1143 3201 1201 amictus
3226 1145 3408 1218 ipsius.
3450 1148 3586 1205 Ter-

1990 1229 2068 1277 ra;
2095 1218 2238 1276 enim
2266 1223 2418 1293 quasi
2471 1228 2852 1286 vestimentum
2896 1243 2979 1289 est
3017 1249 3192 1307 aqua,
3244 1240 3582 1299 circumdans

1990 1324 2113 1368 eam
2141 1320 2196 1369 et
2237 1325 2532 1389 contegens
2558 1335 2699 1378 eam.
2732 1322 2840 1380 Sed
2876 1325 3162 1398 aliquando
3186 1329 3240 1387 in
3272 1331 3471 1391 diluvio
3507 1335 3582 1392 ita

1990 1405 2161 1462 crevit
2192 1406 2309 1466 haac
2337 1412 2502 1468 vestis
2546 1422 2736 1483 terrae,
2766 1425 2825 1473 ut
2851 1421 3033 1477 omnia
3080 1424 3303 1481 omnino
3333 1428 3579 1499 cooperi-

1986 1505 2090 1564 ret,
2123 1506 2179 1555 et
2229 1504 2640 1563 transcenderet
2664 1508 2962 1568 altissimos
2991 1524 3236 1584 montes,
3265 1518 3404 1575 sicut
3430 1520 3579 1576 Scri-

1985 1598 2141 1659 ptura
2170 1598 2434 1663 testatur,
2462 1597 2658 1654 cubitis
2701 1599 2870 1659 ferme
2912 1603 3219 1675 quindecim
3261 1605 3435 1680 (Gén.
3481 1627 3577 1681 vn,

1984 1680 2097 1754 20).
2127 1683 2379 1745 Fortasse
2403 1688 2581 1761 ipsum
2609 1699 2820 1765 tempus
2843 1695 3163 1768 signiﬁcavit
3189 1702 3289 1757 iste
3316 1680 3575 1773 psalmus,

1983 1788 2106 1831 cum
2157 1776 2409 1851 diceret,
2475 1782 2704 1857 Abysstts
2768 1786 2897 1844 sicut
2960 1791 3307 1849 vestimentum
3365 1796 3580 1852 amictus

1982 1866 2164 1939 ipsius.

2053 1962 2107 2017 7.
2140 1963 2313 2036 Super
2339 1978 2535 2026 montes
2556 1973 2762 2041 stabunt
2788 1991 2934 2048 aqua:
2958 1992 2979 2031 :
3002 1976 3055 2033 id
3083 1986 3167 2035 est
3195 1981 3577 2042 vestimentum

1980 2062 2161 2125 terrae,
2194 2060 2336 2129 quod
2369 2071 2451 2118 est
2478 2063 2737 2137 abyssus,
2767 2070 2840 2124 ita
2877 2072 3081 2140 crevit,
3116 2081 3173 2129 ut
3215 2075 3375 2132 etiam
3414 2091 3579 2149 super

1978 2158 2194 2207 montes
2216 2166 2369 2223 aqua:
2395 2164 2619 2213 starent.
2642 2159 2893 2231 Legimus
2916 2162 3040 2231 hoc,
3073 2174 3132 2221 ut
3149 2166 3280 2233 dixi,
3305 2168 3499 2225 factum
3519 2171 3577 2226 in

1977 2238 2200 2297 diluvio.
2254 2243 2382 2301 inde
2413 2246 2731 2319 loquebatur
2764 2252 3073 2325 Propheta?
3123 2262 3376 2316 narrabat
3418 2262 3576 2319 nobis

1976 2334 2247 2402 praeterita
2273 2377 2288 2403 ,
2343 2353 2412 2394 an
2440 2342 2835 2411 praenuntiabat
2863 2346 3083 2403 futura?
3109 2348 3214 2405 Sed
3255 2352 3302 2407 si
3331 2365 3575 2412 narraret

1975 2426 2267 2495 praeterita,
2308 2445 2416 2485 non
2462 2434 2619 2490 nobis
2656 2433 2900 2507 diceret,
2933 2439 3107 2511 Super
3148 2454 3340 2500 montes
3366 2449 3573 2505 stabunt

1972 2532 2160 2589 aquae;
2184 2520 2301 2588 sed,
2316 2521 2489 2594 Super
2508 2536 2721 2585 montes
2750 2538 3014 2588 steterunt
3037 2549 3213 2607 aquae.
3230 2536 3570 2600 Praeteritum

1970 2612 2115 2669 enim
2138 2622 2348 2686 tempus
2376 2633 2475 2689 pro
2497 2618 2680 2679 futuro
2706 2624 2883 2682 solere
2910 2628 3037 2698 poni
3068 2628 3122 2685 in
3155 2630 3471 2707 Scripturis,
3492 2638 3569 2695 ita

1970 2705 2300 2774 praevidente
2352 2710 2556 2782 Spiritu
2594 2730 2715 2786 quae
2768 2728 2995 2775 ventura
3044 2731 3194 2792 sunt,
3249 2727 3405 2796 quasi
3447 2705 3567 2799 jam

1969 2794 2109 2854 facta
2130 2800 2257 2867 sint,
2286 2804 2524 2863 solemus
2550 2806 2749 2879 legere.
2779 2808 2915 2875 Inde
2933 2821 3018 2869 est
3042 2816 3185 2886 quod
3207 2794 3339 2874 illud
3378 2794 3567 2879 invalio

1970 2890 2176 2959 psalmo
2204 2894 2455 2954 novimus
2504 2913 2734 2971 omnes,
2769 2903 2861 2959 ubi
2910 2914 3162 2977 tanquam
3208 2908 3565 2983 Evangelium

1967 2984 2226 3043 recitatur
2254 2988 2555 3049 :Foderunt
2584 3011 2765 3051 manus
2783 3013 2920 3054 meas
2945 3008 2991 3054 et
3012 3001 3179 3071 pedes,
3206 3002 3564 3062 dinumerans-

1967 3084 2089 3130 runt
2112 3080 2281 3135 omnia
2315 3097 2432 3138 ossa
2459 3101 2614 3153 mea;
2656 3103 2811 3158 super
2838 3091 3186 3147 uestimentum
3214 3112 3379 3152 meum
3404 3099 3555 3155 mise~

1968 3176 2088 3223 runt
2117 3180 2302 3227 sortem
2334 3173 2355 3245 (
2372 3173 2519 3232 Psal.
2547 3194 2639 3233 xxi
2665 3221 2680 3247 ,
2706 3180 2917 3255 17-19).
2945 3183 3137 3241 Omnia
3167 3191 3320 3259 quasi
3339 3191 3450 3261 jam
3478 3193 3561 3249 fa-

1970 3268 2055 3314 cta
2076 3276 2594 3338 commemorantur,
2627 3287 2748 3342 quae
2778 3276 2963 3346 utique
2990 3277 3164 3336 adhuc
3193 3292 3416 3339 ventura
3445 3300 3565 3342 cer-

1968 3352 2255 3413 nebantur.
2304 3358 2412 3416 Sed
2464 3372 2721 3434 quantum
2778 3378 2957 3438 potest
2991 3382 3177 3430 nostra
3248 3376 3564 3448 diligentia?

1966 3453 2230 3513 quantum
2262 3457 2441 3506 autem
2474 3464 2652 3523 potest
2680 3465 2826 3513 tanta
2848 3464 3171 3533 occupatio?
3212 3476 3306 3523 aut
3346 3471 3566 3540 quando

1972 3535 2057 3590 sic
2090 3547 2277 3609 vacat,
2306 3550 2366 3599 ut
2401 3545 2668 3614 possimus
2717 3563 2816 3619 pro
2860 3560 3010 3608 certo
3058 3535 3383 3614 dicere:lta
3428 3563 3561 3617 est?

1964 3628 2465 3693 Animadvertimus
2492 3653 2636 3711 saepe
2680 3641 2977 3716 Prophetas
3009 3651 3285 3719 praeterito
3321 3663 3565 3725 tempore

1963 3723 2257 3781 verborum
2288 3726 2470 3787 dicere
2516 3748 2635 3803 quae
2664 3732 2836 3790 futura
2875 3748 3038 3818 sunt;
3072 3740 3237 3813 ﬁgura
3267 3723 3448 3802 autem
3474 3746 3561 3803 fu-

1964 3817 2069 3872 turi
2089 3818 2271 3878 dicere
2295 3825 2587 3895 praeterita,
2614 3842 2723 3884 non
2752 3828 2906 3887 facile
2932 3837 3168 3891 occurrit
3198 3837 3416 3909 legenti.
3446 3842 3563 3899 Non

1962 3908 2137 3967 audeo
2172 3910 2372 3983 dicere,
2410 3915 2529 3972 Non
2575 3928 2692 3987 est;
2742 3922 2839 3978 sed
2883 3934 3030 3982 certe
3066 3908 3322 3985 studiosis
3372 3947 3559 3988 earum

1962 3999 2291 4061 Litterarum
2320 4006 2604 4065 indixerim
2626 4011 2753 4082 quid
2782 4025 3043 4080 quaerant.
3075 4018 3129 4070 Si
3153 4019 3474 4091 invenerint,
3503 4031 3563 4080 et

1962 4085 2037 4143 ad
2090 4104 2192 4145 nos
2223 4092 2538 4163 attulerint,
2568 4098 2957 4167 gratulabimur
2990 4105 3412 4168 adolescentium
3438 4085 3557 4171 slu-

1961 4178 2065 4235 diis
2094 4182 2393 4239 otiosorum
2421 4189 2664 4257 occupati
2702 4206 2880 4261 senes,
2909 4203 2964 4251 et
2997 4212 3062 4253 ex
3088 4215 3275 4258 eorum
3307 4204 3553 4265 ministe-

1959 4272 2043 4328 rio
2072 4282 2127 4329 et
2148 4290 2247 4331 nos
2287 4278 2486 4349 aliquid
2512 4279 2807 4340 discemus.
2837 4284 2956 4342 Non
2994 4291 3138 4347 enim
3162 4293 3553 4368 dedignamur;

1959 4368 2173 4438 quando
2206 4370 2448 4428 Christus
2468 4373 2538 4430 de
2577 4378 2828 4434 omnibus
2852 4380 3029 4438 docet.
3062 4385 3176 4442 Hoc
3220 4404 3349 4463 ergo
3376 4392 3506 4449 dicit
3536 4412 3550 4448 :

1960 4457 2135 4529 Super
2182 4472 2377 4520 montes
2402 4467 2606 4522 stabunt
2632 4486 2796 4542 aquae.
2831 4472 3100 4546 Propheta
3149 4457 3346 4540 curans
3376 4485 3554 4544 lutura

1958 4551 2276 4623 praedicere,
2312 4572 2421 4612 non
2471 4574 2692 4618 narrare
2719 4567 3012 4634 praeterita,
3045 4580 3326 4643 propterea
3366 4577 3550 4651 dixit,

1956 4644 2083 4713 quia
2134 4645 2430 4704 Ecclesiam
2476 4648 2709 4709 futuram
2761 4656 2816 4712 in
2868 4656 3070 4716 diluvio
3118 4644 3551 4734 persecutionum

1955 4736 2173 4794 volebat
2201 4740 2447 4812 intelligi.
2471 4742 2596 4799 Fuit
2633 4746 2778 4801 enim
2819 4757 3028 4821 tempus
3071 4754 3359 4827 aliquando
3383 4803 3400 4831 ,
3444 4779 3551 4834 quo

1956 4838 2156 4885 terram
2195 4830 2332 4900 Dei,
2363 4834 2661 4892 Ecclesiam
2692 4839 2787 4896 Dei
2821 4855 3212 4916 cooperuerant
3239 4866 3391 4923 aqua:
3436 4830 3553 4925 per-

1954 4922 2330 4993 sequentium;
2359 4935 2415 4981 et
2442 4927 2517 4983 ita
2546 4942 2970 5004 cooperuerant,
3002 4948 3062 4993 ut
3090 4955 3198 4995 non
3219 4922 3547 5013 apparerent

1953 5031 2053 5072 nec
2079 5017 2179 5086 ipsi
2204 5019 2399 5090 magni,
2419 5024 2511 5093 qui
2538 5032 2666 5080 sunt
2689 5037 2922 5087 montes.
2946 5031 3168 5101 Quando
3184 5038 3325 5092 enim
3351 5039 3547 5111 ubique

1952 5106 2254 5179 fugiebant,
2288 5114 2556 5181 quomodo
2584 5131 2693 5172 non
2730 5119 2907 5179 minus
2937 5125 3315 5193 apparebant?
3340 5128 3409 5184 Et
3433 5106 3545 5186 lor-

1954 5207 2093 5256 tasse
2118 5200 2186 5256 de
2214 5200 2319 5256 illis
2336 5205 2494 5275 aquis
2509 5216 2593 5262 est
2622 5224 2724 5265 vox
2752 5211 2842 5267 illa
2872 5229 2891 5269 :
2918 5213 3131 5271 Saluum
3152 5234 3231 5272 me
3255 5222 3360 5290 fac,
3384 5218 3542 5292 Deus,

1950 5293 2189 5363 quoniam
2208 5293 2521 5352 intrauerunt
2535 5316 2680 5372 aqua:
2690 5319 2847 5376 usque
2864 5305 2933 5359 ad
2952 5308 3177 5363 animum
3187 5327 3349 5365 meam
3369 5311 3542 5383 (Psal.

1952 5399 2133 5454 mm,
2149 5384 2229 5460 2).
2250 5386 2477 5447 Maxime
2491 5408 2642 5465 aquai
2654 5411 2775 5468 quae
2795 5413 2945 5454 mare
2962 5398 3181 5473 iaciunt,
3203 5406 3538 5479 procellosm,

1951 5477 2318 5538 infructuosae.
2348 5483 2465 5541 Non
2492 5488 2637 5542 enim
2683 5504 3075 5563 quamcumque
3099 5504 3299 5554 terram
3343 5477 3541 5572 coope-

1948 5576 2266 5648 rueritaqua
2284 5580 2513 5648 marina,
2537 5583 2842 5641 fecundabit
2861 5602 2983 5644 eam
2995 5591 3331 5665 potiusquam
3348 5597 3415 5653 ad
3439 5606 3541 5654 ste.

1946 5666 2201 5723 rilitatem
2229 5670 2508 5739 perducet.
2543 5674 2709 5730 Erant
2728 5678 2872 5733 enim
2902 5690 2958 5737 et
2974 5692 3188 5741 montes
3216 5686 3317 5743 sub
3343 5689 3536 5760 aquis;

1946 5759 2072 5829 quia
2102 5774 2264 5832 super
2289 5771 2499 5820 montes
2535 5766 2748 5823 stabant
2774 5784 2930 5842 aquae
2951 5789 2966 5828 :
2989 5776 3173 5847 p0puli
3222 5759 3539 5839 resistentes

1946 5866 2330 5925 superaverant
2358 5859 2737 5919 auctoritatem
2782 5865 3022 5923 omnium
3073 5869 3270 5941 ubique
3322 5870 3537 5927 fortiter

1944 5950 2421 6021 cvangelizantium
2445 5952 2669 6012 verbum
2685 5956 2807 6027 Dei,
2830 5973 3224 6033 coOperuerant
3247 5978 3341 6023 eos
3355 5977 3533 6039 aqua,

2664 6054 3290 6144 (Quantus-troia.)
