4056 6484
457 325 597 384 1355

457 449 514 498 et
527 451 689 512 super
708 434 830 494 illos
855 433 1068 498 stabant
1088 443 1262 500 aquae,
1290 423 1560 488 dicebant,
1579 420 2040 512 Premetpreme;

459 543 516 600 et
537 508 852 607 premebant
879 546 894 583 :
928 525 1218 594 Exstingue
1241 559 1259 588 ,
1297 531 1404 574 non
1434 519 1745 586 appareant.
1781 508 2046 607 Dicebant

461 599 565 686 ista
586 666 602 696 ,
653 631 714 683 et
746 617 1110 700 praevalebant
1144 626 1306 684 super
1334 615 1637 700 martyres,
1690 612 1743 700 et
1777 599 2049 700 fugiebant

461 693 661 793 ubique
673 693 986 796 Christiani,
1004 717 1058 766 et
1081 707 1202 779 luga
1227 701 1455 775 quadam
1481 696 1886 796 occultabantur
1905 693 2049 762 Apo-

464 788 609 873 stoli.
636 788 936 877 Unde-fuga
958 799 1370 860 occultabantur
1395 790 1682 865 Apostoli?
1706 788 1840 858 Quia
1883 799 2048 858 super

468 911 680 963 montes
708 901 921 972 stabant
950 910 1123 967 aquae.
1141 892 1274 970 Erat
1292 896 1534 968 potestas
1550 897 1812 954 aquarum
1835 893 2048 948 magna.

467 996 573 1054 Sed
598 991 893 1070 quamdiu?
920 986 1058 1070 Audi
1084 983 1225 1058 quod
1257 981 1518 1050 sequitur.

539 1089 593 1149 8.
611 1061 654 1162 —[
679 1061 809 1144 uera.
839 1083 892 1142 7.
968 1069 1044 1136 Ab
1091 1073 1438 1158 increpatione
1473 1081 1560 1162 tua
1601 1067 1829 1162 fugient._
1857 1063 1927 1118 Et
1951 1061 2055 1116 hoc

472 1155 670 1246 factum
711 1186 826 1239 est,
875 1155 1114 1234 fratres;
1156 1168 1224 1222 ab
1272 1155 1643 1246 inerepatioqne
1681 1159 1776 1214 Dei
1810 1156 2059 1227 fugerunt

473 1239 674 1341 aquaist
701 1245 806 1322 hoc
856 1271 962 1330 est,
996 1277 1026 1314 a
1059 1245 1338 1332 pressura
1383 1239 1646 1308 montium
1693 1252 2055 1304 recesserunt.

472 1337 591 1420 lam
619 1366 830 1414 montes
854 1354 958 1426 ipsi
981 1358 1197 1408 exstant
1223 1349 1416 1416 Petrus
1453 1355 1506 1400 et
1534 1343 1731 1399 Paulus
1753 1359 1765 1394 :
1786 1337 2060 1410 quomodo

473 1451 750 1515 eminent?
776 1447 876 1517 Qui
922 1455 1045 1501 ante
1075 1458 1105 1497 a
1157 1437 1592 1522 persecutoribus
1642 1432 2059 1506 premebantur,

477 1557 621 1601 nunc
660 1542 729 1598 ab
757 1523 1171 1610 imperatoribus
1196 1539 1542 1588 venerantur.
1587 1521 1865 1596 Fugerunt
1916 1522 2062 1578 enim

477 1651 630 1710 aquae
655 1635 722 1690 ab
742 1630 1109 1702 increpatione
1136 1625 1230 1681 Dei
1260 1643 1272 1678 ε
1301 1622 1420 1693 quia
1453 1635 1548 1676 cor
1588 1634 1778 1702 regum
1806 1617 1859 1670 in
1902 1630 2066 1670 manu

480 1708 611 1794 Dei;
640 1723 861 1781 deﬂexit
884 1736 991 1794 quo
1019 1719 1186 1775 voluit
1215 1714 1396 1794 (Prov.
1428 1729 1538 1776 xxi,
1576 1708 1652 1784 1),
1673 1711 1828 1781 jussit.
1851 1723 1946 1778 per
1972 1721 2065 1762 eos

484 1803 668 1891 pacem
699 1815 813 1872 dari
833 1811 1154 1869 Christianis
1177 1827 1192 1875 ;
1218 1807 1433 1864 emicuit
1459 1812 1511 1859 et
1530 1802 1753 1858 eminuit
1777 1799 2068 1855 auctoritas

483 1910 797 1984 aposmlica.
827 1904 1097 1976 Numquid
1149 1911 1202 1958 et
1228 1899 1442 1972 quando
1494 1912 1655 1967 supra
1708 1902 1862 1952 erant
1891 1907 2067 1963 aquae,

485 2004 748 2061 montium
787 2001 1056 2057 defecerat
1095 1993 1445 2069 magnitudo?
1474 1991 1577 2048 Sed
1623 2000 1823 2053 tamen,
1875 1989 2071 2044 fratres

488 2097 616 2161 mei,
650 2103 711 2150 ut
752 2109 941 2164 omnes
985 2090 1226 2146 viderent
1257 2086 1604 2144 eminentiam
1633 2083 1892 2138 montium
1915 2123 1931 2149 ,
1980 2094 2074 2150 per

486 2201 620 2260 quos
646 2192 858 2241 montes
884 2183 1028 2237 salus
1056 2187 1199 2236 esset
1227 2165 1693 2252 generi'humano,
1725 2172 1870 2244 quia,
1902 2171 2070 2225 Leva-

487 2278 536 2334 vi
573 2277 745 2332 oculos
787 2292 922 2330 meos
951 2274 1003 2327 in
1055 2280 1244 2326 montes
1270 2313 1284 2337 ,
1317 2268 1454 2323 unde
1479 2267 1642 2321 ueniet
1673 2264 1925 2320 auxilium
1950 2261 2076 2315 mihi

489 2367 662 2441 (Psal.
691 2383 816 2436 cxx,
851 2365 934 2436 i);
968 2364 1034 2418 ab
1083 2362 1442 2433 increpatione
1472 2359 1566 2414 Dei
1623 2356 1875 2428 fugerunt
1899 2368 2073 2424 aquae.

487 2463 533 2517 Α
559 2476 676 2515 uoce
694 2459 909 2513 tonitrus
936 2457 1008 2509 tui
1043 2453 1405 2530 formidabant.
1439 2451 1557 2506 lam
1586 2450 1704 2520 quis
1727 2464 1831 2502 non
1863 2456 2072 2501 terrea-

488 2563 578 2610 tur
600 2568 631 2607 a
653 2565 787 2608 voce
815 2549 910 2604 Dei
951 2564 1046 2620 per
1075 2545 1382 2617 Apostolos,
1414 2559 1546 2598 voce
1573 2541 1670 2597 Dei
1697 2556 1794 2611 per
1835 2538 2077 2608 Scriptu-

489 2661 602 2712 ras,
624 2659 720 2716 per
747 2642 914 2698 nubes
929 2640 1087 2711 ejus?
1113 2637 1430 2708 Conquievit
1456 2650 1628 2703 mare,
1651 2633 2078 2689 formidaverunt

491 2729 878 2807 aqua},'nudati
906 2741 1032 2787 sunt
1058 2738 1289 2795 montes,
1311 2728 1471 2799 jussit
1497 2728 1804 2796 imperator.
1829 2723 1935 2779 Sed
1961 2723 2082 2791 quis

489 2827 760 2900 iussisset,
794 2823 895 2879 nisi
923 2823 1066 2879 Deus
1114 2818 1413 2876 tonuisset?
1442 2818 1574 2887 Quia
1604 2817 1772 2872 voluit
1799 2817 1958 2879 Deus,
2005 2813 2082 2868 illi

491 2918 789 2990 jusserunt,
820 2923 876 2970 et
899 2913 1097 2970 factum
1129 2921 1231 2967 est.
1266 2909 1405 2980 Ergo
1435 2909 1616 2963 nullus
1667 2908 1768 2962 sibi
1800 2905 2081 2960 hominum

496 3019 712 3083 arroget
735 3007 934 3079 aliquid
961 3024 975 3073 ;
1008 3005 1426 3062 formidaverunt
1449 3017 1622 3073 aquae,
1652 3001 1744 3055 sed
1773 3016 1807 3053 a
1835 3014 1954 3052 voce
2001 3008 2083 3051 to-

495 3107 662 3162 nitrus
684 3105 775 3159 tui.
796 3101 928 3158 Nam
946 3115 1088 3167 ecce,
1118 3115 1239 3155 eum
1261 3097 1431 3152 voluit
1456 3096 1616 3162 Deus,
1640 3093 1888 3165 fugerunt
1907 3108 2079 3163 aquae,

496 3214 566 3256 ue
595 3204 899 3273 premerent
962 3177 1226 3257 montes;
1251 3201 1539 3261 antequam
1587 3187 1642 3243 id
1672 3187 1847 3253 ﬁeret,
1901 3195 1954 3241 et
1984 3185 2083 3239 sub

494 3269 648 3365 aquis
679 3269 820 3345 firmi
844 3295 999 3344 erant
1027 3294 1261 3341 montes.

565 3385 622 3445 9.
652 3383 828 3460 [νει-ε.
879 3380 1035 3437 8-10.
1064 3377 1088 3454 ]
1122 3369 1411 3436 Ascendunt
1439 3384 1655 3442 montes,
1704 3384 1752 3430 et
1777 3372 2087 3428 descendunt

496 3478 686 3550 campi,
741 3477 795 3530 in
821 3475 988 3529 locum
1038 3488 1183 3543 quem
1212 3469 1439 3542 fundasti
1473 3466 1563 3522 eis.
1610 3466 1797 3521 Adhuc
1824 3466 1890 3520 de
1928 3464 2084 3533 aquis

497 3561 760 3640 loquitur.
790 3564 908 3622 Non
959 3563 1048 3619 hic
1102 3570 1314 3616 montes
1343 3561 1663 3629 accipiamus
1690 3598 1706 3622 ,
1734 3557 1884 3628 quasi
1918 3564 2087 3611 terre-

497 3675 633 3728 nos;
661 3670 1094 3729 nequeeampos,
1125 3653 1276 3723 quasi
1305 3662 1549 3706 terrenos
1579 3668 1590 3701 :
1633 3649 1725 3703 sed
1754 3647 1947 3702 ﬂuctus
1976 3654 2085 3701 tam

499 3765 723 3825 magnos
748 3791 763 3817 ,
795 3757 857 3806 ut
902 3747 1175 3805 montibus
1223 3752 1627 3813 comparentur.
1662 3739 1965 3795 Fluctuavit
1990 3739 2087 3791 ali-

498 3843 712 3915 quando
738 3857 907 3907 mare,
960 3848 1015 3896 et
1064 3835 1258 3894 ﬂuctus
1291 3838 1408 3905 ejus
1454 3844 1703 3903 tanquam
1737 3841 1946 3886 montes
1977 3832 2088 3885 fue-

499 3942 658 4003 runt,
717 3933 807 4001 qui
851 3938 1063 3986 montes
1131 3927 1252 3983 illos
1306 3925 1592 3994 Apostolos
1643 3923 1936 3992 operirent.
1982 3919 2088 3976 Sed

499 4024 752 4099 quamdiu
779 4018 1056 4076 ascendunt
1077 4028 1288 4080 montes,
1321 4028 1364 4065 ct
1394 4015 1702 4098 descendunt
1727 4016 1896 4091 εηηιρξ
1918 4016 1942 4068 ,9
1968 4014 2086 4069 sm-

503 4118 757 4180 vierunt,
807 4119 863 4168 et
911 4106 1105 4181 placati
1159 4113 1302 4160 sunt.
1349 4101 1486 4158 Cum
1519 4099 1844 4167 saeviebant,
1877 4109 2088 4156 montes

506 4216 658 4268 erant
679 4224 693 4257 :
718 4219 840 4260 cum
889 4199 1080 4273 placati
1111 4205 1264 4260 sunt,
1294 4193 1468 4263 campi
1501 4190 1622 4246 facti
1660 4198 1821 4256 sunt;
1853 4188 2090 4246 fundavit

504 4301 646 4357 enim
674 4300 751 4354 eis
777 4295 971 4350 locum.
999 4291 1095 4347 Est
1133 4289 1347 4360 quidam
1376 4294 1584 4341 meatus
1609 4285 1651 4351 ¹,
1679 4286 1832 4358 quasi
1864 4287 2084 4355 profun-

505 4393 607 4450 dus
638 4392 807 4455 locus,
836 4402 943 4459 quo
964 4391 1177 4454 recepta
1201 4389 1326 4436 sunt
1353 4378 1748 4449 quodammodo
1773 4381 1948 4433 omnia
1990 4395 2091 4435 sm-

503 4484 700 4542 vientia
726 4479 888 4537 corda
913 4475 1237 4533 mortalium.
1267 4471 1437 4539 Quam
1471 4470 1618 4524 multi
1647 4470 1826 4530 modo.
1858 4479 1908 4524 et
1939 4472 2085 4539 salsi,

505 4587 560 4634 et
587 4571 757 4633 amari
787 4582 948 4635 sunt;
995 4579 1049 4626 et
1079 4577 1256 4622 tamen
1305 4564 1509 4636 quieti?
1547 4562 1714 4632 Quam
1759 4564 1912 4619 multi
1965 4573 2091 4621 sunt

509 4668 602 4742 qui
629 4666 938 4725 dulcescere
985 4657 1210 4715 nolunt?
1261 4657 1363 4725 Qui
1389 4664 1514 4711 sunt
1537 4654 1626 4726 qui
1653 4654 1962 4711 dulcescere
1993 4672 2090 4712 no-

502 4761 660 4819 lunt?
698 4759 802 4828 Qui
845 4757 900 4812 in
944 4754 1216 4811 Christum
1271 4749 1444 4804 adhuc
1489 4749 1708 4805 credere
1755 4750 1960 4806 nolunt.
2021 4751 2092 4806 Et

503 4851 747 4926 quamvis
789 4846 945 4906 multi
989 4837 1229 4915 suntqui
1281 4841 1517 4897 nondum
1545 4842 1927 4910 crediderunt,
1961 4843 2090 4914 quid

509 4946 713 5002 faciunt
765 4937 1063 4998 Ecclesiae?
1116 4936 1322 4992 Montes
1358 4943 1511 4991 erant
1554 4935 1872 5004 aliquando,
1930 4937 2091 4992 modo

511 5036 687 5108 campi
717 5042 843 5090 sunt
875 5049 889 5086 :
921 5041 1099 5085 tamen
1125 5071 1138 5095 ,
1190 5029 1380 5082 fratres
1408 5027 1534 5094 mei,
1567 5035 1619 5082 et
1647 5028 1870 5082 malacia
1900 5031 1920 5060 ³
1943 5044 2090 5085 mare

508 5140 609 5189 est.
651 5128 830 5198 Quare
854 5125 995 5181 enim
1031 5137 1136 5177 non
1183 5120 1407 5175 saeviunt
1454 5118 1654 5174 modo?
1684 5134 1847 5189 quare
1877 5135 1981 5174 non
2011 5122 2092 5175 in.

512 5219 767 5294 saniunt?
807 5230 972 5289 quare
1023 5229 1129 5270 non
1186 5212 1314 5268 dant
1350 5209 1614 5281 operam?
1643 5209 1695 5266 Si
1728 5227 1834 5264 non
1867 5221 2091 5280 possunt

509 5325 749 5375 evertere
785 5321 982 5368 terram
1010 5315 1248 5364 nostram
1272 5347 1288 5373 ,
1339 5314 1482 5361 certe
1508 5311 1791 5373 contegere
1819 5302 1858 5356 ³.
1915 5301 2091 5371 Quare

508 5409 656 5468 non?
681 5404 818 5462 Audi
846 5422 861 5457 :
887 5401 1179 5458 Terminum
1197 5395 1408 5472 posuisti
1430 5410 1576 5463 quem
1592 5410 1691 5447 non
1715 5393 2092 5464 transgredien-

508 5513 609 5570 tur,
632 5513 792 5570 neque
815 5505 1118 5554 reuertentur
1148 5504 1311 5565 tegere
1335 5501 1537 5545 terram.

569 5618 589 5650 ί
624 5623 802 5666 omnes
821 5617 950 5670 lss.,
974 5615 1144 5661 metus.

567 5681 592 5714 ³
1003 5672 1096 5723 sed
1118 5668 1400 5739 legendum),
1417 5664 1641 5739 malacia.
1657 5663 1787 5739 quod
1809 5675 1944 5714 mare
1966 5675 2094 5714 ωοιι.

507 5729 646 5798 tuum
667 5729 865 5802 dicitur,
890 5749 999 5802 cum
1020 5741 1118 5802 stat
1131 5729 1242 5785 sine
1265 5731 1426 5783 ventis
1447 5735 1502 5780 et
1520 5729 1628 5779 sine
1650 5734 1801 5778 motu.

570 5809 592 5842 ³
623 5800 1057 5872 suptilem”!-

1692 305 1751 360 s.
1795 296 2156 380 AUGUSlell
2194 293 2498 370 Episcopi

3595 286 3735 352 13.56

2229 411 2318 467 10.
2346 410 2486 486 Quid
2507 422 2655 481 ergo,
2683 407 2806 486 quia
2821 405 2930 477 iam
2953 404 3147 476 ﬂuctus
3170 405 3490 488 amarissiml
3519 407 3737 465 modum

2163 510 2506 574 acceperunt,
2534 510 2591 556 ut
2620 501 2779 556 liceat
2808 498 2964 555 nobis
2993 498 3115 574 talia
3147 499 3307 570 etiam
3353 498 3520 555 libere
3542 499 3736 571 przedi-

2152 609 2276 652 care
2297 612 2311 662 ;
2330 595 2453 667 quia
2472 593 2755 650 terminum
2787 601 3104 670 acceperunt
3132 591 3388 659 debitum,
3413 593 3538 663 quia
3565 601 3740 648 trans-

2152 686 2304 760 gredi
2355 701 2462 741 non
2513 694 2738 758 possunt
2766 683 3069 768 impositum
3121 682 3314 751 linem,
3344 699 3519 756 neque
3558 699 3743 740 rever.-

2155 789 2335 836 tentur
2381 788 2564 850 tegere
2596 790 2826 844 terram;
2878 777 3006 848 quid
3037 776 3093 831 flt
3141 777 3196 832 in
3245 780 3362 856 ipsa
3408 777 3595 833 terra?
3622 793 3744 852 quae

2158 874 2499 944 operationes
2531 871 2602 928 ibi
2630 871 2780 938 fiunt,
2809 886 2966 944 quam
2995 870 3102 941 jam
3148 886 3295 926 mare
3325 871 3592 926 nudavit?
3633 872 3747 926 Etsi

2159 963 2224 1019 ad
2247 964 2365 1034 ejus
2394 979 2539 1020 oram
2573 974 2760 1019 tenues
2784 963 2978 1018 ﬂuctus
3030 971 3391 1046 perstrepunt,
3421 947 3528 1040 etsi
3568 947 3744 1024 adhuc

2161 1066 2496 1112 murmurant
2540 1057 2772 1128 Pagani;
2823 1057 3054 1111 sonitum
3106 1056 3343 1119 littorum
3373 1057 3556 1125 audio,
3606 1058 3750 1112 dilu-

2162 1149 2304 1204 vium
2334 1165 2438 1202 non
2466 1149 2838 1224 perhorresco.
2877 1149 3015 1216 Quid
3046 1164 3194 1220 ergo,
3231 1148 3356 1220 quid
3386 1149 3524 1224 litin
3556 1151 3742 1205 terra?

2169 1242 2268 1308 Qui
2297 1227 2481 1297 emittis
2514 1223 2675 1315 fontes
2701 1245 2752 1297 in
2807 1241 3139 1298 convallibus.
3167 1241 3392 1318 Emittis,
3425 1223 3614 1315 inquit,
3650 1249 3758 1316 [on-

2167 1344 2238 1390 tes
2263 1336 2314 1390 in
2345 1336 2676 1391 convallibus.
2703 1336 2983 1391 Convalles
3005 1337 3170 1390 nostis
3197 1335 3324 1407 quid
3349 1336 3475 1404 sint,
3503 1335 3760 1407 depressa

2168 1429 2284 1483 loca
2313 1438 2596 1485 terrarum.
2629 1429 2760 1484 Nam
2812 1429 3041 1485 collibus
3089 1438 3146 1485 et
3182 1429 3457 1485 montibus
3481 1429 3764 1502 contraria

2177 1520 2345 1591 ﬁgura
2386 1531 2730 1598 opponuntur
2767 1523 2935 1576 valles
2989 1522 3070 1577 vel
3129 1505 3420 1577 convalles.
3471 1521 3653 1578 Colles
3706 1528 3764 1578 et

2172 1625 2383 1670 montes
2409 1657 2424 1682 ,
2473 1624 2717 1684 tumores
2776 1624 3036 1671 terrarum
3068 1625 3224 1684 sunt;
3251 1617 3419 1672 valles
3447 1627 3623 1674 autem
3672 1615 3767 1673 vel

2172 1707 2444 1762 convalles
2475 1749 2489 1773 ,
2545 1699 2868 1784 humilitates
2924 1693 3205 1766 terrarum.
3253 1707 3369 1763 Noli
3419 1719 3769 1780 contemnere

2175 1801 2532 1865 humilitates;
2563 1801 2687 1855 inde
2706 1799 2877 1855 ﬂuunt
2902 1801 3076 1856 fontes
3100 1817 3113 1852 :
3142 1797 3349 1854 Emittis
3373 1804 3530 1869 fontes
3553 1794 3608 1846 ἱη
3636 1801 3764 1842 ϐοη-

2175 1891 2409 1946 vallibus.
2461 1893 2596 1947 Audi
2649 1903 2885 1947 montem
2924 1912 2938 1947 :
2969 1893 3098 1948 dicit
3130 1893 3455 1963 Apostolus,
3486 1886 3616 1945 Plus
3654 1883 3768 1941 illis

2150 1984 2409 2049 _omnibus
2431 1985 2674 2040 laboravi.
2703 1985 3008 2056 Magnitudo
3036 1968 3283 2057 quaedam
3327 1969 3775 2050 commendatur;

2179 2076 2357 2130 statim
2387 2085 2586 2142 tamen,
2618 2086 2678 2132 ut
2704 2076 2972 2147 proﬂuent
2993 2083 3162 2148 aqute,
3191 2077 3485 2133 convallem
3507 2091 3565 2132 se
3603 2073 3775 2132 fecit:

2183 2165 2304 2222 Non
2329 2185 2419 2239 ego
2454 2179 2642 2230 autem,
2666 2170 2755 2222 sed
2781 2170 2945 2240 gratia
2974 2165 3071 2224 Dei
3093 2168 3294 2225 Mecum
3320 2169 3364 2242 (l
3391 2169 3506 2224 Cor.
3540 2184 3626 2233 xv,
3649 2165 3777 2242 10).

2180 2259 2298 2315 Νοη
2325 2270 2588 2331 repugnat
2613 2269 2671 2315 ut
2694 2261 2786 2330 qui
2817 2269 2941 2315 sunt
2976 2270 3216 2326 montes,
3243 2261 3351 2316 sint
3377 2269 3430 2315 et
3453 2259 3725 2316 convalles
3754 2273 3777 2326 ;

2184 2355 2319 2410 sicut
2338 2356 2482 2410 enim
2511 2364 2719 2410 montes
2747 2355 2998 2410 dicuntur
3036 2363 3254 2424 propter
3289 2354 3621 2424 spiritualem
3651 2365 3781 2406 ma-

2185 2446 2514 2516 gnitudinem
2536 2487 2550 2510 ,
2580 2447 2649 2500 ita
2680 2453 2734 2502 et
2760 2447 3032 2502 convalles
3053 2453 3276 2522 propter
3304 2446 3386 2500 sui
3425 2444 3645 2512 spiritus
3669 2443 3782 2499 hu-

2185 2539 2484 2595 militatem.
2527 2539 2648 2594 Non
2688 2556 2798 2610 ego,
2829 2539 3033 2609 inquit,
3087 2538 3175 2592 sed
3215 2525 3380 2608 gratia
3408 2537 3506 2592 Dei
3555 2551 3784 2591 mecum.

2189 2631 2310 2685 Non
2336 2647 2448 2702 ego,
2477 2631 2734 2685 convallis
2761 2638 2874 2696 est;
2906 2639 2960 2685 et
2984 2630 3151 2699 gratia
3173 2627 3270 2682 Dei
3291 2643 3504 2693 mecum,
3528 2625 3649 2681 fons
3668 2633 3785 2682 est.

2192 2723 2295 2790 Qui
2318 2721 2501 2776 emittis
2527 2721 2692 2790 fontes
2717 2721 2769 2774 in
2798 2719 3130 2774 convallibus.
3166 2721 3237 2774 De
3260 2718 3462 2788 Spiritu
3491 2715 3786 2772 dicebatur

2188 2815 2329 2885 quod
2357 2814 2518 2868 modo
2540 2813 2981 2877 commemoravi,
3013 2810 3072 2866 Si
3099 2811 3210 2880 quis
3235 2811 3360 2879 sitit,
3394 2810 3558 2864 veniat
3582 2809 3653 2863 ad
3673 2825 3788 2876 me,

2189 2916 2236 2960 ct
2259 2904 2411 2960 bibat.
2446 2903 2548 2972 Qui
2586 2905 2745 2958 credit
2773 2906 2824 2957 in
2852 2920 2945 2965 me,
2977 2903 3189 2973 ﬂumina
3217 2918 3363 2973 aqum
3385 2902 3510 2956 viva:
3536 2902 3696 2972 ﬂuent
3717 2901 3792 2955 de

2191 3007 2362 3052 ventre
2390 2998 2518 3066 ejus.
2553 2995 2666 3050 Hoc
2714 3006 2882 3048 autem
2911 2995 3103 3049 dicebat
3133 2994 3194 3048 de
3238 2994 3469 3064 Spiritu,
3509 3010 3652 3065 quem
3702 3008 3792 3046 ac-

2190 3091 2380 3161 cepturi
2397 3099 2539 3143 erant
2557 3089 2610 3141 hi
2637 3088 2721 3156 qui
2747 3089 2798 3141 in
2815 3104 2926 3141 eum
2958 3087 3159 3156 fuerant
3204 3086 3459 3140 credituri.
3495 3084 3794 3139 Videamus

2190 3184 2235 3236 si
2258 3183 2527 3236 convalles
2558 3190 2700 3245 sunt,
2728 3188 2785 3232 ut
2809 3181 3123 3234 emittantur
3150 3176 3328 3234 fontes
3349 3179 3402 3233 in
3427 3177 3791 3233 convallibus.

2191 3273 2328 3329 Audi
2389 3269 2708 3343 prophetam
2767 3289 2779 3324 :
2822 3267 2992 3341 Super
3044 3288 3194 3342 quem
3244 3272 3513 3341 requiescet
3556 3268 3796 3339 Spiritus

2191 3382 2330 3420 meus
2354 3408 2368 3432 ,
2414 3363 2514 3419 nisi
2550 3379 2703 3434 super
2733 3362 3010 3428 humilem,
3057 3371 3104 3415 et
3125 3362 3364 3431 quietum,
3412 3371 3460 3414 et
3494 3369 3796 3416 trementem

2191 3459 2338 3514 verba
2357 3473 2466 3511 mea
2487 3455 2638 3529 (lsai.
2662 3472 2802 3520 vat,
2823 3454 2908 3526 2)?
2934 3455 3069 3522 Quid
3097 3463 3198 3521 est,
3223 3453 3392 3524 Super
3418 3469 3565 3523 quem
3583 3451 3798 3524 requie-

2191 3560 2295 3606 scet
2323 3549 2548 3619 Spiritus
2580 3565 2717 3602 meus
2740 3589 2754 3612 ,
2786 3563 2941 3617 super
2979 3546 3216 3600 humilem
3261 3555 3308 3600 et
3337 3544 3600 3617 quietum?
3650 3543 3798 3613 Quis

2195 3641 2414 3696 habebit
2439 3640 2637 3694 fontem
2671 3655 2847 3694 meum
2871 3638 2895 3693 ?
2923 3638 3210 3692 Convallis.

2264 3735 2285 3786 1
2307 3734 2353 3786 1.
2379 3731 2524 3786 Inter
2544 3732 2762 3786 medium
2787 3731 3034 3784 montium
3062 3728 3438 3800 pertransibunt
3457 3741 3623 3802 aqua.
3659 3726 3794 3783 Huc

2194 3840 2361 3897 usque
2390 3839 2418 3878 a
2458 3823 2686 3880 Lectore
2728 3823 3101 3894 pronuntiatus
3125 3830 3208 3876 est
3255 3822 3518 3886 Psalmus,
3554 3819 3660 3875 huc
3686 3833 3793 3874 us.

2194 3934 2298 3988 que
2333 3917 2594 3973 Charitati
2637 3925 2830 3972 vestra:
2879 3914 3127 3970 sufficiat.
3172 3914 3284 3968 Hoc
3322 3913 3602 3979 dicemus,
3632 3919 3690 3968 et
3731 3912 3796 3970 in

2195 4010 2409 4062 nomine
2438 4008 2532 4058 Dei
2557 4021 2862 4059 sermonem
2895 4003 3317 4059 terminabimus.
3345 4003 3484 4073 Quid
3504 4013 3605 4070 est,
3631 4003 3800 4063 Inter

2194 4095 2417 4149 medium
2449 4095 2695 4149 montium
2727 4095 3102 4165 pertransibunt
3135 4096 3323 4165 aqum?
3348 4095 3667 4151 Audivimus
3689 4097 3795 4166 qui

2193 4189 2301 4243 sint
2322 4198 2552 4252 montes,
2580 4188 2757 4258 magni
2779 4187 3156 4256 praedicatores
3187 4188 3371 4254 verbi,
3400 4187 3656 4243 sublimes
3680 4202 3795 4243 an-

2195 4281 2295 4350 geli
2323 4281 2455 4344 Dei,
2509 4280 2751 4349 quamvis
2777 4277 2953 4334 adhuc
2981 4278 3035 4333 in
3087 4294 3250 4335 carne
3289 4279 3501 4334 mortali
3535 4297 3549 4334 :
3581 4279 3796 4336 excelsi

2196 4389 2304 4430 non
2325 4388 2419 4430 sua
2449 4373 2663 4439 virtute,
2697 4372 2792 4427 sed
2831 4371 2974 4427 illius
3002 4373 3207 4443 gratia;
3238 4381 3492 4443 quantum
3513 4381 3694 4428 autem
3715 4373 3797 4429 ad

2196 4469 2342 4539 ipsos
2363 4467 2585 4530 attinet,
2615 4464 2887 4520 convalles
2913 4473 3058 4531 sunt,
3089 4465 3358 4521 humiliter
3386 4466 3642 4520 emittunt
3667 4464 3798 4520 fon-
3863 4497 3867 4512 ε

2195 4569 2295 4618 tes.
2336 4559 2404 4615 Et
2427 4559 2557 4613 inter
2580 4558 2802 4612 medium
2842 4557 3088 4612 montium
3111 4599 3124 4623 ,
3172 4555 3374 4628 inquit,
3406 4555 3796 4628 pertransibunt
3862 4589 3864 4596 ι

2195 4668 2358 4722 aqua.
2388 4651 2644 4707 Putemus
2687 4651 2789 4706 hoc
2834 4650 2906 4705 ita
2947 4650 3144 4704 dictum
3168 4689 3182 4714 ,
3231 4648 3374 4704 Inter
3401 4647 3793 4717 Apostolorum

2195 4743 2430 4799 medium
2453 4741 2851 4812 pertransibunt
2873 4741 3280 4808 praedicationes
3302 4737 3322 4770 ⁸
3339 4738 3486 4793 verbi
3515 4741 3790 4796 veritatis.

2196 4837 2334 4906 Quid
2360 4844 2463 4902 est,
2494 4835 2637 4890 lnter
2661 4831 2897 4888 medium
2929 4829 3346 4899 Apostolorum?
3370 4828 3525 4897 Quod
3546 4833 3794 4889 medium

2197 4930 2408 4994 dicitur,
2438 4939 2724 4984 commune
2753 4931 2855 4978 est.
2899 4920 3009 4976 Res
3046 4922 3378 4988 communis,
3420 4922 3566 4978 unde
3595 4938 3796 4980 omnes

2197 5023 2472 5094 mqualiter
2499 5022 2702 5082 vivunt,
2731 5015 2905 5072 media
2934 5024 3039 5082 est,
3078 5028 3180 5070 nec
3214 5013 3404 5070 attinet
3425 5015 3494 5070 ad
3522 5030 3652 5082 me;
3692 5017 3796 5079 sed

2198 5131 2296 5172 nec
2321 5116 2508 5170 attinet
2549 5113 2616 5167 ad
2647 5119 2720 5178 te,
2753 5124 2855 5165 nec
2889 5108 2957 5163 ad
2983 5123 3088 5163 me.
3126 5107 3412 5177 Propterea
3435 5109 3712 5179 loquimur
3735 5119 3794 5164 et

2199 5211 2276 5265 sic
2300 5209 2368 5264 de
2398 5207 2664 5276 aliquibus
2685 5201 2989 5257 hominibus
3014 5216 3027 5255 :
3054 5200 3265 5257 Habent
3298 5201 3440 5257 inter
3463 5215 3523 5257 se
3555 5216 3743 5273 pacem
3771 5241 3789 5268 ,

2200 5304 2395 5358 habent
2437 5300 2577 5354 inter
2601 5312 2661 5352 se
2691 5295 2846 5352 [idem
2867 5337 2881 5361 ,
2922 5293 3120 5350 habent
3166 5294 3306 5350 inter
3331 5309 3390 5351 se
3417 5294 3742 5351 charitatem
3771 5313 3788 5362 ;

2199 5396 2279 5451 sic
2307 5401 2453 5449 certe
2478 5390 2726 5446 dicimus.
2753 5386 2890 5455 Quid
2920 5395 3042 5456 est,
3067 5387 3209 5442 inter
3234 5386 3334 5442 se?
3358 5385 3414 5440 In
3458 5386 3638 5441 medio
3678 5387 3790 5441 sui.

2200 5485 2336 5554 Quid
2351 5493 2454 5550 est,
2483 5483 2534 5536 in
2559 5481 2733 5535 medio
2749 5479 2867 5534 sui?
2887 5478 3183 5535 Commune
3201 5486 3284 5555 est
3304 5478 3434 5536 illis.
3454 5478 3594 5534 Audi
3621 5493 3792 5549 aquas

2199 5579 2338 5633 inter
2383 5573 2616 5629 medium
2660 5571 2943 5627 montium.
2993 5570 3128 5636 Quia
3166 5570 3467 5626 communis
3516 5570 3622 5625 illis
3653 5570 3793 5625 ﬁdes

2199 5675 2335 5733 erat,
2365 5681 2464 5722 nec
2491 5665 2715 5736 quisque
2741 5677 2908 5734 aquas
2936 5661 3087 5732 quasi
3114 5662 3360 5732 proprias
3387 5670 3442 5718 et
3471 5675 3597 5716 suas
3626 5661 3794 5718 habe-

2264 5784 2283 5816 ⁸
2317 5782 2389 5833 sic
2411 5790 2510 5830 Am.
2536 5787 2610 5829 Er.
2631 5787 2683 5830 et
2705 5787 2810 5829 Mss.
2838 5785 2893 5830 At
2914 5785 3046 5840 μοι,
3063 5777 3410 5843 ρτωάὶσαιοτεδ
