4056 6478
509 388 650 447 1559

508 508 705 565 mentis
724 504 997 571 alienatio,
1021 514 1179 574 quam
1200 497 1373 557 Graeci
1395 496 1625 553 ecstasin
1654 492 1841 550 dicunt
1863 507 1879 546 :
1907 490 1963 547 id
1982 495 2085 555 est,

496 613 709 678 ~inversa
734 606 816 655 est
844 611 994 653 mens
1010 595 1126 666 ejus
1155 609 1185 648 a
1208 588 1593 649 consuetudine
1616 585 1880 658 corporali
1908 583 1975 639 ad
2005 583 2089 639 vi-

488 693 630 748 ‘sum
658 689 940 763 quemdam
968 684 1458 758 contemplandum,
1486 681 1715 737 alienata
1742 681 1761 713 ⁸
1790 693 1819 734 a
1850 693 2087 751 praesen-

506 785 671 841 tibus.
722 783 871 839 Tunc
916 782 1048 837 vidit
1071 796 1166 836 vas
1193 778 1462 851 quoddam
1491 776 1657 833 veluti
1685 776 1905 830 linteum
1946 787 2081 844 qua-

506 887 631 935 tuor
655 878 809 934 lineis
837 876 1073 933 submitti
1103 875 1171 931 de
1201 875 1361 941 caelo,
1386 872 1472 929 ubi
1500 882 1654 928 erant
1678 869 1861 927 omnia
1880 869 2087 924 anima-

506 972 601 1040 lia,
632 970 807 1027 omnis
829 969 1040 1041 generis
1082 968 1300 1033 bestia);
1333 976 1388 1023 et
1415 964 1594 1021 sonuit
1619 965 1669 1020 ei
1700 979 1800 1019 vox
1840 982 1855 1020 :
1902 961 2086 1029 Petre,

507 1075 697 1133 macta,
725 1076 773 1119 et
799 1062 1072 1118 manduca.
1098 1060 1191 1117 Ille
1218 1068 1395 1116 autem
1416 1058 1507 1131 qui
1534 1058 1586 1114 in
1606 1056 1945 1128 Legegfuerat
1967 1069 2090 1110 eru-

505 1159 668 1226 ditus,
698 1168 754 1215 et
794 1158 848 1213 in
888 1155 1269 1213 consuetudine
1300 1154 1518 1210 Judaica
1568 1160 1839 1219 creverat,
1882 1163 2086 1222 prame-

505 1260 761 1323 ptumque
779 1267 877 1323 per
890 1250 1106 1322 Moysen
1125 1248 1219 1304 Dei
1240 1246 1493 1301 famulum
1511 1244 1794 1308 retinebat,
1819 1250 2089 1312 totamque

507 1347 672 1401 vitam
701 1361 851 1402 suam
878 1344 1109 1399 ﬁdeliter
1151 1341 1513 1408 custodierat,
1546 1337 1857 1408 respondit:
1890 1335 2029 1390 Absit
2056 1350 2089 1388 a

509 1455 610 1504 me,
643 1437 891 1505 Domine;
920 1453 1175 1506 nunquam
1202 1450 1467 1490 commune
1494 1430 1690 1503 aliquid
1722 1430 1924 1484 intravit
1953 1428 2007 1482 in
2032 1443 2089 1483 os

508 1547 693 1586 meum.
723 1523 1017 1586 Commune
1052 1536 1227 1583 autem
1270 1524 1599 1582 immundum
1630 1522 1733 1577 dici
1762 1538 1792 1576 a
1812 1520 2012 1577 Judreis
2035 1526 2092 1577 et

506 1638 538 1677 a
564 1622 735 1692 Lege,
767 1622 907 1678 bene
936 1629 1197 1675 noverunt
1224 1618 1313 1691 qui
1344 1615 1735 1673 ecclesiasticas
1766 1614 1972 1668 litteras
2000 1611 2088 1667 di—

504 1715 766 1772 dicerunt.
808 1715 875 1769 Et
915 1729 1021 1769 vox
1051 1712 1114 1768 ad
1155 1712 1301 1766 illum
1335 1728 1349 1764 :
1381 1709 1505 1775 Quae
1549 1707 1685 1763 Deus
1713 1705 1993 1773 mandarit,
2035 1711 2091 1759 tu

501 1805 766 1861 immunda
808 1822 869 1861 ne
922 1806 1127 1860 dixeris.
1162 1804 1273 1859 l‘loc
1313 1811 1494 1857 autem
1534 1802 1729 1856 factum
1771 1809 1855 1855 est
1890 1807 1990 1864 ter,
2035 1803 2090 1853 et

502 1901 711 1957 ablatus
767 1910 849 1956 est
891 1901 981 1955 illc
1029 1900 1206 1955 discus
1257 1898 1347 1968 qui
1387 1894 1855 1961 demonstrabatur
1899 1901 1982 1948 ter
2020 1890 2089 1947 de

503 1995 641 2050 cmio
664 1994 960 2049 submissus
991 1992 1125 2062 (Act.
1168 2007 1221 2057 x,
1265 1989 1446 2061 9-16).
1491 1987 1681 2043 Discus
1730 1986 1821 2058 qui
1861 1993 2089 2056 quatuor

500 2090 658 2145 lineis
693 2087 1095 2152 continebatur,
1127 2084 1275 2141 orbis
1316 2094 1579 2139 terrarum
1605 2089 1721 2137 erat
1760 2080 1819 2135 in
1859 2090 2088 2150 quatuor

499 2160 762 2253 partibus.
796 2181 901 2237 Has
930 2187 1159 2251 quatuor
1200 2186 1382 2249 partes
1428 2191 1573 2247 sape
1618 2174 1895 2245 Scriptura
1940 2187 2089 2229 com-

497 2282 798 2342 memorat,
852 2273 1114 2329 orientem
1172 2279 1227 2327 et
1278 2269 1647 2337 occidentem,
1691 2268 1995 2339 aquilonem
2033 2272 2088 2321 et

498 2369 798 2424 meridiem.
829 2368 953 2424 Ideo
978 2368 1102 2440 quia
1142 2374 1285 2422 totus
1307 2365 1453 2422 orbis
1486 2380 1580 2435 per
1609 2363 1957 2434 Evangelium
1993 2376 2089 2417 vo-

495 2462 735 2529 cabatur,
776 2471 1002 2534 quatuor
1032 2460 1319 2532 Evangelia
1347 2460 1649 2528 conscripta
1680 2465 1824 2513 sunt.
1854 2456 1960 2513 Ter
1989 2470 2089 2511 au-

496 2562 604 2609 tem
635 2554 960 2610 submissum
990 2554 1057 2609 de
1080 2553 1220 2609 coelo
1242 2567 1335 2607 vas
1372 2552 1475 2607 hoc
1502 2550 1800 2623 significat,
1832 2550 1956 2620 quia
2003 2548 2088 2604 di-

495 2655 641 2701 ctum
668 2654 752 2702 est
794 2644 1072 2718 Apostolis
1100 2662 1114 2699 :
1145 2644 1261 2711 Ite,
1300 2644 1552 2716 baptizate
1599 2660 1772 2698 omnes
1814 2650 1982 2714 gentes
2030 2640 2086 2696 in

495 2737 696 2792 nomine
734 2736 941 2803 Patris,
996 2746 1043 2792 et
1084 2736 1245 2804 Filii,
1296 2746 1344 2791 et
1371 2736 1599 2805 Spiritus
1646 2735 1807 2792 sancti
1847 2733 2083 2807 (Matth.

495 2843 686 2894 xxvut,
718 2828 831 2901 i9).
865 2828 993 2884 Inde
1033 2828 1318 2899 colligitur,
1349 2829 1489 2885 sicut
1511 2829 1623 2899 jam
1658 2829 1848 2896 nostis,
1882 2827 2086 2885 duode-

492 2920 674 2973 narius
702 2920 863 2975 etiam
891 2936 1148 2977 numerus
1181 2920 1590 2993 discipulorum.
1636 2921 1753 2977 Non
1783 2922 1928 2978 enim
1966 2922 2083 2979 fru-

494 3019 606 3067 stra
633 3012 911 3070 duodecim
940 3014 1139 3072 habere
1171 3015 1370 3082 voluit;
1421 3024 1475 3071 et
1500 3016 1571 3070 ita
1597 3031 1855 3072 numerus
1880 3016 1973 3072 ille
1998 3032 2085 3073 sa-

494 3116 674 3163 cratus
699 3116 803 3173 est,
838 3119 897 3164 ut
920 3110 972 3165 in
998 3110 1176 3166 locum
1212 3110 1366 3165 unius
1394 3110 1484 3181 qui
1505 3110 1793 3177 ceciderat,
1822 3126 1927 3166 non
1954 3127 2083 3182 pos-

493 3207 578 3255 set
626 3200 731 3257 nisi
778 3202 913 3258 alter
953 3203 1211 3259 ordinari.
1248 3204 1425 3273 Quare
1464 3203 1748 3261 duodecim
1789 3204 2082 3276 Apostoli?

492 3294 627 3364 Quia
661 3296 804 3352 enim
834 3311 1062 3370 quatuor
1103 3309 1231 3356 sunt
1265 3300 1409 3357 orbis
1436 3310 1647 3372 partes,
1679 3309 1732 3356 et
1762 3310 1904 3357 totus
1935 3300 2082 3357 orbis

490 3384 547 3441 in
575 3388 864 3460 Evangelio
887 3393 1197 3459 vocabatur,
1220 3392 1364 3448 unde
1390 3405 1617 3464 quatuor
1645 3394 1931 3465 Evangelia
1952 3410 2081 3451 con<

490 3480 690 3551 scripta
706 3491 846 3549 sunt,
866 3492 921 3538 et
936 3492 1078 3539 totus
1090 3484 1233 3540 orbis
1251 3485 1303 3539 in
1316 3486 1532 3541 nomine
1548 3485 1823 3541 Trinitatis
1838 3495 2078 3558 vocatur,

489 3581 548 3629 ut
576 3584 925 3646 congregetur
949 3575 1223 3634 Ecclesia:
1245 3588 1473 3650 quatuor
1489 3588 1571 3636 ter
1596 3579 1775 3648 ducta,
1798 3580 2081 3637 duodecim

491 3666 645 3721 ﬁunt.
673 3667 813 3738 Ergo
860 3684 968 3725 non
994 3669 1252 3727 miremur
1290 3672 1335 3727 si
1375 3671 1443 3729 de
1470 3673 1575 3729 illis
1603 3674 1756 3743 aquis
1797 3674 1937 3730 inter
1961 3690 2080 3731 me-

492 3750 640 3813 dium
686 3760 946 3817 montium
999 3765 1535 3834 pertranseuntibus,
1584 3766 1639 3821 in
1693 3767 1784 3824 illa
1833 3766 2080 3825 doctrina

489 3852 778 3923 apostolica
800 3853 997 3911 ﬂuente
1021 3856 1076 3911 in
1103 3857 1283 3913 medio
1308 3867 1529 3929 pr0pter
1547 3860 1893 3917 concordiam
1921 3877 2075 3919 com-

488 3943 781 4011 munionis,
821 3960 1010 4003 omnes
1040 3947 1229 4004 bestiae
1266 3950 1415 4006 silvae
1455 3951 1661 4007 bibunt.
1695 3951 1896 4010 Omnes
1931 3956 2079 4010 enim

490 4047 642 4092 erant
669 4037 723 4092 in
750 4052 894 4102 arca,
920 4054 1107 4095 omnes
1131 4041 1184 4094 in
1212 4041 1383 4107 disco,
1414 4060 1605 4097 omnes
1630 4054 1829 4099 mactat
1853 4054 1909 4100 et
1933 4061 2080 4102 man-

490 4126 649 4183 ducat
698 4129 922 4195 Petrus;
980 4130 1106 4203 quia
1138 4132 1325 4187 Petrus
1378 4142 1561 4203 petra,
1614 4142 1769 4205 petra
1815 4135 2076 4194 Ecclesia.

490 4219 629 4287 Quid
678 4230 761 4277 est
806 4232 1043 4280 mactare
1086 4235 1140 4281 et
1190 4226 1555 4283 manducare?
1604 4228 1862 4288 Occidere
1897 4233 1953 4287 in
1994 4235 2076 4290 eis

493 4311 637 4381 quod
667 4323 851 4382 erant,
890 4316 1021 4371 etin
1064 4332 1160 4372 sua
1191 4318 1398 4375 viscera
1435 4335 1728 4379 assumere.
1768 4325 2079 4382 Dissuasisti

491 4419 698 4474 pagano
742 4407 1021 4478 sacrilegia
1046 4450 1061 4476 ,
1091 4410 1331 4466 occidisti
1362 4413 1503 4483 quod
1547 4422 1697 4481 erat;
1743 4417 1871 4471 dato
1901 4432 2080 4473 sacra-

490 4507 672 4552 mento
692 4496 891 4554 Christi
919 4501 1266 4571 incorporasti
1300 4504 1571 4572 Ecclesiae,
1614 4510 1967 4566 manducasti.

564 4588 619 4645 5.
663 4591 796 4661 Ipsae
826 4607 951 4664 ergo
978 4593 1162 4651 bestiae
1192 4606 1375 4666 potant
1410 4598 1537 4655 istas
1566 4616 1731 4670 aquas
1757 4644 1773 4668 ,
1800 4612 2077 4673 pertrans-

495 4690 683 4737 euntes
720 4692 897 4740 tamen
940 4704 952 4738 :
998 4702 1102 4742 non
1130 4700 1445 4757 manentes,
1486 4691 1579 4746 scd
1620 4704 2073 4762 pertranseuntes.

494 4772 679 4830 Omnis
708 4777 850 4831 enim
891 4778 1129 4834 doctrina
1169 4797 1287 4851 qua:
1318 4793 1429 4837 toto
1458 4784 1561 4837 isto
1592 4792 1831 4856 tempore
1858 4789 2076 4860 dispen-

492 4878 656 4934 satur,
682 4872 888 4925 transit.
908 4871 1035 4927 lnde
1049 4873 1177 4930 dicit
1202 4876 1485 4945 Apostolus
1506 4894 1518 4930 :
1540 4877 1606 4931 Et
1624 4881 1831 4935 scientia
1850 4884 2077 4940 destrue-

494 4970 597 5026 tur,
619 4971 666 5016 et
687 4964 951 5034 prapltetia
972 4967 1308 5020 evacuabitur.
1333 4968 1506 5035 Quare
1527 4972 1626 5027 ista
1647 4976 2075 5035 evacuabuntur?

491 5051 579 5107 Ea:
614 5064 759 5119 parte
785 5057 916 5111 enim
951 5060 1135 5113 scimus
1157 5101 1173 5126 ,
1205 5071 1251 5114 et
1285 5077 1347 5115 ea:
1374 5073 1517 5133 parte
1543 5069 1900 5137 prophetarum
1924 5089 1943 5125 :
1962 5091 2076 5129 cum

493 5156 659 5201 autem
702 5150 886 5202 venerit
929 5151 1063 5220 quod
1105 5156 1376 5224 perfectum
1418 5165 1511 5223 est,
1552 5160 1687 5227 quod
1725 5178 1789 5216 ea:
1826 5174 1968 5234 parte
2004 5174 2077 5220 est

493 5238 816 5293 evacuabitur
848 5242 887 5313 (Ι
917 5239 1033 5296 Cor.
1066 5258 1190 5307 xm,
1220 5244 1398 5318 8-10).
1435 5247 1545 5303 Nisi
1578 5250 1714 5307 forte
1757 5264 1904 5324 putat
1934 5256 2074 5313 Cha-

492 5328 625 5383 ritas
655 5328 841 5381 Vestra
872 5334 995 5400 quia
1023 5333 1075 5387 in
1104 5334 1188 5388 illa
1203 5336 1415 5393 civitate
1443 5340 1530 5395 cui
1558 5341 1771 5407 dicitur,
1803 5346 2072 5417 Collauda,

499 5418 806 5490 Jerusalem,
835 5421 1133 5491 Dominum,
1161 5426 1315 5482 lauda
1351 5427 1516 5485 Deum
1553 5442 1711 5500 tuum,
1748 5436 1914 5503 Sion;
1948 5455 2077 5509 quo-

490 5510 631 5566 niam
655 5516 967 5586 confirmavit
992 5529 1150 5575 vectes
1175 5531 1435 5592 portarum
1461 5535 1661 5582 tuarum
1686 5526 1852 5599 (Paul.
1878 5546 2078 5606 chvn,

490 5605 561 5660 l2
580 5614 626 5661 et
645 5608 758 5682 i3),
788 5610 899 5681 jam
928 5611 1254 5670 confirmatis
1279 5617 1515 5676 vectibus
1540 5628 1594 5675 et
1617 5621 1798 5679 clausa
1826 5605 2077 5696 civitate,

1773 372 1832 433 s.
1870 365 2238 445 AUGUSTlNl
2274 366 2580 429 EPlSCOPl

3639 373 3780 435 1360

2198 499 2357 542 nemo
2371 494 2531 542 Intrat
2544 485 2789 542 immicus
2803 484 2855 553 (α
2862 497 2880 556 )
2894 498 2909 551 ;
2926 482 3066 556 quod
3082 484 3250 543 codex
3264 484 3340 543 ibi
3355 485 3509 544 nobis
3523 484 3780 560 legendus

2198 585 2299 645 est,
2322 587 2412 633 aut
2431 578 2733 635 tractandus
2752 593 2951 645 sermo,
2974 579 3420 651 quemadmodum
3441 580 3595 637 vobis
3616 583 3781 640 modo

2196 679 2473 729 tractatur.
2506 672 2629 729 ideo
2654 673 2814 729 modo
2845 682 3131 742 tractatur,
3160 682 3218 730 ut
3241 674 3313 731 ibi
3342 684 3622 742 teneatur;
3655 676 3780 734 ideo

2194 764 2355 819 modo
2381 780 2476 835 per
2499 765 2730 837 syllabas
2754 764 3025 833 dividitur,
3055 775 3113 822 ut
3136 767 3207 822 ibi
3230 776 3372 825 totus
3392 778 3552 840 atque
3572 769 3777 841 integer

2193 857 2611 928 contempletur.
2641 857 2757 915 Non
2784 858 2853 914 ibi
2877 858 3048 915 deerit
3070 860 3291 918 verbum
3318 861 3447 927 Dei;
3475 860 3571 918 sed
3598 871 3781 920 tamen

2194 964 2301 1005 non
2341 965 2437 1021 per
2465 950 2671 1007 litteras
2692 994 2709 1021 ,
2740 967 2847 1007 non
2890 967 2986 1023 per
3012 966 3177 1009 sonos
3198 995 3216 1021 ,
3257 966 3362 1009 non
3394 968 3490 1024 per
3522 953 3741 1010 codices
3763 994 3781 1021 ,

2194 1059 2302 1100 non
2332 1059 2429 1115 per
2452 1044 2727 1112 lectorem,
2755 1060 2860 1100 non
2887 1060 2982 1116 per
3006 1053 3366 1103 tractatorem.
3393 1046 3672 1114 Quomodo
3692 1063 3783 1103 er-

2197 1134 2306 1207 go?
2332 1136 2479 1192 Sicut
2514 1138 2569 1192 in
2612 1139 2861 1209 principio
2900 1148 3008 1194 erat
3042 1138 3257 1195 Verbum
3279 1181 3296 1203 ,
3335 1149 3384 1194 et
3431 1138 3646 1195 Verbum
3676 1150 3787 1197 erat

2200 1228 2340 1299 apud
2359 1226 2547 1296 Deum,
2572 1237 2619 1284 et
2641 1229 2777 1286 Deus
2798 1240 2902 1285 erat
2933 1230 3168 1288 Verbum.
3190 1231 3306 1288 Non
3328 1232 3470 1289 enim
3493 1233 3572 1289 sic
3594 1232 3662 1288 ad
3685 1248 3787 1288 nos

2192 1321 2358 1389 venit,
2391 1331 2450 1377 ut
2473 1322 2598 1379 inde
2622 1322 2958 1391 discederet;
2987 1324 3108 1395 quia
3134 1324 3188 1379 in
3214 1325 3309 1381 hoc
3349 1325 3540 1380 mundo
3569 1335 3698 1394 erat,
3736 1335 3788 1379 et

2193 1414 2412 1468 mundus
2440 1431 2530 1485 per
2553 1431 2665 1470 eum
2690 1416 2856 1486 factus
2881 1426 2953 1472 est
2977 1417 3158 1489 (Joan.
3189 1431 3241 1483 ι,
3273 1418 3326 1483 1,
3361 1417 3472 1490 10).
3505 1418 3633 1474 Tale
3664 1434 3787 1473 ver-

2192 1506 2319 1563 bum
2347 1510 2756 1581 contemplaturi
2784 1527 2987 1569 sumus.
3019 1513 3296 1585 Apparebit
3324 1515 3465 1571 enim
3493 1514 3632 1571 Deus
3661 1516 3787 1570 deo-

2192 1616 2306 1654 rum
2331 1602 2384 1656 in
2410 1602 2537 1657 Sion
2559 1601 2730 1677 (Psal.
2754 1620 2979 1672 Lxxxut,
3003 1606 3081 1678 8).
3113 1605 3220 1663 Sed
3249 1606 3353 1664 hoc
3381 1608 3634 1678 quando?
3656 1608 3789 1664 Post

2193 1694 2673 1764 peregrinationem
2695 1696 2842 1753 ﬁnita
2864 1698 2947 1753 via
2969 1715 2985 1765 ;
3008 1698 3051 1754 si
3073 1706 3252 1755 tamen
3273 1709 3395 1770 post
3418 1701 3616 1755 ﬁnitam
3638 1704 3786 1756 viam

2193 1797 2299 1838 non
2335 1785 2507 1855 judici
2552 1788 2858 1859 tradamur,
2892 1800 2951 1846 ut
2984 1790 3148 1862 judex
3183 1792 3357 1848 mittat
3396 1794 3447 1849 in
3485 1811 3783 1851 carcerem.

2193 1873 2297 1931 Sed
2325 1878 2370 1932 si
2398 1878 2544 1935 ﬁnita
2570 1881 2652 1935 via
2673 1924 2688 1949 ,
2715 1881 2853 1939 sicut
2877 1898 3176 1955 speramus,
3206 1895 3261 1943 et
3282 1896 3549 1957 optamus,
3579 1897 3635 1944 et
3663 1900 3787 1944 stu-

2192 1966 2381 2026 demus
2404 2012 2419 2039 ,
2461 1972 2529 2028 ad
2558 1974 2781 2045 patriam
2811 1977 3118 2035 venerimus
3139 2020 3155 2043 ,
3202 1979 3274 2033 ibi
3302 1982 3789 2052 contemplabimur

2192 2064 2334 2134 quod
2357 2080 2573 2137 semper
2600 2067 2935 2125 laudabimus
2960 2088 2975 2127 :
2998 2086 3099 2127 nec
3124 2072 3251 2127 illud
3279 2072 3493 2130 deﬁciet
3515 2075 3657 2146 quod
3684 2092 3787 2130 no-

2190 2152 2274 2211 bis
2303 2166 2499 2227 przcsto
2527 2167 2631 2228 est,
2658 2175 2760 2218 nec
2784 2176 2884 2217 nos
2907 2163 2999 2235 qui
3026 2161 3288 2232 fruimur;
3317 2181 3417 2222 nec
3438 2165 3667 2223 fastidiet
3689 2167 3786 2238 qui

2190 2249 2530 2305 manducabit
2553 2292 2568 2321 ,
2599 2267 2701 2308 nec
2734 2252 2947 2311 deﬁciet
2972 2256 3115 2325 quod
3144 2257 3483 2316 manducabit
3517 2262 3558 2315 ³.
3591 2260 3786 2331 Magna

2190 2343 2281 2399 illa
2324 2352 2378 2399 et
2416 2346 2552 2402 mira
2590 2348 2968 2420 contemplatio
3008 2351 3128 2407 erit.
3160 2353 3227 2408 Et
3255 2354 3375 2425 quis
3402 2353 3469 2411 de
3499 2354 3587 2412 illa
3612 2354 3778 2427 digne

2197 2436 2326 2493 dicit
2371 2438 2475 2495 isto
2514 2448 2754 2511 tempore
2775 2483 2791 2508 ,
2822 2457 2944 2498 cum
2986 2443 3126 2501 inter
3152 2457 3361 2504 montes
3387 2447 3558 2505 ﬂuunt
3585 2464 3737 2521 aqua:
3758 2450 3785 2505 ?

2200 2532 2417 2589 Interim
2447 2548 2575 2606 ergo
2609 2534 2775 2591 ﬂuant
2805 2551 2955 2608 aqua:
2994 2537 3134 2595 inter
3154 2549 3362 2597 montes
3384 2583 3400 2608 ,
3431 2551 3485 2599 et
3505 2553 3783 2614 pertrans-

2200 2634 2327 2683 eant
2355 2643 2371 2682 :
2397 2642 2518 2684 cum
2549 2637 2927 2698 pertranseunt
2952 2646 3127 2703 aqua).
3158 2633 3356 2691 bibitur
3385 2636 3437 2691 in
3467 2638 3783 2709 peregrina-

2194 2719 2359 2788 tione,
2390 2735 2460 2776 ne
2487 2720 2576 2775 siti
2600 2721 2654 2776 in
2676 2721 2763 2777 via
2782 2722 3111 2781 deﬁciamus.
3138 2725 3398 2783 Potabunt
3418 2746 3591 2786 omnes
3610 2731 3787 2788 bestii:

2187 2815 2347 2872 silvia.
2378 2813 2506 2872 Inde
2542 2815 2765 2873 venistis
2786 2860 2803 2886 ,
2846 2818 2915 2876 de
2957 2821 3088 2875 silva
3116 2822 3330 2880 collecti
3358 2824 3510 2881 estis.
3540 2825 3609 2880 Et
3634 2824 3787 2896 quali

2188 2909 2364 2965 silva?
2388 2909 2574 2967 Nullus
2597 2911 2875 2969 hominum
2901 2912 2975 2970 ibi
3006 2916 3282 2985 transibat,
3311 2919 3434 2990 quia
3454 2919 3630 2975 nullus
3652 2934 3786 2991 pro-

2187 3003 2347 3075 pheta
2386 3005 2512 3062 illuc
2550 3005 2750 3064 missus
2772 3017 2907 3065 erat.
2935 3009 3039 3066 Sed
3062 3010 3131 3067 ad
3156 3027 3333 3069 arcam
3363 3016 3784 3071 construendam

2187 3099 2399 3155 concisa
2430 3110 2555 3157 sunt
2580 3100 2720 3173 ligna
2742 3102 2810 3159 de
2836 3103 2983 3160 silvis
3012 3123 3025 3160 :
3057 3105 3183 3161 inde
3211 3101 3373 3179 ligna,
3400 3107 3524 3164 inde
3552 3110 3740 3166 bestiae
3762 3152 3780 3179 ,

2187 3188 2312 3248 inde
2338 3192 2581 3250 venistis.
2610 3194 2753 3268 Ergo
2780 3195 2963 3255 bibite.
2995 3196 3254 3255 Potabunt
3282 3218 3453 3259 omnes
3486 3202 3656 3259 bestiae
3682 3203 3785 3260 sil-

2186 3299 2280 3342 υω.

2258 3377 2314 3433 4.
2357 3375 2649 3452 Suscipient
2673 3383 2853 3454 onagri
2873 3382 2927 3437 in
2947 3382 3082 3439 sitim
3102 3401 3266 3441 suam.
3291 3386 3531 3459 Onagros
3556 3404 3785 3462 magnas

2186 3471 2442 3541 quasdam
2468 3473 2669 3530 bestias
2693 3473 2839 3531 dicit.
2870 3475 3001 3544 Quis
3027 3478 3170 3534 enim
3199 3480 3400 3537 nesciat
3423 3497 3652 3554 onagros
3674 3482 3785 3539 dici

2185 3574 2427 3635 agrestes
2455 3566 2682 3622 asinos?
2710 3566 2927 3640 Magnos
2956 3584 3086 3642 ergo
3111 3572 3368 3642 quosdam
3397 3573 3524 3629 dicit
3548 3574 3788 3630 indomi-

2186 3662 2289 3711 tos.
2320 3656 2532 3713 Nullum
2559 3659 2703 3715 enim
2735 3659 3004 3718 habebant
3032 3662 3230 3720 Gentes
3250 3665 3435 3736 jugum
3466 3667 3665 3739 Legis;
3697 3668 3787 3724 vi-

2184 3751 2379 3806 vebant
2408 3752 2589 3809 multa:
2617 3763 2802 3825 gentes
2831 3754 3073 3813 moribus
3104 3759 3238 3828 suis,
3271 3762 3494 3831 superba
3517 3762 3785 3831 iactantia

2184 3851 2439 3912 vagantes
2458 3887 2473 3913 ,
2504 3854 2755 3917 tanquam
2780 3849 2834 3903 in
2860 3848 3097 3906 deserto.
3129 3850 3199 3906 Et
3226 3866 3413 3909 omnes
3437 3852 3650 3924 quidem
3681 3854 3785 3911 be-

2184 3933 2302 3989 stia:
2346 3935 2418 3991 ita
2443 3977 2459 4001 ,
2500 3937 2595 3993 sed
2640 3939 2825 4011 onagri
2864 3941 3021 4010 positi
3060 3951 3186 3998 sunt
3225 3943 3292 4000 ad
3330 3945 3784 4018 signiﬁcationem

2183 4026 2587 4095 magnitudinis.
2619 4028 2884 4086 Potabunt
2910 4042 2965 4088 et
2992 4034 3093 4104 ipsi
3132 4036 3187 4091 in
3217 4037 3357 4093 sitim
3386 4053 3575 4108 suam;
3606 4041 3784 4098 ﬂuunt

2185 4119 2330 4174 enim
2364 4133 2421 4175 et
2447 4121 2557 4177 illis
2588 4138 2761 4194 aquae.
2798 4123 2926 4181 Inde
2967 4128 3100 4184 bibit
3129 4130 3317 4201 lepus,
3358 4132 3482 4189 inde
3518 4150 3722 4207 onager
3762 4155 3781 4193 :

2183 4207 2338 4280 lepus
2380 4227 2576 4283 parvus
2597 4256 2614 4282 ,
2661 4223 2716 4271 et
2742 4230 2941 4287 onager
2968 4235 3229 4292 magnus;
3262 4224 3414 4295 lepus
3442 4227 3695 4297 timidus,
3725 4238 3785 4286 et

2184 4316 2383 4374 onager
2409 4302 2580 4370 ferus;
2611 4314 2836 4378 uterque
2864 4309 2989 4366 inde
3012 4312 3165 4382 bibit,
3194 4316 3288 4371 sed
3315 4318 3539 4391 quisque
3560 4323 3614 4375 in
3637 4322 3784 4377 sitim

2183 4412 2350 4452 suam.
2375 4397 2491 4455 Non
2519 4399 2647 4455 dicit
2670 4417 2828 4473 aqua,
2856 4403 3049 4475 Lepori
3076 4407 3305 4479 sufﬁcio,
3333 4421 3388 4467 et
3411 4414 3624 4485 repellit
3643 4430 3783 4472 ona-

2182 4507 2338 4563 grum
2371 4510 2385 4547 :
2414 4509 2588 4565 neque
2627 4495 2728 4553 hoc
2753 4496 2901 4562 dicit,
2931 4498 3141 4572 Onager
3167 4504 3405 4572 accedat,
3437 4507 3587 4578 lepus
3613 4509 3658 4563 si
3688 4524 3782 4566 ac-

2183 4585 2426 4651 cesserit,
2454 4587 2707 4657 rapietur.
2742 4588 2871 4643 Tam
2901 4590 3130 4649 ﬁdeliter
3152 4605 3204 4650 et
3228 4604 3526 4668 temperate
3550 4599 3689 4667 ﬂuit,
3720 4609 3781 4656 ut

2183 4673 2262 4729 sic
2288 4688 2544 4747 onagrum
2572 4679 2746 4746 saliet,
2778 4695 2847 4735 ne
2876 4680 3114 4751 leporem
3142 4692 3356 4739 terreat.
3385 4685 3552 4742 Sonat
3576 4691 3781 4762 strepi-

2184 4775 2270 4821 tus
2298 4768 2446 4823 vocis
2471 4768 2727 4824 Tullianae
2752 4811 2769 4834 ,
2795 4770 2985 4827 Cicero
3014 4772 3208 4843 legitur
3226 4815 3242 4840 ,
3271 4776 3463 4847 aliquis
3492 4780 3626 4837 liber
3650 4792 3777 4854 est,

2182 4855 2425 4929 dialogus
2453 4859 2569 4929 ejus
2596 4869 2678 4916 est
2701 4902 2717 4928 ,
2748 4861 2861 4917 sive
2888 4862 3055 4933 ipsius
3074 4906 3089 4932 ,
3122 4866 3235 4921 sive
3263 4867 3522 4941 Platonis,
3550 4887 3645 4931 seu
3675 4891 3778 4932 cu-

2179 4947 2500 5021 juscumque
2526 4951 2707 5007 talium
2735 4970 2750 5007 :
2783 4952 3005 5009 audiunt
3031 4954 3297 5028 imperiti,
3329 4960 3523 5017 inﬁrmi
3550 4966 3778 5024 minoris

2183 5042 2396 5109 cordis;
2448 5044 2567 5115 quis
2595 5045 2757 5100 audet
2797 5046 2923 5101 illuc
2968 5048 3250 5118 aspirare?
3282 5051 3545 5125 Strepitus
3574 5072 3733 5130 aquae
3755 5101 3774 5130 ,
3840 5090 3843 5091 ν

2183 5145 2239 5193 et
2263 5136 2401 5193 forte
2427 5139 2691 5205 turbatae;
2724 5146 2872 5195 certe
2903 5148 3080 5197 tamen
3108 5151 3214 5199 tam
3243 5148 3508 5218 rapaciter
3532 5149 3773 5222 ﬂuentis,

2184 5235 2242 5284 ut
2266 5229 2465 5285 animal
2491 5230 2731 5284 timidum
2755 5245 2861 5286 non
2883 5232 3073 5289 audeat
3094 5236 3353 5295 accedere
3372 5249 3428 5297 et
3448 5242 3649 5300 bibere.
3673 5244 3777 5300 Cui

2182 5321 2383 5388 sonuit,
2411 5318 2479 5375 In
2518 5322 2768 5393 principio
2807 5325 2926 5394 fecit
2960 5322 3102 5383 Deus
3128 5329 3308 5385 calum
3337 5341 3385 5387 et
3413 5344 3597 5389 terram
3619 5333 3774 5408 (Gen.

2182 5429 2222 5480 ι,
2253 5416 2308 5487 1)
2328 5458 2344 5483 ,
2377 5423 2432 5471 et
2459 5431 2565 5471 non
2590 5431 2751 5473 ausus
2779 5426 2865 5474 est
2888 5418 3116 5477 bibere?
3140 5422 3239 5480 Cui
3266 5436 3420 5483 sonat
3446 5428 3693 5488 Psalmus
3722 5442 3779 5489 et

2185 5506 2371 5562 dicat:
2402 5507 2625 5563 Multum
2665 5518 2747 5565 est
2785 5509 2853 5565 ad
2890 5513 3021 5568 me?
3059 5513 3199 5571 Ecce
3238 5517 3399 5575 modo
3435 5523 3579 5592 quod
3617 5534 3781 5581 sonat

2186 5599 2455 5670 Psalmus,
2487 5610 2636 5658 certe
2664 5602 2872 5659 occulta
2900 5615 3028 5662 sunt
3052 5610 3347 5681 mySteria;
3378 5620 3559 5673 tamen
3586 5614 3662 5673 ita
3687 5631 3781 5675 so-

492 5698 657 5769 unde,
678 5711 737 5759 ut
748 5701 1069 5775 jampridem
1085 5702 1337 5777 diximus,
1360 5724 1518 5768 nemo
1535 5712 1880 5786 exitamicus,
1897 5726 1953 5774 et
1972 5732 2080 5790 quo
2224 5708 2235 5716 ’

454 5889 466 5903 ‘
556 5876 573 5911 ¹
607 5877 1579 5953 Schm.n=.etMss.AtLov.,atienam.

2155 5782 2161 5791 '
2248 5780 2269 5849 ξ
2302 5778 2437 5849 βᾶᾱ..
2459 5780 2846 5849 mmtducabitur.
2872 5790 2929 5836 At
2946 5791 3077 5849 lim,
3099 5790 3431 5845 manducabit.

2248 5842 2325 5905 (α)
2364 5842 2746 5918 capientium;
2784 5848 2995 5918 in_Psal_.
3034 5842 3236 5918 ιξςιχιν,
3272 5842 3429 5915 uno,
3473 5862 3528 5908 et
3560 5858 3611 5908 in
3654 5864 3778 5918 ρει.

2186 5918 2363 5970 ⁶³¹ίν¹¹ν
2384 5906 2447 5957 ad
2464 5906 2514 5970 ν·
2540 5907 2630 5971 ¹³ε
2649 5910 2827 5985 qm
2843 5906 3251 5985 προξεδοοεριιιιιὶ
3271 5906 3453 5984 aqua:
3468 5906 3716 5984 rapax-6s;
