4056 6476
1218 278 1266 297 ω’
1274 276 1348 299 ’νη

310 385 449 445 1581

311 510 427 568 nat,
454 503 518 555 ut
538 503 594 554 et
612 507 810 569 pueros
830 492 1016 552 audire
1035 493 1266 551 delectet
1283 533 1300 562 ,
1323 499 1377 550 et
1394 491 1625 564 imperiti
1644 491 1901 548 accedant

309 592 381 648 ad
410 589 696 647 bibendum
717 629 734 656 ,
763 595 819 644 et
848 587 1024 644 satiati
1053 595 1264 643 ructent
1291 586 1344 641 in
1373 585 1672 657 psallendo.
1703 584 1901 641 Bibunt

307 700 443 757 ergo
469 683 708 740 minores
733 681 922 738 bestiae
951 688 1005 736 et
1031 680 1262 750 majores
1288 695 1304 745 ;
1335 679 1429 734 sed
1457 677 1705 749 capacius
1729 677 1901 747 majo-

307 789 440 843 res,
491 774 614 846 quia
657 771 933 844 suscipient
986 771 1165 844 onagri
1206 771 1261 825 in
1308 769 1443 825 sitim
1491 785 1658 824 suam.
1711 768 1904 825 Bibant

305 871 549 926 minores
572 866 714 939 quod
739 867 938 922 dictum
963 875 1045 922 est
1070 884 1085 920 :
1117 863 1248 929 Viri,
1276 864 1472 936 diligite
1489 879 1670 920 uxores
1689 871 1899 932 vestras,

305 961 440 1015 sicut
478 967 526 1014 et
567 957 799 1014 Christus
837 957 1012 1012 dilexit
1050 955 1350 1011 Ecclesium.
1383 954 1624 1010 Mulieres
1651 956 1772 1011 viris
1798 973 1904 1012 suis

305 1054 526 1110 subditis
549 1053 652 1108 sint
679 1051 894 1126 (Ephes.
923 1067 960 1107 ν
982 1093 999 1119 ,
1024 1051 1095 1107 25
1114 1092 1130 1118 ,
1156 1051 1273 1121 Ἡ).
1317 1049 1506 1106 Bibant
1530 1049 1783 1106 minores.
1812 1049 1903 1104 Di-

307 1155 454 1200 ctum
485 1152 569 1199 est
606 1151 786 1198 autem
814 1142 1078 1198 Domino:
1103 1140 1164 1197 Si
1192 1142 1304 1196 licet
1339 1140 1585 1195 dimittere
1611 1156 1819 1195 umorem
1841 1157 1905 1197 ex

304 1241 446 1295 omni
483 1238 686 1293 causa?
715 1236 994 1292 Prohibuit
1019 1235 1275 1291 Dominus
1298 1276 1316 1303 ,
1346 1244 1400 1290 et
1425 1234 1559 1290 dixit
1586 1249 1691 1290 non
1717 1234 1900 1292 licere.

311 1349 331 1383 ι
353 1329 466 1385 Non
490 1329 695 1394 scitis,»
717 1330 906 1399 inquit,
933 1346 953 1381 ι
978 1328 1100 1399 quia
1119 1328 1259 1383 Deus
1275 1327 1342 1382 ab
1358 1327 1508 1383 initio
1535 1327 1830 1383 masculum
1849 1335 1906 1384 et

307 1419 559 1476 feminam
592 1420 756 1476 fecit?
783 1419 934 1488 Quod
965 1421 1102 1476 Deus
1117 1419 1409 1490 conjunxit,
1437 1419 1597 1474 homo
1614 1433 1719 1475 non
1744 1433 1902 1491 sepa-

304 1526 406 1570 ret.
421 1512 654 1568 sDeinde
667 1512 867 1568 addidit
887 1513 1039 1582 :iQui
1056 1513 1315 1568 dimiserit
1333 1528 1551 1568 uxorem
1569 1527 1740 1580 suam,
1755 1528 1904 1570 exce-

305 1615 393 1676 pta
411 1620 573 1661 causa
597 1603 984 1672 fornicationis,
1006 1603 1132 1660 facit
1152 1620 1271 1661 eam
1291 1606 1580 1668 mmchari;
1614 1615 1668 1660 et
1685 1606 1728 1660 si
1745 1605 1902 1662 aliam

305 1699 541 1766 duxerit,
568 1698 865 1754 moechatur
883 1697 1099 1769 (Matth.
1123 1716 1235 1767 ius,
1253 1699 1306 1763 3,
1328 1698 1484 1772 etc.).
1506 1718 1526 1752 ι
1560 1698 1906 1758 Conﬁrmavlt

304 1791 642 1862 compedem:
659 1792 761 1846 hoc
775 1791 990 1862 expedit
1003 1791 1270 1862 colligata;
1286 1790 1432 1862 prius
1447 1802 1630 1862 ageret
1643 1809 1711 1848 ne
1724 1793 1906 1863 ligare-

307 1882 674 1954 tur.Alligatus
687 1899 738 1938 es
751 1884 900 1937 uxori
913 1884 938 1937 ?
953 1899 1015 1937 ne
1025 1884 1282 1954 quaesieris
1296 1883 1595 1938 solutionem
1605 1925 1616 1936 .
1626 1883 1837 1940 Solutus
1851 1901 1903 1940 es

306 1976 371 2030 ub
383 1978 656 2031 uxor-due
670 1977 923 2047 quesieris
941 1992 1152 2032 uxorem
1169 1976 1210 2051 (Ι
1229 1975 1448 2044 Cor.vn,
1460 1975 1579 2050 ‘27).
1595 1977 1650 2032 Si
1666 1977 1902 2034 nondum

311 2082 375 2124 es
403 2084 621 2140 onager,
654 2077 710 2124 et
737 2071 945 2126 solutus
967 2069 1038 2125 ab
1061 2085 1246 2136 uxore,
1279 2070 1444 2127 habes
1471 2071 1544 2126 ibi
1572 2071 1714 2142 quod
1744 2081 1798 2128 et
1822 2073 1902 2128 le-

313 2175 416 2232 pus
440 2162 586 2217 bibas
613 2179 626 2216 :
657 2172 711 2218 et
738 2162 784 2218 si
814 2164 1086 2234 acceperis
1115 2179 1356 2230 uxorem,
1389 2181 1494 2220 non
1522 2167 1780 2237 peccasti.
1812 2166 1905 2221 Di-

308 2255 499 2326 scipuli
541 2265 720 2311 autem
757 2271 881 2312 cum
922 2256 1166 2312 audirent
1203 2256 1402 2314 dictum
1442 2272 1474 2312 a
1515 2257 1764 2324 Domino,
1796 2273 1902 2315 non

307 2345 475 2403 licere
501 2348 612 2405 ullo
637 2349 796 2404 modo
819 2358 1013 2419 prater
1031 2363 1248 2404 causam
1271 2347 1641 2406 fornicationis
1668 2350 1902 2422 disjungi

202 2430 215 2443 ’
307 2440 556 2511 coniugia
582 2459 596 2496 :
627 2441 688 2497 Si
714 2441 830 2496 talis
855 2451 950 2509 est,
981 2441 1245 2513 inquiunt,
1275 2458 1428 2498 causa
1454 2459 1570 2497 cum
1592 2459 1770 2510 uxore,
1799 2461 1902 2499 non

307 2534 512 2603 expedit
531 2533 732 2589 ducere.
756 2533 822 2589 Et
845 2535 1098 2590 Dominus
1117 2554 1132 2591 :
1155 2533 1276 2590 Non
1295 2551 1466 2592 omnes
1480 2538 1686 2606 capiunt
1701 2537 1903 2594 verbum

309 2622 406 2678 hoc
427 2623 446 2693 (
471 2623 658 2679 Matth.
688 2641 805 2689 χιι.
839 2625 1009 2681 10-12
1028 2625 1069 2699 ).
1100 2626 1233 2682 Nam
1265 2643 1447 2685 verum
1474 2628 1673 2697 dicitis,
1702 2631 1825 2702 quia
1855 2631 1901 2688 si

309 2716 438 2772 talis
477 2727 564 2773 est
599 2733 758 2775 causa
785 2734 906 2776 cum
933 2735 1101 2776 uxore
1123 2763 1138 2787 ,
1168 2736 1273 2776 non
1306 2721 1522 2792 expedit
1545 2722 1777 2790 ducere;
1808 2723 1904 2780 sed

310 2811 573 2880 numquid
594 2811 692 2868 soli
715 2814 900 2884 onagri
920 2813 1139 2868 bibituri
1160 2815 1320 2868 sunt?
1343 2813 1458 2869 Non
1478 2829 1668 2870 omnes
1687 2815 1907 2886 capiunt

309 2905 537 2960 verbum
569 2905 702 2973 hoc,
743 2907 897 2962 multi
929 2922 1035 2962 non
1066 2909 1302 2978 capiunt.
1335 2907 1401 2962 Et
1430 2909 1520 2978 qui
1546 2917 1670 2964 sunt
1693 2909 1782 2980 qui
1811 2923 1903 2964 ca-

309 2997 505 3069 piunt?
537 2997 826 3070 Suscipient
849 3001 1027 3071 onagri
1056 3000 1110 3054 in
1132 3001 1268 3055 sitim
1295 3017 1461 3055 suam.
1486 3001 1620 3069 Quid
1642 3011 1742 3067 est,
1775 3001 1904 3058 Sus-

313 3091 504 3160 cipient
543 3091 725 3164 onagri
765 3093 822 3146 in
848 3093 986 3148 sitim
1021 3093 1208 3148 suam?
1249 3092 1350 3163 Qui
1385 3102 1545 3167 potest
1581 3111 1778 3167 capere,
1818 3112 1906 3152 ca-

314 3182 441 3239 aiat.

384 3277 437 3331 5.
478 3275 630 3349 [vers.
661 3277 776 3352 η]
813 3277 1018 3335 Deinde
1053 3279 1294 3352 sequitur
1328 3279 1384 3337 in
1413 3283 1752 3339 contextione
1807 3297 1906 3341 sua

314 3368 596 3425 Psalmus:
624 3370 794 3440 Super
817 3372 934 3427 illos
959 3373 1184 3428 volatilia
1209 3375 1321 3429 caeli
1343 3373 1710 3431 inhabitabant.
1732 3375 1906 3448 Super

314 3463 495 3534 quos?
525 3477 688 3535 super
715 3479 966 3538 onagros,
993 3481 1062 3521 an
1091 3466 1268 3538 potius
1296 3481 1458 3538 super
1482 3468 1731 3524 montes?
1756 3467 1906 3526 Illinc

313 3560 456 3615 enim
484 3575 677 3617 sensus
707 3561 808 3618 iste
833 3561 1080 3634 dirigitur
1109 3579 1123 3617 :
1158 3581 1177 3615 ι
1214 3561 1357 3619 Inter
1383 3563 1617 3620 medium
1643 3566 1904 3621 montium
1936 3597 1943 3605 -

315 3653 717 3722 pertransibunt
753 3668 947 3726 aquae;
987 3655 1246 3726 potabunt
1280 3670 1467 3712 omnes
1503 3656 1686 3712 bestiae
1713 3658 1901 3727 silvae;

314 3748 609 3817 suscipiant
645 3748 828 3820 onagri
857 3749 911 3804 in
937 3749 1078 3805 sitim
1107 3764 1259 3806 suam
1286 3763 1302 3804 :
1331 3765 1492 3821 super
1524 3750 1643 3804 illos
1671 3750 1905 3807 volatilia

317 3838 442 3894 coeli
481 3839 875 3896 inhabitabunt.
908 3859 928 3894 ι
958 3840 1347 3913 Congruentius
1376 3841 1721 3914 intelligimus
1745 3859 1906 3914 super

319 3938 530 3986 montes
553 3971 569 3998 ,
619 3931 741 4001 quia
781 3930 884 3987 hoc
922 3941 1006 3988 est
1043 3933 1202 3988 etiam
1247 3933 1370 3988 huic
1409 3933 1585 3991 simile
1621 3945 1902 3993 creatum.

319 4021 494 4092 Super
519 4031 731 4079 montes
764 4032 988 4095 possunt
1011 4024 1254 4082 habitare
1281 4025 1516 4082 volatilia
1540 4069 1556 4094 ,
1583 4044 1745 4099 super
1772 4044 1905 4086 ona-

317 4129 442 4186 gros
466 4130 572 4170 non
602 4116 745 4172 :boc
770 4117 1208 4189 intelligeremus,
1239 4121 1283 4175 si
1310 4121 1601 4178 necessitas
1625 4133 1841 4194 cogeret
1861 4124 1901 4180 ί.

321 4205 494 4278 Super
519 4217 730 4265 montes
754 4224 886 4280 ergo
912 4211 1146 4267 volatilia
1172 4212 1295 4269 cteli
1323 4212 1716 4270 inhabitabunt.
1747 4215 1907 4272 Vide-

315 4315 434 4356 mus
471 4316 599 4357 aves
637 4303 767 4358 istas
806 4303 1044 4361 habitare
1083 4319 1246 4376 super
1282 4314 1492 4363 montes
1525 4326 1540 4364 :
1571 4307 1666 4364 sed
1715 4310 1900 4366 multae

309 4408 498 4450 carum
527 4394 766 4452 habitant
791 4396 844 4452 in
865 4399 1089 4468 campis,
1114 4398 1293 4454 multae
1314 4399 1367 4455 in
1389 4401 1738 4469 convallibus,
1767 4403 1906 4460 mul-

314 4494 382 4539 tae
411 4485 465 4540 in
497 4488 804 4543 nemoribus
822 4529 840 4556 ,
870 4489 1051 4545 multae
1080 4490 1133 4546 in
1160 4489 1330 4547 hortis
1350 4533 1366 4559 ,
1397 4506 1504 4548 non
1531 4509 1717 4550 omnes
1741 4509 1904 4566 super

315 4591 546 4639 montes.
577 4584 714 4640 Sunt
735 4586 977 4658 quaedam
1005 4586 1238 4643 volatilia
1265 4602 1385 4658 quae
1408 4603 1512 4643 non
1540 4588 1779 4644 habitant
1802 4589 1907 4646 nisi

314 4689 478 4746 super
506 4685 736 4733 montes.
777 4678 1092 4749 Spirituales
1123 4679 1378 4751 quasdam
1408 4682 1614 4738 animas
1643 4682 1908 4754 significat

315 4764 418 4822 hoc
439 4781 634 4824 nomen
661 4785 676 4823 :
696 4769 950 4837 volatilia,
975 4771 1265 4841 spiritualia
1286 4773 1449 4829 corda
1470 4783 1616 4841 sunt,
1643 4791 1762 4847 quae
1781 4791 1908 4834 aere

316 4857 486 4915 libero
507 4860 872 4932 perfruuntur.
895 4862 1138 4920 Gaudent
1158 4865 1445 4922 serenitate
1465 4868 1587 4924 οωιί
1607 4883 1734 4926 aves
1753 4869 1905 4929 istm:

315 4953 411 5008 sed
441 4962 621 5010 tamen
656 4965 842 5027 pastus
870 4972 1054 5013 earum
1085 4957 1139 5013 in
1166 4959 1475 5028 montibus;
1506 4961 1615 5017 illic
1637 4962 1906 5021 inhabita-

314 5046 467 5104 bunt.
495 5047 678 5106 Nostis
705 5058 950 5116 montes;
977 5050 1090 5122 jam
1119 5052 1328 5108 tractati
1358 5061 1505 5110 sunt.
1536 5055 1743 5113 Montes
1769 5058 1905 5114 Pro-

315 5145 512 5212 phetas;
542 5152 755 5199 montes
779 5144 1041 5214 Apostoli,
1074 5155 1285 5202 montes
1314 5161 1505 5204 omnes
1529 5149 1906 5220 praedicatores

314 5235 572 5292 veritatis.
603 5235 937 5309 Quicumque
974 5238 1087 5294 vult
1110 5254 1231 5296 esse
1259 5240 1568 5312 spiritualis,
1596 5242 1669 5298 ibi
1695 5243 1905 5302 inhabi-

313 5334 388 5383 tet
420 5345 435 5383 :
465 5342 572 5383 non
601 5329 654 5385 in
683 5328 849 5386 corde
874 5344 974 5387 suo
999 5331 1252 5400 aberret;
1283 5332 1516 5399 habitet,
1551 5332 1784 5405 perferat
1806 5351 1902 5394 vo-

314 5417 474 5475 !ando
491 5421 538 5474 '.
565 5419 835 5478 Habemus
857 5436 983 5479 aves
1005 5422 1368 5494 signiﬁcantes
1390 5424 1589 5496 aliquid
1604 5426 1901 5496 spiritualc.
1953 5459 1972 5477 ο

313 5508 428 5568 Non
456 5510 655 5568 frustra
684 5512 884 5571 dictum
905 5523 990 5571 est
1011 5533 1025 5568 :
1050 5515 1391 5571 Renovabitur
1403 5516 1644 5588 juventus
1670 5528 1757 5573 tua
1778 5519 1905 5575 sicut

312 5605 498 5676 equile
522 5603 691 5676 (Psal.
717 5621 809 5675 cu,
833 5607 919 5678 5).
945 5607 1063 5664 Non
1094 5609 1285 5664 frustra
1310 5608 1510 5665 dictum
1536 5609 1711 5667 estde
1734 5610 1904 5667 Abra-

322 5718 502 5794 _§ic
523 5721 740 5783 potiores
761 5729 867 5794 μεθ.
903 5725 960 5771 At
998 5720 1130 5794 Edd.,
1163 5732 1258 5771 non
1273 5735 1422 5794 super
1443 5735 1665 5791 onagros,
1691 5731 1793 5776 Non
1813 5721 1902 5775 hoc

1425 5862 1441 5902 :
1463 5862 1673 5916 wmque
1707 5849 1787 5904 his
1820 5847 1903 5904 alii

315 5899 483 5967 plinas
502 5899 674 5970 ierba,
694 5899 890 5971 habitet,
904 5909 1138 5975 perferat,
1159 5911 1402 5963 omittunt.

1445 373 1843 435 ENARRATIO
1878 372 1948 436 IN
1983 374 2306 436 PSALMUM
2333 374 2467 435 CIII.

3458 382 3601 444 1562

2013 513 2139 569 ham
2170 532 2184 569 :
2208 513 2338 570 Aves
2363 522 2532 572 autem
2553 530 2657 573 non
2681 515 2870 574 divisit.
2899 516 3169 576 Abraham
3194 519 3249 576 in
3269 519 3368 577 illo
3392 524 3600 580 sacriﬁ-

2009 603 2095 658 ci'o
2126 606 2257 660 satis
2285 607 2514 680 mystico
2553 610 2758 680 accepit
2786 613 2890 666 tria
2927 611 3216 678 animalia;
3247 613 3471 671 arietem
3498 616 3600 672 tri-

2008 709 2172 763 mum,
2208 712 2424 753 vaccam
2449 701 2686 769 trimam,
2716 717 2931 773 capram
2960 704 3193 772 trimam,
3225 713 3282 761 et
3308 714 3592 776 turturem,

2007 797 2063 845 et
2097 790 2418 847 columbam.
2451 793 2666 851 Divisus
2691 806 2774 852 est
2798 797 2937 853 aries
2957 840 2973 867 ,
2999 807 3054 854 et
3081 799 3338 855 adversus
3364 799 3596 858 invicem

2007 889 2188 950 partes
2207 883 2509 939 constitutae
2529 902 2544 951 ;
2571 885 2739 942 divisa
2761 903 2941 958 capra,
2965 889 3312 946 nihilominus
3331 891 3595 950 adversus

2008 986 2068 1028 se
2093 982 2277 1044 partes
2300 976 2636 1042 constitutae;
2663 977 2830 1033 divisa
2856 995 3036 1048 vacca,
3065 982 3142 1037 sic
3159 982 3321 1038 etiam
3341 982 3409 1038 de
3430 984 3596 1054 ipsius

2007 1077 2166 1120 carne
2187 1064 2384 1121 factum
2396 1077 2478 1122 est
2502 1085 2516 1123 :
2541 1076 2594 1124 et
2612 1069 2840 1139 subjecit
2855 1071 3146 1144 Scriptura,
3166 1074 3292 1130 Aves
3313 1085 3477 1131 autem
3494 1093 3598 1133 non

2007 1155 2193 1211 divisit.
2223 1157 2424 1214 Deinde
2444 1159 2638 1216 dicitur
2659 1162 2848 1218 trimus
2871 1165 3030 1231 aries,
3053 1167 3211 1222 trima
3231 1184 3413 1236 vacca,
3441 1170 3596 1228 trima

2008 1262 2166 1318 capra
2191 1267 2207 1305 :
2230 1248 2297 1304 de
2322 1251 2498 1306 avium
2529 1260 2684 1308 aetate
2708 1262 2931 1310 tacetur.
2967 1256 3116 1313 Unde
3134 1300 3148 1324 ,
3177 1274 3308 1330 rogo
3336 1275 3432 1316 vos
3453 1302 3470 1327 ,
3495 1261 3598 1317 nisi

2006 1339 2128 1409 quia
2143 1339 2510 1411 significantur
2524 1344 2577 1398 in
2595 1345 2782 1400 avibus
2798 1346 3010 1417 quidam
3028 1348 3350 1418 Spirituales,
3368 1366 3596 1422 quorum

2008 1439 2137 1487 retas
2164 1433 2474 1503 temporalis
2503 1444 2784 1506 pr0pterea
2813 1447 3044 1505 tacetur,
3074 1441 3196 1510 quia
3218 1451 3413 1496 aeterna
3437 1442 3599 1498 medi-

2007 1530 2208 1591 tantur,
2231 1533 2286 1580 et
2308 1526 2770 1596 transgrediuntur
2788 1529 3053 1586 desiderio
3065 1539 3121 1586 et
3133 1532 3400 1589 intellectu
3419 1534 3598 1589 omnia

2008 1617 2323 1686 temporalia
2337 1619 2362 1671 ?
2377 1616 2690 1688 Spirituales
2705 1621 2804 1675 viri
2821 1621 2909 1691 qui
2926 1621 2994 1677 de
3007 1623 3254 1679 omnibus
3264 1624 3524 1696 iudicant,
3543 1633 3600 1681 et

2006 1721 2038 1761 a
2059 1709 2273 1764 nemine
2289 1709 2596 1779 iudicantur
2615 1711 2657 1783 (l
2681 1711 2797 1766 Cor.
2818 1729 2875 1780 ιι,
2899 1713 2988 1785 15)
3016 1732 3028 1767 :
3050 1715 3227 1786 itaque
3247 1716 3346 1787 ipsi
3367 1718 3465 1772 soli
3489 1731 3599 1772 non

2007 1801 2315 1858 dividuntur
2335 1805 2387 1859 in
2407 1804 2639 1861 haereses
2654 1814 2708 1862 et
2723 1806 3031 1863 schismata.
3052 1808 3108 1862 In
3125 1809 3290 1864 ariete
3306 1810 3600 1879 intelligun-

2010 1901 2096 1948 tur
2106 1897 2375 1966 praepositi
2392 1914 2405 1963 ;
2425 1896 2624 1953 ducunt
2640 1898 2780 1954 enim
2799 1913 2988 1970 greges
3011 1917 3025 1953 :
3047 1899 3098 1954 in
3116 1916 3272 1955 vacca
3290 1901 3602 1971 plebsintcl—

2007 1982 2187 2053 ligitur
2220 1985 2558 2055 Judzcorum;
2589 1989 2769 2045 habuit
2798 1991 2939 2044 enim
2962 1990 3146 2063 jugum
3167 1992 3344 2063 Legis,
3371 1993 3471 2048 sub
3494 2005 3601 2064 quo

2007 2073 2280 2131 laborabat
2310 2095 2323 2132 :
2351 2077 2403 2132 in
2429 2093 2587 2149 capra
2613 2081 2926 2153 intelligitur
2950 2082 3188 2138 Ecclesia
3212 2086 3278 2139 de
3301 2083 3596 2150 Gentibus;

2007 2167 2324 2238 quibusdam
2353 2171 2496 2224 enim
2523 2171 2707 2228 liberis
2732 2174 2953 2228 saltibus
2983 2173 3273 2230 insultabat
3291 2217 3306 2242 ,
3338 2184 3394 2232 et
3415 2189 3602 2232 amaro

2007 2260 2329 2330 pascebatur
2370 2262 2624 2318 oleastro.
2655 2264 2835 2319 Trima
2861 2275 2985 2320 sunt
3021 2264 3160 2322 dicta
3187 2267 3302 2322 haec
3325 2268 3598 2336 animalia,

2012 2353 2137 2424 quia
2165 2353 2323 2409 tertio
2352 2363 2591 2426 tempore
2614 2357 2782 2426 gratia
2809 2355 3042 2411 revelata
3067 2364 3168 2412 est.
3213 2357 3346 2412 Nam
3368 2359 3602 2429 primum

2007 2445 2107 2500 fuit
2144 2455 2269 2503 ante
2309 2447 2543 2518 Legem;
2587 2449 2878 2505 secundum
2903 2491 2920 2518 ,
2952 2464 3019 2505 ex
3049 2465 3154 2520 quo
3182 2451 3291 2505 Lex
3319 2451 3442 2507 data
3472 2457 3596 2519 est;

2007 2538 2222 2592 tertium
2246 2580 2263 2606 ,
2304 2538 2446 2611 quod
2485 2555 2629 2596 nunc
2667 2549 2785 2605 est,
2825 2556 2889 2596 ex
2934 2556 3040 2613 quo
3077 2557 3300 2612 regnum
3340 2543 3600 2599 cmlorum

2009 2629 2349 2700 praedicatur.
2385 2630 2522 2699 Quid
2553 2646 2681 2702 ergo
2711 2630 2960 2698 dicimus,
2989 2632 3132 2702 quod
3161 2634 3301 2689 aries
3326 2649 3430 2689 non
3457 2633 3596 2688 divi-

2007 2719 2208 2776 datur?
2249 2720 2437 2778 Nonne
2466 2722 2702 2793 episcopi
2734 2721 2945 2778 fuerunt
2971 2733 3218 2779 auctores
3247 2724 3600 2780 schismatum

2008 2822 2063 2869 et
2086 2813 2397 2870 hieresum?
2423 2815 2591 2870 Porro
2617 2823 2792 2869 autem
2821 2817 2866 2869 si
2890 2815 3074 2886 plebes
3104 2816 3232 2886 ipsa:
3260 2833 3366 2872 non
3395 2816 3601 2873 divide-

2008 2915 2216 2972 rentur,
2247 2905 2300 2961 id
2328 2913 2430 2976 est,
2463 2907 2507 2961 si
2532 2921 2691 2962 vacca
2723 2921 2828 2962 non
2859 2906 3207 2975 divideretur,
3236 2909 3280 2962 si
3305 2924 3464 2978 capra
3491 2923 3600 2965 non

2009 2996 2375 3065 divideretur;
2417 2999 2761 3055 erubuissent
2783 2999 3009 3054 fortasse
3049 3000 3123 3054 illi
3159 3000 3211 3054 in
3250 2999 3602 3055 divisionibus

2009 3093 2142 3160 suis,
2172 3099 2229 3148 et
2256 3092 2322 3147 ad
2351 3107 2664 3163 compagem
2694 3103 3044 3169 remeassem.
3076 3091 3392 3148 Dividuntur
3412 3092 3594 3162 duces,

2012 3185 2320 3242 dividuntur
2355 3195 2410 3242 et
2447 3187 2631 3257 plebes
2656 3229 2671 3253 ,
2703 3196 2764 3242 ut
2790 3202 2964 3242 cmcus
2993 3203 3193 3244 caecum
3223 3199 3476 3261 sequatur
3498 3228 3512 3255 ,
3547 3195 3602 3243 et

2009 3278 2167 3334 simul
2196 3279 2250 3333 in
2278 3278 2481 3334 foveam
2515 3279 2710 3334 cadant
2737 3279 2969 3350 (Matth.
3001 3295 3072 3336 xv
3094 3323 3110 3348 ,
3145 3279 3254 3353 M)
3289 3301 3304 3336 :
3332 3288 3602 3352 ponuntur

2009 3370 2265 3426 adversus
2303 3370 2556 3426 invicem.
2586 3371 2714 3425 Aves
2744 3379 2911 3425 autem
2940 3387 3041 3425 non
3071 3371 3256 3426 divisit.
3285 3370 3600 3443 Spirituales

2009 3479 2115 3520 non
2146 3464 2348 3520 habent
2376 3464 2716 3532 divisionem,
2746 3479 2853 3519 non
2881 3465 3115 3536 cogitant
3143 3466 3428 3521 schismata
3457 3483 3470 3519 :
3497 3479 3602 3535 pax

2009 3565 2092 3612 est
2109 3556 2161 3612 in
2182 3555 2282 3621 eis,
2303 3556 2610 3612 custodiunt
2629 3571 2747 3612 eam
2768 3557 2821 3612 in
2837 3558 3052 3613 caeteris
3071 3567 3321 3628 quantum
3345 3567 3596 3629 possunt;

2007 3651 2099 3706 ubi
2129 3650 2182 3705 in
2213 3651 2332 3706 aliis
2361 3650 2634 3718 deficiunt,
2667 3651 2722 3706 in
2753 3665 2812 3706 se
2841 3661 3044 3707 tenent.
3077 3652 3138 3706 Si
3167 3652 3259 3706 erit
3287 3652 3375 3719 ibi,
3410 3652 3598 3723 inquit,

2009 3742 2148 3812 ﬁlius
2185 3743 2324 3813 pacis
2355 3785 2370 3810 ,
2409 3745 2680 3817 requiescet
2719 3760 2870 3818 super
2908 3761 3020 3799 eum
3059 3761 3161 3816 pax
3199 3754 3396 3813 vestra;
3431 3747 3475 3800 si
3502 3762 3600 3815 quo

2007 3836 2175 3892 minus
2197 3878 2213 3902 ,
2244 3839 2312 3892 ad
2344 3855 2430 3893 vos
2455 3850 2726 3893 revertetur
2755 3838 2922 3912 (Luc.
2959 3855 2993 3893 χ
3017 3881 3033 3905 ,
3076 3837 3172 3910 6).
3203 3838 3318 3894 Non
3350 3848 3432 3894 est
3459 3839 3600 3894 tilius

2009 3929 2186 4000 pacis,
2231 3930 2393 3986 dividi
2432 3931 2614 3997 voluit,
2658 3940 2957 3988 revertetur
2994 3931 3059 3985 ad
3100 3941 3150 3986 tc
3187 3947 3290 4002 pax
3319 3940 3446 3998 tua;
3478 3932 3600 4001 quia

2008 4037 2136 4078 aves
2162 4038 2267 4077 non
2296 4023 2496 4078 divisit.
2525 4023 2716 4078 Veniet
2737 4033 2790 4078 et
2809 4024 3049 4078 caminus
3075 4041 3088 4078 :
3117 4038 3239 4079 nam
3262 4023 3504 4079 consedit
3529 4023 3601 4078 ibi

2009 4113 2279 4170 Abraham
2308 4129 2476 4184 usque
2503 4114 2569 4169 ad
2601 4129 2902 4186 vesperam,
2931 4124 2985 4170 et
3011 4115 3155 4170 venit
3179 4131 3402 4185 magnus
3425 4123 3600 4170 terror

2009 4207 2115 4265 diei
2137 4208 2340 4280 judicii.
2381 4208 2608 4279 Vespera
2640 4209 2781 4264 enim
2812 4209 2900 4263 illa
2929 4209 3050 4264 linis
3077 4217 3161 4264 est
3183 4208 3399 4276 saeculi;
3429 4216 3484 4263 et
3506 4222 3594 4262 ca-

2009 4303 2188 4358 minus
2230 4303 2353 4369 ille,
2391 4302 2612 4358 veniens
2639 4301 2753 4358 dies
2787 4302 2994 4373 judicii.
3038 4303 3227 4358 Divisit
3257 4304 3397 4360 inter
3425 4303 3600 4360 media

2009 4395 2098 4450 illa
2125 4411 2244 4466 quae
2267 4394 2437 4450 divisa
2461 4405 2635 4463 erant,
2663 4395 2824 4451 etiam
2849 4396 3091 4450 caminus
3118 4394 3268 4467 (Gen.
3296 4411 3390 4462 xv,
3413 4395 3599 4468 9-17).

2011 4487 2068 4542 Si
2095 4489 2234 4543 inter
2264 4487 2437 4542 media
2469 4488 2675 4543 transiit
2699 4487 2962 4552 caminus,
2991 4489 3093 4545 alia
3123 4489 3177 4544 in
3203 4489 3466 4557 dextram,
3495 4488 3600 4546 alia

2012 4581 2067 4635 in
2107 4580 2377 4636 sinistram
2421 4582 2705 4650 separavit.
2748 4579 2882 4636 Sunt
2909 4596 3037 4652 ergo
3066 4582 3280 4652 quidam
3310 4581 3554 4638 carnales
3581 4623 3598 4650 ,

2011 4681 2067 4730 et
2103 4681 2280 4729 tamen
2311 4675 2564 4730 Ecclesiae
2601 4675 2806 4746 gremio
2834 4676 3174 4731 continentur
3193 4717 3210 4743 ,
3239 4675 3480 4732 viventes
3510 4689 3602 4731 se-

2011 4765 2241 4822 cundum
2267 4766 2554 4838 quemdam
2581 4766 2798 4821 modum
2828 4782 3004 4834 suum,
3035 4768 3227 4839 quibus
3254 4768 3503 4823 timemus
3533 4779 3603 4822 ne

2012 4859 2338 4914 seducantur
2381 4859 2448 4914 ab
2495 4858 2766 4916 bmreticis
2810 4877 2824 4914 :
2869 4859 3122 4931 quamdiu
3171 4861 3314 4916 enim
3358 4857 3602 4914 carnales

2010 4957 2156 5018 sunt,
2185 4948 2481 5005 divisibiles
2507 4961 2650 5005 sunt.
2683 4951 2810 5005 Aves
2835 4953 3030 5022 quippe
3056 4968 3156 5006 non
3183 4951 3387 5017 divisit;
3411 4962 3602 5005 carna-

2011 5043 2092 5100 les
2125 5043 2454 5098 dividuntur.
2501 5041 2626 5098 Non
2654 5044 2795 5116 potui
2825 5045 2962 5117 loqui
2988 5045 3125 5099 vobis
3149 5045 3293 5115 quasi
3318 5041 3602 5114 spirituali~

2012 5133 2104 5190 bus
2129 5176 2146 5203 ,
2173 5135 2261 5190 sed
2287 5135 2432 5207 quasi
2458 5136 2764 5191 carnalibus.
2797 5135 2866 5190 Et
2895 5135 3163 5207 quomodo
3188 5135 3446 5206 probatur
3475 5133 3601 5205 quia

2011 5227 2254 5284 carnales
2302 5227 2650 5283 dividuntur?
2691 5227 2947 5299 Adjungit
2985 5244 3001 5282 :
3045 5245 3066 5280 ‹
3099 5226 3233 5282 Cum
3281 5225 3426 5282 enim
3470 5225 3602 5282 dicit

2011 5320 2378 5392 unusquisque
2419 5328 2689 5388 vestrum,
2732 5321 2843 5393 Ego
2885 5335 3003 5375 sum
3046 5320 3192 5375 Pauli
3217 5361 3232 5386 ,
3277 5335 3378 5391 ego
3419 5327 3600 5377 autem

2011 5411 2224 5485 Apollo,
2253 5429 2354 5486 ego
2379 5429 2508 5469 vero
2535 5412 2733 5485 Cephze
2757 5429 2773 5479 ;
2801 5429 2984 5469 nonne
3007 5414 3234 5470 carnalis
3258 5415 3410 5483 estis,
3437 5425 3492 5471 et
3515 5430 3601 5472 se-

2009 5504 2240 5560 cundum
2284 5504 2557 5560 hominem
2599 5503 2926 5559 ambulatis?
2961 5523 2982 5559 ι
3015 5504 3167 5578 Rogo
3196 5521 3292 5563 vos
3315 5548 3331 5575 ,
3361 5504 3556 5564 fratres
3575 5547 3598 5578 ,

2007 5596 2222 5661 audite,
2272 5605 2326 5652 et
2367 5595 2641 5667 proﬁcite;
2682 5596 2915 5652 excutite
2956 5611 3052 5653 vos
3091 5597 3158 5654 de
3198 5599 3318 5655 loco
3357 5599 3599 5668 carnali,

2011 5691 2216 5762 pergite
2241 5689 2294 5744 in
2321 5695 2582 5744 turturem
2612 5697 2666 5745 et
2694 5688 2995 5745 columbam
3027 5708 3040 5746 :
3069 5691 3197 5747 Aves
3222 5693 3366 5749 enim
3393 5709 3494 5748 non
3520 5691 3602 5747 di-

2009 5785 2141 5841 visit.
2182 5783 2288 5841 Sed
2315 5783 2638 5857 quicumque
2671 5782 2791 5840 talis
2820 5787 3194 5856 permanserit,
3224 5796 3279 5842 et
3306 5785 3601 5844 secundum

2016 5879 2302 5953 quemdam
2325 5879 2546 5939 modum
2572 5880 2699 5939 vitae
2723 5888 2906 5953 aptum
2933 5881 3236 5941 carnalibus
3258 5922 3274 5949 ,
3305 5886 3362 5938 et
3387 5880 3456 5937 de
3473 5891 3600 5950 gre-
