4058 6494
464 445 486 500 ί
498 447 604 501 565

462 565 569 618 mio
599 559 856 617 Ecclesia:
886 574 993 615 non
1022 554 1338 620 recesserit,
1375 561 1427 607 ct
1463 567 1567 606 non
1607 550 1762 606 fuerit
1791 549 2040 605 seductus

459 659 526 714 ab
555 656 818 713 haereticis
841 697 856 722 ,
889 662 947 709 ut
974 668 1041 709 ex
1063 649 1330 708 contraria
1360 656 1512 718 parte
1536 645 1842 710 dividatur;
1871 645 2050 699 veniet

458 739 803 817 caminus,'et
824 747 888 802 ad
910 747 1152 803 dextram
1179 744 1304 815 poni
1330 743 1446 797 sine
1465 740 1678 797 camino
1704 755 1807 793 non
1831 737 2046 809 poterit.

460 845 565 904 Sed
596 845 641 900 si
665 844 931 899 caminum
963 840 1071 910 pati
1098 853 1203 894 non
1238 837 1343 891 vult
1373 879 1385 901 ,
1417 843 1600 906 pergat
1628 835 1680 888 in
1711 843 1971 888 turturem
1999 839 2053 886 et

459 937 784 994 columbam.
827 933 926 1000 Qui
972 941 1145 1004 poteSt
1175 945 1385 1001 capere,
1421 932 1614 998 capiat.
1646 927 1701 982 Si
1737 935 1914 983 autem
1943 939 2050 980 non

458 1032 538 1087 sic
579 1031 713 1093 erit,
742 1037 795 1083 et
819 1025 1143 1095 aediﬁcaverit
1171 1040 1322 1092 super
1351 1021 1736 1093 fundamentum
1767 1021 1906 1090 ligna
1929 1060 1943 1083 ,
1976 1022 2050 1088 fe-

460 1139 604 1188 num,
634 1121 906 1192 stipulam,
940 1118 992 1174 id
1022 1127 1124 1185 est,
1157 1125 1367 1170 amores
1393 1113 1677 1169 sarculares
1708 1111 2050 1166 fundamento

459 1215 584 1271 fidei
621 1230 731 1269 suae
761 1195 1301 1283 superwdilicaverit;
1343 1216 1521 1262 tamen
1548 1206 1592 1261 si
1621 1205 1674 1260 in
1706 1204 2051 1260 fundamento

458 1309 525 1364 sit
553 1306 795 1362 Christus
816 1347 828 1368 ,
863 1315 918 1358 ut
947 1303 1174 1372 primum
1207 1300 1380 1356 locum
1411 1301 1524 1369 ipse
1545 1297 1741 1352 habeat
1766 1296 1818 1350 in
1850 1295 2010 1351 corde
2033 1335 2047 1359 ,

461 1409 514 1454 et
551 1400 598 1454 ei
638 1398 768 1454 nihil
809 1397 1029 1451 omnino
1070 1401 1458 1463 anteponatur;
1491 1398 1767 1460 portantur
1794 1396 1843 1442 et
1876 1387 2008 1442 tales
2032 1428 2048 1453 ,

458 1492 755 1547 tolerantur
779 1499 834 1545 et
864 1490 995 1543 tales
1028 1507 1042 1542 :
1071 1487 1252 1542 veniet
1276 1484 1518 1540 caminus
1541 1523 1556 1548 ,
1589 1482 1837 1538 incendet
1867 1481 2007 1552 ligna
2033 1518 2047 1544 ,

458 1582 664 1650 fenum,
693 1582 941 1651 stipulam
973 1597 986 1633 :
1017 1577 1138 1649 Ipse
1161 1587 1328 1632 autem
1352 1619 1363 1636 ,
1394 1576 1596 1645 inquit,
1624 1573 1789 1628 salvus
1840 1575 1950 1636 erit,
1979 1571 2051 1625 sic

379 1718 381 1722 -
459 1686 626 1732 tamen
643 1676 788 1748 quasi
797 1693 888 1746 per
903 1676 1070 1746 ignem
1090 1671 1132 1748 (Ι
1157 1671 1276 1726 Cor.
1297 1671 1437 1739 1,19,
1463 1670 1559 1733 1'5;
1580 1679 1626 1723 et
1644 1685 1721 1735 ιιι,
1747 1666 1908 1738 1-15).
1938 1665 2050 1720 Hoc

379 1771 382 1776 ’
457 1781 579 1839 aget
623 1770 897 1835 caminus;
945 1767 1159 1838 alios'in
1185 1764 1458 1818 sinistram
1491 1762 1795 1832 separabit,
1837 1761 1968 1815 alios
1999 1761 2050 1814 in

461 1861 704 1916 dextram
737 1856 1130 1929 quodammodo
1157 1855 1430 1926 eliquabit.
1457 1853 1582 1908 Aves
1608 1864 1778 1906 autem
1805 1870 1904 1905 non
1929 1851 2053 1905 divi-

457 1953 541 2007 sit.
587 1952 689 2007 Sed
731 1965 856 2005 aves
880 1949 1109 2004 -videant
1135 1990 1147 2013 ,
1183 1949 1224 2002 si
1255 1962 1382 2002 aves
1411 1946 1545 2000 tales
1585 1953 1708 1998 sunt
1743 1961 1861 2014 quae
1892 1958 2053 2013 super
2089 2002 2103 2013 ,

462 2051 672 2098 montes
697 2043 814 2096 illos
836 2041 1135 2096 inlrabiteut
1157 2055 1171 2104 ;
1203 2055 1306 2094 non
1328 2037 1526 2093 debent
1545 2039 1694 2107 sequi
1717 2035 2051 2090 altitudinem

461 2137 640 2192 cordis
669 2136 789 2205 sui,
826 2135 894 2189 de
923 2133 1170 2204 qualibus
1210 2132 1402 2187 dicitur
1431 2149 1444 2186 :
1476 2129 1762 2186 Posuerunt
1788 2131 1841 2183 in
1870 2129 2052 2185 caelum

461 2247 516 2284 os
539 2246 686 2284 suum
704 2227 874 2302 (Psal.
900 2245 1068 2294 Lxxn,
1093 2228 1172 2296 9).
1189 2226 1265 2281 Ne
1284 2241 1313 2280 a
1338 2225 1507 2280 ventis
1532 2224 1801 2288 tollantur,
1823 2225 1874 2278 in
1893 2240 2048 2278 mon-

461 2322 601 2378 tibus
648 2324 1000 2392 requiescant.
1047 2321 1255 2376 Habent
1291 2319 1660 2374 auctoritatem
1702 2329 2048 2385 sanctorum,

461 2415 801 2484 requiescant
827 2414 882 2468 in
909 2413 1209 2478 montibus,
1241 2412 1292 2466 in
1321 2411 1611 2483 Apostolis,
1642 2410 1694 2464 in
1723 2410 2004 2479 Prophetis
2035 2427 2048 2463 :

459 2508 567 2564 illic
610 2507 902 2562 inhabitent
943 2507 1074 2560 tales
1104 2521 1233 2560 aves
1257 2547 1272 2571 ,
1304 2505 1426 2575 quia
1468 2505 1521 2558 in
1563 2503 1836 2572 montibus
1875 2511 2051 2572 petras

459 2599 773 2667 inveniunt,
807 2600 1140 2654 ﬁrmamenta
1180 2597 1427 2668 quaedam
1459 2605 1868 2666 praeceptorum.
1903 2595 2052 2651 Sicut

460 2692 604 2748 enim
637 2707 738 2746 una
771 2691 856 2746 illa
885 2699 1058 2762 petra,
1092 2690 1334 2745 Christus
1359 2689 1590 2745 Verbum
1625 2689 1749 2754 Dei;
1780 2691 1858 2742 sic
1885 2689 2050 2742 multa

461 2787 624 2841 verba
656 2786 787 2853 Dei,
818 2787 998 2841 multm
1027 2793 1190 2853 petrae
1209 2826 1224 2852 ,
1257 2795 1312 2840 et
1341 2784 1457 2840 ista:
1485 2794 1648 2854 petra:
1677 2785 1728 2838 in
1759 2784 2046 2838 montibus.

464 2877 599 2931 Vide
626 2892 750 2932 aves
781 2877 854 2932 ibi
883 2877 1183 2932 habitantes
1213 2894 1226 2930 :
1257 2875 1427 2946 Super
1451 2876 1568 2930 illos
1593 2876 1820 2930 volatilia
1845 2873 1955 2928 caeli
1979 2875 2050 2926 in-

461 2969 778 3024 habitabant.

535 3063 586 3118 6.
618 3063 724 3119 Sed
761 3064 872 3120 noli
899 3074 1083 3133 putare
1112 3065 1234 3134 quia
1265 3065 1366 3119 ista
1402 3064 1636 3118 volatilia
1667 3064 1790 3120 cmli
1818 3063 2052 3117 auctori-

462 3164 624 3212 tatem
652 3172 799 3212 suam
829 3167 1154 3228 sequuntur;
1191 3157 1307 3212 vide
1329 3157 1454 3227 quid
1483 3157 1624 3211 dicat
1652 3157 1890 3211 Psalmus
1916 3175 1928 3210 :
1977 3154 2050 3209 De

459 3251 627 3307 medio
674 3262 931 3322 petrarum
961 3251 1150 3305 dabunt
1191 3264 1358 3306 vacem
1387 3268 1550 3305 suam.
1607 3251 1763 3305 Modo
1805 3251 1848 3304 si
1877 3250 2050 3306 diram

461 3346 634 3412 vobis,
666 3345 902 3411 Credite,
927 3345 1027 3402 hoc
1043 3348 1184 3401 enim
1207 3346 1341 3400 dixit
1363 3347 1569 3408 (liccro,
1595 3349 1698 3400 hoc
1719 3345 1854 3400 dixit
1872 3346 2045 3410 Plato,

462 3442 565 3495 hoc
593 3440 724 3495 dixit
753 3440 1110 3510 Pythagoras;
1139 3441 1258 3507 quis
1279 3448 1512 3493 vestrum
1542 3454 1644 3493 non
1668 3439 1906 3494 irridebit
1928 3440 2050 3494 me?

461 3531 572 3595 Ero
594 3533 734 3588 enim
757 3534 891 3599 avis,
915 3548 1033 3601 quae
1056 3548 1159 3584 non
1183 3531 1250 3584 de
1274 3541 1420 3599 petra
1440 3531 1624 3586 emitto
1643 3544 1826 3585 vocem
1855 3546 2046 3584 meam.

462 3624 600 3692 Quid
629 3624 759 3678 tnibl
798 3625 1162 3692 unusquisque
1199 3633 1431 3678 vestrum
1463 3624 1620 3678 debet
1659 3622 1881 3677 dicere?
1925 3623 2051 3693 quid

460 3717 622 3773 debet
656 3716 837 3772 dicere
878 3716 966 3770 ille
995 3715 1082 3786 qui
1116 3715 1192 3768 sic
1227 3715 1516 3769 instruetus
1544 3715 1664 3769 est?
1695 3714 1884 3782 Siquis
1916 3715 2051 3768 vobis

460 3807 872 3880 euangelizaverit
912 3817 1244 3877 prteterquam
1286 3805 1421 3876 quod
1459 3806 1738 3876 accepistis,
1781 3806 2051 3859 anathema

457 3903 524 3958 sit
563 3900 757 3972 (Galat.
796 3903 849 3965 l,
876 3901 954 3971 9).
992 3900 1129 3966 Quid
1165 3899 1292 3954 mihi
1328 3899 1462 3954 dicis
1503 3899 1572 3954 de
1616 3899 1855 3962 Platone,
1896 3907 1950 3954 et
1982 3897 2050 3954 tle

460 3994 740 4058 Cicerone,
785 4003 837 4048 et
862 3994 929 4048 de
956 3993 1208 4062 Virgilio?
1253 3993 1423 4047 Habes
1449 4000 1573 4048 ante
1599 4001 1651 4048 te
1681 4003 1858 4062 petras
1897 4008 2050 4046 mon-

461 4087 612 4150 tium,
642 4087 707 4141 de
735 4085 912 4140 medio
949 4093 1213 4154 petrarum
1255 4085 1383 4140 mihi
1426 4085 1492 4140 da
1540 4100 1724 4140 vocem
1761 4095 1926 4140 tuam.
1974 4084 2052 4140 De

461 4182 623 4234 medio
651 4189 905 4250 petrarum
939 4179 1129 4232 dabunt
1156 4195 1325 4232 vocem
1352 4197 1518 4233 suam.
1567 4178 1868 4232 Audiantur
1892 4179 1980 4248 qui
2021 4193 2053 4233 a

458 4283 611 4339 petra
643 4272 928 4325 audiuut‘:
961 4270 1266 4332 audiantur,
1296 4270 1416 4338 quia
1444 4279 1497 4322 et
1526 4269 1578 4323 in
1608 4270 1710 4323 illis
1746 4270 1925 4324 multis
1962 4285 2052 4338 pe-

462 4364 558 4418 tris
589 4357 737 4433 petba
757 4361 970 4416 auditur
996 4380 1008 4415 :
1045 4360 1202 4415 Petra
1227 4363 1358 4414 enim
1395 4372 1500 4414 erat
1529 4360 1756 4415 Christus
1782 4361 1822 4430 (I
1847 4359 1965 4416 Cor.
1993 4377 2048 4429 ι,

458 4456 538 4527 4).
576 4455 871 4510 Audiantur
895 4470 1024 4524 ergo
1053 4455 1298 4521 libenter,
1331 4454 1398 4509 de
1419 4455 1595 4508 medio
1621 4463 1886 4524 petrarum
1915 4454 2049 4509 dan-

464 4559 542 4603 tes
563 4561 750 4602 vocem
790 4561 963 4606 suam,
996 4544 1136 4600 Nihil
1173 4545 1386 4600 suavius
1418 4545 1509 4599 tali
1542 4559 1671 4598 voce
1697 4545 1902 4599 alitum.
1943 4544 2051 4600 llhe

459 4649 675 4705 sonant,
716 4648 770 4695 et
811 4646 975 4710 petrae
1020 4646 1322 4693 resonant:
1365 4645 1558 4692 sonant
1597 4637 1734 4701 illae,
1781 4636 2052 4706 disputant

459 4733 804 4802 spirituales;
859 4739 1110 4786 resonant
1162 4738 1344 4799 petrte,
1389 4729 1686 4784 testimonia
1728 4729 2053 4799 respondent

457 4826 772 4898 Scriptura}.
822 4826 962 4882 Ecce
1009 4825 1135 4881 inde
1184 4825 1416 4879 volatilia
1456 4824 1523 4880 de
1563 4825 1736 4879 medio
1779 4833 2050 4895 petrarum

460 4919 590 4974 dant
607 4934 793 4974 vocem
817 4935 1000 4982 suam;
1033 4918 1431 4972 habitantenitn
1461 4917 1510 4972 in
1539 4917 1826 4972 montibus.

530 5012 582 5068 7.
615 5010 765 5085 [vers.
791 5009 904 5084 £25.]
945 5009 1050 5081 lpsi
1091 5019 1302 5066 montes
1343 5019 1393 5064 et
1422 5010 1528 5062 illa:
1560 5019 1722 5078 petrae
1764 5011 1905 5066 unde
1953 5011 2048 5066 ha-

459 5103 588 5159 bent
612 5101 841 5160 vocem?
865 5101 936 5159 Ut
961 5103 1100 5158 enim
1129 5102 1361 5170 rigemur
1381 5099 1690 5168 Scriptnris,
1716 5103 2051 5170 crml'ugitnus

458 5195 524 5250 ad
561 5196 862 5266 apostolum
886 5195 1130 5249 Paulum.
1180 5193 1270 5249 Ille
1299 5193 1437 5246 unde
1466 5192 1662 5246 habet?
1704 5192 2049 5262 Confugintus

457 5287 526 5343 ad
552 5285 765 5344 Isaiam.
806 5287 972 5343 Isaias
1002 5286 1185 5340 unde?
1229 5285 1362 5338 Audi
1409 5283 1547 5338 unde
1580 5301 1592 5336 :
1639 5282 1834 5353 Riguus
1861 5295 2052 5338 montes

457 5381 522 5435 de
541 5380 886 5452 superioribus
909 5381 1033 5435 suis.
1059 5379 1214 5434 Modo
1240 5378 1283 5430 si
1306 5377 1370 5431 ad
1393 5391 1492 5431 nos
1513 5378 1717 5430 venerit
1742 5377 1901 5432 homo
1919 5392 2052 5446 gen-
2073 5438 2094 5460 .

461 5473 566 5529 tilis
614 5474 1017 5529 incircumcisus
1047 5515 1062 5538 ,
1117 5471 1415 5527 crediturus
1479 5469 1711 5534 Christo,
1773 5469 1958 5524 damus
2001 5472 2050 5524 ei

459 5564 814 5636 Baptismum,
845 5579 942 5620 nec
977 5579 1291 5620 revocamus
1316 5563 1382 5616 ad
1405 5562 1492 5615 illa
1514 5575 1675 5630 Opera
1698 5559 1872 5628 Legis.
1915 5560 1980 5614 Et
2003 5561 2048 5614 si

459 5673 557 5712 nos
593 5657 891 5726 interroget
914 5655 1132 5711 Judmus
1171 5669 1337 5725 quare
1382 5655 1452 5707 ita
1489 5651 1766 5717 faciamus,
1796 5665 2049 5705 sonamus

397 5805 404 5828 δ
457 5751 524 5806 de
543 5760 715 5819 petra,
739 5748 984 5812 dicimus,
1016 5747 1126 5802 Hoc
1152 5747 1277 5802 fecit
1305 5747 1514 5813 Petrus,
1541 5745 1643 5801 hoc
1669 5741 1793 5799 fecit
1817 5743 2044 5798 Paulus:

521 5907 539 5939 ι
575 5907 648 5960 sic
663 5903 850 5970 aliquot
883 5905 1098 5970 Μειλιἰὶ
1133 5907 1326 5970 quidam
1351 5919 1364 5955 :
1386 5902 1616 5970 Audiam,
1633 5915 1710 5968 qm
1742 5919 1772 5954 (ι
1809 5911 1944 5967 petra
1968 5918 2053 5953 an-

459 5967 612 6038 dittnl.
639 5977 696 6022 At
717 5967 849 6021 Bittis
879 5967 1168 6033 audiantur,
1191 5969 1305 6033 quia
1327 5973 1479 6021 cetra:
1500 5967 1778 6018 audiuntur.

1708 432 1764 486 s.
1797 405 2158 485 ancusrnvi
2204 427 2502 486 EPISCOPl

3603 434 3745 491 1564

2166 544 2232 598 dc
2263 544 2438 600 medio
2460 555 2728 616 petrarum
2754 546 2941 604 damus
2956 562 3142 604 vocem
3166 558 3424 605 nostram.
3453 549 3544 606 Illa
3565 562 3747 608 autem

2163 648 2331 708 petra,
2365 641 2477 710 ipse
2500 641 2686 696 Petrus
2715 656 2867 697 mons
2894 658 3132 714 magnus,
3156 643 3369 714 quando
3395 647 3581 701 orabat
3601 656 3654 702 et
3684 647 3751 703 il-

2165 731 2272 784 lum
2305 732 2474 786 visum
2507 732 2738 796 videbat,
2769 733 2837 789 de
2865 735 3230 804 superioribus
3257 736 3553 807 rigabatur.
3604 737 3747 793 Pau-

2165 822 2245 878 lus
2311 825 2582 894 apostolus
2643 825 2769 880 dicit
2817 826 3074 882 Gentibus
3126 845 3138 881 :
3191 826 3251 883 Si
3294 829 3750 900 circumcidamini,

2163 913 2394 981 Christus
2436 917 2571 972 vobis
2614 919 2743 972 nihil
2789 919 3012 990 proderit
3056 919 3248 991 (Galat.
3274 938 3328 989 v,
3354 922 3434 994 2).
3480 923 3618 979 Dicit
3645 923 3753 980 hoc

2164 1007 2382 1076 Paulus,
2413 1019 2659 1080 tanquam
2689 1027 2844 1066 mons
2874 1028 2889 1066 :
2931 1013 3055 1068 inde
3090 1029 3186 1069 nos
3215 1013 3460 1082 dicimus,
3492 1027 3752 1072 sonantes

2164 1100 2228 1154 dc
2256 1110 2426 1171 petra.
2466 1102 2623 1173 Riget
2651 1104 2905 1158 Dominus
2929 1105 3097 1174 ipsam
3122 1115 3327 1178 petram
3359 1106 3424 1162 de
3451 1109 3752 1179 superiori-

2163 1191 2261 1246 bus
2288 1193 2418 1248 suis.
2446 1192 2580 1250 Nam
2610 1209 2731 1249 cum
2762 1196 2860 1250 ista
2883 1205 3034 1266 petra
3063 1197 3238 1253 adhuc
3275 1208 3415 1255 esset
3441 1200 3500 1255 in
3526 1200 3754 1257 inﬁdeli-

2166 1294 2270 1339 tate
2295 1301 2503 1356 aspera,
2537 1287 2722 1342 volens
2750 1302 2868 1344 eam
2912 1289 3087 1360 rigare
3131 1290 3199 1346 de
3224 1293 3588 1362 superioribus
3615 1294 3727 1350 suis

2165 1390 2221 1434 ut
2244 1378 2434 1436 ﬂueret
2467 1397 2602 1452 aqua
2629 1382 2684 1436 in
2713 1383 2976 1450 convalle,
3019 1384 3270 1440 clamavit
3297 1405 3310 1439 :
3356 1387 3534 1455 Saule,
3566 1388 3749 1456 δαιιισ.ι

2163 1475 2283 1544 quid
2319 1492 2399 1529 me
2432 1478 2783 1547 persequeris?
2824 1478 2942 1534 Non
2969 1480 3017 1535 ei
3043 1479 3170 1551 legit
3191 1483 3525 1552 prophetam,
3562 1499 3669 1540 non
3701 1485 3754 1541 ei

2161 1568 2291 1638 legit
2311 1570 2538 1626 alterum
2569 1573 2865 1642 apostolum
2891 1589 2905 1639 ;
2939 1575 3116 1628 omnia
3146 1577 3287 1630 enim
3313 1577 3413 1632 ista
3435 1587 3752 1635 contemne-

2162 1676 2245 1718 ret
2270 1679 2423 1720 tnons
2445 1681 2699 1736 magnus:
2728 1668 2922 1738 rigavit
2950 1668 3098 1722 illum
3124 1668 3190 1723 de
3210 1671 3573 1738 superioribus
3603 1671 3753 1740 suis;

2162 1767 2216 1812 et
2246 1759 2421 1812 statim
2443 1760 2642 1830 rigatus
2667 1769 2721 1816 et
2743 1777 2960 1818 manare
2983 1763 3092 1832 jam
3122 1763 3306 1820 volens
3337 1782 3349 1818 :
3389 1763 3624 1832 Domine,
3653 1766 3752 1836 ait,

2159 1850 2282 1919 quid
2329 1867 2405 1904 me
2438 1852 2589 1921 jnbes
2635 1854 2802 1922 facere
2839 1852 2975 1926 (Act.
3007 1871 3082 1921 ix,
3123 1856 3177 1920 4,
3219 1853 3318 1926 6)?
3367 1857 3562 1926 Accipe
3601 1857 3754 1914 illum

2162 1954 2400 2000 montem
2429 1946 2512 2000 vel
2538 1956 2765 2016 petram,
2809 1948 2950 2004 unde
2982 1948 3154 2019 possis
3191 1949 3320 2005 dare
3346 1965 3530 2006 vocem
3562 1960 3707 2006 tuam
3733 1968 3750 2019 ;

2163 2038 2345 2106 accipe
2366 2038 2536 2107 illum,
2556 2048 2611 2094 et
2634 2040 2757 2095 vide
2778 2042 2936 2112 rigari
2957 2041 3022 2098 de
3043 2043 3426 2112 superioribus,
3452 2052 3506 2100 et
3528 2043 3756 2101 efﬂuere

2163 2127 2215 2182 in
2235 2127 2594 2185 inferioribus.
2628 2131 2765 2186 Audi
2789 2132 2888 2188 hoc
2912 2143 2965 2188 et
2994 2135 3044 2188 in
3073 2149 3180 2189 uno
3205 2134 3357 2190 loco:
3393 2135 3532 2200 Sive,
3555 2136 3751 2205 inquit,

2163 2232 2326 2274 mente
2373 2223 2674 2279 excessimus
2697 2225 2824 2291 Deo,
2863 2226 2956 2280 sivi
2994 2237 3326 2296 temperantes
3372 2245 3546 2283 sumus
3588 2228 3752 2284 vobis.

2163 2313 2322 2382 Quod
2343 2317 2434 2379 ait,
2467 2325 2629 2370 mente
2655 2319 2988 2385 excessimus;
3012 2334 3107 2374 vos
3132 2334 3325 2390 capere
3351 2337 3457 2377 non
3486 2322 3750 2392 potestis:

2163 2411 2494 2466 excessimus
2519 2412 2661 2466 enim
2687 2413 2863 2468 omnia
2890 2413 2988 2469 ista
3018 2415 3273 2482 carnalia,
3304 2429 3400 2470 vos
3426 2415 3600 2470 adhuc
3625 2429 3751 2471 ear-
3849 2419 3864 2429 “

2164 2503 2313 2558 nales
2337 2504 2484 2558 estis.
2501 2499 2504 2502 ’
2523 2504 2634 2559 Deo
2663 2518 2792 2574 ergo
2817 2514 2997 2561 mente
3021 2506 3386 2571 excessimus;
3427 2506 3644 2577 etquod
3668 2506 3752 2562 vi-

2163 2597 2351 2652 demus
2376 2614 2494 2652 cum
2527 2606 2705 2654 mente
2746 2599 3074 2666 excedimus,
3115 2599 3265 2654 effari
3293 2616 3398 2654 non
3421 2613 3706 2669 possumus
3736 2620 3751 2657 :

2164 2690 2234 2744 ibi
2262 2691 2402 2744 enim
2427 2691 2615 2744 audivit
2645 2689 2923 2757 ine/fabilia
2951 2691 3113 2756 verba,
3151 2707 3265 2762 quas
3289 2708 3389 2746 non
3417 2691 3531 2746 licet
3557 2691 3752 2746 homini

2164 2784 2301 2853 loqui
2331 2783 2397 2852 (ll
2426 2781 2544 2838 Cor.
2571 2800 2659 2847 xtl,
2689 2784 2764 2854 4).
2789 2783 2924 2851 Quid
2951 2798 3099 2852 ergo,
3123 2783 3368 2854 inquiunt
3387 2783 3461 2838 illi
3483 2783 3749 2852 carnales,

2162 2876 2236 2931 illi
2263 2877 2492 2946 lepores,
2523 2891 2622 2932 nos
2648 2890 2753 2931 non
2783 2874 3161 2946 irrigabimur?
3187 2875 3255 2930 ad
3277 2890 3375 2931 nos
3397 2874 3530 2930 nihil
3559 2891 3754 2945 perve-

2163 2970 2313 3025 niet?
2348 2971 2414 3025 Et
2444 2969 2711 3039 quomodo
2740 2970 2934 3024 emittit
2973 2970 3144 3024 fontes
3188 2969 3241 3023 in
3283 2968 3648 3024 convallibus?
3695 2976 3755 3023 et

2161 3062 2426 3133 quomodo
2459 3064 2506 3117 in
2537 3062 2710 3117 medio
2736 3063 2994 3116 montium
3020 3060 3414 3131 pertransibunt
3434 3061 3622 3132 aquae?
3666 3059 3752 3116 Ad

2161 3153 2263 3209 hoc
2291 3168 2418 3223 ergo
2443 3153 2691 3223 pertinet,
2717 3152 2837 3206 Sive
2863 3161 3194 3222 temperantes
3221 3169 3394 3207 sumus
3413 3153 3569 3206 vobis.
3597 3151 3751 3208 Unde

2161 3247 2263 3300 hoc
2283 3246 2294 3276 '
2316 3245 2340 3299 ?
2365 3261 2520 3314 quem
2551 3245 2851 3299 imitamur?
2892 3244 3142 3310 Charitas,
3173 3244 3360 3314 inquit,
3391 3242 3577 3297 Christi
3605 3259 3748 3297 com—

2161 3335 2300 3402 pellit
2327 3351 2418 3389 nos
2450 3333 2561 3405 (1d.
2593 3351 2643 3401 ν,
2680 3335 2764 3401 15,
2793 3334 2904 3407 lli).
2928 3334 3006 3389 Tu
3027 3335 3289 3404 particeps
3317 3333 3497 3399 Verbi,
3528 3334 3627 3388 etsi
3653 3334 3751 3390 ho-

2159 3430 2246 3484 die
2290 3429 2604 3500 spiritualis,
2648 3428 2761 3484 heri
2800 3430 3052 3494 carnalis,
3082 3428 3146 3482 ad
3169 3429 3413 3483 carnales
3443 3427 3751 3498 dedignaris

2161 3523 2514 3587 descendere,
2542 3540 2663 3580 cum
2695 3524 2866 3593 ipsum
2902 3523 3133 3577 Verbum
3164 3537 3289 3578 caro
3325 3522 3519 3580 factum
3547 3525 3638 3589 sit,
3691 3533 3750 3577 ut

2159 3617 2421 3672 habitaret
2449 3614 2499 3669 in
2533 3615 2681 3670 vobis
2708 3614 2884 3684 (Joan.
2913 3631 2950 3681 ι,
2977 3615 3088 3687 lit).

2231 3715 2282 3769 8.
2312 3713 2695 3770 Benedicamus
2721 3729 2846 3784 ergo
2880 3713 3182 3781 Dominum,
3216 3723 3266 3768 et
3305 3712 3582 3768 laudemus
3623 3728 3748 3768 eum

2158 3808 2247 3877 qui
2289 3809 2426 3878 rigat
2467 3816 2675 3862 montes
2714 3807 2781 3862 de
2820 3807 3183 3876 superioribus
3223 3806 3353 3862 suis.
3403 3805 3527 3860 Inde
3568 3806 3751 3861 veniet

2161 3900 2396 3970 irrigatio
2425 3902 2490 3954 ad
2522 3909 2740 3967 terram,
2772 3900 2894 3955 inde
2922 3910 2975 3954 ct
3003 3899 3224 3954 humilia
3250 3899 3586 3954 satiabuntur
3615 3917 3629 3952 :
3657 3916 3749 3956 se-

2159 3996 2337 4065 quitur
2366 3995 2531 4060 enim,
2556 3992 2633 4047 De
2665 3996 2834 4064 {ructu
2853 4009 3064 4063 operum
3086 4004 3284 4048 tuorum
3302 3993 3566 4047 satiabitur
3591 4003 3748 4047 terra.

2159 4087 2297 4155 Quid
2323 4097 2423 4152 est,
2456 4086 2534 4142 De
2556 4089 2724 4159 [ructu
2744 4103 2950 4156 Operam
2971 4087 3206 4142 tuorum?
3227 4086 3394 4142 Nemo
3417 4086 3674 4157 glorietur
3698 4088 3751 4140 in

2159 4183 2412 4250 operibus
2438 4183 2586 4247 suis;
2616 4181 2709 4237 sed
2738 4181 2829 4251 qui
2858 4181 3131 4252 gloriatur,
3164 4182 3213 4235 in
3242 4181 3464 4235 Domino
3487 4181 3754 4251 glorietur

2165 4274 2207 4342 (Ι
2231 4273 2347 4328 Cor.
2381 4290 2418 4339 ι,
2447 4272 2558 4346 51).
2601 4272 2778 4328 Gratia
2812 4282 2897 4328 tua
2919 4272 3160 4338 satiatur,
3190 4289 3308 4328 cutn
3336 4273 3559 4327 satiatur
3593 4290 3604 4323 :
3640 4287 3752 4326 non

2161 4367 2301 4421 dicat
2332 4368 2534 4422 meritis
2564 4368 2674 4422 suis
2698 4367 2872 4422 datam
2901 4366 3124 4436 gratiam
3159 4364 3339 4420 fuisse.
3377 4364 3432 4419 Si
3469 4363 3636 4434 gratia
3663 4363 3716 4417 di
3737 4391 3753 4401 -

2159 4458 2316 4522 citur,
2366 4461 2532 4530 gratis
2581 4460 2777 4514 datur:
2827 4459 2870 4513 si
2924 4458 3175 4527 operibus
3230 4457 3486 4522 redditur,
3541 4472 3756 4511 tnerces

2161 4552 2400 4608 redditur
2421 4555 2598 4624 (Rom.
2627 4569 2699 4618 tv,
2730 4554 2784 4618 4,
2811 4551 2888 4624 5).
2922 4550 3097 4607 Gratis
3125 4567 3251 4626 ergo
3270 4553 3470 4621 accipe,
3500 4551 3623 4620 quia
3650 4554 3756 4603 im-

2163 4648 2278 4714 pius
2314 4647 2639 4714 jnstiticaris.
2681 4643 2760 4697 De
2798 4648 2969 4715 [ructu
2996 4660 3200 4714 operum
3243 4653 3442 4696 tuorum
3483 4643 3758 4696 satiabitur

2161 4748 2315 4790 terra.

2231 4830 2285 4885 9.
2321 4829 2468 4902 [vers
2504 4829 2612 4901 ιιι]
2657 4826 2952 4883 Producens
2977 4833 3150 4900 fenum
3167 4829 3428 4899 jumentis,
3474 4841 3518 4882 et
3543 4829 3757 4882 herbam

2161 4926 2381 4978 servituti
2407 4925 2686 4977 hominum.
2719 4924 2914 4978 Verum
2939 4932 3040 4986 est,
3071 4922 3245 4986 video,
3275 4936 3508 4998 agnosco
3533 4930 3754 4976 creatu-

2161 5036 2271 5074 ram
2300 5037 2311 5072 :
2343 5019 2586 5088 producit
2619 5029 2756 5074 terra
2791 5018 2965 5071 fenum
2991 5015 3268 5086 jumcntis,
3308 5025 3363 5070 et
3385 5015 3604 5070 herbam
3637 5030 3756 5069 ser—

2162 5112 2312 5165 vituti
2347 5111 2637 5166 hominum.
2683 5109 2788 5165 Sed
2831 5108 2982 5162 video
3014 5118 3066 5162 et
3109 5107 3210 5162 alia
3246 5109 3484 5176 jumenta
3516 5105 3751 5170 honuni,

2160 5221 2279 5274 qua:
2315 5203 2696 5274 signiﬁctunur,
2730 5217 2851 5256 cum
2887 5201 3095 5262 dicitur,
3131 5199 3255 5253 Bovi
3277 5199 3533 5252 trituranti
3560 5214 3617 5252 os
3649 5214 3758 5251 non

2157 5296 2475 5368 infrenabis:
2511 5294 2638 5348 dicit
2672 5294 2812 5348 enim
2845 5295 3013 5363 ipsum
3041 5293 3358 5363 jutncntum,
3397 5288 3665 5360 Numquid
3690 5289 3758 5342 de

2159 5390 2312 5444 bobus
2343 5389 2553 5460 pertinet
2589 5387 2655 5440 ad
2681 5385 2887 5440 Deum?
2933 5388 3154 5456 Propter
3189 5400 3286 5440 nos
3321 5399 3447 5455 ergo
3472 5383 3754 5453 Scriptura

2161 5484 2305 5540 dicit.
2332 5481 2611 5548 Quomodo
2636 5497 2766 5551 ergo
2798 5480 3041 5550 producit
3078 5489 3215 5532 terra
3249 5478 3428 5532 fenum
3453 5476 3754 5546 jumentis?

2160 5575 2290 5641 Quia
2322 5573 2573 5627 Dominus
2597 5573 2853 5626 constituit
2880 5582 2935 5624 ut
2961 5572 3045 5642 qui
3068 5570 3399 5640 Evangelium
3421 5569 3751 5632 annantiant,

2159 5669 2223 5722 de
2254 5667 2527 5736 Evangelia
2559 5667 2745 5719 vivant.
2791 5665 2929 5719 illisit
2974 5664 3368 5733 prmdiratures,
3411 5671 3464 5716 et
3493 5662 3565 5715 ait
3604 5661 3748 5715 Illis:

2164 5759 2349 5814 Omnia
2391 5774 2504 5827 qua:
2554 5762 2616 5811 ab
2665 5757 2788 5828 ipsis
2821 5768 3149 5828 apponuntur
3191 5754 3360 5820 vobis,
3413 5757 3794 5817 manducata.

2227 5906 2237 5929 ³
2262 5902 2331 5946 sic
2355 5897 2582 5965 plerique
2604 5903 2712 5965 μίξει.
2735 5894 2915 5965 quibus
2956 5900 3142 5965 Arn-ret
3181 5897 3258 5940 Er.
3286 5875 3470 5941 lavent.
3519 5895 3573 5936 At
3598 5885 3754 5937 editto

2162 5974 2266 6015 ιον.
2289 5956 2436 6013 habet
2455 5975 2470 6014 ;
2502 5956 2640 6010 Lude
2659 5963 2704 6010 et
2825 5969 2965 6017 Quem
2986 5956 3195 6007 intitatw
