4056 6478
340 411 480 469 {665

335 532 518 603 dignus
546 537 617 584 est
645 528 779 587 cuitu
804 525 1066 598 operarius
1086 521 1309 581 mercede
1331 537 1426 585 sua
1448 518 1600 591 (Luc.
1622 532 1679 581 x,
1713 515 1744 570 7
1768 523 1815 570 et
1833 511 1910 585 8).

335 626 467 681 Cum
487 624 632 680 enim
650 622 892 687 dixisset,
918 620 1047 685 Qua:
1060 626 1381 689 apponuntur
1398 614 1555 679 vobis,
1577 610 1913 673 manducate;

333 734 406 776 ne
444 718 521 774 illi
556 717 815 782 dicerent,
867 712 1097 784 improbi
1128 711 1330 767 erimus
1362 708 1430 765 ad
1462 720 1676 763 mensas
1713 703 1916 758 alienas

332 813 495 868 cum‘
536 808 917 881 indigebimus,
945 807 1027 862 vis
1052 819 1152 862 nos
1184 806 1257 859 ita
1281 818 1403 860 esse
1428 797 1737 857 frontosos?
1777 794 1915 861 Non,

335 901 531 972 inquit,
559 916 665 956 non
682 907 767 955 est
787 898 879 954 illa
902 897 1119 971 donatio
1136 910 1346 958 eorum,
1376 891 1470 948 sed
1490 899 1664 947 vestra
1686 899 1913 943 merces.

336 993 501 1065 Cuius
526 993 603 1049 rei
624 991 877 1049 merces?
906 988 1043 1057 Quid
1071 986 1240 1043 dant?
1281 985 1408 1056 quid
1432 979 1740 1050 accipiunt?
1784 978 1921 1043 Dant

335 1086 632 1157 spiritualis
649 1125 664 1148 ,
696 1084 963 1153 accipiunt
979 1080 1246 1144 carnalia;
1274 1078 1401 1133 dant
1419 1091 1633 1142 aurum,
1654 1070 1919 1139 accipiunt

337 1180 540 1235 fenum.
572 1177 749 1232 Omnis
769 1176 902 1229 enim
922 1188 1041 1228 caro
1064 1172 1256 1241 fenum,
1278 1179 1326 1224 et
1347 1168 1551 1222 claritas
1568 1165 1732 1221 carnis
1752 1172 1804 1216 ut
1822 1162 1919 1233 ﬂos

338 1270 445 1341 feni
470 1268 624 1341 (Isai.
646 1285 737 1333 xu,
761 1267 838 1335 6).
876 1264 1064 1343 Omnia
1101 1261 1411 1331 temporalia
1438 1274 1554 1329 quae
1598 1256 1691 1311 tibi
1728 1268 1916 1325 super-

338 1362 513 1418 ﬂuunt
536 1369 590 1417 et
615 1357 935 1421 redundant,
978 1356 1155 1413 fenum
1183 1355 1543 1423 iumentorum
1575 1356 1676 1403 est.
1705 1346 1919 1413 Quare?

338 1453 473 1523 Quia
500 1452 730 1507 carnalia
755 1457 899 1506 sunt.
946 1447 1079 1503 Audi
1109 1461 1333 1517 quorum
1359 1446 1720 1514 iumentorum
1750 1440 1819 1494 sit
1843 1438 1921 1493 fe-

340 1562 491 1603 num.
525 1544 588 1602 Si
624 1537 714 1599 nos
739 1545 876 1599 vobis
909 1539 1219 1612 spiritantia,
1262 1538 1634 1603 seminavimus,
1682 1549 1921 1605 magnum

340 1647 411 1692 est
439 1636 483 1692 si
512 1634 743 1689 carnalia
760 1642 942 1693 .vestra
977 1641 1220 1686 metamus
1240 1630 1266 1684 ?
1311 1628 1427 1684 Hoc
1453 1626 1738 1698 Apostolus
1765 1624 1917 1691 dixit,

343 1728 467 1785 talis
498 1726 845 1782 annuntiator
874 1733 980 1779 tam
1008 1722 1325 1788 laboriosus,
1375 1728 1481 1774 tam
1523 1718 1766 1788 impiger,
1814 1726 1920 1770 tam

341 1819 686 1886 exercitatus,
718 1825 778 1871 ut
802 1818 972 1887 ipsum
998 1815 1177 1870 fenum
1204 1813 1427 1868 donaret
1453 1820 1631 1866 terrae.
1678 1807 1811 1880 Ego,
1836 1808 1919 1861 in-

341 1911 476 1983 quit,
502 1910 697 1965 nullius
723 1910 902 1964 horum
925 1924 1045 1962 usus
1069 1923 1200 1961 sum.
1245 1902 1489 1960 Ostendit
1509 1902 1606 1956 sibi
1634 1900 1838 1964 deberi,
1868 1906 1922 1955 et

342 2018 452 2059 non
492 2000 732 2075 accepit;
790 2014 888 2054 nec
920 1996 1295 2053 condemnavit
1332 2008 1427 2050 eos
1468 1992 1561 2063 qui
1600 1996 1923 2060 acceperunt

346 2092 486 2165 quod
513 2091 823 2148 debebatur.
865 2086 1261 2145 Condemnandi
1294 2087 1435 2141 enim
1462 2091 1613 2139 erant
1649 2082 1920 2152 exigentes

342 2183 599 2248 indebita,
623 2196 730 2237 non
753 2180 1074 2250 accipientes
1094 2174 1396 2233 mercedem
1420 2190 1568 2229 suam
1600 2192 1611 2227 :
1638 2173 1726 2229 ille
1742 2180 1920 2229 tamen

339 2282 395 2330 et
422 2276 592 2345 ipsam
645 2272 945 2330 mercedem
977 2285 1127 2326 suam
1176 2269 1411 2325 donavit.
1464 2266 1579 2321 Non
1622 2266 1742 2337 quia
1783 2266 1922 2320 alius

341 2366 439 2422 tibi
464 2365 704 2433 donavit,
733 2379 843 2421 non
871 2363 1034 2419 debes
1063 2361 1247 2426 alteri;
1277 2360 1507 2431 alioquin
1533 2374 1637 2413 non
1663 2357 1771 2413 eris
1801 2356 1922 2411 irri-

337 2469 460 2530 gata
503 2467 643 2514 terra
671 2450 789 2529 quas
829 2456 1075 2528 producit
1110 2454 1287 2510 fenum
1328 2451 1605 2522 iumentis.
1647 2449 1726 2503 De
1751 2449 1921 2521 fructu

338 2568 550 2623 operum
592 2562 811 2615 tuorum,
864 2549 1065 2619 inquit,
1102 2548 1368 2602 satiatibur
1416 2557 1549 2600 terra
1586 2561 1603 2599 :
1640 2543 1920 2614 produceus

337 2642 513 2714 fenum
534 2644 794 2715 jumeutis.
824 2642 905 2697 Tu
934 2641 1039 2697 noli
1078 2655 1199 2697 esse
1218 2639 1446 2721 sterilis,
1490 2637 1689 2708 produc
1741 2635 1919 2691 fenum

332 2736 589 2807 iumentis
618 2754 630 2792 :
671 2733 716 2789 si
740 2735 930 2789 nolunt
958 2734 1199 2804 iumenta
1225 2731 1402 2786 fenum
1431 2740 1600 2796 tuum,
1627 2744 1732 2784 non
1761 2736 1811 2782 te
1843 2738 1919 2782 ta-

336 2843 461 2884 men
508 2827 745 2884 sterilem
786 2826 1075 2882 inveniaut.
1128 2824 1341 2892 Accipis
1391 2823 1705 2892 spiritualia,
1756 2820 1920 2876 redde

336 2919 572 2974 carnalia
604 2935 618 2972 :
650 2919 826 2973 debita
848 2918 1162 2984 suntmiliti,
1191 2916 1344 2971 militi
1376 2916 1589 2980 reddis;
1622 2914 1919 2984 provincia-

336 3010 403 3066 lis
432 3010 505 3082 (α)
538 3009 735 3068 Christi
762 3025 842 3065 es.
880 3008 1003 3077 Quis
1033 3010 1213 3063 militat
1246 3009 1352 3062 suis
1373 3006 1633 3076 stipendiis
1659 2988 1921 3073 unquam?

337 3103 451 3174 quis
490 3104 686 3174 plantat
714 3104 930 3166 vineam,
972 3113 1016 3155 et
1043 3101 1104 3155 de
1131 3101 1299 3171 fructu
1328 3101 1437 3169 ejus
1478 3115 1578 3152 non
1616 3097 1757 3151 edit?
1808 3096 1922 3167 quis

339 3194 499 3265 pascit
525 3211 745 3266 gregem,
785 3204 830 3248 et
857 3194 918 3247 de
943 3176 1071 3247 lacte
1096 3194 1204 3262 ejus
1234 3208 1333 3244 non
1362 3190 1607 3261 percipit?
1646 3186 1761 3243 Non
1800 3185 1921 3242 ideo

339 3285 479 3353 dico,
507 3295 567 3341 ut
591 3288 689 3340 ista
715 3285 842 3339 ﬁant
869 3284 923 3339 in
955 3300 1061 3340 me.
1087 3283 1207 3338 Fuit
1225 3283 1436 3354 quidam
1463 3282 1617 3336 miles
1643 3281 1731 3351 qui
1757 3281 1919 3336 etiam

340 3374 648 3447 provinciali
680 3376 905 3431 donaret
929 3390 1195 3432 annonam
1220 3390 1231 3427 :
1262 3372 1353 3428 sed
1380 3382 1555 3428 tamen
1582 3371 1766 3427 reddat
1794 3370 1919 3441 pro-'-

338 3469 583 3526 vincialis
612 3484 897 3524 annonam.
925 3467 997 3526 Ut
1023 3479 1197 3523 autem
1228 3468 1350 3521 hinc
1377 3465 1551 3521 dicam
1576 3463 1751 3535 potius
1776 3483 1789 3528 ;
1830 3468 1919 3534 iu-

341 3571 516 3620 menta
548 3571 707 3617 sunt:
738 3560 858 3616 Bovi
892 3562 1144 3615 trituranti
1171 3577 1226 3616 os
1256 3578 1355 3614 non
1396 3558 1689 3632 infrenabis.
1723 3557 1922 3613 Produ-

341 3670 474 3733 cens,
520 3654 708 3727 inquit,
747 3653 1211 3724 fenumjumentis;
1254 3662 1309 3709 et
1341 3653 1488 3724 quasi
1518 3651 1618 3706 hoc
1652 3666 1923 3721 exponens

340 3742 553 3814 adiecit,
586 3740 654 3797 Et
677 3742 879 3797 herbam
900 3743 1122 3798 servituti
1144 3742 1402 3797 hominum
1431 3760 1449 3798 :
1498 3758 1566 3797 ne
1592 3757 1697 3797 non
1726 3738 1922 3796 intelli-

340 3851 493 3907 geres
522 3837 662 3906 quod
691 3834 886 3890 dietum
915 3845 1016 3901 est,
1040 3830 1333 3890 Producens
1361 3840 1529 3906 fenum
1548 3836 1811 3906 jumentis,
1841 3851 1927 3890 re-

342 3928 598 4001 petitione
646 3928 891 3997 exposuit
915 3914 1055 3997 quod
1090 3927 1360 3997 praemisit.
1406 3928 1559 3995 Quod
1602 3927 1742 3982 enim
1795 3924 1927 3981 dixit

342 4035 496 4092 supra
529 4023 718 4093 fenum,
754 4029 938 4091 postea
964 4020 1167 4075 herbam
1197 4021 1531 4085 nominavit;
1577 4020 1716 4089 Quod
1748 4031 1924 4074 autem

344 4110 546 4168 dixerat
572 4113 843 4185 jumeutis,
880 4111 984 4170 hoc
1025 4114 1246 4169 servituti
1289 4114 1548 4167 hominum
1591 4113 1741 4167 dixit.
1784 4113 1925 4183 Ergo

342 4200 601 4269 servituti,
640 4215 694 4262 et
721 4223 829 4263 non
856 4205 1109 4263 libertati.
1140 4192 1240 4263 Ubi
1272 4222 1399 4279 ergo
1426 4216 1526 4273 est,
1566 4196 1666 4260 Vos
1699 4206 1751 4259 in
1780 4204 1928 4259 liber-

343 4306 491 4352 tatem
520 4299 683 4353 vocati
702 4300 815 4354 estis
832 4299 858 4353 ?
877 4300 982 4355 Sed
999 4298 1120 4355 audi
1142 4299 1386 4355 eumdem
1407 4300 1577 4370 ipsum
1602 4316 1615 4352 :
1646 4297 1768 4355 Cum
1794 4299 1928 4354 enim

343 4388 465 4443 liber
489 4390 586 4443 sim
612 4406 674 4444 ea:
693 4391 942 4459 omnibus,
974 4393 1197 4446 omnium
1218 4408 1415 4444 servum
1440 4407 1517 4443 me
1536 4390 1653 4462 feci,
1678 4400 1729 4444 ut
1758 4389 1927 4460 plures

342 4477 687 4551 lncrifacerem
709 4478 753 4552 (Ι
773 4480 891 4537 Cor.
916 4497 987 4549 Ix,
1012 4480 1191 4561 7-19).)
1211 4482 1276 4536 Et
1296 4480 1486 4551 quibus
1506 4466 1657 4548 dixit,
1689 4480 1754 4534 In
1778 4480 1928 4534 liber-

342 4582 493 4628 tatem
518 4574 682 4628 vocati
706 4574 858 4629 estis?
899 4583 953 4629 et
980 4573 1104 4644 quid
1137 4572 1419 4643 adiunxit?
1447 4571 1669 4627 Tantum
1689 4590 1751 4626 ne
1775 4572 1925 4626 liber-

342 4672 493 4718 tatem
534 4664 589 4718 in
640 4662 952 4719 occasionem
986 4664 1152 4719 carnis
1196 4664 1345 4733 detis,
1377 4664 1464 4718 sed
1499 4681 1587 4734 per
1633 4662 1929 4716 charitutem

340 4756 519 4811 servits
536 4756 746 4810 invicem
776 4752 916 4826 (Gal.
940 4770 991 4808 v.
1026 4754 1137 4827 1'5).
1169 4742 1312 4822 Quos
1343 4755 1539 4810 liberos
1567 4753 1781 4818 fecerat,
1814 4770 1928 4808 ser-

341 4863 434 4905 vos
454 4848 619 4916 fecit;
657 4863 763 4904 non
798 4847 1125 4916 conditione,
1156 4846 1252 4903 sed
1284 4857 1458 4902 tamen
1487 4846 1684 4901 Christi
1714 4846 1926 4899 redem-

342 4943 552 5015 ptione;
595 4958 699 4998 non
734 4938 1068 5005 necessitate,
1103 4938 1197 4995 sed
1224 4940 1483 4995 charitate
1516 4960 1527 4994 :
1574 4937 1675 4992 Per
1704 4936 1928 4992 Charita-

342 5044 458 5101 tem,
512 5032 706 5107 inquit,
760 5034 936 5089 servile
982 5034 1210 5087 invicem.
1269 5031 1372 5086 Sed
1406 5030 1619 5086 Christo
1664 5031 1929 5085 servimus

342 5130 593 5196 invicem,
620 5127 726 5194 ait;
763 5143 868 5181 non
900 5125 1126 5198 populis,
1156 5142 1262 5180 non
1292 5124 1614 5191 carnalibus,
1650 5141 1751 5177 non
1785 5123 1929 5177 inlir-

342 5224 461 5277 mis.
513 5220 659 5278 Bene
700 5220 917 5276 Christo
954 5219 1143 5287 servis,
1182 5219 1225 5274 si
1261 5219 1429 5274 scrvis
1458 5217 1648 5287 quibus
1686 5215 1931 5271 Christus

345 5314 588 5370 servivit.
632 5313 819 5373 Nonne
848 5312 916 5368 de
945 5313 1039 5367 illo
1068 5311 1265 5369 dictum
1299 5316 1382 5366 est
1411 5328 1423 5363 :
1469 5306 1605 5364 Bene
1642 5308 1930 5363 servientem

345 5408 614 5481 plurimis?
640 5409 905 5480 Propheta
927 5398 1117 5479 legitur
1148 5424 1162 5461 :
1213 5405 1281 5461 de
1311 5405 1457 5461 nullo
1483 5404 1581 5459 nisi
1621 5401 1688 5457 tle
1716 5400 1959 5472 Christo,

348 5501 517 5573 accipi
545 5500 702 5557 solet.
736 5498 1027 5555 Audiamus
1048 5506 1225 5553 tamen
1250 5496 1461 5567 proprie
1481 5504 1533 5550 et
1560 5496 1610 5549 in
1641 5494 1929 5565 Evangelia

346 5608 532 5651 vocem
554 5594 714 5665 eius:
763 5593 1088 5663 Quicumque,
1133 5589 1324 5662 inquit,
1363 5590 1415 5645 in
1446 5589 1581 5644 vobis
1618 5589 1722 5643 vult
1767 5590 1931 5659 major

410 5754 429 5815 ε
453 5752 532 5815 Sic
552 5750 738 5815 aliquot
760 5758 865 5801 Mss.
888 5756 943 5801 Αι
964 5747 1045 5815 alii
1068 5760 1178 5797 cum
1342 5751 1510 5815 carent
1534 5742 1785 5806 particula,
1804 5754 1929 5815 own:

352 5813 507 5929 81(ἓᾶ
507 5802 575 5865 De
598 5802 690 5864 hoc
713 5815 907 5863 oblitine
930 5811 1042 5863 vide
1060 5816 1221 5859 Enarr.
1254 5805 1438 5857 iuPsal.
1463 5802 1548 5867 xc,
1563 5817 1713 5858 serta.
1739 5820 1774 5869 ι,
1799 5817 1851 5855 n.
1874 5802 1934 5856 10

1466 368 1866 469 ENARRATIO
1903 391 1968 449 IN
1998 366 2324 452 Pssuma
2362 395 2492 452 Clll.

3106 456 3109 459 -
3464 415 3599 475 1566

2021 530 2143 581 esse,
2172 516 2439 573 eritvester
2460 534 2649 574 servus.
2679 519 2902 576 Servum
2918 535 3099 593 meum
3118 523 3138 558 ⁸
3165 532 3220 583 te
3241 525 3385 598 fecit,
3426 528 3516 602 qui
3545 536 3596 583 te

2018 621 2117 662 suo
2146 610 2402 680 sanguine
2432 610 2658 667 liberum
2700 611 2853 679 fecit.
2888 608 3057 671 Dicite
3097 615 3202 687 hoc
3244 618 3418 685 nobis,
3469 620 3592 691 quia

2020 716 2202 756 verum
2229 702 2421 759 dicitis.
2461 704 2600 760 Audi
2640 706 2786 761 illum
2825 706 2929 763 alio
2955 708 3073 767 loco
3103 726 3117 763 :
3150 708 3263 767 Nos
3287 720 3460 781 autem
3485 728 3593 770 ser-

2020 807 2106 847 vos
2151 802 2338 849 vestros
2387 811 2478 865 per
2500 795 2677 853 Iesum
2723 796 2791 871 (ll
2814 796 2933 855 Cor.
2964 815 3038 866 tv,
3076 801 3156 874 5).
3212 801 3355 859 Bene
3393 790 3594 875 diligite

2018 896 2204 939 servos
2227 893 2454 953 vestros,
2482 886 2575 942 sed
2603 886 2657 942 in
2690 888 2916 959 Domino
2938 901 3135 949 vestro.
3175 887 3399 950 Praestet
3441 894 3595 954 nobis

2022 983 2079 1030 ut
2102 976 2238 1032 bene
2266 978 2578 1034 serviamus.
2609 979 2742 1055 Nam
2758 982 3006 1051 velimus,
3050 985 3309 1055 nolimus,
3334 989 3475 1043 servi
3500 1002 3566 1044 su

2019 1084 2178 1125 mus:
2225 1078 2281 1125 et
2321 1078 2496 1127 tamen
2523 1073 2568 1127 si
2610 1042 2850 1147 volentes
2876 1090 3079 1145 sumus,
3126 1093 3231 1133 non
3256 1079 3591 1153 necessitate.

2021 1162 2116 1219 sed
2134 1162 2393 1220 charitate
2418 1166 2699 1223 servimus.
2736 1168 3136 1237 Quodammodo
3163 1172 3309 1229 enim
3337 1174 3485 1245 quasi
3506 1189 3596 1231 su-

2020 1256 2203 1326 perbia
2244 1272 2518 1313 servorum
2547 1260 2887 1335 stomachata,
2919 1262 3211 1329 videbatur,
3248 1279 3369 1321 cum
3396 1265 3599 1335 diceret

2021 1347 2277 1403 Dominus
2300 1366 2315 1403 :
2338 1346 2453 1403 Erit
2475 1361 2630 1405 vester
2653 1368 2821 1406 servus
2848 1353 2932 1424 qui
2952 1355 3162 1409 voluerit
3180 1358 3309 1410 inter
3328 1373 3414 1413 vos
3432 1346 3596 1428 major

2023 1456 2146 1496 esse.
2160 1439 2276 1496 lam
2290 1442 2429 1496 enim
2445 1441 2537 1497 lilii
2553 1442 2797 1498 Zebedaei
2810 1444 2963 1500 sedes
2974 1446 3595 1519 altissimasquaarebant:

2024 1550 2160 1589 unus
2186 1535 2394 1590 volebat
2423 1536 2611 1592 sedere
2633 1537 2700 1592 ad
2726 1536 3022 1606 dexteram,
3052 1539 3187 1594 alter
3212 1539 3279 1595 ad
3304 1540 3595 1607 sinistram,

2024 1625 2261 1682 dicentes
2305 1643 2397 1697 per
2426 1638 2650 1683 matrem
2694 1630 2834 1699 quod
2872 1630 2971 1699 ipsi
2995 1631 3295 1700 cupiebant.
3344 1631 3598 1687 Dominus

2025 1732 2129 1773 non
2157 1718 2259 1772 illis
2290 1719 2444 1775 sedes
2469 1720 2674 1785 invidit,
2720 1720 2816 1776 sed
2852 1721 3146 1777 convallem
3176 1726 3321 1792 prius
3348 1722 3599 1792 ploratio.-

2024 1810 2105 1865 nis
2130 1811 2394 1879 ostendit,
2443 1813 2593 1883 quasi
2627 1812 2865 1879 diceret,
2896 1806 3025 1868 Illuc
3049 1814 3208 1869 vultis
3244 1813 3429 1870 venire
3450 1854 3466 1878 ,
3508 1814 3599 1869 ubi

2024 1920 2140 1957 sum
2166 1905 2297 1973 ego?
2350 1904 2525 1960 venite
2547 1922 2650 1977 qua
2680 1921 2799 1976 ego.
2835 1906 2973 1975 Quid
2999 1917 3098 1971 est,
3132 1908 3307 1963 venite
3335 1921 3436 1977 qua
3464 1906 3600 1976 ego?

2024 1996 2127 2051 Per
2160 1997 2528 2055 humilitatem.
2564 1999 2672 2070 Ego
2703 1998 2770 2054 de
2797 1999 3008 2054 sublimi
3033 1998 3305 2064 descendi,
3334 2006 3390 2053 et
3422 1996 3597 2052 humi-

2023 2089 2181 2145 liatus
2200 2090 2432 2144 ascendo
2455 2106 2469 2147 :
2505 2104 2594 2145 vos
2622 2090 2671 2144 in
2705 2100 2840 2145 terra
2868 2090 3067 2157 inveni,
3094 2088 3148 2144 et
3167 2097 3290 2144 ante
3317 2089 3478 2145 vultis
3503 2104 3593 2143 vo-

2025 2179 2136 2235 lare
2163 2195 2320 2251 quam
2363 2181 2543 2249 pasci;
2585 2180 2731 2249 prius
2767 2178 3061 2246 nutrimini,
3102 2176 3416 2245 educamini,
3468 2177 3602 2236 ferte

2024 2272 2225 2327 nidum.
2275 2271 2409 2340 Quid
2447 2271 2589 2326 enim
2620 2270 2729 2326 ait?
2770 2270 3035 2342 quomodo
3076 2258 3194 2326 illos
3232 2270 3501 2325 revocavit
3530 2254 3602 2326 ad

2025 2362 2393 2429 humilitatem,
2423 2363 2532 2433 iam
2558 2372 2855 2435 quaerentes
2878 2361 3246 2417 altitudinem?
3279 2360 3501 2417 Potestis
3526 2360 3598 2415 bi-

2024 2456 2137 2514 bere
2158 2456 2366 2512 calicem
2400 2473 2541 2527 quem
2570 2473 2658 2528 ego
2686 2455 2923 2510 bibiturus
2961 2471 3069 2508 sum
3091 2455 3116 2507 ?
3137 2454 3214 2517 ,Et
3238 2452 3334 2520 illi,
3362 2454 3520 2509 etiam
3548 2452 3601 2508 in

2026 2550 2127 2607 hoc
2161 2551 2416 2620 superbi:
2470 2548 2767 2604 Possumus.
2818 2546 3097 2615 Quomodo
3148 2547 3332 2602 Petrus
3367 2563 3381 2601 :
3419 2542 3603 2600 Tecum

2023 2662 2177 2716 usque
2205 2646 2272 2699 ad
2310 2653 2538 2699 mortem.
2568 2644 2744 2700 Fortis
2774 2644 2871 2707 vir,
2922 2642 3092 2697 donec
3119 2639 3312 2697 femina
3354 2640 3555 2696 diceret
3583 2655 3598 2694 :

2024 2735 2093 2792 Et
2122 2738 2214 2792 iste
2232 2753 2346 2790 cum
2367 2735 2471 2790 illis
2490 2746 2597 2791 erat
2619 2734 2827 2806 (Matth.
2856 2748 2996 2798 xxvr,
3023 2731 3121 2803 '55,
3135 2728 3250 2802 69).
3278 2730 3367 2786 Sic
3393 2738 3445 2785 et
3472 2728 3558 2783 isti
3583 2746 3598 2783 :

2023 2830 2323 2886 Possumus.
2363 2828 2628 2884 Potestis?
2674 2828 2972 2883 Possumus.
3017 2826 3081 2881 Et
3111 2825 3221 2892 ille,
3253 2822 3469 2880 Calicem
3492 2821 3605 2895 qui-

2025 2921 2137 2976 dem
2186 2938 2350 2976 meum
2396 2920 2587 2984 bibetis,
2637 2919 2735 2973 etsi
2773 2917 2934 2973 modo
2975 2932 3077 2971 non
3120 2914 3359 2987 potestis,
3394 2913 3601 2987 bibetis;

2024 3013 2290 3087 quomodo
2315 3013 2492 3079 Petro,
2529 3030 2547 3065 ι
2572 3011 2686 3067 Non
2720 3021 2870 3081 potes
2897 3025 2983 3065 me
3012 3008 3169 3065 modo
3197 3007 3345 3079 sequi
3370 3023 3384 3074 ;
3416 2984 3605 3077 seque-

2024 3105 2099 3160 ris
2128 3119 2213 3160 me
2236 3114 2415 3174 postea
2440 3102 2616 3176 (Joan.
2643 3120 2755 3165 xui,
2789 3101 2902 3174 56).
2935 3101 3161 3157 Calicem
3182 3099 3393 3171 quidem
3421 3114 3600 3155 meum

2025 3195 2254 3260 bibetis;
2292 3195 2479 3250 sedere
2504 3204 2678 3249 autem
2720 3192 2785 3247 ad
2814 3193 3083 3247 dexteram
3127 3206 3296 3245 meam
3327 3189 3415 3257 vel
3432 3188 3497 3242 ad
3526 3186 3600 3243 si-

2026 3291 2267 3356 nistram,
2293 3304 2395 3343 llOn
2426 3298 2508 3344 est
2529 3302 2702 3342 meum
2725 3286 2852 3341 dare
2865 3284 3046 3339 vobis»
3075 3278 3605 3355 (Matth.xx,20-27).

2024 3385 2160 3455 Quid
2187 3391 2288 3448 est,
2319 3382 2440 3437 Non
2484 3394 2555 3437 est
2601 3381 2914 3457 meum‘dare
2948 3379 3124 3435 vobis?
3164 3377 3277 3433 Non
3307 3386 3390 3432 est
3424 3389 3602 3431 meum

2026 3479 2154 3536 dare
2197 3478 2458 3549 superbis.
2512 3476 2669 3531 Modo
2703 3474 2894 3543 quibus
2928 3474 3139 3543 loquor,
3185 3469 3399 3541 superbi
3436 3467 3604 3537 estis;

2028 3572 2147 3627 ideo
2165 3570 2294 3635 dixi,
2324 3552 2372 3622 Ν
2378 3586 2441 3623 οη
2463 3579 2532 3623 est
2560 3584 2722 3622 meum
2744 3568 2864 3621 dare
2885 3565 3040 3619 vobis.
3060 3562 3165 3619 Sed
3187 3561 3320 3616 forte
3345 3558 3608 3633 dicerent,

2028 3664 2239 3725 Erimus
2281 3660 2528 3716 humiles.
2576 3660 2689 3713 Non
2737 3673 2863 3728 ergo
2900 3656 3047 3711 eritis
3087 3668 3182 3709 vos
3220 3671 3232 3706 :
3283 3667 3403 3723 ego,
3457 3646 3610 3728 vobis

2029 3722 2155 3811 dixi.
2202 3754 2319 3810 Non
2350 3754 2480 3821 dixi,
2513 3751 2626 3806 Non
2658 3722 3156 3821 dahoihumilibus:
3192 3746 3306 3809 sed,
3328 3722 3441 3799 non
3470 3722 3610 3798 dabo

2030 3846 2290 3915 superbis.
2323 3845 2420 3913 Qui
2445 3854 2621 3899 autem
2651 3857 2746 3897 rex
2775 3838 3005 3909 superbo
3034 3837 3092 3892 iit
3117 3835 3349 3903 humilis,
3379 3850 3487 3890 non
3507 3832 3610 3889 erit

2030 3941 2118 4012 qui
2140 3949 2272 3995 erat.
3414 3998 3419 4005 .

2103 4033 2189 4088 10.
2231 4032 2369 4105 Ergo
2417 4029 2793 4099 praedicatores
2838 4024 3006 4090 verbi,
3035 4034 3086 4078 et
3112 4022 3349 4094 iumenta
3379 4014 3431 4074 ei
3469 4008 3609 4105 servi

2032 4133 2172 4181 sunt.
2198 4102 2461 4179 Producat
2488 4130 2649 4181 terra,
2667 4118 2711 4173 si
2740 4118 2950 4188 irrigata
2971 4124 3073 4181 est,
3097 4113 3266 4183 fenum
3281 4106 3543 4185 iumentis,
3567 4102 3612 4161 et

2033 4216 2235 4270 herbam
2255 4213 2480 4268 servituti
2492 4213 2767 4266 hominum.
2785 4200 2903 4278 ipse
2920 4206 3151 4263 esteuim
3165 4204 3386 4269 fructus,
3412 4206 3467 4255 ut
3491 4204 3609 4269 pos—

2033 4309 2102 4362 sit
2128 4307 2240 4362 ﬁeri
2268 4304 2409 4375 quod
2436 4303 2631 4358 dictum
2665 4296 2747 4357 est
2774 4296 2826 4355 in
2850 4288 3130 4368 Evangelio
3154 4313 3168 4350 :
3196 4294 3264 4350 Ut
3288 4302 3333 4348 et
3360 4288 3461 4371 ipsi
3486 4288 3611 4343 reci-

2034 4402 2174 4472 piant
2197 4416 2282 4455 vos
2309 4399 2361 4452 in
2393 4394 2716 4451 tabernacula
2744 4403 2931 4449 (eterna
2958 4389 3105 4461 (Luc.
3136 4403 3246 4472 xvi,
3275 4383 3352 4456 9).
3383 4376 3519 4439 Vide
3546 4380 3612 4437 de

2032 4494 2155 4549 feno
2185 4491 2310 4563 quid
2354 4491 2537 4557 facias,
2565 4486 2687 4543 vide
2714 4486 2779 4541 de
2820 4500 2879 4541 re
2916 4483 3006 4539 vili
3036 4480 3161 4553 quid
3189 4471 3356 4536 emas.
3389 4472 3458 4534 Ut
3476 4473 3611 4563 reci-

2034 4586 2175 4655 piant
2204 4562 2329 4650 vos,
2376 4582 2565 4650 inquit,
2606 4580 2660 4634 in
2705 4575 3026 4632 tabernacula
3064 4570 3249 4628 (eterna
3275 4585 3295 4626 :
3324 4564 3413 4625 ubi
3454 4562 3613 4655 erunt

2034 4648 2152 4747 ipsi,
2184 4648 2433 4730 illuevvos
2452 4648 2739 4741 recipiant.
2768 4670 2941 4737 Quare
2968 4665 3105 4722 hoc?
3130 4663 3263 4733 Quia
3293 4662 3381 4747 ‘qui
3405 4648 3615 4747 suscipit

2025 4771 2223 4841 justum
2249 4770 2301 4822 in
2331 4768 2529 4821 nomine
2556 4765 2694 4833 iusti,
2728 4763 2999 4817 mercedem
3024 4761 3151 4831 justi
3179 4746 3428 4827 accipiet:
3453 4763 3501 4809 et
3525 4744 3612 4822 qui

2034 4862 2240 4930 suscipit
2266 4862 2562 4930 prophetam
2587 4857 2640 4910 in
2666 4855 2865 4910 nomine
2892 4854 3166 4924 praphette,
3197 4847 3469 4904 mercedem
3491 4860 3607 4914 pro-

2036 4954 2199 5023 pheta:
2226 4951 2436 5018 accipiet
2461 4958 2545 5004 :et
2572 4948 2657 5018 qui
2684 4945 2875 5000 dederit
2901 4945 3105 4998 calicem
3134 4954 3276 5010 aqua!
3296 4934 3497 5011 frigidm
3523 4932 3614 4991 uni

2035 5062 2097 5098 ea;
2122 5044 2198 5096 his
2227 5042 2465 5105 minimis,
2491 5049 2682 5092 tantum
2715 5034 2769 5091 in
2804 5036 3002 5089 nomine
3032 5028 3267 5101 discipuli
3286 5043 3308 5094 ,'
3330 5040 3476 5103 auten
3500 5023 3614 5079 dico

2035 5136 2190 5201 vobis,
2232 5151 2331 5187 non
2380 5132 2547 5201 perdet
2592 5128 2867 5185 mercedem
2907 5142 3045 5181 suam
3078 5122 3284 5196 (Matth.
3312 5135 3364 5184 κ,
3392 5114 3612 5185 41—42).

2037 5228 2204 5296 Quam
2232 5224 2530 5279 mercedem
2558 5238 2662 5276 non
2696 5218 2917 5291 perdet?
2941 5208 3215 5286 Recipi'eut
3239 5225 3334 5267 vos
3358 5208 3411 5265 in
3432 5207 3610 5263 taber—

2037 5316 2223 5373 uacula
2264 5325 2481 5371 aeterna.
2523 5313 2652 5381 Quis
2697 5327 2801 5366 non
2844 5305 3087 5364 festinet?
3109 5304 3199 5376 qui
3241 5314 3346 5358 non
3384 5300 3614 5358 alacrius

2035 5419 2211 5464 currat
2231 5409 2256 5463 ?
2273 5406 2332 5463 Si
2354 5415 2493 5461 terra
2518 5405 2665 5469 estis,
2694 5399 2936 5473 rigamini
2961 5398 3027 5453 de
3052 5398 3226 5452 fructu
3244 5400 3466 5467 operum
3485 5392 3614 5450 Dei:

2038 5517 2106 5556 ne
2136 5499 2345 5560 dicatis,
2375 5496 2491 5553 Non
2521 5504 2647 5551 sunt
2675 5508 2794 5549 cum
2824 5490 3015 5562 quibus
3041 5488 3333 5553 faciamus;
3362 5483 3616 5558 praediolo

2039 5598 2184 5646 tores
2211 5590 2397 5653 nostri,
2420 5586 2657 5656 iumenta
2690 5579 3007 5649 triturantia,
3048 5580 3291 5635 homines
3322 5573 3617 5634 servientes

2039 5699 2146 5738 non
2174 5680 2410 5753 indigent
2436 5676 2623 5734 nostri.
2650 5676 2840 5745 Quaere
2865 5681 3066 5743 tamen,
3094 5687 3163 5729 ne
3187 5670 3309 5743 quis
3340 5666 3576 5738 indigeat
3593 5673 3618 5721 ε

2107 5857 2899 5918 ιεωωηιιίιιωιιηαηωι.
