4058 6486
455 319 599 378 1367

446 445 748 510 postremo,
770 440 828 493 et
851 434 943 508 qui
967 446 1077 492 non
1100 430 1325 504 indiget,
1345 426 1588 487 inveniat
1611 428 1667 483 in
1691 433 1747 482 te
1769 424 1912 497 quod
1939 438 2037 481 no-

447 530 513 586 lit
542 535 557 563 ι
585 530 848 602 accipere.
886 528 1093 599 Accipit
1128 525 1270 582 enim
1306 523 1502 580 bonam
1539 519 1889 585 voluntatem,
1916 532 2038 573 cum

448 630 508 677 tu
536 622 767 693 accipias
798 636 982 692 pacem
1008 636 1021 674 :
1050 618 1149 675 etsi
1179 616 1321 673 enim
1351 630 1459 670 non
1483 612 1674 685 quaerit
1694 610 1911 697 (datum,
1941 607 2039 665 sed

449 714 674 785 requirit
720 713 945 769 fructum
972 709 1227 786 (Philipp.
1255 723 1334 777 1v,
1364 707 1476 777 I7).
1504 705 1695 772 Quiere
1740 712 1939 768 tamen,
1969 715 2040 756 ne

453 808 577 878 quis
605 807 873 877 indigeat;
900 812 957 861 et
981 803 1087 858 noli
1112 802 1291 857 dicere
1320 818 1333 854 :
1362 798 1418 855 Si
1460 797 1701 870 petierit,
1738 794 1896 850 dabo.
1929 792 2037 848 Ex-

444 910 657 972 spectas
678 916 804 971 ergo
827 907 883 954 ut
903 897 1086 968 petat?
1106 896 1194 952 Sic
1212 895 1383 966 pascis
1409 893 1602 948 bovem
1625 891 1738 957 Dei,
1762 887 2031 961 quomodo

445 1002 814 1049 transeuntem
854 990 1199 1054 mendicum?
1226 988 1306 1043 Illi
1351 985 1552 1059 petenti
1582 984 1699 1051 das,
1736 982 1856 1054 quia
1897 981 2034 1037 scri-

447 1094 598 1158 ptum
628 1094 731 1153 est,
764 1084 917 1140 Omni
957 1084 1142 1156 petenti
1181 1092 1248 1149 te,
1277 1080 1345 1136 da
1380 1082 1397 1149 (
1424 1079 1550 1134 Luc.
1573 1094 1646 1147 vt,
1668 1077 1739 1134 '50
1761 1077 1802 1149 ).
1827 1076 1903 1132 De
1930 1076 2034 1132 isto

439 1177 566 1248 quid
587 1178 844 1248 scriptum
867 1176 986 1231 est?
1006 1175 1190 1230 Beatus
1212 1173 1299 1244 qui
1318 1170 1553 1242 intelligit
1573 1186 1725 1241 super
1753 1184 1964 1241 egenum
1987 1176 2033 1222 el

439 1286 711 1342 pauperem
740 1269 760 1344 (
784 1268 929 1325 Psal.
949 1284 1035 1333 XL,
1058 1267 1094 1321 2
1113 1267 1158 1339 ).
1184 1266 1377 1335 Quaere
1404 1263 1489 1319 cui
1515 1263 1610 1319 des
1634 1280 1649 1316 :
1670 1262 1859 1318 Beatus
1888 1260 2032 1318 enim

438 1363 524 1432 qui
544 1363 779 1434 intelligit
802 1379 954 1433 super
974 1377 1183 1431 egenum
1202 1369 1250 1413 et
1270 1374 1563 1429 pauperem,
1584 1356 1672 1427 qui
1697 1362 2032 1426 praeoccupat

438 1471 627 1511 vocem
678 1455 914 1526 petituri.
960 1453 1016 1511 Si
1072 1453 1151 1508 sic
1200 1452 1339 1507 inter
1388 1466 1484 1506 vos
1541 1449 1781 1521 indigent
1831 1448 2029 1502 milites

437 1550 659 1615 Christi,
683 1559 742 1604 ut
770 1550 929 1604 etiam
959 1556 1175 1618 petant;
1202 1545 1381 1601 videte
1413 1559 1482 1600 ne
1510 1558 1606 1599 vos
1646 1541 1907 1613 judicent,
1934 1556 2030 1596 an-

435 1651 650 1713 tequam
680 1651 881 1712 petant.
932 1638 1231 1709 Quomodo,
1273 1638 1469 1709 inquis,
1511 1636 1728 1707 qutero?
1763 1634 1895 1689 Esto
1929 1649 2028 1688 cu-

435 1736 633 1797 riosus.
659 1746 775 1792 esto
796 1735 1079 1806 providus;
1108 1734 1373 1803 prOSpice,
1397 1729 1612 1785 attende
1641 1728 1781 1783 unde
1802 1728 2027 1798 quisque

435 1827 601 1893 vivat,
630 1828 768 1881 unde
794 1843 853 1881 se
883 1825 1158 1895 transigat,
1188 1822 1329 1878 unde
1357 1820 1551 1877 habeat
1574 1837 1587 1873 :
1611 1834 1717 1875 non
1742 1819 2027 1889 reprehen-

436 1918 595 1974 detur
632 1921 729 1974 ista
770 1919 1051 1973 curiositas
1084 1927 1206 1983 tua;
1238 1927 1379 1971 terra
1408 1916 1519 1970 eris
1546 1913 1828 1983 producens
1853 1913 2025 1983 fenum

426 2012 691 2081 iumentis,
719 2019 764 2065 et
795 2010 1001 2065 herbam
1024 2009 1253 2065 servituti
1282 2008 1562 2063 hominum.
1589 2006 1845 2062 Curiosus
1882 2015 2020 2076 esto,

434 2114 488 2160 et
535 2104 775 2177 intellige
813 2120 976 2176 super
1015 2118 1240 2175 egenum
1270 2111 1323 2157 et
1349 2098 1835 2171 pauperem.Alius
1867 2098 1932 2152 ad
1971 2106 2023 2155 te

429 2197 599 2265 venit,
647 2208 704 2253 ut
757 2207 933 2269 petat;
977 2197 1140 2251 alium
1189 2204 1243 2250 tu
1283 2193 1539 2264 praeveni,
1576 2208 1644 2248 ne
1679 2200 1845 2264 petat.
1874 2190 2024 2249 Sicut

429 2289 572 2346 enim
598 2290 665 2345 de
697 2290 789 2344 illo
809 2290 897 2359 qui
931 2298 982 2345 Ie
1010 2289 1201 2358 quaaril
1219 2287 1420 2343 dictum
1442 2294 1545 2351 est,
1572 2285 1725 2339 Omni
1747 2286 1931 2355 petenti
1952 2294 2015 2354 te,

428 2382 529 2447 da;
549 2382 625 2437 sic
650 2383 715 2436 de
741 2382 833 2437 illo
855 2397 1011 2453 quem
1036 2390 1089 2436 tu
1115 2380 1280 2436 debes
1301 2392 1544 2451 quaerere
1562 2377 1763 2433 dictum
1792 2386 1894 2443 est,
1920 2376 2021 2433 Su-

429 2474 521 2529 det
547 2476 886 2548 clecmosyna
916 2475 966 2529 in
1000 2488 1158 2528 manu
1186 2481 1296 2537 tua,
1324 2471 1498 2527 donec
1541 2469 1780 2525 invenias
1815 2470 2019 2539 justum

427 2567 511 2621 cui
538 2582 653 2620 eam
685 2566 883 2621 tradas.
908 2565 1041 2621 Cum
1070 2566 1211 2621 enim
1238 2562 1471 2619 dandum
1500 2564 1571 2618 sit
1593 2570 1647 2619 et
1672 2562 1787 2618 istis
1814 2576 2016 2632 paupe-

422 2659 573 2714 ribus
623 2659 1128 2730 petentibus';non
1173 2658 1316 2713 enim
1367 2658 1436 2714 ab
1478 2658 1557 2714 eis
1601 2657 1833 2715 inhibuit
1875 2658 2016 2716 Deus

425 2752 819 2825 eleemosynas,
842 2768 963 2807 cum
991 2752 1232 2808 Christus
1256 2750 1325 2806 de
1350 2751 1480 2821 ipsis
1498 2750 1661 2819 dicat,
1688 2750 1905 2817 Quando
1935 2755 2017 2823 fa-

423 2848 496 2903 cis
523 2846 747 2917 epulum,
776 2861 993 2901 convoca
1020 2860 1199 2909 careas,
1227 2844 1457 2912 claudos,
1481 2844 1689 2911 debiles,
1708 2861 1809 2899 non
1826 2843 2013 2898 haben-

424 2946 498 2993 tes
519 2939 653 2994 unde
682 2939 769 2993 tibi
797 2938 1044 3005 reddant;
1064 2936 1365 2993 retribuetur
1389 2946 1557 2991 autem
1587 2936 1676 2991 tibi
1703 2938 1757 2992 in
1781 2954 2010 2993 resurre-

422 3031 585 3085 ctione
604 3031 865 3103 juslorum
895 3028 1063 3101 (Luc.
1092 3044 1206 3096 xiv,
1238 3029 1305 3083 I5
1323 3036 1373 3082 et
1397 3027 1505 3099 14)
1531 3046 1543 3081 :
1566 3042 1695 3083 voca
1741 3038 1795 3085 et
1843 3030 2008 3099 ipsos,

421 3136 582 3191 pasce
607 3131 661 3177 et
681 3122 858 3192 ipsos;
877 3122 1117 3191 epulare,
1136 3135 1257 3175 cum
1280 3120 1356 3174 illi
1379 3120 1695 3190 epulantur;
1720 3120 2005 3191 delectare,

420 3227 543 3270 cum
576 3214 653 3269 illi
693 3214 1032 3285 saginantur;
1068 3214 1145 3269 illi
1184 3213 1327 3269 enim
1372 3227 1510 3283 pane
1552 3221 1665 3280 tuo,
1706 3222 1764 3269 tu
1802 3214 2008 3285 justitia

418 3302 537 3359 Dei.
573 3304 743 3360 Nemo
785 3305 943 3361 vobis
975 3305 1119 3361 dicat
1145 3324 1159 3361 :
1181 3305 1516 3377 Praeceptum
1544 3315 1626 3362 est
1651 3321 1682 3361 a
1707 3305 1923 3363 Christo
1950 3316 2010 3364 ut

417 3409 573 3451 servo
613 3397 707 3451 Dei
748 3397 924 3465 detur,
950 3398 1196 3454 mendico
1225 3412 1331 3452 non
1369 3397 1544 3453 detur.
1574 3397 1758 3464 Absit;
1787 3414 2006 3469 prorsus

417 3490 615 3560 impius
645 3492 744 3546 ista
772 3493 1025 3563 loquitur.
1052 3493 1127 3546 Da
1155 3492 1251 3555 illi,
1280 3491 1374 3547 sed
1405 3492 1574 3546 multo
1602 3493 1770 3564 magis
1793 3492 1887 3547 illi.
1910 3492 2005 3548 Ille

417 3583 561 3639 enim
595 3584 747 3654 petit,
780 3591 833 3639 et
860 3584 911 3639 in
934 3599 1065 3639 voce
1094 3585 1324 3656 petentis
1348 3583 1595 3655 agnoscis
1627 3583 1715 3640 cui
1752 3584 1846 3640 des
1872 3603 1885 3639 :
1912 3584 2006 3642 ille

416 3687 595 3731 autem
617 3686 815 3748 quanto
838 3676 1010 3732 minus
1030 3678 1181 3748 petit,
1200 3685 1347 3732 tanto
1371 3677 1541 3748 magis
1564 3676 1658 3733 tibi
1676 3677 2003 3748 vigilandum

414 3779 498 3827 est
541 3778 600 3826 ut
647 3786 987 3843 praeoccupes
1034 3772 1362 3843 petiturum;
1404 3783 1496 3827 aut
1538 3771 1675 3827 forte
1703 3771 1864 3828 modo
1892 3787 2001 3831 non

414 3865 728 3935 petiturum,
756 3875 810 3922 et
837 3864 1121 3935 aliquando
1162 3864 1560 3921 damnaturum.
1589 3863 1774 3935 Itaque
1802 3866 1999 3922 curiosi

416 3967 586 4013 eatote
613 3957 680 4016 ad
720 3957 839 4024 ista,
875 3956 1071 4013 fratres
1098 3958 1238 4024 mei;
1271 3956 1554 4013 invenietis
1583 3957 1871 4013 multorum
1902 3957 2001 4015 Dei

412 4062 688 4107 servorum
715 4050 1084 4121 indigentiam,
1107 4056 1310 4105 tantum
1333 4059 1391 4105 ut
1409 4048 1587 4106 velitis
1612 4048 1872 4105 invenire.
1890 4048 1999 4105 Sed

412 4145 533 4215 quia
557 4144 787 4201 delectat
814 4159 909 4199 vos
938 4145 1212 4200 excusatio
1236 4159 1341 4215 qua
1364 4143 1526 4200 vultis
1552 4142 1754 4211 dicere,
1776 4142 1995 4201 Nescie-

407 4238 632 4304 bamus;
662 4246 945 4309 propterea
971 4252 1077 4293 non
1108 4238 1383 4294 invenitis.
1460 4244 1464 4249 λ

480 4333 570 4388 ll.
594 4332 711 4402 Ipse
731 4332 988 4389 Dominus
1014 4332 1219 4388 loculos
1244 4331 1494 4400 habebat,
1517 4347 1623 4405 quo
1648 4332 1997 4389 mittebantur

406 4426 729 4493 necessaria,
753 4434 808 4481 et
831 4424 1242 4496 possidebantur
1271 4426 1475 4480 nummi
1506 4434 1725 4497 propter
1749 4441 1877 4483 usus
1903 4442 1995 4483 eo-

404 4530 524 4572 rum
550 4517 642 4588 qui
671 4532 796 4572 cum
826 4518 920 4573 illo
947 4524 1102 4571 erant
1137 4526 1192 4572 et
1231 4516 1346 4587 ejus
1370 4535 1384 4571 :
1410 4532 1515 4573 non
1543 4519 1685 4574 cnim
1715 4534 1835 4575 cum
1862 4520 1995 4576 dici-

405 4621 512 4676 tur,
549 4610 773 4666 Esurivit
821 4610 1052 4683 (Matth.
1080 4627 1156 4680 1v,
1186 4610 1252 4678 2;
1280 4620 1326 4665 et
1352 4626 1463 4679 xxr,
1495 4611 1623 4685 18),
1668 4615 1992 4686 evangelista

405 4704 682 4760 mentitur.
704 4702 889 4759 Voluit
917 4704 1125 4759 esurire
1153 4712 1367 4774 propter
1396 4711 1467 4770 te,
1495 4720 1564 4760 ne
1607 4713 1663 4760 tu
1704 4706 1907 4761 esurias
1936 4707 1991 4763 in

403 4795 518 4863 illo,
555 4797 645 4867 qui
686 4810 891 4867 pauper
928 4794 1099 4851 factus
1128 4805 1228 4861 est,
1254 4810 1374 4851 cum
1400 4795 1549 4853 dives
1575 4808 1736 4865 esset,
1764 4806 1821 4853 ut
1848 4798 1991 4856 illius

403 4898 719 4961 paupertate
761 4904 862 4946 nos
915 4889 1210 4945 ditaremur
1259 4891 1277 4963 (
1308 4888 1351 4944 II
1380 4890 1498 4945 Cor.
1526 4907 1637 4954 vin,
1667 4892 1699 4947 9
1727 4891 1768 4964 ).
1796 4892 1993 4951 Habuit

404 4983 548 5040 enim
594 4982 831 5049 loculos;
857 4991 913 5039 et
939 4982 1141 5038 dictum
1180 4992 1264 5039 est
1305 4983 1374 5040 de
1416 4984 1733 5054 quibusdam
1780 4987 1990 5043 feminis

404 5077 702 5150 religiosis,
743 5077 886 5149 quod
937 5077 1277 5133 ambulabant
1327 5091 1430 5148 qua
1484 5077 1629 5133 ibant
1670 5079 1832 5150 pedes
1874 5081 1990 5151 ejus

406 5172 856 5245 evangelizantes,
886 5181 942 5230 et
967 5173 1339 5228 ministrabant
1366 5172 1417 5227 ei
1442 5172 1510 5228 de
1537 5174 1834 5230 substantia
1869 5191 1983 5231 sua.

404 5265 757 5323 Nominantur
782 5268 888 5323 illae
915 5268 1164 5323 mulieres
1189 5267 1242 5323 in
1266 5268 1569 5339 Evangelio,
1593 5269 1682 5325 ubi
1713 5277 1827 5325 erat
1845 5286 1989 5340 quae-

405 5360 527 5417 dam
551 5362 713 5415 etiam
741 5374 876 5416 uxor
899 5360 1174 5431 cujusdam
1200 5358 1391 5415 Chuzac
1424 5362 1783 5432 procuratoris
1821 5361 1990 5419 Hero-

404 5450 487 5508 dis
507 5450 660 5521 (Luc.
683 5466 799 5518 vni,
821 5450 901 5522 '5).
926 5451 1060 5508 Vide
1080 5467 1200 5523 quae
1222 5452 1435 5508 ﬁebant.
1462 5452 1694 5508 Futurus
1719 5462 1833 5509 erat
1852 5454 1988 5511 Pau-

404 5543 489 5598 lus
518 5542 658 5597 nihil
679 5542 785 5598 tale
807 5542 1095 5614 aliquando
1117 5560 1385 5617 quierens,
1409 5554 1464 5602 et
1487 5548 1665 5602 omnia
1691 5548 1989 5619 provincia-

404 5633 545 5691 libus
571 5634 796 5690 donans.
827 5635 935 5691 Sed
978 5637 1099 5708 quia
1144 5639 1298 5695 multi
1341 5636 1539 5696 inﬁrmi
1580 5640 1681 5697 ista
1717 5642 1988 5715 quaesituri

469 5775 486 5805 ί
513 5774 587 5824 sic
607 5773 824 5825 mlieris
846 5780 973 5826 nota:
994 5781 1103 5826 Mss.
1129 5782 1185 5827 At
1202 5775 1339 5837 ΕΜ..
1368 5774 1496 5829 velit.

470 5838 493 5870 Ι
514 5838 599 5870 nhs
612 5838 661 5870 in
685 5835 778 5870 mm
813 5837 1002 5870 manu.
1042 5841 1172 5870 mlo!
1204 5849 1218 5865 ο
1239 5841 1365 5870 mind
1387 5852 1415 5870 ι
1438 5848 1496 5870 νε

514 5838 665 5891 Hicin
684 5835 797 5889 κω.
812 5837 1021 5903 additur,
1042 5841 1172 5904 patet
1197 5849 1218 5892 .'
1239 5835 1368 5903 quad
1386 5852 1418 5894 tt
1437 5848 1547 5893 uss.
1576 5840 1739 5895 abest.

1673 307 1734 367 S.
1772 303 2142 367 AUGUSTINI
2178 305 2486 369 EPISCOPI

3591 319 3734 380 i568

2146 434 2318 493 erant,
2340 427 2512 498 magis
2537 425 2868 485 inﬁrmorum
2890 438 3176 501 personam
3202 433 3437 505 suscepit
3461 431 3729 494 Christus.

2143 516 2435 575 Sublimius
2476 518 2693 587 Paulus,
2742 520 3001 592 numquid
3046 530 3102 578 et
3148 521 3391 580 Christo!
3434 524 3732 588 Sublimius

2142 609 2405 680 Christus,
2435 611 2558 683 quia
2574 611 2993 668 misericordius.
3018 611 3153 670 Cum
3178 614 3323 671 enim
3353 615 3560 674 videret
3589 618 3730 676 Pau-

2142 699 2252 757 lum
2283 702 2382 758 ista
2414 718 2521 759 non
2551 718 2671 761 esse
2699 705 3067 776 quaesiturum,
3096 707 3325 777 providit
3349 723 3416 764 ne
3449 709 3732 768 damnaret

2141 794 2506 863 quaesiturum,
2531 804 2586 852 et
2608 795 2836 867 praebuit
2860 797 3164 868 exemplum
3190 798 3437 857 inﬁrmo:
3459 804 3730 873 quomodo

2141 900 2261 943 cum
2303 888 2509 945 videret
2554 890 2751 947 multos
2794 906 2991 963 pronos
3033 902 3088 948 et
3127 894 3422 965 gaudentes
3462 897 3631 954 ituros
3660 899 3730 958 ad

2139 984 2452 1055 martyrium
2490 986 2772 1055 passionis,
2808 986 3165 1043 exsultaturos
3205 988 3257 1043 in
3300 990 3411 1060 ipsa
3457 992 3725 1061 passione,

2138 1073 2306 1131 fortes
2332 1077 2374 1145 ί,
2401 1078 2738 1133 centenarios
2779 1088 3017 1134 maturos
3054 1080 3119 1135 ad
3150 1080 3435 1147 horreum;
3467 1099 3726 1155 qnorum-

2120 1166 2260 1224 'dam
2284 1177 2457 1225 tamen
2482 1169 2831 1239 inﬁrmorum,
2858 1186 2991 1243 quos
3012 1170 3225 1228 videbat
3247 1189 3401 1245 posse
3421 1176 3728 1233 conturbari

2136 1272 2359 1318 ventura
2405 1263 2675 1333 passione,
2722 1278 2790 1320 ne
2832 1263 3125 1321 deficerent
3168 1275 3374 1334 tamen,
3413 1267 3507 1323 sed
3550 1269 3727 1339 potius

2136 1353 2465 1410 voluntatem
2512 1354 2797 1410 humanam
2831 1357 3085 1412 voluntati
3125 1356 3393 1415 Creatoris
3430 1360 3725 1432 conjunge-

2135 1456 2275 1515 rent,
2306 1448 2544 1518 ipsorum
2574 1464 2858 1520 personam
2895 1452 3064 1507 voluit
3101 1453 3371 1523 suscipere
3399 1454 3450 1507 in
3479 1454 3727 1523 passione

2134 1540 2395 1607 Christus,
2432 1542 2637 1609 dicens,
2666 1541 2848 1599 Tristis
2874 1554 2945 1599 est
2975 1546 3145 1599 anima
3169 1562 3280 1600 mea
3306 1562 3463 1615 usque
3490 1548 3558 1600 ad
3586 1564 3726 1601 mor-

2135 1641 2274 1698 tem;
2302 1642 2357 1689 et
2380 1633 2591 1701 iterum,
2618 1633 2796 1702 Pater,
2828 1636 2871 1689 si
2900 1637 3015 1706 ﬁeri
3037 1646 3217 1707 potest,
3241 1646 3460 1692 transeat
3478 1654 3511 1691 a
3536 1654 3615 1693 me
3632 1655 3722 1693 ca-

2134 1724 2209 1780 lix
2233 1727 2345 1780 iste.
2370 1726 2558 1782 Docuit
2577 1728 2702 1799 quid
2724 1737 2866 1784 esset
2891 1728 3128 1785 dicturus
3159 1729 3420 1795 infirmus,
3444 1728 3539 1786 sed
3566 1745 3727 1785 secu-

2134 1825 2218 1874 tus
2247 1818 2480 1874 ostendit
2513 1819 2637 1891 quid
2678 1819 2852 1877 facere
2880 1821 3103 1878 deberet
3136 1822 3378 1879 inﬁrmus
3405 1840 3419 1878 :
3455 1822 3725 1879 Verumta-

2131 1925 2246 1963 men
2266 1926 2365 1964 non
2392 1911 2527 1982 quod
2548 1929 2640 1983 ego
2666 1912 2800 1978 uolo,
2827 1914 2916 1968 sed
2940 1915 3077 1985 quod
3116 1924 3169 1969 tu
3206 1916 3300 1983 vis,
3324 1913 3478 1971 Pater
3505 1915 3721 1987 (Matth.

2130 2018 2275 2071 xxvi,
2299 2003 2388 2071 58,
2418 2003 2530 2077 59).
2563 2005 2839 2074 Quomodo
2866 2022 2995 2079 ergo
3023 2009 3074 2063 in
3102 2010 3351 2081 passione
3390 2011 3725 2070 inﬁrmorum

2130 2111 2414 2165 personam
2456 2100 2726 2166 sustinuit,
2760 2104 3091 2173 prmfigurata
3125 2103 3210 2157 illa
3252 2104 3306 2159 in
3344 2118 3569 2177 corpore
3597 2122 3721 2178 suo,

2128 2188 2252 2259 quia
2280 2198 2335 2244 et
2365 2189 2453 2245 illa
2478 2192 2716 2247 membra
2745 2192 2893 2262 ejus;
2923 2209 3092 2265 neque
3121 2196 3263 2250 enim
3294 2195 3486 2253 frustra
3516 2198 3724 2255 dictum

2126 2290 2230 2349 cst,
2260 2280 2621 2354 Imperfectum
2652 2301 2815 2339 meum
2853 2286 3083 2341 uiderunt
3130 2289 3265 2343 oculi
3308 2291 3399 2357 lui,
3426 2298 3474 2345 et
3508 2292 3559 2345 in
3590 2292 3721 2347 libro

2126 2382 2213 2428 tuo
2241 2390 2409 2429 omnes
2433 2375 2713 2430 scribentur
2745 2376 2763 2449 (
2795 2376 2941 2433 Psal.
2974 2393 3226 2443 cxxxvni.
3259 2379 3369 2453 l6)
3398 2399 3411 2435 :
3440 2383 3517 2438 sic
3560 2391 3614 2437 et
3659 2384 3720 2440 in

2123 2466 2313 2522 loculis
2344 2467 2598 2524 habendis
2617 2510 2633 2535 ,
2661 2476 2715 2524 et
2736 2468 2788 2524 in
2815 2470 3071 2540 exigenda
3097 2472 3325 2543 quodam
3357 2472 3515 2529 modo
3542 2489 3718 2530 anno-

2123 2573 2213 2625 na,
2237 2574 2342 2613 non
2374 2559 2624 2630 petenda,
2659 2560 2752 2615 sed
2781 2562 3063 2632 praebenda
3086 2565 3126 2630 ³,
3153 2565 3493 2637 indigentiam
3528 2582 3717 2626 susce«

2123 2654 2219 2725 pit.
2246 2653 2491 2725 Suscepit
2520 2670 2641 2710 eum
2672 2654 2979 2723 Zaccbaaus,
3008 2667 3064 2713 et
3102 2659 3296 2729 gaudet
3322 2659 3472 2733 (Luc.
3495 2677 3605 2729 xix,
3630 2659 3712 2733 6).

2120 2747 2218 2804 Cui
2248 2748 2351 2804 hoc
2376 2749 2610 2804 bonum?
2633 2750 2868 2815 Christo,
2892 2766 2957 2805 an
2985 2751 3275 2807 Zacchaco‘l
3304 2752 3470 2819 Vere,
3511 2754 3556 2809 si
3598 2769 3711 2810 non

2117 2843 2414 2911 susciperet
2455 2842 2757 2909 Zacohasus,
2791 2858 2899 2899 non
2944 2854 3061 2900 erat
3104 2845 3194 2900 ubi
3245 2854 3483 2902 maneret
3524 2847 3713 2904 mundi

2117 2931 2441 2989 fabricator?
2464 2944 2555 2991 aut
2581 2936 2627 2992 si
2651 2951 2757 2992 non
2780 2948 3025 3008 pasceret
3044 2936 3352 3004 Zacchmus,
3383 2938 3641 3010 indigeret
3661 2940 3712 2996 is

2117 3024 2209 3095 qui
2229 3024 2297 3082 de
2318 3027 2552 3098 quinque
2580 3028 2807 3097 panibus
2828 3036 2905 3084 tot
2929 3029 3093 3084 millia
3118 3030 3391 3086 hominum
3419 3031 3713 3086 saturavit?

2115 3118 2249 3175 Cum
2278 3135 2405 3191 ergo
2435 3120 2659 3191 quisque
2704 3131 2944 3177 sanctum
2993 3123 3243 3194 suscipit,
3287 3138 3392 3178 non
3437 3133 3709 3195 suscepto,

2113 3210 2213 3267 sed
2243 3211 2542 3282 susceptori
2572 3220 2876 3282 prmstatur.
2902 3211 3169 3285 Numquid
3213 3214 3265 3268 in
3307 3214 3396 3271 illa
3424 3213 3564 3271 fame
3598 3230 3709 3272 non

2112 3305 2430 3376 pascebatur
2466 3303 2657 3359 Elias?
2692 3319 2868 3361 nonne
2910 3321 3102 3362 corvus
3144 3306 3399 3363 afferebat
3436 3322 3625 3378 panem
3651 3316 3711 3365 et

2112 3411 2328 3452 carnem
2350 3438 2365 3464 ,
2393 3412 2554 3454 servo
2579 3396 2676 3453 Dei
2704 3398 2971 3456 serviente
3000 3409 3244 3457 creatura
3273 3400 3387 3475 (Ill
3412 3400 3541 3475 Reg.
3571 3416 3705 3470 xvtt,

2112 3491 2146 3548 6
2171 3492 2228 3562 )l
2256 3492 2446 3547 Missus
2477 3502 2560 3548 est
2585 3500 2763 3549 tamen
2796 3494 3096 3564 pascendus
3133 3495 3201 3550 ad
3233 3495 3480 3564 viduam;
3511 3511 3619 3552 non
3648 3505 3708 3554 ut

2110 3582 2297 3651 militi,
2328 3583 2421 3639 sed
2449 3591 2509 3638 ut
2537 3584 2847 3654 provinciali
2874 3585 3071 3656 aliquid
3100 3596 3463 3658 praestaretur.

2181 3676 2269 3733 l2.
2310 3676 2454 3749 Ergo
2478 3680 2602 3749 quia
2630 3678 2959 3747 dicebamus,
2988 3679 3198 3745 fratres,
3236 3691 3288 3737 et
3322 3681 3389 3737 de
3416 3682 3709 3754 pascendis

2107 3768 2466 3840 pauperibus;
2513 3783 2635 3825 cum
2674 3769 2931 3825 Dominus
2976 3770 3179 3827 loculos
3228 3770 3476 3841 haberet,
3525 3783 3703 3832 tamen

2106 3860 2321 3932 quando
2345 3860 2481 3917 dixit
2502 3860 2656 3917 Judte
2682 3878 2803 3917 eum
2831 3862 3107 3928 tradituro,
3138 3865 3287 3932 Quod
3312 3866 3441 3937 facis
3459 3907 3475 3933 ,
3507 3868 3590 3939 fac
3617 3884 3702 3924 ve-

2107 3953 2284 4008 lociter
2304 3971 2325 4022 ;
2352 3969 2460 4010 non
2506 3955 2867 4026 intelligentes
2894 3957 3075 4013 caeteri
3112 3958 3239 4028 quid
3279 3958 3520 4029 dixisset,
3551 3963 3699 4018 arbi-

2105 4048 2233 4103 trati
2277 4057 2401 4104 sunt
2446 4064 2568 4105 eum
2618 4048 2836 4117 dixisse,
2878 4057 2937 4103 ut
2976 4049 3176 4121 aliquid
3205 4063 3529 4123 prazpararet
3552 4054 3699 4125 quod

2104 4142 2327 4198 daretur
2354 4142 2696 4213 pauperibus.
2725 4142 2818 4198 Ille
2838 4144 2981 4199 enim
3012 4143 3217 4200 loculos
3246 4145 3496 4215 habebat,
3519 4146 3621 4203 hoc
3642 4149 3696 4207 in

2102 4235 2393 4306 Evangelio
2423 4236 2677 4305 scriptum
2722 4244 2804 4291 est
2833 4235 3031 4307 (Joan.
3062 4252 3180 4303 χιιι,
3206 4237 3371 4293 27-29
3396 4238 3440 4311 ).
3469 4240 3699 4299 Possent

2102 4324 2207 4381 hoc
2234 4325 2514 4396 suspicari,
2545 4325 2647 4380 nisi
2688 4323 2791 4380 hoc
2832 4324 3055 4382 haberet
3087 4326 3142 4382 in
3179 4329 3562 4385 consuetudine
3585 4331 3696 4387 Do-

2101 4418 2317 4474 minus?
2344 4418 2418 4473 De
2444 4417 2525 4473 his
2554 4432 2683 4488 ergo
2706 4433 2825 4488 qua:
2851 4417 3113 4474 dabantur
3136 4429 3190 4476 et
3211 4420 3264 4475 in
3287 4421 3491 4478 loculos
3510 4423 3694 4481 mitte-

2100 4511 2314 4578 bantur,
2343 4509 2568 4565 dabatur
2599 4520 2776 4567 tamen
2804 4518 2858 4566 et
2884 4510 2987 4567 illis
3014 4512 3360 4582 pauperibus,
3388 4530 3523 4588 quos
3552 4517 3693 4575 Deus

2100 4603 2280 4661 docuit
2330 4618 2437 4658 non
2484 4604 2926 4659 contemnendos.
2958 4603 3067 4660 Sed
3113 4606 3161 4661 si
3212 4606 3359 4663 illum
3402 4622 3509 4663 non
3556 4623 3693 4665 con-

2100 4696 2316 4763 temnis,
2338 4703 2536 4766 quanto
2558 4696 2727 4767 magis
2753 4696 2942 4752 bovem
2973 4711 3070 4768 per
3091 4711 3251 4769 quem
3277 4698 3552 4756 trituratur
3576 4702 3695 4760 haec

2098 4789 2262 4845 area?
2288 4797 2489 4859 quanto
2515 4790 2684 4859 magis
2711 4804 2927 4845 servum
2958 4789 3145 4844 tuum?
3171 4789 3287 4845 Non
3320 4791 3519 4863 indiget
3544 4793 3689 4863 cibo,
3726 4796 3739 4863 ξ

2096 4880 2237 4937 forte
2264 4889 2413 4937 veste
2442 4880 2662 4952 indiget.
2691 4880 2805 4936 Non
2847 4882 3048 4953 indiget
3073 4892 3243 4951 veste,
3272 4883 3409 4941 forte
3439 4894 3582 4942 tecto
3608 4887 3693 4942 in-

2097 4972 2263 5046 diget,
2294 4973 2433 5030 forte
2474 4974 2755 5029 ecclesiam
2798 4974 3037 5043 fabricat,
3069 4973 3207 5031 forte
3235 4976 3433 5048 aliquid
3462 4978 3588 5034 utile
3633 4980 3692 5037 in

2096 5068 2260 5124 domo
2280 5067 2377 5124 Dei
2398 5068 2643 5135 molitur;
2667 5076 2941 5139 exSpectat
2965 5076 3022 5123 ut
3045 5068 3311 5136 attendas,
3336 5080 3609 5153 exspectat
3630 5082 3693 5131 ut

2096 5161 2360 5234 intelligas
2409 5176 2570 5232 super
2617 5172 2859 5233 egentem
2908 5169 2963 5218 et
3013 5175 3323 5233 pauperem.
3357 5162 3437 5218 Tu
3472 5176 3686 5232 contra,

2096 5266 2242 5314 terra
2267 5257 2417 5321 dura,
2447 5256 2676 5327 lapidea,
2706 5271 2811 5311 non
2842 5256 3076 5327 irrigata,
3099 5264 3193 5311 aut
3220 5257 3415 5312 frustra
3442 5258 3687 5331 irrigata,

2096 5364 2279 5406 servas
2309 5348 2401 5404 tibi
2428 5348 2607 5405 dicere
2632 5365 2647 5403 :
2668 5347 2783 5403 Non
2816 5348 3068 5415 sciebam,
3098 5364 3205 5404 non
3226 5365 3500 5418 noveram,
3524 5367 3689 5410 neruo

2097 5442 2230 5499 mihi
2271 5441 2423 5498 dixit.
2451 5441 2617 5497 Nemo
2649 5439 2744 5496 tibi
2772 5438 2943 5495 dixit!
2971 5439 3216 5498 Christus
3246 5457 3354 5498 non
3394 5453 3569 5499 cessat
3604 5444 3691 5500 di-

2095 5551 2239 5605 cere,
2267 5535 2525 5608 propheta
2552 5549 2661 5591 non
2685 5543 2859 5591 cessat
2878 5534 3059 5592 dicere
3083 5553 3097 5590 :
3120 5534 3309 5593 Beatus
3335 5539 3424 5610 qui
3446 5539 3690 5611 intelligit

2094 5647 2247 5705 super
2273 5645 2485 5703 egenum
2510 5640 2558 5686 et
2584 5646 2880 5704 pauperem.
2906 5630 3027 5689 Non
3061 5630 3214 5689 vides
3248 5647 3427 5691 arcam
3466 5633 3687 5695 inanem

2157 5782 2178 5816 ί
2201 5779 2276 5832 sic
2295 5787 2400 5829 Mss.
2418 5778 2697 5844 Edd._vero,
2715 5778 2855 5844 forte.

2160 5838 3647 5909 Iam.rr.etplertquéuss.,nonpetendo,sedprtebeado.
