4056 6482
268 352 417 416 1369

267 466 549 547 praepositi
594 467 671 525 tui
704 482 719 526 :
747 464 900 525 vides
933 471 1083 525 certe
1103 466 1191 527 vel
1227 472 1533 543 surgentem
1575 466 1856 535 fabricam,

270 580 377 638 quo
405 565 701 620 intraturus
725 569 781 617 et
803 568 1049 617 oraturus
1072 575 1154 618 es.
1180 561 1367 618 Nonne
1392 560 1703 616 admovetur
1726 572 1858 614 ocu-

268 658 335 714 lis
359 656 510 713 tuis?
533 654 646 712 Nisi
672 654 810 711 forte
834 653 1051 725 putatis,
1081 653 1291 720 fratres,
1318 653 1441 725 quia
1467 652 1735 724 praepositi
1765 666 1860 707 ve-

268 751 363 806 stri
393 748 878 805 thesaurizantzet
904 745 1147 802 novimus
1192 745 1391 802 multos
1435 758 1541 800 non
1591 744 1856 799 thesauri-

265 862 413 916 zare,
439 853 496 903 et
522 845 591 901 ad
620 843 924 916 quotidiana
957 857 1147 914 egere,
1179 841 1249 898 de
1285 841 1478 913 quibus
1502 839 1722 896 omnino
1747 853 1856 895 non

264 937 538 1003 creditur;
567 951 701 1005 quos
738 943 793 991 et
828 949 924 991 vos
966 931 1275 989 inveniretis
1296 972 1312 997 ,
1342 931 1388 987 si
1415 930 1645 999 velletis,
1672 929 1717 985 si
1746 930 1854 987 cir-

263 1029 691 1102 cumspiceretis,
724 1028 770 1084 si
798 1027 865 1083 ad
891 1027 993 1084 hoc
1016 1024 1328 1097 vigilaretis,
1359 1031 1421 1080 ut
1444 1022 1674 1080 fructum
1699 1022 1856 1078 dare-

262 1125 349 1181 tis.
398 1123 518 1179 Dixi
564 1121 706 1194 quod
754 1120 925 1192 potui,
979 1128 1233 1191 quantum
1280 1117 1449 1188 potui.
1496 1117 1633 1173 Puto
1675 1126 1851 1173 autem

260 1214 575 1271 manifestos
612 1227 713 1268 nos
754 1225 875 1268 esse
911 1210 1084 1277 vobis,
1125 1209 1261 1265 sicut
1293 1209 1368 1264 ait
1404 1208 1708 1278 Apostolus,
1743 1222 1850 1262 non

259 1307 380 1363 ideo
412 1320 513 1361 nos
538 1305 720 1361 dicere
740 1344 756 1370 ,
783 1310 845 1359 ut
872 1303 927 1358 in
955 1316 1055 1359 nos
1080 1302 1181 1358 ista
1212 1300 1435 1357 faciatis.
1459 1300 1684 1356 Praestet
1709 1300 1849 1355 Deus

258 1410 313 1455 ut
351 1399 472 1455 haec
514 1414 621 1454 non
664 1398 857 1453 frustm
886 1395 1111 1452 dixerim
1142 1415 1155 1452 :
1182 1402 1399 1466 praestet
1432 1394 1573 1449 Deus
1601 1399 1662 1448 ut
1704 1400 1847 1448 terra

257 1493 474 1564 irrigata
501 1494 639 1557 sitis,
670 1507 777 1548 non
812 1490 1041 1562 lapidea,
1070 1490 1209 1545 sicut
1238 1489 1569 1553 Judzeorum,
1599 1487 1742 1543 unde
1768 1494 1847 1542 ta-

257 1586 405 1641 bulas
435 1585 674 1655 lapideas
712 1584 957 1654 accipere
991 1591 1334 1648 meruerunt;
1362 1581 1457 1639 sed
1489 1591 1625 1636 terra
1656 1578 1844 1635 fructi-

258 1676 387 1739 fera,
413 1686 555 1732 tcrra
575 1691 695 1747 qua:
716 1676 930 1745 irrigata
954 1674 1422 1745 reddatagricolze.
1450 1673 1531 1729 illi
1554 1674 1655 1743 ipsi
1682 1672 1843 1729 corde

256 1766 468 1838 lapideo
490 1810 505 1833 ,
532 1767 675 1838 quod
703 1766 1057 1837 signiﬁcatum
1086 1775 1168 1822 est
1194 1765 1420 1835 lapideis
1449 1765 1663 1832 tabulis,
1700 1765 1843 1821 deci-

256 1876 367 1917 mas
395 1860 615 1916 dabant.
659 1858 833 1914 Etiam
856 1858 1069 1931 gemitis
1092 1899 1107 1926 ,
1141 1866 1197 1915 et
1225 1857 1359 1914 nihil
1379 1856 1553 1913 adhuc
1579 1857 1689 1913 exit
1716 1858 1755 1912 ί.
1784 1856 1841 1914 Si

254 1952 487 2026 gemitis,
534 1950 824 2022 parturite;
855 1950 901 2006 si
929 1949 1221 2019 parturitis,
1250 1950 1438 2020 parite.
1467 1948 1642 2017 Quare
1667 1948 1838 2019 gemi-

253 2055 339 2102 tus
376 2045 550 2101 inanis
572 2044 597 2097 ?
618 2058 783 2115 quare
823 2043 1055 2115 gemitus
1081 2041 1316 2098 sterilis?
1340 2041 1555 2097 Viscera
1582 2048 1837 2112 torquen-

252 2145 360 2203 tur,
391 2153 461 2192 an
492 2153 593 2192 non
621 2144 703 2192 est
729 2136 871 2192 intus
893 2136 1034 2206 quod
1064 2134 1293 2191 edatur?
1323 2134 1518 2206 Rigans
1542 2139 1733 2187 montes
1777 2133 1841 2189 de

252 2229 592 2300 superioribus
611 2227 716 2283 suis
739 2242 759 2282 :
788 2226 853 2281 de
895 2228 1064 2299 fructu
1088 2241 1299 2295 operum
1338 2233 1542 2279 tuorum
1576 2222 1839 2279 satiabitur

252 2331 405 2378 terra.
443 2322 593 2378 Beati
623 2320 713 2391 qui
761 2320 980 2387 faciunt,
1012 2319 1153 2375 beati
1183 2318 1272 2389 qui
1314 2318 1412 2373 ista
1441 2316 1713 2374 fructuose
1736 2333 1835 2373 au-

253 2414 418 2477 diunt,
445 2414 588 2470 beati
619 2414 708 2483 qui
733 2429 838 2469 non
865 2412 1092 2468 inaniter
1119 2412 1371 2468 clamant.
1406 2410 1486 2466 De
1512 2413 1681 2482 fructu
1710 2425 1836 2481 ope-

251 2523 361 2559 rum
385 2515 591 2560 tuorum
616 2505 883 2560 satiabitur
926 2512 1100 2559 terra:
1126 2504 1410 2576 producens
1433 2503 1604 2573 fenum
1625 2503 1836 2573 jumen-

251 2601 331 2665 tis,
373 2609 423 2653 et
449 2599 653 2654 herbam
700 2598 926 2654 servituti
970 2598 1291 2652 hominum.’
1344 2595 1541 2668 Ulquid
1592 2595 1734 2651 hoc?
1768 2595 1834 2652 Ut

249 2690 429 2745 educat
476 2707 660 2761 panem
699 2690 762 2744 de
785 2699 939 2745 terra.
984 2689 1153 2758 Quem
1186 2688 1417 2760 panem?
1442 2687 1732 2744 Christum.
1759 2688 1836 2745 De

249 2798 348 2854 qua
376 2782 566 2838 terra?
596 2782 672 2839 De
697 2782 881 2849 Petro,
917 2780 986 2837 de
1012 2781 1197 2848 Paulo,
1228 2780 1296 2837 de
1323 2780 1532 2836 caeteris
1558 2779 1836 2850 dispensa-

248 2878 453 2933 toribus
482 2876 745 2932 veritatis.
780 2874 917 2931 Audi
946 2874 1067 2947 quia
1093 2874 1160 2930 de
1198 2882 1340 2930 terra
1371 2892 1385 2929 :
1412 2873 1669 2929 Habemus
1689 2914 1703 2938 ,
1754 2872 1835 2928 in-

247 2970 378 3041 quit,
432 2969 725 3024 thesaurum
748 2968 901 3023 istum
924 2967 977 3022 in
1001 2967 1137 3022 vasis
1161 2966 1419 3037 ﬁctilibus,
1466 2975 1523 3020 ut
1565 2966 1835 3021 eminentia

246 3064 307 3118 sit
330 3063 537 3117 uirtutis
572 3061 666 3116 Dei
694 3060 777 3135 (ll
807 3058 927 3117 Cor.
956 3076 1044 3127 ιν,
1069 3058 1158 3133 7).
1204 3060 1321 3130 Ipse
1345 3066 1428 3116 est
1450 3059 1601 3129 panis
1641 3058 1733 3130 qui
1769 3057 1836 3117 de

246 3154 380 3211 coelo
407 3153 685 3210 descendit
712 3152 910 3225 (Joan.
939 3167 1016 3219 vr,
1048 3152 1112 3207 41
1139 3151 1190 3224 ),
1224 3159 1283 3206 ut
1307 3166 1339 3207 e
1377 3158 1519 3207 terra
1555 3150 1831 3219 educatur,

248 3262 363 3303 cum
391 3263 491 3318 per
514 3262 788 3304 servorum
816 3260 1035 3302 suorum
1057 3259 1270 3300 carnem
1303 3243 1639 3315 praedicatur.
1663 3243 1831 3300 Terra

248 3341 429 3398 fenum
477 3340 747 3413 producit,
778 3348 839 3395 ut.
887 3354 1079 3411 panem
1136 3338 1202 3394 de
1244 3346 1389 3394 terra
1434 3336 1645 3394 educat.
1703 3336 1835 3405 Quae

250 3443 388 3491 terra
401 3432 581 3489 fenum
596 3432 882 3504 producit?
902 3431 1091 3488 Plebes
1110 3430 1231 3502 piae,
1251 3430 1431 3502 plebes
1449 3438 1665 3486 sanctae.
1681 3429 1753 3487 Ut
1767 3429 1836 3488 de

249 3542 347 3598 qua
379 3536 527 3582 terra
552 3525 705 3596 panis
732 3523 1029 3581 educatur?
1061 3522 1293 3578 Verbum
1320 3523 1416 3579 Dei
1445 3522 1511 3578 de
1540 3522 1832 3593 Apostolis,

248 3620 312 3676 de
356 3618 816 3690 dispensatoribus
870 3617 1336 3674 Sacramentorum
1392 3615 1507 3681 Dei,
1554 3613 1730 3670 adhuc
1779 3612 1833 3670 in

250 3720 395 3768 terra
420 3710 815 3768 ambulantibus
838 3749 854 3778 ,
885 3708 1059 3765 adhuc
1083 3722 1277 3782 corpus
1320 3716 1590 3765 terrenum
1618 3715 1837 3780 portan-

250 3805 411 3863 tibus.

316 3899 409 3954 l3.
440 3896 589 3971 [vers.
629 3895 744 3973 15.]
772 3894 843 3952 Et
868 3897 1038 3953 vinum
1056 3896 1277 3967 iwtiﬁcat
1303 3912 1391 3952 cor
1409 3896 1643 3952 hominis.
1664 3893 1835 3953 Nemo

248 4004 306 4048 se
326 3990 399 4047 ad
429 3990 741 4047 ebrietatem
768 3998 949 4060 paret;
978 3990 1086 4045 imo
1100 4003 1158 4045 se
1180 3988 1355 4044 omnis
1375 3987 1536 4043 homo
1564 3986 1631 4042 ad
1661 3987 1839 4043 ebrie-

250 4094 414 4141 tatem
467 4091 637 4154 paret.
686 4082 837 4139 Catia:
884 4092 999 4138 tuus
1048 4081 1301 4139 inebrians
1361 4098 1515 4154 quam
1558 4082 1835 4154 prteclarus

249 4188 317 4234 est
364 4176 554 4251 (Psai.
603 4192 755 4245 χχιι,
812 4177 915 4250 5)!
960 4176 1218 4233 Nolumus
1272 4174 1451 4232 dicere
1503 4193 1517 4229 :
1565 4174 1732 4230 Nemo
1778 4188 1838 4232 se

251 4272 497 4328 inebriet.
526 4270 884 4338 Inebriamini,
912 4270 1006 4328 sed
1030 4270 1207 4326 videte
1225 4269 1391 4326 unde.
1414 4269 1471 4326 Si
1493 4283 1588 4326 vos
1610 4268 1838 4325 inebriat

251 4365 383 4420 calix
416 4363 630 4419 Domini
666 4364 953 4434 praeclarus
974 4406 989 4431 ,
1022 4363 1288 4420 videbitur
1313 4363 1415 4420 ista
1466 4362 1753 4419 inebrietas
1782 4360 1836 4418 in

249 4458 504 4530 operibus
530 4457 723 4513 vestris
747 4497 763 4525 ,
790 4456 1058 4513 videbitur
1090 4457 1144 4513 in
1173 4465 1358 4515 sancto
1383 4470 1566 4513 amore
1593 4454 1834 4527 iustitiae,

250 4549 519 4606 videbitur
540 4562 814 4622 postremo
839 4550 893 4606 in
924 4551 1245 4608 alienatione
1264 4553 1462 4608 mentis
1490 4558 1710 4619 vestrae,
1736 4546 1833 4605 sed

249 4656 276 4695 a
305 4641 536 4697 terrenis
566 4641 620 4697 in
649 4641 864 4698 cmlum.
896 4640 964 4699 Ut
986 4643 1229 4699 exhilaret
1258 4644 1441 4717 faciem
1483 4645 1592 4714 ejus
1614 4643 1666 4697 in
1691 4641 1823 4697 oleo.

250 4730 424 4788 Video
450 4748 570 4804 quae
610 4741 751 4789 terra
774 4743 1029 4805 quantum
1061 4733 1291 4791 fructum
1327 4735 1538 4803 educat,
1569 4736 1614 4792 si
1640 4733 1841 4806 produ-

250 4832 336 4878 cat
356 4822 543 4879 fenum
560 4823 834 4895 jumentis.
856 4823 971 4880 Non
993 4825 1081 4880 isti
1096 4825 1235 4881 servi
1261 4825 1503 4883 vendunt
1519 4828 1663 4898 quod
1678 4828 1836 4897 dant;

252 4930 361 4971 non
402 4915 550 4971 enim
596 4915 903 4972 venditores
948 4917 1221 4988 Evangelii
1262 4927 1387 4973 sunt
1428 4937 1443 4974 :
1485 4920 1646 4989 gratis
1688 4921 1837 4990 dant,

252 5007 373 5077 quia
421 5008 585 5079 gratis
613 5017 952 5079 acceperunt.
1004 5008 1249 5066 Gaudent
1285 5009 1441 5067 bonis
1470 5012 1720 5081 operibus
1746 5029 1842 5071 ve-

251 5098 409 5167 stris;
435 5098 537 5154 hoc
556 5100 697 5156 enim
723 5100 874 5156 vobis
900 5100 1155 5172 prodest:
1183 5116 1289 5158 non
1316 5104 1457 5159 enim
1477 5113 1719 5174 quaerunt
1742 5106 1839 5163 da-

250 5201 365 5247 tum
389 5234 405 5259 ,
439 5191 533 5248 sed
563 5193 839 5265 requirunt
864 5192 1113 5250 fructum.
1139 5195 1276 5264 Quid
1305 5204 1388 5252 est
1425 5195 1741 5254 exhilaratio
1765 5197 1843 5255 fa-

248 5288 352 5343 ciei
382 5288 437 5343 in
465 5289 627 5345 oleo?
668 5288 847 5346 Gratia
876 5289 1004 5358 Dei,
1036 5291 1177 5345 nitor
1197 5290 1408 5361 quidam
1453 5291 1505 5347 in
1536 5292 1845 5350 manifesta-

251 5382 456 5437 tiouem
482 5398 497 5447 ;
521 5382 658 5438 sicut
691 5381 819 5437 dicit
842 5382 1127 5452 Apostolus
1154 5401 1167 5437 :
1194 5382 1474 5455 Unicuique
1493 5392 1661 5439 autem
1688 5384 1842 5441 datur

250 5476 486 5549 Spiritus
528 5477 597 5542 ad
649 5478 1105 5549 manifestationem
1146 5476 1202 5548 (Ι
1226 5476 1342 5533 Cor.
1376 5494 1470 5545 xu,
1520 5478 1610 5551 7).
1660 5479 1843 5536 Gratia

250 5570 504 5641 quasdam
549 5585 668 5641 quae
714 5578 797 5626 est
835 5569 1112 5626 hominum
1155 5568 1222 5625 ad
1269 5570 1515 5627 homines
1543 5573 1840 5644 perspicua,

250 5662 324 5720 ad
348 5663 741 5721 conciliandum
761 5672 1000 5720 sanctum
1030 5677 1289 5730 amorem,
1320 5663 1498 5721 oleum
1540 5665 1752 5735 dicitur,
1788 5667 1847 5725 in

321 5778 341 5810 ¹
368 5785 471 5828 Am.
495 5783 568 5828 Er.
596 5784 650 5829 et
663 5784 790 5832 Mss;
817 5776 973 5829 Etiam
993 5775 1181 5837 gemite,
1204 5780 1250 5837 et
1273 5774 1394 5828 nihil
1414 5775 1508 5837 huc
1530 5782 1689 5830 exeat.

324 5840 349 5872 '
371 5842 447 5891 sic
467 5841 697 5905 praecipui
720 5849 826 5893 Mss.
850 5836 1055 5891 Αιεᾱᾶ.;
1088 5836 1264 5903 utquid
1286 5836 1651 5905 uocantum
1673 5838 1766 5895 hoc
1786 5839 1817 5899 τ

1402 345 1804 410 ENARRATIO
1837 343 1909 408 IN
1941 346 2262 421 PSALMUM
2298 360 2437 422 CIII.

3392 371 3540 436 £370

1964 471 2140 533 nitore
2168 476 2384 545 divino;
2415 482 2470 534 et
2494 475 2745 551 quoniam
2772 477 3217 543 excellentissima
3236 484 3294 544 in
3320 487 3541 551 Christo

1962 567 2225 637 apparuit,
2260 575 2403 624 totus
2439 568 2583 625 orbis
2618 584 2741 626 eum
2780 570 2985 643 diligit:
3016 574 3108 645 qui
3151 590 3274 632 cum
3299 592 3544 640 contem-

1960 670 2082 732 ptus
2108 661 2195 718 hic
2222 671 2383 730 esset,
2432 662 2686 720 adoratur
2708 663 2870 720 modo
2896 666 2965 722 ab
3003 669 3147 727 omni
3173 681 3331 741 gente
3359 691 3373 728 :
3403 674 3546 742 Quo-

1968 754 2096 810 niam
2124 755 2284 825 ipsius
2321 763 2394 810 est
2430 773 2659 828 regnum,
2686 767 2735 812 et
2774 758 2886 830 ipse
2934 760 3277 820 dominabitur
3318 770 3543 839 gentium

1963 846 2138 920 (Psal.
2170 864 2284 914 xxi,
2314 848 2440 920 29).
2472 850 2640 906 Tanta
2665 860 2748 908 est
2772 854 2912 910 enim
2937 854 3054 927 ejus
3074 859 3266 927 gratia,
3293 870 3352 917 ut
3382 863 3536 921 multi

1958 938 2045 1008 qui
2076 939 2131 994 in
2156 954 2278 995 eum
2303 956 2409 997 non
2453 940 2696 1010 credunt,
2737 943 2953 1001 laudent
2981 962 3104 1003 eum
3124 991 3139 1017 ,
3167 959 3223 1006 et
3250 964 3536 1024 pmpterea

1956 1030 2141 1088 dicant
2161 1034 2302 1089 nolle
2330 1048 2391 1090 se
2417 1034 2469 1089 in
2497 1051 2617 1090 eum
2648 1037 2889 1106 credere,
2913 1039 3032 1109 quia
3051 1056 3210 1098 nemo
3230 1054 3407 1115 potest
3434 1048 3536 1102 im-

1955 1123 2102 1195 plere
2125 1124 2267 1196 quod
2288 1124 2458 1195 jubet.
2483 1126 2773 1184 Laudando
2790 1128 3168 1201 impediuntur,
3200 1139 3287 1205 qui
3307 1137 3360 1193 in
3387 1138 3537 1195 illum

1953 1217 2304 1289 vituperando
2346 1220 2654 1277 saeviebant.
2700 1223 2921 1279 Amatur
2960 1233 3136 1282 tamen
3163 1228 3232 1284 ab
3259 1232 3528 1298 omnibus,

1952 1308 2270 1379 praedicatur
2289 1312 2356 1366 ab
2375 1311 2623 1369 omnibus
2643 1329 2657 1379 ;
2680 1312 2803 1384 quia
2825 1315 3150 1373 excellenter
3175 1329 3387 1385 unctus.
3414 1322 3534 1379 ideo

1950 1398 2213 1457 Christus.
2247 1402 2491 1458 Christus
2532 1402 2673 1458 enim
2701 1414 2891 1462 unctus
2916 1447 2929 1467 .
2962 1421 2993 1462 a
3039 1407 3325 1467 chrismate
3363 1412 3535 1470 dictus

1950 1490 2211 1550 Christus.
2239 1493 2455 1551 Messias
2472 1494 2738 1564 hebraice,
2761 1512 2935 1568 graece
2951 1497 3211 1569 Christus,
3239 1501 3401 1559 latine
3424 1504 3536 1560 Un-

1948 1591 2067 1640 ctus
2093 1601 2106 1638 :
2131 1585 2226 1641 sed
2252 1601 2447 1657 corpus
2477 1602 2629 1644 suum
2655 1596 2823 1644 totum
2846 1592 3147 1661 perunguit.
3168 1591 3369 1649 Omnes
3396 1610 3525 1666 ergo

1947 1678 2225 1736 venientes
2248 1680 2515 1752 accipiunt
2534 1681 2793 1753 gratiam,
2822 1690 2881 1738 ut
2917 1683 3246 1741 exhilaretur
3283 1686 3446 1744 facies
3477 1688 3533 1746 in

1948 1772 2091 1828 oleo.

2019 1865 2107 1921 Η.
2140 1864 2211 1921 Et
2241 1868 2390 1940 panis
2427 1884 2516 1923 cor
2562 1869 2779 1924 hominis
2804 1870 3091 1940 conﬁrmat.
3123 1870 3261 1940 Quid
3288 1879 3370 1928 est
3390 1872 3527 1943 hoc,

1944 1957 2134 2014 fratres
2149 1958 2342 2027 ?Quasi
2356 1961 2527 2032 coegit
2546 1962 2764 2033 intelligi
2783 1961 2850 2017 de
2862 1976 2967 2033 quo
2983 1977 3118 2033 pane
3132 1962 3353 2019 diceret.
3372 1964 3533 2021 Panis

1944 2051 2087 2106 enim
2130 2053 2230 2109 iste
2282 2053 2504 2108 visibilis
2560 2055 2892 2109 stomachum
2934 2054 3247 2122 conﬁrmat,
3286 2065 3531 2113 ventrem

1944 2144 2225 2202 conﬁrmat
2257 2164 2269 2201 :
2300 2154 2381 2202 est
2409 2147 2544 2202 alius
2573 2146 2723 2217 panis
2768 2147 2857 2217 qui
2896 2161 2992 2203 cor
3037 2148 3355 2217 confirmat,
3408 2150 3532 2220 quia

1941 2240 2096 2311 panis
2140 2246 2223 2296 est
2244 2238 2438 2294 cordis.
2474 2237 2591 2293 1am
2618 2238 2761 2293 enim
2783 2237 2986 2293 dixerat
3006 2237 3073 2293 de
3098 2252 3234 2308 pane
3259 2240 3527 2309 superius,

1945 2330 2016 2389 Ut
2040 2332 2219 2386 educat
2239 2347 2419 2403 panem
2439 2330 2502 2385 de
2523 2340 2657 2385 terra
2676 2370 2692 2397 ,
2720 2329 2813 2385 sed
2841 2344 2946 2383 non
2968 2329 3171 2385 dixerat
3188 2330 3357 2400 qualis
3375 2332 3529 2403 panis

1939 2425 2010 2481 sit
2031 2424 2138 2480 ille.
2160 2422 2230 2478 Et
2259 2422 2666 2491 vinumleeti/icat
2684 2438 2770 2476 cor
2793 2420 3028 2476 hominis.
3054 2419 3274 2476 Videtur
3301 2420 3411 2491 jam
3441 2421 3527 2476 di-

1939 2531 2064 2574 cere
2097 2516 2164 2573 de
2192 2515 2450 2587 spirituali
2473 2514 2634 2579 vino;
2662 2528 2784 2568 nam
2822 2512 2873 2567 id
2904 2511 3133 2568 laetiﬁcat
3152 2526 3247 2568 cor
3274 2511 3530 2569 hominis.

1940 2610 2046 2669 Sed
2058 2610 2233 2666 adhuc
2253 2616 2466 2681 putetur
2479 2608 2547 2664 de
2565 2607 2690 2664 vino
2704 2607 2805 2663 isto
2818 2605 2944 2675 dici,
2963 2606 3084 2676 quia
3098 2604 3228 2662 ebrii
3251 2604 3401 2676 quasi
3421 2604 3532 2662 laeti

1940 2702 2103 2759 corde
2114 2700 2358 2757 videntur
2372 2714 2650 2771 apparere.
2668 2699 2879 2755 Utinam
2898 2698 3161 2763 laetentur,
3176 2703 3231 2752 et
3243 2711 3347 2753 non
3360 2696 3531 2752 rixen-

1939 2806 2047 2855 tur.
2078 2796 2222 2852 Dicis
2246 2794 2377 2851 mihi
2410 2792 2579 2862 :Quid
2600 2792 2773 2848 laetius
2792 2789 2987 2871 ebrio?
3017 2789 3128 2845 lmo
3153 2789 3279 2861 quid
3294 2790 3531 2848 insanius

1942 2887 2131 2946 ebrio?
2164 2887 2289 2959 quid
2325 2887 2640 2957 plerumque
2666 2884 3013 2940 iracundius?
3057 2884 3153 2940 Est
3193 2898 3322 2955 ergo
3346 2884 3524 2940 vinum

1942 2982 2085 3057 quod
2109 2997 2236 3039 vere
2264 2980 2498 3037 laetiﬁcat
2518 2995 2633 3048 cor,
2665 2987 2721 3035 et
2745 2994 2850 3035 non
2879 2978 3028 3034 novit
3053 2977 3196 3033 aliud
3220 2977 3320 3033 nisi
3352 2976 3527 3032 laetiﬁ-

1941 3090 2069 3133 care
2094 3090 2208 3132 cor.
2235 3073 2341 3132 Sed
2371 3089 2438 3130 ne
2469 3081 2625 3145 putes
2646 3071 2752 3130 hoc
2778 3071 2993 3143 quidem
3014 3071 3082 3127 de
3107 3071 3370 3143 spirituali
3395 3070 3521 3126 vino

1942 3170 2140 3228 debere
2164 3169 2353 3239 accipi,
2382 3168 2447 3225 de
2488 3168 2579 3224 illo
2603 3182 2742 3239 pane
2768 3176 2946 3222 autem
2984 3181 3090 3222 non
3115 3182 3131 3233 ;
3159 3164 3303 3235 quod
3331 3173 3386 3221 et
3416 3163 3533 3233 ipse

1942 3261 2231 3334 spiritualis
2276 3262 2381 3328 sit,
2411 3259 2659 3331 exposuit
2704 3267 2758 3315 et
2786 3258 2958 3329 ipsum
2992 3257 3103 3313 :Et
3129 3258 3275 3329 panis
3297 3297 3313 3325 ,
3337 3255 3526 3326 inquit,

1941 3372 2029 3412 cor
2051 3354 2268 3409 hominis
2296 3353 2584 3423 confirmat.
2616 3350 2759 3422 Ergo
2784 3350 2862 3407 sic
2881 3350 3063 3421 accipe
3091 3348 3158 3404 de
3202 3363 3359 3419 pane,
3386 3361 3525 3418 quo-

1941 3436 2102 3505 modo
2123 3446 2319 3516 accipis
2352 3445 2421 3501 de
2449 3444 2608 3511 vino;
2642 3443 2784 3499 intus
2812 3441 2978 3510 esuri,
3028 3441 3173 3497 intus
3199 3440 3287 3496 siti
3320 3458 3334 3494 :
3374 3437 3521 3494 Beati

1942 3543 2084 3599 enim
2112 3545 2198 3614 qui
2236 3540 2460 3597 esuriant
2489 3547 2536 3594 et
2558 3538 2734 3594 sitiunt
2749 3536 3031 3609 justitiam,
3064 3535 3187 3605 quia
3209 3534 3310 3605 ipsi
3327 3543 3532 3587 satura-

1942 3637 2127 3694 buntur
2154 3634 2365 3707 (Matth.
2393 3650 2449 3701 v,
2479 3632 2570 3703 6).
2601 3630 2758 3687 Panis
2784 3629 2873 3685 ille
2893 3627 3095 3699 justitia
3122 3634 3224 3692 est,
3250 3625 3429 3680 vinum
3458 3623 3531 3679 il-

1940 3729 2032 3786 lud
2074 3728 2278 3800 justitia
2327 3735 2410 3782 est
2456 3743 2470 3781 :
2519 3724 2720 3780 veritas
2762 3729 2864 3786 est,
2916 3720 3113 3775 veritas
3153 3717 3395 3773 Christus
3449 3721 3535 3771 est

1943 3820 2123 3895 (Joan.
2153 3836 2266 3887 xiv,
2294 3817 2329 3874 6
2351 3817 2392 3892 ).
2418 3817 2530 3889 Ego
2559 3833 2672 3872 sum
2696 3856 2710 3882 ,
2744 3814 2950 3886 inquit,
2978 3812 3125 3895 panis
3152 3810 3310 3877 vivus,
3340 3809 3427 3880 qui
3468 3808 3533 3866 de

1942 3894 2067 3970 caelo
2108 3911 2345 3967 descendi
2391 3909 2413 3981 (
2439 3907 2526 3963 Id.
2558 3924 2652 3976 _vr,
2683 3907 2825 3977 41);
2868 3913 2943 3971 et,
2975 3894 3087 3975 Ego
3135 3918 3248 3958 sum
3280 3901 3413 3966 vitis,
3442 3916 3531 3955 vos

1940 4016 2196 4067 sarmenta
2225 4004 2355 4078 (Id.
2397 4018 2491 4072 xv,
2531 4002 2626 4074 5).
2665 4001 2737 4057 Et
2778 3999 2925 4073 panis
2951 4013 3041 4055 cor
3085 3996 3300 4053 hominis
3342 3993 3528 4064 conﬁr-

1942 4112 2069 4160 mat.

2014 4196 2099 4253 15.
2131 4194 2281 4269 [vers.
2311 4189 2424 4264 16.]
2452 4185 2943 4259 Satiabunturligna
2966 4182 3135 4254 campi
3170 4197 3189 4237 :
3226 4179 3321 4237 sed
3339 4179 3409 4236 de
3428 4179 3529 4235 ista

1942 4291 2114 4365 gratia
2154 4288 2348 4345 educta
2389 4286 2457 4341 de
2484 4292 2649 4339 terra.
2678 4280 2844 4353 Ligna
2868 4278 3054 4349 campi,
3086 4274 3269 4346 plebes
3296 4272 3526 4365 populo-

1942 4364 2083 4444 rum.
2115 4382 2182 4438 Et
2225 4380 2363 4436 cedri
2392 4376 2575 4434 Libani
2612 4389 2739 4445 quas
2789 4369 3054 4444 plantavit.
3095 4365 3258 4423 Cedri
3301 4364 3528 4433 Libani,

1942 4484 2191 4551 potentes
2206 4475 2262 4531 in
2285 4472 2502 4538 saeculo,
2526 4477 2580 4526 et
2598 4467 2699 4538 ipsi
2715 4463 3065 4521 satiabuntur.
3088 4457 3336 4517 Pervenit
3355 4454 3526 4527 panis,

1944 4546 1999 4627 et
2024 4568 2224 4633 vinum,
2269 4574 2324 4622 et
2356 4564 2533 4619 oleum
2558 4556 2757 4616 Christi
2795 4553 2863 4611 ad
2891 4560 3188 4618 senatores,
3214 4548 3280 4604 ad
3302 4546 3528 4613 nobiles,

1943 4661 2012 4719 ad
2036 4673 2222 4731 reges;
2254 4657 2441 4714 satiata
2467 4659 2591 4710 sunt
2623 4650 2764 4721 ligna
2783 4645 2979 4717 campi.
3008 4644 3165 4701 Prius
3196 4641 3424 4697 humiles
3444 4653 3533 4695 sa-

1945 4754 2057 4811 tiati
2084 4760 2227 4816 sunt,
2251 4748 2443 4806 deinde
2466 4748 2625 4802 etiam
2645 4741 2793 4799 cedri
2813 4738 3022 4806 Libani,
3044 4735 3140 4793 sed
3169 4751 3295 4807 quas
3330 4733 3532 4805 planta-

1945 4847 2013 4901 vit
2047 4845 2163 4916 ipse
2206 4860 2223 4899 :
2264 4843 2369 4913 piae
2401 4842 2417 4873 ¹
2445 4837 2633 4903 cedri,
2674 4832 2907 4905 religiosi
2953 4829 3167 4894 ﬁdeles;
3204 4828 3338 4882 tales
3387 4826 3532 4916 epim

1947 4912 2223 5010 plantavit.
2254 4912 2389 4989 Nam
2413 4938 2468 4987 et
2486 4928 2635 5000 impii
2657 4934 2783 4982 sunt
2809 4922 2955 4980 cedri
2984 4918 3193 4987 Libani,
3225 4912 3533 5010 (μήθ-(ἶφι-

1947 5003 2069 5089 ieret
2111 5027 2361 5086 Dominus
2412 5024 2588 5080 cedros
2637 5018 2817 5076 Libani
2847 5014 3037 5089 (Psal.
3087 5025 3287 5079 xxvm,
3317 5005 3415 5078 5).
3442 5003 3534 5062 Li-

1945 5126 2117 5183 banus
2146 5123 2290 5178 enim
2316 5131 2471 5175 mons
2495 5124 2615 5182 est;
2642 5113 2711 5169 ibi
2744 5113 2858 5168 istae
2880 5109 3101 5166 arbores
3137 5103 3298 5159 etiam
3336 5112 3530 5155 secun-

1947 5217 2073 5274 dum
2102 5214 2331 5270 litteram
2374 5205 2742 5265 annosissimtc
2780 5210 2905 5259 sunt
2941 5208 2999 5257 et
3039 5190 3526 5254 excellentissiman.

1949 5309 2182 5366 Libanus
2206 5312 2386 5361 autem
2412 5302 2811 5370 interpretatur,
2843 5292 2979 5348 sicut
3002 5288 3227 5359 legimus
3250 5283 3304 5338 in
3331 5281 3411 5338 eis
3433 5279 3524 5351 qui

1951 5401 2051 5457 ista
2071 5397 2419 5469 scripserunt,
2444 5389 2781 5449 Candidatio.
2812 5385 3049 5441 Libanus
3073 5379 3270 5436 dicitur
3288 5371 3535 5469 candida-

1950 5496 2074 5553 tio:
2126 5467 2338 5551 videtur
2382 5497 2559 5545 autem
2608 5480 2908 5541 candidatio
2958 5490 3079 5533 esse
3121 5470 3305 5530 saeculi
3350 5467 3530 5539 huius,

1951 5588 2111 5646 modo
2145 5583 2359 5642 nitentis
2401 5589 2454 5637 et
2500 5576 2749 5649 fulgentis
2773 5575 2828 5629 in
2879 5568 3090 5642 pompis
3132 5565 3262 5622 suis.
3302 5560 3438 5619 Sunt
3460 5557 3533 5613 ibi

1952 5680 2099 5743 cedri
2126 5676 2313 5736 Libani
2335 5686 2468 5747 quas
2496 5667 2753 5743 plantavit
2779 5663 3076 5732 Dominus;
3105 5659 3235 5733 ipse
3260 5652 3535 5713 satiabun-

2018 5840 2039 5876 ι
2062 5835 2177 5890 add.
2197 5833 2426 5889 omittunt
2443 5838 2634 5891 vocent,
2654 5822 2772 5891 pice.
