4058 6494
536 389 670 469 t37i

533 539 766 602 turquas
791 530 1044 601 plantavit
1075 528 1349 585 Dominus.
1379 526 1508 582 Nam
1534 528 1709 591 arbor,
1734 528 1932 596 inquit,
1963 543 2115 596 quam

534 644 636 680 non
657 627 901 696 plantavit
924 624 1078 678 Pater
1094 639 1254 690 meus,
1277 622 1612 676 eradicabitur
1641 620 1854 693 (Matth.
1882 637 1970 688 xv,
1995 621 2060 676 l3
2075 621 2116 690 ).

536 718 602 772 Et
624 720 759 774 cedri
787 719 967 773 Libani
994 733 1116 786 quas
1145 715 1412 785 plantavit.

604 813 688 866 l6.
719 809 866 884 [vers.
898 807 1009 880 17.]
1039 807 1155 861 Illic
1169 824 1397 876 passeres
1423 807 1774 876 nidiﬁcabunt.
1799 806 1994 860 Fulicaz
2029 807 2122 858 do-

532 921 642 957 mus
673 903 779 956 dux
804 913 875 955 est
901 918 1091 956 eorum.
1126 901 1227 956 Ubi
1254 915 1499 969 passeres
1525 900 1913 954 nidiﬁcabunt?
1944 898 1997 951 In
2027 913 2118 954 ce-

533 996 643 1052 dris
669 995 875 1050 Libani.
921 993 1036 1049 Jam
1081 993 1381 1048 audivimus
1406 1008 1524 1062 quae
1572 992 1680 1046 sint
1718 991 1865 1046 cedri
1909 975 2134 1056 Libani,

533 1086 737 1141 nobiles
765 1086 964 1150 smculi,
995 1085 1189 1140 excelsi
1207 1099 1422 1154 genere,
1451 1083 1639 1152 opibus
1667 1122 1680 1143 ,
1708 1081 1996 1134 honoribus
2026 1098 2038 1132 :
2069 1089 2122 1134 et

531 1178 660 1246 ipsa:
685 1176 828 1231 cedri
857 1176 1135 1241 satiantur,
1178 1176 1283 1230 illa:
1315 1185 1487 1230 tamen
1515 1188 1647 1243 quas
1678 1173 1935 1242 plantavit
1975 1173 2111 1241 ipse.

530 1267 587 1324 ln
619 1269 702 1323 his
738 1269 913 1324 cedris
950 1284 1192 1339 passeres
1223 1267 1512 1322 nidiﬁcant.
1540 1267 1638 1332 Qui
1683 1275 1806 1321 sunt
1833 1265 2116 1337 passeres?

533 1363 674 1417 Aves
700 1363 914 1432 quidem
956 1373 1009 1416 et
1024 1362 1263 1432 volatilia
1291 1359 1409 1414 cmli
1437 1368 1562 1414 sunt
1606 1375 1868 1428 passeres,
1893 1359 1987 1414 sed
2017 1359 2117 1412 mi-

458 1455 470 1472 '
535 1465 660 1508 nuta
691 1455 926 1508 volatilia
959 1455 1130 1508 solent
1153 1453 1255 1506 dici
1293 1465 1553 1521 passeres.
1594 1451 1730 1506 Sunt
1755 1466 1880 1519 ergo
1904 1450 2118 1520 quidam

532 1545 835 1614 spiritualcs
867 1545 1200 1598 nidiﬁcantes
1232 1545 1281 1596 in
1321 1541 1493 1596 cedris
1521 1541 1705 1596 Libani
1739 1560 1750 1594 ε
1784 1541 1835 1596 id
1862 1552 1963 1608 est,
1994 1550 2117 1596 sunt

535 1635 751 1705 quidam
779 1638 916 1692 servi
946 1637 1035 1690 Dei
1059 1634 1332 1689 audientes
1359 1635 1409 1687 in
1443 1633 1752 1700 Evangelio,
1783 1632 1990 1686 Dimitte
2015 1649 2121 1686 om-

534 1728 618 1780 nia
639 1739 744 1792 tua,
768 1729 872 1791 vel,
899 1728 1052 1781 vende
1091 1727 1258 1780 omnia
1285 1736 1390 1789 tua,
1421 1735 1470 1778 et
1491 1725 1558 1778 da
1586 1725 1890 1794 pauperibus
1908 1768 1922 1787 ,
1956 1736 2000 1778 et
2030 1727 2121 1780 Ita—

537 1819 668 1874 bebis
690 1821 982 1874 thesaurum
1001 1820 1055 1872 in
1083 1817 1259 1882 cretis;
1285 1828 1329 1871 et
1359 1818 1488 1881 veni,
1534 1834 1737 1884 sequere
1761 1833 1837 1871 me
1865 1816 1972 1889 (Id.
2003 1834 2115 1881 χιχ,

531 1905 596 1966 ‘21
629 1913 667 1981 ).
695 1912 757 1966 Et
782 1928 886 1965 non
916 1919 1114 1965 tantum
1142 1909 1243 1965 hoc
1269 1910 1550 1964 audierunt
1579 1910 1772 1979 magni,
1806 1911 1898 1964 sed
1931 1910 2118 1964 audie-

532 2012 658 2058 runt
687 2012 740 2057 et
772 2003 938 2071 parvi,
961 2013 1014 2058 et
1036 2002 1315 2056 voluerunt
1343 2001 1442 2055 hoc
1464 2000 1638 2056 facere
1662 2010 1715 2054 et
1737 2001 1903 2070 parvi,
1933 2009 2121 2055 etesse

532 2093 859 2162 spirituales;
886 2108 989 2148 non
1002 2093 1150 2162 jungi
1179 2093 1452 2158 uxoribus,
1483 2107 1586 2147 non
1617 2094 1873 2145 macerari
1901 2107 2030 2146 cura
2057 2091 2121 2146 li-

533 2183 746 2250 liorum,
795 2200 899 2239 non
930 2183 1127 2240 habere
1154 2185 1395 2253 preprias
1429 2183 1586 2239 sedes
1612 2181 1804 2252 quibus
1830 2182 2123 2252 deligaren-

442 2330 451 2336 .
537 2285 640 2343 tur,
669 2275 762 2331 sed
792 2276 868 2330 ire
894 2276 945 2329 in
977 2275 1136 2329 vitam
1171 2273 1455 2344 quamdam
1485 2287 1841 2328 communem.
1875 2272 1978 2326 Sed
1997 2272 2122 2341 quid

529 2367 847 2424 dimiserunt
875 2368 961 2422 isti
1005 2381 1250 2436 passeres
1289 2366 1312 2421 ?
1363 2365 1542 2421 Minuti
1589 2365 1729 2420 enim
1758 2365 1933 2419 smculi
1965 2364 2121 2434 hujus

528 2441 773 2534 passeres
801 2460 1064 2516 videntur.
1115 2459 1250 2528 Quid
1298 2458 1651 2512 dimiserunt?
1696 2457 1821 2526 quid
1865 2473 2117 2527 magnum

530 2553 885 2609 dimiserunt?
925 2552 1077 2608 Alius
1113 2566 1171 2606 se
1201 2551 1480 2615 convertit,
1511 2550 1710 2604 dimisit
1737 2549 1922 2603 cellam
1950 2550 2119 2620 patris

529 2645 608 2698 sui
630 2643 864 2713 inopem,
898 2644 986 2697 vix
1034 2658 1195 2697 unum
1226 2642 1421 2696 lectum
1457 2650 1511 2695 et
1556 2656 1712 2694 uuam
1744 2655 1945 2695 aream.
1973 2639 2116 2694 Con-

531 2737 689 2792 vertit
718 2752 775 2792 se
803 2745 1002 2802 tamen,
1035 2734 1202 2790 factus
1228 2744 1310 2789 est
1337 2749 1538 2804 passer,
1580 2734 1823 2803 quaesivit
1864 2734 2118 2804 Spiritus-

533 2828 621 2882 lia.
658 2829 822 2895 Bene,
851 2829 1080 2898 optime;
1107 2843 1210 2883 non
1239 2826 1310 2880 illi
1345 2826 1678 2887 insultemus,
1713 2843 1816 2880 non
1843 2825 2119 2882 dicamus:

531 2920 673 2974 Nihil
717 2920 984 2975 dimisisti.
1011 2920 1127 2975 Non
1155 2917 1423 2990 superbiat
1445 2917 1532 2988 qui
1560 2917 1723 2971 multa
1765 2916 1981 2971 dimisit.
2025 2917 2122 2971 Pe.

533 3021 644 3067 trus
673 3023 729 3068 ut
756 3021 1071 3083 sequeretur
1103 3011 1412 3073 Dominum,
1448 3010 1691 3063 novimus
1717 3009 1855 3078 quod
1895 3010 2122 3079 piscator

531 3115 663 3171 erat,
690 3104 815 3176 quid
846 3106 1014 3175 potuit
1043 3101 1452 3158 dimittere?Vel
1483 3099 1647 3155 frater
1693 3100 1808 3168 ejus
1860 3089 2120 3165 Andreas,

531 3197 612 3251 vel
632 3197 720 3250 ﬁlii
749 3195 991 3252 Zebedaei
1017 3195 1250 3250 Joannes
1269 3202 1323 3248 et
1349 3191 1600 3256 Jacobus,
1633 3192 1792 3246 etiam
1825 3191 1920 3260 ipsi
1953 3191 2121 3259 pisca-

531 3299 674 3345 tores
700 3288 821 3361 (Id.
845 3307 920 3345 tv.
951 3291 1040 3356 l8,
1071 3288 1172 3359 21)
1198 3305 1212 3352 ;
1246 3297 1300 3343 et
1326 3297 1501 3341 tamen
1535 3283 1658 3355 quid
1681 3282 1962 3338 dixerunt?
1994 3282 2124 3336 Ecce

533 3399 624 3436 nos
647 3383 928 3437 dimisimus
957 3383 1146 3446 omnia,
1166 3389 1212 3434 et
1236 3380 1393 3434 secuti
1417 3395 1587 3434 sumus
1615 3387 1660 3431 te
1685 3375 1806 3447 (Id.
1838 3392 1921 3431 χιχ
1945 3418 1958 3439 ,
1979 3375 2057 3430 37
2082 3373 2121 3446 ).

534 3476 648 3530 Non
676 3476 726 3530 ei
753 3475 883 3529 dixit
904 3474 1159 3528 Dominus
1191 3491 1202 3525 :
1232 3471 1438 3527 Oblitus
1459 3486 1517 3526 es
1549 3475 1908 3538 paupertatem
1931 3477 2073 3521 tuam
2104 3484 2118 3531 ;

535 3567 661 3638 quid
710 3566 952 3620 dimisisti
997 3575 1050 3619 ut
1075 3574 1242 3619 totum
1286 3561 1540 3618 mundum
1569 3562 1880 3629 acciperes?
1906 3559 2124 3614 Multum

537 3659 751 3721 dimisit,
779 3659 966 3712 fratres
994 3657 1119 3721 mei,
1167 3655 1395 3710 multum
1423 3653 1644 3718 dimisit,
1679 3653 1766 3720 qui
1802 3667 1906 3704 non
1949 3651 2119 3704 solum

538 3751 738 3808 dimisit
763 3749 1013 3820 quidquid
1038 3748 1282 3811 habebat,
1319 3745 1412 3800 sed
1441 3744 1600 3799 etiam
1631 3741 1887 3810 quidquid
1930 3739 2125 3795 habere

537 3841 802 3913 cupiebat.
855 3841 984 3909 Quis
1024 3840 1165 3896 enim
1213 3852 1412 3907 pauper
1444 3850 1546 3888 non
1595 3832 1852 3901 turgescit
1880 3832 1930 3884 in
1975 3845 2126 3899 spem

449 3980 458 3989 .
539 3937 717 3992 sceculi
747 3936 942 4007 hujus?
993 3934 1113 4003 quis
1162 3947 1266 3986 non
1297 3927 1534 4000 quotidie
1581 3926 1725 3995 eltpil
1762 3939 1954 3994 angere
1986 3921 2127 3991 quod

541 4027 736 4083 habet?
766 4026 865 4080 Ista
882 4024 1142 4094 cupiditas
1170 4020 1390 4089 praecisa
1415 4025 1496 4072 est
1529 4034 1540 4069 :
1572 4015 1678 4069 ibat
1708 4015 1756 4067 in
1785 4015 2124 4075 immensum,

539 4122 744 4192 accepit
782 4119 1019 4181 modum,
1047 4125 1103 4172 et
1132 4116 1262 4170 nihil
1307 4113 1585 4168 dimissum
1633 4109 1752 4165 est?
1785 4109 2010 4163 Prorsus
2043 4116 2128 4160 to-

542 4225 650 4269 tum
677 4212 932 4267 mundum
967 4209 1166 4264 dimisit
1207 4208 1395 4262 Petrus
1418 4247 1433 4273 ,
1463 4216 1516 4260 et
1551 4213 1717 4259 totum
1748 4201 2002 4257 mundum
2033 4201 2130 4257 Pe-

544 4316 655 4358 trus
685 4303 907 4373 accepit.
960 4300 1118 4368 Quasi
1170 4297 1294 4352 nihil
1327 4296 1603 4357 habentes,
1652 4305 1702 4348 et
1747 4294 1924 4348 omnia
1955 4295 2127 4364 possi-

546 4395 736 4452 dentes
788 4392 870 4466 (ll
914 4390 1031 4446 Cor.
1078 4406 1150 4454 v1,
1207 4389 1335 4459 10).
1381 4387 1604 4442 Faciunt
1632 4386 1731 4440 hoc
1756 4384 1906 4439 multi
1969 4403 1981 4437 :
2030 4385 2129 4438 ista

547 4486 743 4541 faciunt
763 4484 850 4554 qui
877 4497 1064 4554 parum
1093 4477 1318 4545 habent,
1349 4486 1404 4534 et
1426 4478 1666 4542 veniunt,
1700 4486 1753 4530 et
1784 4478 1916 4530 ﬁunt
1941 4490 2128 4545 passe-

547 4593 631 4633 res
659 4577 831 4631 utiles.
857 4573 1037 4630 Minuti
1063 4570 1326 4639 videntur,
1350 4571 1474 4640 quia
1505 4586 1606 4623 non
1652 4569 1848 4623 habent
1893 4565 2130 4620 altitudi-

548 4684 666 4722 nem
689 4666 956 4738 dignitatis
977 4664 1244 4720 saecularis
1276 4681 1288 4716 :
1320 4662 1593 4718 nidiﬁcant
1621 4661 1675 4714 in
1705 4659 1878 4714 cedris
1923 4657 2129 4712 Libani.

550 4760 757 4814 Etenim
789 4767 842 4814 et
867 4755 1013 4814 cedri
1049 4757 1270 4823 Libani,
1304 4754 1509 4810 nobiles
1538 4762 1592 4809 et
1631 4753 1822 4807 divites
1846 4759 1899 4806 et
1934 4752 2134 4806 excelsi

549 4852 706 4923 hujus
742 4851 951 4917 szeculi,
981 4850 1230 4920 quoniam
1276 4863 1398 4902 cum
1427 4848 1616 4901 timore
1641 4844 1896 4910 audiunt,
1950 4842 2134 4899 Beatus

548 4946 630 5012 qui
659 4943 892 5012 intelligit
919 4958 1071 5012 super
1092 4955 1300 5012 egenum
1329 4949 1374 4992 et
1405 4952 1712 5009 pauperem;
1739 4935 2021 4990 attendunt
2048 4951 2134 4990 res

547 5052 691 5102 suas,
711 5035 862 5090 villas
884 5049 1025 5096 suas,
1050 5041 1102 5085 et
1123 5045 1308 5084 onines
1320 5028 1617 5098 superﬂuas
1635 5027 1833 5095 copias,
1857 5025 2047 5095 quibus
2067 5027 2136 5078 vi-

549 5127 736 5181 dentur
752 5124 969 5189 excelsi,
993 5131 1044 5176 ct
1063 5119 1300 5190 pra'bent
1315 5118 1430 5174 illas
1450 5119 1618 5172 servis
1636 5117 1760 5181 Dei;
1801 5115 1928 5170 dant
1957 5130 2133 5185 agros,

549 5214 1179 5283 danthortos,a:diﬁcant
1214 5211 1483 5274 ecclesias,
1518 5208 1853 5273 monasteria,
1886 5207 2139 5277 colligunt

555 5325 814 5379 passeres,
841 5319 895 5362 ut
921 5309 972 5362 in
999 5305 1174 5361 cedris
1201 5302 1384 5358 Libani
1417 5300 1688 5354 nidiﬁcent
1715 5313 1976 5368 passeres.
2001 5300 2138 5368 Ergo

559 5402 817 5455 satiantur
841 5399 978 5452 cedri
1009 5399 1023 5429 '
1058 5396 1236 5450 Libani
1256 5411 1379 5464 quas
1397 5393 1639 5462 plantavit
1659 5393 1928 5456 Dominus,
1953 5401 2005 5446 et
2035 5392 2139 5445 illic

560 5508 779 5558 passeres
797 5489 1147 5557 nidiﬁcabunt.
1174 5486 1442 5540 Attendite
1461 5494 1623 5538 totam
1644 5494 1859 5549 terram,
1885 5485 1926 5536 si
1945 5498 2046 5537 non
2070 5485 2140 5537 ita

558 5595 656 5639 est.
688 5581 756 5640 Ut
785 5583 1032 5651 loquerer
1057 5583 1174 5645 ista,
1209 5593 1313 5632 non
1337 5579 1506 5631 solum
1533 5575 1756 5641 credidi,
1788 5574 1881 5631 sed
1907 5586 1960 5630 et
1992 5577 2135 5640 vidi;

563 5675 707 5730 dedit
735 5673 863 5728 mihi
891 5673 1212 5727 intellectum
1243 5671 1410 5739 ipsum
1439 5671 1882 5737 esperimentum.
1917 5666 2139 5721 Interro-

565 5778 688 5844 gate
716 5767 998 5820 latissimas
1027 5775 1195 5817 terras
1242 5765 1328 5833 qui
1362 5763 1528 5816 nostis
1554 5803 1567 5826 ,
1598 5770 1652 5814 et
1681 5760 1855 5814 videte
1903 5760 1951 5811 in
1982 5776 2142 5829 quam

626 5884 642 5904 '
668 5887 744 5936 uc
766 5886 870 5932 uss.
900 5883 953 5927 At
974 5876 1104 5928 add;
1134 5883 1356 5928 Possem
1387 5885 1502 5938 ergo
1519 5871 1754 5927 actitauit:-
1779 5870 1955 5926 cedris.

1779 407 1836 463 S.
1880 401 2242 461 AUGUSTINI
2280 405 2588 465 EPISCOPI

3674 413 3808 472 £372

2230 528 2410 583 multis
2455 529 2630 585 cedris
2667 530 2852 587 Libani
2881 545 3124 602 passeres
3151 532 3245 600 illi,
3291 533 3358 589 de
3377 534 3570 602 quibus
3599 533 3808 591 locutus

2224 635 2362 686 sum,
2387 623 2679 678 nidificant.

2295 712 2384 768 17.
2416 713 2521 769 Sed
2555 725 2750 779 tamen,
2778 714 2972 772 fratres
2999 716 3126 783 mei,
3161 717 3259 787 ipsi
3285 732 3532 788 passeres
3569 719 3616 773 si
3645 718 3808 788 spiri-

2224 805 2392 860 tuales
2419 815 2562 868 sunt,
2608 809 2849 876 quamvis
2883 807 3154 863 nidiﬁcent
3178 808 3230 862 in
3256 809 3432 864 cedris
3455 809 3672 877 Libani,
3705 826 3808 866 non

2225 913 2323 966 pro
2357 914 2552 968 magno
2591 899 2792 954 habere
2837 900 3035 956 debent
3063 901 3252 957 cedros
3294 901 3503 968 Libani,
3536 912 3591 957 et
3624 912 3811 972 putare

2227 989 2347 1046 illos
2391 1006 2511 1045 esse
2573 993 2897 1061 superiores,
2943 1008 2974 1047 a
3027 993 3218 1062 quibus
3267 1008 3454 1048 eorum
3508 997 3810 1051 necessaria

2225 1083 2578 1152 complentur.
2632 1085 2881 1140 Passeres
2924 1086 3066 1141 enim
3116 1095 3278 1150 sunt;
3312 1086 3417 1141 illm
3454 1096 3632 1144 autem
3665 1088 3810 1143 cedri

2226 1177 2413 1233 Libani
2459 1187 2601 1232 sunt.
2655 1179 2793 1248 Ergo
2823 1179 2992 1249 fatim
3031 1179 3211 1233 domus
3251 1179 3361 1233 dua:
3394 1189 3468 1234 est
3508 1195 3806 1249 passerum.

2225 1267 2478 1335 Quamvis
2510 1270 2559 1322 in
2587 1269 2762 1324 cedris
2785 1270 2972 1324 Libani
2998 1271 3271 1327 nidiﬁcent
3291 1285 3556 1340 passeres,
3589 1287 3700 1327 non
3732 1281 3809 1327 ta-

2231 1374 2353 1412 men
2382 1359 2526 1413 cedri
2552 1359 2736 1414 Libani
2779 1361 2942 1416 duces
2975 1373 3098 1417 sunt
3126 1378 3423 1432 passerum.
3472 1364 3613 1420 Ecce
3652 1367 3814 1420 satia-

2225 1449 2421 1506 buntur
2443 1453 2578 1522 ligna
2601 1455 2792 1524 campi,
2813 1469 3000 1509 omnes
3031 1455 3209 1525 populi
3232 1470 3246 1520 ;
3274 1466 3327 1510 et
3353 1455 3494 1510 cedri
3523 1455 3713 1511 Libani
3730 1471 3812 1512 sa-

2225 1545 2516 1610 tiabuntur,
2541 1561 2671 1615 quas
2716 1547 2973 1615 plantavit
2989 1548 3271 1615 Dominus,
3303 1563 3490 1602 omnes
3528 1547 3738 1603 nobiles
3762 1558 3813 1603 et

2226 1637 2425 1691 excelsi
2460 1637 2663 1692 fideles.
2710 1638 2839 1705 Illic,
2869 1640 2920 1694 id
2946 1641 3106 1694 estin
3135 1639 3308 1694 cedris
3333 1639 3539 1704 Libani,
3564 1654 3812 1709 passeres

2228 1727 2607 1792 nidiﬁcabunt;
2663 1731 2971 1798 prmbebunt
3014 1746 3190 1786 ramos
3235 1731 3540 1786 facultatum
3593 1747 3814 1788 suarum

2225 1817 2535 1884 colligendis
2561 1818 2779 1872 minutis
2795 1821 3174 1888 spiritualibus.
3193 1821 3443 1876 Prrcbent
3465 1823 3584 1887 ista,
3613 1822 3814 1877 faciunt

2227 1905 2340 1960 haec
2369 1908 2515 1962 cedri
2565 1907 2748 1964 Libani
2781 1925 2912 1978 quas
2958 1911 3215 1980 plantavit
3245 1912 3538 1977 Dominus;
3571 1907 3810 1976 faciunt,

2225 2006 2280 2054 et
2308 1998 2533 2054 libenter
2559 1999 2791 2066 faciunt;
2839 2013 3103 2056 noverunt
3126 2003 3254 2072 quid
3284 2004 3476 2057 faciant
3496 2045 3510 2067 ,
3542 2014 3812 2058 noverunt

2227 2090 2352 2159 quid
2379 2091 2656 2160 accipiant.
2679 2092 2782 2147 Sed
2802 2107 3044 2161 passeres
3071 2094 3312 2162 quamvis
3341 2093 3392 2146 in
3422 2092 3596 2148 cedris
3621 2092 3812 2147 Libani

2227 2182 2590 2250 nidiﬁcabnnt,
2641 2183 2840 2240 Fulica:
2878 2185 3056 2240 domus
3105 2186 3213 2239 dux
3241 2196 3310 2239 est
3347 2202 3539 2241 eorum.
3571 2186 3705 2252 Qua:
3729 2195 3814 2241 est

2227 2273 2399 2328 fulicae
2425 2275 2649 2332 domus?
2680 2278 2856 2332 Fulica
2880 2319 2894 2343 ,
2926 2279 3062 2333 sicut
3087 2293 3277 2333 omnes
3305 2279 3581 2345 novimus,
3605 2279 3814 2334 marina

2226 2368 2344 2422 avis
2373 2376 2492 2434 est;
2517 2370 2602 2424 vel
2648 2371 2699 2424 in
2744 2373 2943 2441 stagnis
2973 2381 3089 2438 est,
3123 2372 3205 2427 vel
3231 2373 3285 2426 in
3335 2354 3467 2426 m'ari
3502 2381 3602 2426 est.
3641 2372 3818 2427 [labet

2227 2462 2507 2531 quamdam
2560 2463 2776 2518 domum
2825 2479 2929 2519 non
2985 2464 3141 2520 facile
3170 2466 3222 2520 in
3283 2466 3460 2521 littore
3487 2475 3666 2532 terras,
3723 2474 3817 2520 aut

2229 2567 2495 2622 nunquam
2521 2569 2535 2618 ;
2569 2553 2662 2608 sed
2709 2554 2759 2607 in
2791 2555 2854 2608 iis
2881 2571 3000 2625 qua:
3048 2557 3098 2610 in
3127 2556 3300 2611 media
3325 2572 3461 2626 aqua
3487 2565 3647 2610 sunt:
3698 2557 3816 2626 ple-

2226 2660 2452 2716 rumque
2479 2660 2608 2715 ergo
2635 2645 2687 2700 in
2719 2646 2881 2714 petris
2924 2661 3056 2717 quas
3082 2661 3216 2716 aqua
3261 2647 3575 2702 circumdat.
3606 2646 3820 2702 Intelli-

2227 2737 2400 2804 gimns
2451 2753 2578 2806 ergo
2633 2748 2834 2808 petram
2888 2754 3006 2793 esse
3054 2738 3297 2794 idoneam
3347 2739 3518 2794 fulicae
3569 2738 3818 2806 domum,

2228 2843 2485 2898 nusquam
2517 2829 2704 2884 fortius
2723 2840 2776 2885 et
2798 2830 3002 2884 ﬁrmius
3028 2829 3250 2896 habitat,
3281 2845 3434 2898 quam
3466 2829 3518 2884 in
3544 2840 3728 2900 petra.
3764 2830 3819 2885 In

2227 2920 2366 2988 quali
2400 2921 2583 2988 petra?
2612 2920 2666 2974 In
2712 2922 2844 2975 mari
2871 2922 3180 2975 constituta.
3227 2921 3338 2975 Etsi
3367 2920 3603 2976 tunditur
3640 2920 3823 2977 ﬂucti-

2228 3012 2348 3076 bus,
2385 3013 2580 3084 frangit
2619 3023 2794 3068 tamen
2822 3013 3037 3077 ﬂuctus,
3065 3029 3171 3068 non
3206 3013 3498 3083 frangitur:
3531 3018 3631 3068 hoc
3653 3013 3825 3069 habet

2231 3119 2475 3173 magnum
2500 3113 2649 3172 petra
2675 3104 2726 3158 in
2755 3106 2886 3158 mari
2913 3108 3219 3160 constituta.
3249 3105 3443 3173 Quanti
3475 3105 3664 3160 ﬂuctus
3686 3122 3826 3161 con-

2231 3197 2483 3251 tuderunt
2508 3206 2713 3263 petram
2739 3207 2999 3262 nostram,
3032 3197 3314 3252 Dominum
3343 3195 3654 3252 Christum?
3685 3197 3825 3254 Elisi

2230 3287 2433 3343 suntin
2495 3287 2642 3342 illum
2687 3288 2896 3354 Judaei;
2940 3289 3014 3344 illi
3067 3288 3218 3344 fracti
3262 3298 3414 3353 sunt,
3473 3289 3563 3343 ille
3612 3289 3828 3360 integer

2231 3381 2442 3434 mansit.
2475 3380 2541 3434 Et
2575 3381 2938 3451 unusquisque
2992 3382 3206 3436 imitans
3231 3381 3526 3448 Christum,
3563 3380 3634 3435 ita
3663 3383 3746 3436 sit
3777 3383 3830 3437 in

2231 3471 2332 3526 isto
2360 3472 2588 3537 saeculo,
2617 3471 2668 3526 id
2713 3481 2795 3528 est
2820 3473 2873 3528 in
2922 3473 3025 3528 isto
3052 3473 3205 3538 mari,
3241 3472 3328 3527 ubi
3359 3487 3465 3527 non
3492 3481 3669 3542 potest
3721 3473 3830 3528 nisi

2231 3563 2488 3631 procellas
2513 3571 2960 3632 tempestatesque
2984 3564 3203 3628 sentire,
3226 3572 3281 3617 ut
3304 3561 3434 3617 nulli
3459 3570 3619 3617 vento
3638 3561 3828 3629 cedat,

2231 3655 2360 3710 nulli
2391 3656 2591 3720 ﬂuctui,
2618 3656 2709 3710 sed
2739 3657 2918 3709 omnia
2948 3657 3180 3724 excipiat
3207 3696 3220 3719 ,
3250 3664 3303 3710 et
3331 3655 3538 3723 integer
3582 3663 3828 3709 maneat.

2233 3748 2371 3816 Ergo
2400 3745 2572 3800 fulica:
2601 3746 2792 3800 domus
2836 3751 2890 3800 et
2925 3746 3076 3801 fortis
3095 3755 3198 3813 est,
3233 3755 3287 3800 et
3314 3744 3547 3798 humilis.
3575 3741 3689 3799 Non
3731 3744 3832 3800 ha-

2233 3839 2320 3893 bet
2343 3840 2556 3894 domum
2581 3838 2739 3893 fulica
2762 3839 2814 3892 in
2842 3839 3070 3893 excelsis
3094 3855 3107 3903 ;
3131 3838 3266 3892 nihil
3287 3838 3375 3892 illa
3402 3837 3562 3892 domo
3587 3836 3832 3907 ﬁrmius,

2231 3941 2286 3986 et
2316 3931 2445 3985 nihil
2479 3931 2748 3985 humilius.
2783 3931 2837 3984 In
2869 3929 3044 3985 cedris
3069 3927 3282 4000 quidem
3321 3927 3598 3984 nidiﬁcant
3642 3943 3837 3997 passe-

2231 4038 2339 4087 res,
2400 4032 2613 4090 propter
2661 4034 2976 4090 prazsentem
3015 4023 3385 4077 necessitatem
3427 4038 3439 4074 :
3478 4019 3572 4076 sed
3620 4029 3838 4090 petram

2234 4111 2374 4166 illam
2405 4112 2598 4167 habent
2625 4113 2838 4176 ducem,
2868 4127 2987 4181 quae
3022 4111 3269 4167 ﬂuetibus
3301 4111 3539 4166 tunditur
3570 4155 3584 4178 ,
3615 4120 3668 4168 et
3729 4130 3838 4168 non

2235 4205 2522 4275 frangitur;
2577 4205 2853 4259 imitantur
2901 4205 3042 4258 enim
3085 4203 3285 4258 Christi
3332 4205 3625 4272 passiones.
3673 4203 3753 4259 Et
3791 4203 3837 4260 si

2236 4296 2368 4350 forte
2399 4295 2542 4349 cedri
2574 4295 2761 4349 Libani
2807 4296 2954 4349 iratte
2986 4295 3201 4361 fuerint,
3232 4302 3286 4350 et
3313 4294 3508 4363 aliquid
3560 4294 3838 4349 molestia:

2244 4385 2326 4440 vel
2358 4386 2591 4442 scandali
2619 4386 2788 4439 servis
2828 4385 2917 4440 Dei
2959 4386 3010 4440 in
3045 4385 3207 4440 ramis
3265 4386 3374 4440 suis
3410 4387 3835 4452 commoverim,

2241 4476 2492 4531 volabunt
2521 4477 2734 4547 quidem
2764 4476 2887 4530 inde
2920 4491 3199 4545 passeres;
3232 4476 3324 4531 sed
3355 4491 3433 4530 vae
3461 4475 3627 4530 cedro
3655 4491 3838 4531 rema—

2236 4571 2380 4624 ncnti
2408 4571 2523 4625 sine
2553 4571 2692 4625 nidis
2718 4586 3011 4639 passerum.
3035 4569 3284 4625 Passeres
3313 4571 3452 4624 enim
3483 4584 3588 4622 non
3613 4569 3840 4624 naufra-

2237 4664 2452 4732 gabunt,
2474 4677 2577 4716 non
2605 4663 2880 4731 peribunt;
2901 4663 3018 4733 quia
3043 4662 3208 4733 fulica:
3221 4660 3398 4715 domus
3415 4660 3521 4714 dua:
3537 4669 3839 4714 esteorum.

2312 4752 2394 4808 l8.
2425 4750 2572 4823 [vers.
2611 4749 2720 4824 l8.]
2759 4751 2894 4821 Quid
2940 4767 3068 4822 ergo
3118 4750 3393 4821 sequitur?
3427 4749 3627 4803 Montes
3680 4752 3838 4804 altis-

2239 4844 2356 4897 simi
2375 4845 2550 4897 ccrvis.
2584 4842 2764 4910 Cervi,
2798 4844 2990 4913 magni,
3025 4842 3347 4912 spirituales,
3383 4842 3841 4896 transcendentcs

2240 4934 2293 4988 in
2323 4949 2478 4989 cursu
2508 4937 2682 4989 omnia
2712 4936 2921 5002 spinosa
2952 4937 3190 5003 veprium
3222 4943 3379 5002 atque
3405 4931 3684 4985 silvarum.
3737 4933 3844 4997 Qui

2242 5026 2456 5095 perﬁcit,
2489 5025 2676 5096 inquit,
2707 5025 2854 5092 pedes
2881 5041 3015 5078 meos
3043 5026 3175 5079 sicut
3208 5023 3356 5085 cervi,
3385 5033 3430 5076 et
3456 5039 3607 5093 super
3631 5025 3846 5100 excelsa

2240 5127 2420 5170 statuet
2466 5135 2544 5170 me
2581 5115 2748 5186 (Psal.
2777 5132 2918 5179 xvn,
2949 5117 3059 5186 54).
3113 5115 3352 5171 Teneant
3397 5124 3609 5170 montes
3670 5115 3845 5183 altos,

2243 5211 2344 5262 alta
2377 5217 2634 5278 przccepta
2671 5210 2791 5272 Dei;
2825 5207 3068 5262 sublimia
3098 5208 3350 5278 cogitent,
3385 5213 3600 5262 teneant
3625 5221 3691 5260 ea
3717 5222 3850 5278 qua:

2248 5301 2471 5352 multum
2503 5300 2739 5353 eminent
2770 5301 2821 5353 in
2850 5297 3160 5368 Scripturis,
3203 5299 3561 5369 justiﬁccntur
3588 5297 3640 5350 in
3678 5314 3850 5353 sum-

2245 5390 2344 5442 mis
2371 5407 2379 5439 :
2411 5389 2587 5443 cervis
2615 5389 2754 5443 enim
2804 5398 2925 5443 sunt
2950 5389 3026 5442 illi
3071 5397 3282 5442 montes
3306 5387 3568 5442 altissimi.
3599 5387 3747 5455 Quid
3780 5389 3853 5444 de

2247 5481 2533 5535 humilibus
2581 5481 2804 5535 bestiis?
2855 5479 2980 5549 quid
3025 5481 3091 5534 de
3117 5479 3341 5549 lepore?
3368 5477 3492 5548 quid
3520 5478 3588 5533 de
3626 5479 3856 5535 ericio?

2249 5577 2420 5644 Lepus
2452 5574 2708 5628 minutum
2754 5573 2947 5628 animal
2987 5583 3041 5628 et
3084 5572 3372 5635 inﬁrmum,
3423 5569 3618 5625 ericius
3672 5573 3895 5631 etiam.

2245 5669 2518 5734 spinosum
2552 5668 2569 5698 ι
2603 5682 2617 5718 ε
2652 5666 2778 5720 illud
2825 5666 3020 5720 animal
3050 5665 3312 5731 timidum,
3342 5663 3471 5718 illud
3493 5662 3693 5716 animal
3729 5645 3890 5731 spi.'

2252 5761 2333 5814 nis
2354 5769 2683 5825 ccupertum.
2710 5757 2886 5827 Spinte
2916 5757 3042 5827 quid
3089 5757 3410 5827 signiﬁcant,
3439 5754 3542 5810 nisi
3586 5765 3834 5824 peccato

2318 5865 2637 5920 nummum.
2662 5865 3250 5931 additur,minoreorum,
3274 5865 3452 5932 quoda
3480 5861 3789 5919 manest.
3873 5827 3887 5867 Ξ
