4058 6476
272 423 408 495 i373

266 551 387 611 res?
412 545 514 618 Qui
545 554 731 620 peccat
750 541 1006 614 quotidie,
1030 541 1238 597 etiamsi
1262 554 1364 596 non
1387 555 1576 609 magna
1602 548 1839 608 peccata,

265 639 638 702 minutissimis
665 635 831 708 spinis
856 643 1139 702 coopertus
1175 641 1276 688 est.
1309 630 1368 686 lu
1397 646 1463 686 eo
1493 629 1634 700 quod
1663 631 1842 696 timet,

265 741 410 810 lepus
435 745 550 800 est;
579 735 634 788 in
660 747 725 788 eo
750 728 890 802 quod
919 725 1284 782 minutissimis
1316 724 1548 794 peccatis
1573 723 1834 792 operitur,

263 831 454 888 ericius
484 834 571 884 est
601 843 614 879 :
641 834 694 880 et
723 838 826 878 non
855 828 1034 892 potest
1073 827 1258 873 tenere
1281 817 1488 872 excelsa
1519 815 1606 868 illa
1637 823 1691 869 et
1721 828 1842 882 per-

259 921 392 978 fecta
421 925 710 990 praecepta.
743 913 818 968 llli
848 912 988 966 enim
1031 919 1220 964 montes
1241 906 1476 962 altissimi
1501 905 1674 960 cervis.
1706 901 1844 970 Quid

259 1013 422 1084 ergo?
451 1012 538 1067 isti
573 1006 832 1081 pereunt?
879 1005 1014 1060 Non.
1044 1003 1134 1060 Sic
1184 1003 1323 1058 enim
1371 1009 1562 1054 montes
1613 996 1843 1052 altissimi

257 1107 432 1172 cervis,
465 1113 524 1158 ut
553 1111 611 1157 et
649 1101 730 1155 his
781 1098 958 1153 videas
1009 1095 1134 1166 quid
1171 1101 1424 1164 sequatur
1465 1091 1662 1147 :Petra
1703 1094 1842 1162 refuo

257 1199 392 1270 gium
417 1195 586 1250 ericiis
611 1203 657 1250 et
684 1179 954 1262 ieporibus.
983 1188 1309 1257 Quiafactus
1336 1195 1416 1240 est
1459 1182 1720 1238 Dominus
1753 1197 1841 1236 re-

257 1290 456 1360 fugium
487 1285 706 1358 pauperi
732 1282 900 1356 (Psal.
931 1297 1002 1345 ix,
1029 1278 1138 1349 10).
1167 1277 1342 1334 Ponas
1371 1283 1574 1346 petram
1614 1273 1758 1327 illam
1787 1271 1843 1340 in

257 1392 418 1446 terra,
449 1377 714 1447 refugium
739 1383 820 1430 est
847 1372 1025 1428 ericiis
1064 1379 1120 1426 et
1153 1367 1425 1440 leporibus
1458 1383 1471 1418 :
1499 1379 1662 1436 ponas
1698 1363 1842 1416 illam

257 1473 306 1526 in
336 1470 498 1534 mari,
529 1467 720 1523 domus
745 1474 827 1520 est
847 1463 1042 1520 fulicae.
1073 1461 1278 1531 Ubique
1313 1459 1458 1514 utilis
1490 1467 1657 1528 petra.
1691 1457 1754 1510 Et
1789 1457 1840 1510 in

257 1561 528 1620 montibus
547 1559 661 1629 ipsa
689 1555 831 1610 utilis
859 1573 869 1608 :
904 1563 1114 1609 montes
1146 1552 1262 1606 sine
1285 1559 1449 1620 petra:
1496 1547 1842 1602 fundamento

259 1661 480 1708 ruerent
531 1651 585 1705 in
625 1647 965 1720 profundum.
993 1645 1180 1700 Nonne
1211 1642 1526 1714 jamdudum
1558 1640 1624 1694 de
1650 1639 1842 1694 monti-

255 1743 352 1802 bus
407 1741 692 1800 dicebatur
722 1759 734 1795 :
769 1739 889 1794 Illic
923 1737 1150 1792 volatilia
1187 1736 1298 1790 εωιὶ
1346 1734 1728 1796 inhabitabant;
1780 1730 1843 1786 de

258 1838 420 1892 medio
440 1845 698 1906 petrarum
725 1833 915 1885 dabunt
943 1845 1084 1883 voces
1112 1843 1230 1882 suas
1249 1828 1274 1880 ?
1301 1825 1510 1896 Ubique
1535 1837 1660 1892 ergo
1685 1831 1834 1890 petra

255 1927 516 1997 refugium
570 1935 807 1979 nostrum
857 1921 1011 1975 :sive
1067 1918 1118 1973 in
1171 1918 1440 1972 montibus
1496 1915 1704 1970 excelsa
1749 1912 1838 1976 sit,

256 2023 364 2078 sive
390 2023 444 2076 in
484 2021 620 2075 mari
646 2017 895 2074 tundatur
917 2013 1187 2080 ﬂuctibus,
1219 2027 1322 2066 non
1355 2011 1624 2079 frangatur
1661 2009 1701 2074 ί,
1729 2005 1841 2060 sive

257 2117 476 2170 interra
505 2111 794 2176 solidetur;
826 2109 893 2163 ad
918 2107 1060 2162 illam
1105 2105 1268 2168 cervi,
1289 2103 1354 2156 ad
1394 2101 1534 2155 illam
1567 2099 1741 2164 fulica,
1773 2097 1841 2152 ad

257 2207 398 2262 illam
431 2205 586 2275 lepus
615 2213 670 2258 et
708 2201 920 2262 ericius.
963 2195 1208 2254 Tundant
1261 2202 1477 2266 pectora
1517 2193 1744 2260 lepores,
1787 2198 1842 2243 et

255 2299 403 2356 ericii
446 2297 806 2352 confiteantur
849 2301 1063 2361 peccata
1110 2303 1242 2342 sua:
1277 2285 1404 2340 licet
1445 2283 1682 2353 cooperti
1734 2281 1841 2334 sint

255 2389 476 2445 minutis
501 2385 716 2458 quidem
745 2381 1172 2454 quotidianisque
1213 2377 1476 2450 peccatis;
1499 2391 1606 2430 non
1641 2375 1720 2429 eis
1761 2383 1836 2426 ta-

255 2499 372 2537 men
402 2479 558 2536 deest
591 2487 760 2548 petra,
790 2491 907 2546 qua:
935 2475 1053 2530 illos
1075 2471 1256 2527 docuit
1282 2469 1480 2533 dicere,
1509 2465 1715 2520 Dimitte
1743 2481 1838 2518 no-

255 2575 322 2630 bis
349 2573 518 2628 debita
539 2582 734 2634 nostra,
762 2563 890 2624 sicut
911 2577 956 2622 et
979 2583 1068 2621 nos
1095 2563 1390 2618 dimittimus
1421 2559 1723 2614 debitoribus
1749 2575 1841 2611 uo-

255 2668 366 2720 stris
418 2663 636 2735 (Matth.
665 2660 882 2732 v1.12).
907 2658 1063 2714 Petra
1099 2656 1354 2728 refugium
1400 2652 1563 2706 ericiis
1609 2661 1654 2704 et
1703 2650 1842 2720 lepo-

254 2757 409 2813 ribus.

321 2847 414 2904 i9.
442 2845 599 2926 {vera
631 2827 744 2917 ἀεὶ]
782 2833 921 2896 Fecit
966 2841 1138 2894 iuuant
1178 2839 1232 2892 in
1277 2845 1524 2906 tempora.
1583 2829 1840 2900 Intelligi-

253 2941 372 2997 mus
393 2923 746 3008 spiritualiter
799 2929 1092 2988 Ecclesium
1134 2935 1466 2985 crescentem
1493 2923 1560 2980 de
1595 2923 1836 2988 minimo,

254 3041 306 3091 et
327 3035 433 3088 ista
453 3029 786 3087 murtalitate
815 3027 939 3081 vltze
985 3019 1379 3094 quodammodo
1429 3019 1836 3081 senescentem;

253 3125 344 3182 sed
387 3133 449 3179 ut
489 3123 819 3194 'prOpinquet
863 3118 930 3172 ad
955 3115 1146 3172 solem.
1181 3109 1297 3168 Non
1335 3111 1488 3166 istam
1518 3111 1694 3163 lunam
1723 3105 1841 3160 dico

253 3217 522 3276 Visihilem
575 3215 764 3280 oculis,
795 3211 886 3269 sed
936 3225 1054 3281 quae
1084 3209 1187 3264 hoc
1233 3206 1448 3261 nomine
1495 3201 1837 3273 significatur.

255 3311 354 3370 Ista
375 3307 599 3382 quando
644 3303 870 3364 obscura
913 3311 1028 3360 erat
1073 3299 1333 3364 Ecclesia,
1366 3293 1576 3367 quando
1605 3291 1842 3348 nondum

253 3403 566 3476 apparebat,
589 3397 823 3455 nondum
843 3393 1130 3458 eminebat,
1163 3389 1553 3446 seducebautur
1570 3385 1837 3448 homines,

253 3494 632 3553 indicebatur,
661 3489 786 3545 Haec
830 3495 913 3543 est
957 3483 1213 3550 Ecclesia,
1245 3481 1330 3536 hic
1359 3489 1441 3534 est
1483 3475 1757 3540 Christus;
1790 3483 1844 3526 ut

253 3587 549 3661 sagittath
589 3585 644 3637 in
673 3581 880 3637 obscura
923 3581 1044 3632 luna
1085 3587 1245 3630 rectos
1289 3575 1436 3628 card.
1484 3567 1648 3644 (Psal.
1675 3585 1730 3632 x,
1762 3567 1840 3638 3).

254 3659 410 3738 Ilodo
436 3683 602 3749 quam
631 3673 804 3731 caicus
829 3679 911 3726 est
937 3669 1024 3741 qui
1049 3668 1203 3740 plena
1227 3668 1348 3722 luna
1384 3661 1560 3720 errat?
1589 3659 1732 3716 Fecit
1761 3661 1840 3714 lu.

253 3787 370 3826 nam
381 3772 438 3823 in
453 3745 708 3838 tempore.
725 3757 821 3818 Hic
838 3763 978 3818 enim
1005 3757 1364 3830 lemporalitei‘
1380 3745 1570 3810 transit
1583 3751 1840 3838 Ecclesia;

255 3879 358 3920 non
379 3863 528 3918 enim
555 3859 644 3914 hic
671 3857 773 3913 erit
813 3869 1026 3924 semper
1073 3851 1174 3908 ista
1211 3849 1508 3905 mortalitas
1537 3864 1550 3899 :
1581 3823 1844 3912 augeri‘et

257 3957 424 4013 minui
470 3951 758 4023 aliquando
813 3947 1136 4010 transibit’;
1167 3945 1220 3999 in
1267 3953 1508 4010 tempora
1559 3939 1696 3992 facta
1737 3941 1838 3990 est.

259 4048 350 4105 Sol
391 4045 602 4119 agnouit
639 4057 874 4096 occasum
913 4051 1078 4092 suum.
1106 4035 1175 4089 Et
1217 4033 1302 4088 hic
1327 4031 1444 4102 quis
1479 4029 1580 4094 sol,
1623 4025 1724 4081 nisi
1756 4025 1838 4080 sol

259 4141 344 4197 ille
371 4115 616 4212 justitiu‘,
639 4145 794 4206 quem
823 4131 922 4187 sibi
967 4143 1074 4184 non
1099 4135 1273 4182 ortum
1317 4123 1468 4194 impii
1515 4119 1762 4190 plangunt
1791 4115 1843 4170 in

259 4234 340 4290 die
364 4230 596 4305 judicii?
623 4229 722 4298 Qui
751 4227 942 4282 dicturi
985 4229 1110 4278 sunt
1141 4222 1194 4276 in
1222 4219 1310 4274 illo
1335 4217 1438 4282 die,
1487 4213 1628 4285 Ergo
1659 4212 1846 4268 erravi-

259 4301 418 4380 πιαιά
437 4325 522 4378 uia
543 4321 786 4386 veritatis,
818 4329 864 4372 et
881 4317 1098 4389 justitia:
1131 4315 1296 4368 lumen
1317 4327 1416 4364 non
1445 4309 1572 4362 luxit
1599 4301 1758 4370 nobis,
1799 4313 1846 4358 et

261 4421 334 4473 sol
357 4433 462 4472 non
499 4425 640 4470 ortus
664 4423 736 4468 est
755 4413 897 4468 nobis
928 4409 1087 4480 (Sap.
1121 4423 1176 4471 ν,
1204 4405 1285 4477 6).
1323 4404 1380 4458 Ei
1410 4401 1489 4458 sol
1520 4401 1618 4456 iste
1645 4400 1838 4464 oritur,

259 4511 346 4581 qui
373 4507 627 4578 intelligit
649 4505 945 4560 Christum.
989 4497 1211 4554 ltecedit
1253 4503 1427 4550 autem
1471 4493 1539 4546 ab
1567 4489 1841 4546 intellectu

261 4603 374 4672 ejus
394 4599 664 4658 Christus,
701 4595 790 4665 qui
825 4595 901 4649 sic
925 4593 1086 4645 iratus
1115 4585 1273 4643 fuerit
1301 4585 1448 4640 fratri
1495 4597 1612 4648 suo,
1663 4587 1720 4635 ut
1765 4587 1844 4632 te-

265 4670 386 4750 neat
407 4691 618 4748 odium.
643 4685 824 4758 Itaque
863 4681 1158 4756 irascimini,
1187 4689 1232 4734 et
1259 4679 1414 4732 nolite
1445 4689 1650 4748 peccare
1675 4670 1846 4741 (Psai.

263 4799 332 4853 tv,
363 4785 446 4857 5).
477 4781 728 4839 Charitas
748 4779 846 4834 etsi
869 4775 1114 4831 irascitur
1155 4767 1460 4840 aliquando,
1512 4771 1568 4819 ut
1597 4764 1844 4832 corrigat,

263 4891 366 4934 non
391 4883 606 4931 tenetur
623 4887 743 4938 rea;
771 4871 893 4941 quia
917 4883 1024 4923 non
1051 4863 1362 4920 inveteravit
1389 4862 1484 4924 ira,
1527 4867 1583 4912 ut
1613 4867 1850 4912 vertere-

265 4978 348 5025 tur
372 4970 425 5024 in
459 4967 662 5023 odium.
689 4963 745 5019 Si
772 4969 950 5015 autem
983 4960 1060 5012 ira
1084 4967 1344 5011 conversa
1376 4950 1537 5006 fuerit
1559 4961 1612 5002 in
1643 4947 1845 5012 odium,

265 5063 460 5118 occidit
503 5060 590 5116 sol
639 5065 804 5126 super
835 5050 1161 5109 iracundiam
1213 5053 1467 5100 vestram.
1519 5040 1641 5094 Non
1693 5037 1852 5108 igitur

265 5153 462 5207 occidat
486 5149 572 5205 soi
606 5163 758 5219 super
791 5141 1112 5200 iracundiam
1147 5147 1360 5193 uestram
1395 5133 1608 5204 (Ephes.
1643 5145 1714 5196 iv,
1735 5127 1847 5198 26).

332 5243 423 5299 20.
452 5241 566 5297 Nec
593 5237 806 5309 putetis,
835 5236 1046 5297 fratres,
1077 5230 1198 5284 ideo
1221 5225 1472 5281 nonnulis
1522 5221 1692 5278 solem
1733 5233 1852 5274 esse

269 5335 626 5399 adorandum,
667 5332 791 5403 quia
820 5329 900 5384 sol
955 5329 1008 5382 in
1045 5321 1337 5394 Scripturis
1368 5316 1652 5389 aliquando
1695 5313 1850 5370 Curi--

268 5438 408 5486 stum
429 5425 721 5500 signiﬁcat.
757 5423 912 5478 'Talis
931 5427 1016 5476 est
1049 5417 1190 5473 enim
1227 5412 1496 5470 dementia
1545 5409 1852 5470 hominum;

265 5520 420 5590 quasi
459 5497 794 5574 adorandum
847 5509 1044 5580 aliquid
1097 5508 1326 5570 dicatur,
1355 5517 1476 5557 cum
1519 5497 1735 5565 dicitur,
1763 5497 1854 5552 Sol

267 5589 544 5666 Christum
593 5604 876 5677 signiﬁcat.
931 5601 1108 5656 Adora
1161 5611 1290 5666 ergo
1341 5601 1400 5650 et
1455 5603 1680 5664 petram,
1733 5589 1857 5660 quia

269 5703 540 5760 Christum
583 5698 847 5770 significat
891 5695 930 5766 (l
959 5693 1076 5749 Cor.
1103 5708 1156 5758 χ,
1181 5687 1262 5762 4).
1301 5689 1443 5742 Sicut
1486 5686 1588 5738 ovis
1609 5683 1675 5736 ad
1719 5681 1860 5735 uicti-

227 5813 240 5890 :
337 5817 446 5890 {sic
561 5805 903 5890 insurgeret-
924 5801 1599 5890 reuertatur-.3“-

273 5861 820 6000 σῶὲὲἐέεῖῇὲωά
849 5869 1082 5941 auget-iet
1102 5861 1254 5920 mium
1276 5861 1440 5932 paiest,
1464 5861 1723 5926 aliquando
1745 5871 1857 5926 per-

1393 422 1787 481 ENARRATIO
1825 423 1890 480 IN
1929 426 2246 487 PSALMUM
2282 430 2412 488 CIII.

3383 435 3521 494 1574

1953 560 2086 598 mam
2111 547 2290 602 ductus
2329 559 2400 604 est
2429 548 2580 620 (lsai.
2621 566 2730 612 Llll.
2764 551 2837 619 7);
2889 551 3050 608 adora
3097 562 3152 610 et
3191 567 3366 619 ovem,
3399 557 3522 625 quia

1947 633 2212 694 Christum
2229 638 2507 709 significat.
2523 641 2650 696 Vicit
2667 641 2741 697 leo
2761 641 2824 696 de
2846 641 2978 700 tribu
2997 643 3138 700 Juda
3161 645 3342 717 (Apoc.
3365 662 3417 712 v,
3438 647 3519 716 5);

1947 729 2109 784 adora
2154 741 2208 784 et
2251 731 2478 797 leonem,
2537 733 2658 803 quia
2707 733 2976 790 Christum
3021 735 3302 806 significat.
3331 735 3524 792 Videte

1947 837 2102 890 quam
2145 823 2310 878 multa
2361 824 2629 880 Christum
2680 827 3002 896 significent;
3033 829 3212 882 omnia
3239 829 3336 884 ista
3367 828 3524 884 Chri-

1945 923 2058 970 stus
2085 915 2136 969 in
2168 915 2528 982 similitudine,
2567 933 2670 972 non
2701 917 2756 972 in
2785 920 3124 988 proprietate.
3157 918 3361 987 Quaeris
3399 935 3524 988 pro-

1947 1006 2220 1076 prietatem
2243 1005 2474 1062 Christi?
2503 1007 2570 1062 In
2595 1011 2840 1080 principio
2878 1019 2982 1064 erat
3027 1009 3258 1076 Verbum,
3299 1020 3346 1064 et
3395 1007 3520 1063 Ver-

1947 1099 2060 1152 bum
2099 1108 2205 1154 erat
2239 1101 2378 1168 apud
2413 1099 2590 1154 Deum.
2627 1101 2765 1156 Ecce
2809 1101 3099 1172 proprietas
3149 1100 3380 1168 Christi,
3427 1117 3522 1170 per

1943 1207 2102 1262 quam
2131 1193 2298 1248 factus
2336 1207 2415 1248 es.
2444 1193 2534 1246 Vis
2561 1193 2742 1248 audire
2762 1201 2816 1250 et
2843 1193 3218 1264 proprietatem
3245 1209 3336 1262 per
3361 1207 3521 1261 quam

1945 1285 2170 1340 reiectus
2196 1285 2291 1340 es?
2325 1284 2393 1338 Et
2429 1285 2640 1340 Verbum
2660 1302 2775 1339 caro
2798 1289 2986 1357 factum
3019 1297 3111 1352 est,
3139 1297 3184 1339 et
3209 1285 3444 1340 habitavit
3467 1286 3521 1339 in

1944 1379 2084 1434 nobis
2115 1379 2292 1450 (.loau.
2326 1395 2363 1444 ι,
2397 1380 2448 1444 l,
2481 1379 2589 1446 M).
2621 1378 2823 1432 Caetera
2867 1377 3240 1432 similitudines
3263 1385 3406 1432 sunt.
3437 1375 3520 1430 ln-

1944 1474 2142 1544 tellige,
2192 1481 2309 1529 esto
2345 1471 2630 1541 Scriptura:
2659 1485 2850 1539 capax,
2881 1479 2938 1524 ut
2977 1469 3118 1525 aliud
3148 1469 3327 1524 videas
3362 1468 3518 1538 objici

1943 1567 2112 1621 oculis
2141 1567 2264 1632 tuis,
2295 1564 2437 1618 aliud
2465 1564 2610 1618 innui
2639 1563 2786 1618 cordi
2809 1571 2918 1616 tuo.

2012 1661 2099 1716 2t.
2136 1659 2228 1716 Sol
2247 1675 2376 1730 ergo
2405 1659 2512 1724 ille,
2541 1657 2650 1728 jam
2689 1655 2862 1710 securi
2899 1654 3146 1718 dicimus,
3187 1651 3266 1706 sol
3297 1650 3386 1705 ille
3431 1649 3517 1718 ju-

1943 1755 2124 1821 stitiae,
2169 1769 2274 1808 non
2327 1753 2443 1808 sine
2489 1765 2648 1806 causa
2693 1749 2868 1816 impiis
2901 1761 3005 1801 non
3048 1746 3233 1808 oritur,
3283 1743 3386 1798 etsi
3417 1757 3520 1796 vo-

1946 1847 2062 1902 lunt
2095 1864 2106 1898 :
2137 1846 2250 1916 ipsa
2281 1845 2426 1900 enim
2467 1841 2738 1912 Sapientia
2766 1840 2913 1905 dicit,
2950 1839 3187 1905 Quwreut
3210 1851 3288 1889 me
3304 1833 3446 1898 mali,
3471 1841 3518 1886 et

1943 1955 2044 1992 non
2084 1937 2354 1990 invenient.
2399 1935 2652 2000 Quaerent,
2697 1941 2759 1992 et.
2789 1947 2888 1983 non
2915 1927 3184 1982 invenient.
3213 1925 3281 1980 Et
3319 1921 3521 1994 quare?

1942 2028 2180 2084 Oderunt
2231 2027 2374 2082 enim
2405 2025 2740 2096 sapientiam.
2794 2022 2910 2090 Ipsa
2963 2017 3234 2088 Sapientia
3261 2015 3516 2084 loquitur,

1943 2131 1996 2178 et
2023 2122 2146 2176 dicit
2179 2138 2190 2173 :
2223 2119 2461 2184 (laterent
2497 2132 2575 2170 me
2621 2115 2762 2180 mali,
2796 2121 2840 2168 et
2863 2129 2964 2166 non
2987 2111 3265 2174 invenient;
3307 2107 3523 2162 oderunt

1942 2215 2074 2268 enim
2101 2211 2402 2280 sapientiam
2434 2206 2612 2280 (Prov.
2641 2222 2678 2270 ι,
2710 2204 2802 2270 28,
2835 2203 2951 2272 29).
2995 2202 3052 2256 Si
3099 2215 3227 2270 ergo
3271 2197 3518 2264 oderunt,

1943 2319 2104 2374 quare
2125 2301 2405 2371 quierunt?
2435 2299 2711 2366 Quaerunt,
2737 2311 2842 2350 non
2871 2303 2928 2348 ut
2955 2293 3218 2355 fruantur,
3247 2289 3338 2346 sed
3363 2289 3522 2343 utin-

1945 2397 2171 2458 llcntur;
2204 2399 2450 2462 quaerunt
2465 2387 2820 2452 sermonibus,
2852 2385 3078 2439 oderunt
3109 2381 3366 2436 moribus.
3396 2377 3520 2450 Spi-

1939 2489 2066 2543 ritus
2085 2489 2218 2542 enim
2245 2495 2446 2540 sanctus
2476 2481 2758 2552 disciplinae
2783 2479 2938 2550 fugiet
2965 2477 3158 2546 ﬁctum,
3191 2483 3236 2528 et
3260 2472 3453 2543 auferet
3472 2486 3524 2526 sc

1940 2597 1972 2634 a
2001 2577 2382 2650 cogitationibus
2429 2590 2541 2646 qua:
2585 2582 2701 2628 sunt
2748 2571 2853 2624 sine
2886 2568 3141 2623 intellectu
3187 2565 3340 2637 (Sap.
3369 2578 3409 2630 ι,
3440 2562 3519 2630 5).

1943 2673 2058 2728 Non
2087 2686 2215 2742 ergo
2242 2668 2325 2726 sol
2351 2667 2439 2722 ille
2469 2665 2639 2722 oritur
2661 2662 2858 2732 impiis,
2888 2675 2993 2714 non
3034 2657 3202 2712 oritur
3247 2652 3421 2707 malis.
3455 2651 3522 2705 At

1940 2779 2070 2818 vero
2099 2762 2166 2818 de
2207 2761 2310 2817 isto
2352 2759 2466 2814 sole
2507 2756 2636 2828 quid
2683 2754 2882 2810 dictum
2927 2749 3040 2806 est?
3088 2747 3187 2814 Qui
3223 2745 3346 2815 facit
3368 2743 3525 2798 solem

1943 2874 2090 2912 suum
2130 2856 2249 2909 oriri
2297 2869 2446 2922 super
2485 2850 2640 2904 bonas
2671 2857 2714 2902 et
2755 2847 2936 2910 malos,
2966 2853 3010 2898 et
3033 2841 3158 2912 pluit
3192 2854 3342 2908 super
3355 2837 3525 2908 justos

1943 2959 1988 3002 et
2014 2948 2230 3018 injustas
2265 2942 2478 3014 (Matth.
2512 2957 2567 3006 ν,
2596 2939 2710 3009 45).
2743 2938 2882 3007 Ergo
2929 2933 2994 2988 de
3027 2933 3117 2986 illo
3157 2929 3269 2984 sole
3305 2925 3524 2998 iustitia}

1942 3039 2124 3096 nescio
2149 3035 2275 3106 quid
2304 3033 2566 3106 significat
2583 3031 2822 3102 psalmus
2847 3027 2948 3081 iste
2984 3019 3276 3079 secundum
3327 3025 3526 3088 myste-

1942 3132 2108 3194 rium;
2140 3143 2261 3184 nam
2297 3125 2544 3181 videmus
2581 3121 2683 3175 ista
2727 3118 2841 3174 ﬁeri
2889 3117 2939 3171 in
2971 3125 3212 3170 creatura
3237 3109 3400 3165 etiam
3431 3119 3516 3161 se-

1943 3223 2174 3280 cundum
2221 3219 2454 3289 speciem
2495 3229 2673 3270 rerum
2719 3207 3004 3266 visibilium
3040 3223 3052 3260 :
3083 3201 3178 3260 Sol
3209 3199 3526 3272 aguovitoc-

1943 3331 2115 3371 casum
2153 3327 2321 3367 suum.
2361 3307 2500 3376 Quid
2526 3315 2627 3370 est,
2670 3300 2767 3358 Sol
2811 3299 3012 3371 agnovit
3063 3307 3296 3350 occasum
3340 3285 3526 3343 suum?

1944 3409 2192 3466 Christus
2233 3404 2447 3478 agnovit
2477 3399 2778 3472 passionem
2817 3407 2968 3448 suam
2999 3408 3010 3442 :
3037 3399 3258 3456 occasus
3304 3378 3524 3448 Christi,

1947 3501 2124 3574 passio
2145 3475 2363 3553 Christi.
2397 3493 2502 3549 Sed
2547 3485 2801 3558 numquid
2831 3485 2908 3540 sic
2950 3481 3031 3536 sol
3070 3475 3280 3540 occidit,
3313 3481 3370 3527 ut
3419 3483 3525 3524 non

1945 3571 2184 3648 oriatur?
2214 3583 2473 3656 Numquid
2499 3583 2584 3654 qui
2605 3579 2808 3644 dormit,
2841 3592 2942 3630 non
2979 3571 3184 3642 adjiciet
3217 3575 3268 3620 ut
3299 3571 3529 3633 resurgat

1947 3684 2115 3756 (Psal.
2151 3698 2238 3750 χι,
2266 3681 2349 3750 9)?
2381 3693 2558 3751 nonne
2595 3675 2708 3746 ipse
2731 3669 2884 3737 dixit,
2917 3665 3144 3720 Dormivi
3166 3657 3428 3715 turbatus?
3473 3665 3526 3710 et

1945 3747 2013 3832 de
2034 3777 2123 3830 illo
2151 3747 2347 3828 dictum
2383 3747 2485 3836 est,
2511 3767 2753 3822 Exaltare
2777 3777 2928 3832 super
2976 3758 3145 3820 caelos,
3177 3753 3316 3807 Deus
3357 3747 3525 3818 (Psal.

1947 3885 2052 3934 LVI,
2082 3869 2136 3932 5,
2167 3865 2258 3936 6)?
2307 3863 2470 3933 Ergo,
2522 3857 2618 3913 Sol
2655 3855 2854 3928 agnovit
2899 3863 3131 3905 occasum
3180 3855 3372 3898 suum:
3403 3835 3528 3908 quid

1947 3971 2049 4028 est,
2078 3935 2317 4030 agnouit?
2349 3949 2706 4024 Approbavit,
2735 3943 2927 4014 placuit
2960 3941 3027 3996 ei.
3055 3941 3118 3992 Et
3149 3935 3290 3989 unde
3341 3940 3526 3986 osten—

1946 4019 2270 4118 ditnusqtiia
2313 4019 2547 4116 agnovit,
2583 4041 2680 4094 hoc
2707 4045 2805 4100 est,
2859 4033 3052 4104 placuit
3077 4025 3163 4084 ei?
3203 4023 3338 4092 Quid
3385 4019 3528 4076 enim

1948 4163 2054 4202 non
2085 4142 2229 4198 novit
2257 4139 2433 4196 Dens?
2458 4137 2584 4208 quid
2617 4149 2721 4188 non
2754 4127 2903 4186 novit
2926 4121 3207 4183 Christus?
3237 4119 3304 4173 Et
3345 4125 3526 4171 tamen

1947 4241 2187 4296 dicturus
2212 4243 2292 4290 est
2315 4235 2365 4287 in
2396 4205 2499 4284 line
2526 4223 2844 4298 quibusdam
2878 4239 2892 4276 :
2923 4217 3044 4273 Non
3065 4213 3282 4269 uovivos
3313 4205 3524 4281 (Matth.

1947 4350 2041 4400 vn,
2069 4331 2184 4400 25).
2218 4322 2497 4396 Quomodo
2534 4335 2660 4391 ergo
2707 4315 2798 4380 ibi,
2857 4311 2978 4366 Non
3019 4307 3130 4360 novi
3171 4320 3276 4364 vos,
3320 4314 3422 4354 non
3450 4303 3527 4351 est

1948 4427 2120 4497 quasi,
2298 4417 2462 4489 ignoti
2503 4413 2654 4476 estis,
2693 4409 2810 4477 sed,
2855 4421 2960 4460 non
2989 4401 3118 4457 mihi
3172 4395 3421 4468 placetis;
3454 4391 3530 4446 sic

1949 4527 2002 4574 et
2024 4517 2129 4578 hic,
2155 4513 2356 4584 agnovit
2378 4522 2610 4563 occasum
2633 4517 2799 4564 suum,
2825 4495 3019 4568 placuit
3041 4492 3114 4547 illi
3133 4499 3354 4544 occasus
3380 4495 3530 4538 suus.

1949 4607 2002 4663 Si
2028 4571 2247 4660 enimei
2297 4599 2624 4670 displiceret,
2668 4587 2955 4662 quomodo,
2983 4578 3286 4656 pateretur?
3319 4571 3533 4631 Homini

1948 4699 2115 4764 enim,
2142 4695 2266 4766 quia
2287 4699 2496 4748 nonest
2527 4689 2615 4742 ille
2645 4683 2744 4750 sol,
2784 4677 2994 4737 etiamsi
3039 4671 3314 4742 displiceat
3355 4663 3534 4736 passio

1951 4807 2070 4858 sua,
2102 4789 2298 4860 patitur
2327 4792 2381 4840 et
2407 4779 2546 4852 quod
2569 4793 2672 4832 non
2699 4773 2831 4829 vult.
2863 4769 2954 4826 llle
2981 4775 3158 4822 autem
3187 4776 3289 4816 non
3317 4767 3530 4827 patere-

1952 4855 2064 4947 tur,
2089 4855 2189 4933 nisi
2222 4877 2268 4930 ei
2295 4873 2570 4944 placeret:
2603 4865 2654 4920 id
2683 4873 2786 4928 est,
2819 4860 2918 4915 nisi
2951 4859 3264 4928 agnosceret
3283 4855 3530 4901 occasum

1953 4989 2125 5037 suum,
2157 4984 2257 5022 non
2289 4965 2590 5026 occideret;
2619 4959 2740 5028 quia
2767 4957 2881 5028 ipse
2903 4953 2996 5017 ait,
3027 4967 3044 5000 ‹
3077 4947 3397 5002 Pot‘éstatem
3429 4937 3530 4990 ha-

1953 5065 2055 5120 beo
2085 5059 2311 5134 ponendi
2335 5058 2566 5112 intimam
2594 5065 2787 5115 meatu,
2819 5055 2870 5103 et
2889 5047 3201 5116 potestatem
3243 5033 3412 5088 habeo
3437 5029 3538 5082 ite-

1953 5176 2070 5217 rum
2099 5151 2344 5212 sumendi
2372 5167 2490 5206 eam
2523 5168 2532 5202 :
2565 5161 2721 5202 nemo
2766 5141 2902 5196 tollit
2924 5151 3038 5190 eam
3069 5147 3097 5186 a
3132 5145 3238 5194 me,
3292 5123 3385 5179 sed
3437 5135 3537 5192 ego

1959 5215 2070 5321 ipse
2098 5263 2211 5300 eam
2243 5259 2382 5314 pono
2408 5257 2436 5295 a
2465 5255 2550 5294 me
2579 5257 2595 5289 ι
2631 5235 2806 5308 (Joan.
2828 5235 2882 5296 ἱ,
2915 5227 3022 5296 18).
3049 5223 3204 5292 Ergo,
3228 5215 3428 5289 agnouit
3450 5227 3536 5266 oc-

1955 5358 2128 5397 casum
2152 5356 2207 5392 su
2216 5355 2242 5390 ιι
2251 5355 2317 5389 in.

2027 5433 2118 5488 22.
2159 5430 2330 5504 [vers.
2357 5425 2447 5489 20,
2473 5421 2587 5494 2L]
2615 5419 2684 5474 Et
2714 5413 2860 5486 quid,
2898 5423 3018 5466 cum
3051 5401 3243 5461 occidit
3270 5400 3372 5466 soi,
3417 5413 3536 5452 cum

1961 5491 2256 5598 passus‘est
2287 5491 2587 5574 Dominus‘i
2613 5511 2788 5565 Facta:
2813 5512 2934 5560 sunt
2953 5497 3196 5572 quaedam
3223 5493 3458 5548 tenebrae.
3489 5491 3538 5541 iu

1961 5589 1998 5680 it
2011 5619 2248 5692 postolis,
2281 5611 2472 5670 defecit
2498 5621 2620 5676 spes
2645 5609 2852 5664 eorum,
2895 5593 3087 5666 quibus
3122 5589 3295 5660 primo
3319 5597 3542 5650 magnus

1963 5671 2344 5776 etrredemptor
2391 5699 2626 5756 omnium
2676 5691 2973 5746 videbatur.
3016 5681 3230 5750 Quare?
3259 5697 3277 5729 ι
3313 5671 3542 5732 Posuisti

1964 5773 2241 5864 tenebras,
2267 5808 2322 5852 et
2352 5795 2488 5848 facta
2513 5799 2595 5843 est
2623 5801 2728 5842 nox
2760 5803 2774 5839 :
2809 5783 2877 5836 ibi
2906 5773 3307 5852 pertransibunt
3354 5777 3541 5820 omnes

1967 5853 2368 5964 Hestiaeus.
2402 5881 2576 5943 Catuli
2629 5881 2840 5936 leonum
2881 5869 3175 5946 rugientes,
3203 5871 3266 5922 ut
3311 5853 3544 5930 rapiant,
