4058 6484
488 340 633 403 1576

489 460 795 533 qumrentes
842 465 875 511 a
903 450 1019 510 Deo
1061 462 1243 511 escam
1291 448 1394 508 sibi
1425 467 1448 505 ι
1476 449 1577 526 (a).
1598 448 1739 518 Quid
1781 446 2079 518 intelligam

492 547 840 627 spiritualiter
868 545 1077 603 catulos
1103 545 1343 612 leonum,
1372 543 1475 600 nisi
1501 539 2079 646 Spiritualia‘nequit-ite

495 642 711 718 (Ephes.
739 655 810 708 vi,
840 638 960 711 12)?
987 638 1114 712 quid
1143 638 1436 710 intelligam
1484 636 1587 693 nisi
1612 635 1751 692 mala
1787 634 2074 701 daemonia,

494 751 616 809 quae
638 735 901 792 daemonia
932 742 1223 806 pascuntur
1269 730 1542 790 erroribus
1589 729 1899 786 hominum?
1944 728 2081 784 Sunt

494 830 637 887 enim
665 829 935 902 principes
963 828 1371 895 daemoniorum,
1407 835 1463 884 et
1491 834 1615 883 sunt
1642 825 1904 881 daemonia
1933 838 2080 895 quie-

495 921 617 978 dam
649 918 1087 992 contemptibilis.
1132 920 1238 978 Ista
1266 920 1528 976 daemonia
1569 918 1829 975 seducere
1875 918 2081 973 animas

495 1023 760 1085 quaerunt,
788 1013 882 1069 sed
923 1014 1014 1069 ubi
1053 1014 1135 1069 sol
1179 1029 1289 1069 non
1336 1021 1488 1069 ortus
1517 1019 1632 1079 est;
1663 1010 1900 1067 tenebras
1932 1010 2077 1066 enim

496 1114 642 1161 sunt.
673 1105 890 1162 Etcum
932 1106 1170 1162 tenebrae
1196 1115 1343 1174 sunt,
1386 1112 1633 1176 quaerunt
1674 1102 1834 1160 catuli
1866 1103 2082 1159 leonum

496 1214 631 1269 quos
659 1191 937 1258 dévorent.
969 1198 1085 1270 ipse
1111 1200 1197 1255 ieo
1223 1198 1414 1270 major,
1453 1198 1699 1268 princeps
1725 1197 1962 1251 omnium
2004 1205 2082 1251 ta-

495 1289 621 1345 lium
652 1291 888 1360 leonum,
913 1291 1038 1362 quid
1060 1290 1127 1347 de
1155 1291 1250 1347 illo
1274 1290 1477 1347 dictum
1508 1290 1629 1346 est?
1656 1308 1675 1342 ι
1703 1288 1929 1346 Nescitis
1954 1288 2081 1361 quia

494 1380 832 1439 adversarius
881 1391 1062 1439 vester
1116 1382 1384 1449 diabolus,
1442 1390 1695 1453 tanquam
1750 1383 1837 1437 leo
1865 1381 2080 1453 rugiens

494 1472 715 1541 circuit,
743 1489 990 1545 quierens
1025 1490 1183 1546 quem
1212 1475 1433 1531 devoret
1466 1494 1484 1527 ι
1517 1474 1561 1546 (l
1588 1474 1731 1529 Petr.
1754 1490 1808 1540 v,
1838 1474 1935 1577 8)?.
1954 1473 2081 1530 Ideo

501 1583 520 1618 ί
544 1576 845 1636 quaerentes
869 1582 900 1622 a
922 1568 1031 1622 Deo
1060 1581 1236 1623 escam
1267 1566 1401 1633 sibi;
1428 1584 1447 1619 ι
1470 1567 1591 1638 quia
1616 1581 1715 1623 nec
1743 1566 1938 1622 tentari
1960 1578 2081 1636 qms

494 1665 671 1728 potest
698 1675 726 1713 a
752 1659 984 1726 diabolo,
1034 1660 1137 1715 nisi
1185 1660 1528 1731 permittente
1554 1659 1691 1715 Deo.
1720 1659 1822 1715 Job
1863 1669 2081 1715 sanctus

493 1760 617 1807 ante
665 1751 933 1808 diabolum
972 1761 1112 1819 erat,
1165 1760 1220 1808 et
1260 1760 1441 1808 tamen
1488 1752 1646 1823 longe
1674 1752 1742 1807 ab
1782 1752 1875 1807 illo
1920 1760 2077 1807 erat:

493 1853 709 1913 aSpectu
734 1852 859 1899 ante
880 1844 1048 1913 illum,
1071 1852 1334 1914 potestate
1360 1854 1601 1901 remotus
1625 1844 1826 1902 abillo.
1854 1845 2081 1912 Quando

493 1933 717 1990 auderet
746 1944 951 1993 tentare
974 1937 1060 1993 vel
1083 1951 1323 2005 carnem,
1352 1936 1438 1993 vel
1483 1935 1761 1994 facultates
1801 1937 1917 2008 ejus
1948 1951 2083 2008 quas

492 2029 821 2098 possidebat,
848 2030 951 2085 nisi
979 2030 1276 2101 accepisset
1300 2030 1660 2101 potestatem?
1698 2029 1874 2099 Quare
1901 2039 2078 2086 autem

495 2116 654 2175 datur
687 2120 961 2191 potestas?
985 2122 1091 2177 Aut
1130 2121 1200 2177 ad
1249 2120 1583 2177 damnandos
1619 2120 1833 2192 impios,
1876 2129 1969 2178 aut
2013 2120 2081 2179 ad

494 2213 799 2283 probandos
828 2215 964 2285 pios.
1009 2215 1160 2271 Juste
1207 2214 1310 2271 hoc
1352 2224 1521 2271 totum
1553 2215 1811 2272 Dominus
1858 2218 1994 2289 agit;
2026 2226 2082 2274 et

490 2304 545 2360 in
573 2306 843 2363 neminem
888 2306 1047 2363 habet
1084 2306 1330 2364 diabolus
1374 2316 1718 2379 potestatem,
1750 2310 1837 2366 vel
1879 2310 1933 2365 in
1983 2311 2081 2367 ali-

493 2399 620 2471 quid
646 2400 786 2471 ejus,
810 2400 912 2456 nisi
937 2402 1026 2457 ille
1052 2401 1334 2469 concedat,
1363 2402 1450 2458 cui
1491 2412 1576 2459 est
1604 2411 1845 2474 potestas
1870 2419 2079 2462 summa

493 2499 547 2547 et
572 2491 834 2548 sublimis.
863 2490 954 2549 Sic
981 2492 1217 2559 diabolo,
1250 2494 1329 2550 sic
1371 2493 1576 2551 homini
1602 2494 1745 2551 nulla
1793 2504 1877 2552 est
1924 2506 2079 2567 pote-

490 2590 600 2639 stas
623 2584 675 2640 in
700 2584 995 2653 hominem,
1018 2588 1119 2641 nisi
1146 2587 1379 2659 desuper
1397 2586 1571 2643 detur.
1600 2588 1784 2645 Stabat
1806 2589 1973 2660 judex
1991 2591 2078 2645 vi-

489 2693 678 2733 vorum
706 2688 760 2734 et
780 2689 1110 2735 mortuorum
1134 2689 1259 2735 ante
1290 2680 1560 2736 hominem
1597 2682 1855 2753 judicem,
1888 2691 1944 2739 et
1991 2683 2078 2739 in-

489 2770 636 2827 ﬂavit
662 2787 722 2828 se
751 2772 912 2829 homo
927 2772 1092 2844 judcx
1122 2773 1310 2829 videns
1329 2784 1453 2830 ante
1478 2790 1538 2831 se
1553 2774 1846 2843 Christum,
1874 2784 1930 2831 et
1956 2776 2030 2831 ait
2059 2794 2077 2834 :

491 2861 675 2918 Nescis
703 2864 822 2934 quia
864 2873 1154 2934 potestatem
1191 2864 1350 2920 habeo
1395 2866 1655 2921 occidendi
1694 2876 1741 2920 et
1793 2866 2079 2922 dimittendi

490 2956 573 3010 te?
592 2957 663 3012 At
689 2957 780 3013 ille
806 2957 895 3029 qui
918 2966 1140 3014 venerat
1176 2966 1232 3014 et
1259 2974 1383 3015 eum
1412 2958 1631 3027 docere,
1659 2975 1689 3015 a
1720 2975 1826 3032 quo
1871 2960 2079 3032 judica-

490 3046 648 3105 batur
677 3066 691 3104 :
722 3048 846 3104 Non
866 3050 1092 3120 haberes,
1123 3051 1314 3123 inquit,
1344 3052 1397 3107 in
1432 3068 1512 3107 me
1531 3062 1844 3125 potestatem,
1872 3055 1969 3110 nisi
1999 3072 2079 3111 es-

489 3148 566 3194 sel
608 3140 698 3195 tibi
720 3141 1075 3214 desuperdata
1111 3142 1291 3215 (Joan.
1324 3159 1435 3211 XIX,
1462 3145 1549 3213 lO,
1579 3144 1693 3218 11).
1727 3146 1797 3202 Ει
1838 3146 1998 3203 homo
2024 3156 2079 3205 et

489 3231 733 3290 diabolus
756 3242 811 3290 et
853 3235 1102 3306 quaelibet
1129 3236 1391 3292 dtemonia
1436 3238 1649 3294 nonnisi
1689 3250 1903 3310 accepta
1928 3250 2080 3312 pote-

488 3333 629 3383 state
657 3335 854 3383 nocent
878 3345 894 3384 :
919 3328 1015 3384 sed
1040 3328 1443 3400 proﬁcientibus
1470 3345 1575 3385 non
1598 3342 1811 3387 nocent.
1832 3333 1981 3389 Malis
2004 3335 2077 3391 ita

488 3427 616 3476 sunt
635 3427 885 3491 tanquam
903 3421 1040 3490 ignis
1067 3420 1221 3486 feno;
1250 3422 1406 3478 bonis
1426 3423 1499 3477 ita
1526 3433 1912 3495 sunttanquam
1941 3425 2078 3498 ignis

489 3524 643 3566 auro.
671 3510 1018 3567 Manducatus
1044 3521 1127 3568 est
1163 3513 1329 3569 Judas
1362 3522 1421 3569 ut
1445 3514 1660 3581 fenum;
1694 3517 1949 3586 probatus
1995 3527 2079 3575 est

488 3602 590 3660 Job
620 3612 679 3659 ut
703 3619 909 3659 aurum.
938 3603 1166 3660 Posuisti
1191 3605 1438 3671 tenebras,
1467 3618 1518 3661 et
1538 3611 1674 3679 facta
1703 3618 1776 3662 est
1803 3625 1906 3665 nos:
1924 3625 1945 3665 :
1970 3611 2077 3666 illic

489 3696 860 3770 pertransibunt
899 3714 1069 3752 omnes
1116 3697 1284 3754 bestiis
1327 3699 1484 3753 silvaz.
1523 3698 1642 3755 Jam
1697 3699 1881 3757 bestias
1927 3702 2078 3760 silvas

487 3787 594 3844 alio
619 3787 779 3844 modo
806 3806 819 3843 :
851 3789 954 3845 alio
982 3789 1124 3846 enim
1151 3799 1205 3846 et
1230 3791 1336 3845 alio
1362 3790 1521 3847 modo
1568 3806 1783 3863 semper
1813 3795 1830 3825 ί
1857 3794 1957 3850 ista
1995 3796 2078 3852 in-

488 3882 835 3954 telliguntur;
864 3884 1135 3954 quomodo
1163 3884 1419 3940 Dominus
1446 3885 1560 3956 ipse
1589 3902 1781 3958 agnus,
1823 3888 1938 3959 ipse
1967 3890 2073 3949 leo.

490 3972 628 4042 Quid
659 3982 767 4029 tam
798 3974 1071 4031 diversum
1121 3991 1280 4047 quam
1321 3992 1490 4049 agnus
1514 3986 1573 4035 et
1620 3978 1741 4035 leo?
1766 3979 1874 4036 Sed
1898 3983 2075 4053 qualis

489 4068 698 4137 agnus?
727 4067 827 4136 Qui
869 4070 1106 4125 vinceret
1152 4069 1357 4141 lupum,
1392 4071 1630 4127 vinceret
1674 4072 1906 4130 leonem.
1954 4076 2076 4147 Ipse

488 4168 661 4229 petra,
695 4159 810 4231 ipse
838 4169 1037 4232 pastor,
1070 4162 1184 4234 ipse
1218 4162 1400 4233 janua.
1431 4162 1621 4220 Pastor
1649 4165 1815 4222 intrat
1846 4182 1943 4238 per
1984 4168 2075 4238 ja-

490 4262 650 4304 nuam
684 4266 698 4305 :
727 4257 784 4305 et
833 4252 984 4320 dicit,
1015 4252 1127 4324 Ego
1162 4269 1273 4308 sum
1295 4262 1467 4324 pastor
1483 4255 1675 4321 bonus;
1701 4266 1755 4312 et
1781 4257 1930 4325 dicit,
1960 4259 2076 4333 Ego

489 4358 600 4397 sum
625 4344 791 4412 janua
823 4341 932 4415 (Id.
958 4360 1018 4413 κ,
1041 4346 1094 4413 7,
1126 4343 1237 4417 li).
1264 4344 1441 4417 Ipsum
1472 4346 1643 4403 leonis
1670 4363 1865 4407 nomen
1893 4351 2076 4409 Domi-

490 4450 616 4491 num
652 4434 951 4507 signiﬁcat;
981 4436 1126 4507 quia,
1162 4436 1293 4492 Vicit
1333 4438 1410 4494 leo
1448 4438 1513 4494 de
1551 4439 1685 4495 tribu
1708 4439 1852 4498 Juda
1888 4444 2069 4516 (Apoc.

488 4543 542 4596 v,
571 4528 648 4600 5),
678 4539 733 4585 et
760 4528 1067 4596 diabolum;
1090 4531 1237 4601 quia,
1260 4530 1588 4588 Conculcavit
1613 4535 1807 4591 leonem
1828 4538 2071 4596 ctdraco-

490 4636 609 4676 nem
638 4620 807 4691 (Psal.
830 4633 916 4687 xc,
950 4621 1062 4692 15).
1087 4621 1284 4679 Discite
1314 4624 1394 4680 sic
1438 4624 1756 4698 intelligere,
1788 4643 1908 4686 cum
1940 4631 2074 4703 ﬁgu-

489 4719 605 4767 rate
642 4710 745 4767 ista
772 4710 1054 4778 dicuntur;
1082 4727 1152 4768 ne
1185 4711 1323 4768 forte
1347 4714 1436 4770 ubi
1464 4715 1703 4785 legeritis
1730 4720 1873 4790 quod
1911 4720 2073 4779 Chri-

490 4815 598 4860 tum
653 4805 915 4876 signiﬁcat
960 4814 1111 4877 petra
1150 4806 1194 4878 (l
1224 4807 1341 4862 Cor.
1385 4824 1453 4873 ι,
1490 4806 1570 4882 4),
1623 4813 1818 4885 ubique
1862 4825 2068 4887 petram

487 4897 758 4954 Christum
807 4897 1022 4969 putetis.
1073 4896 1344 4969 Signiﬁcat
1385 4900 1489 4956 alia
1531 4911 1691 4973 atque
1737 4906 1881 4975 alia,
1925 4909 2067 4968 sicut

486 4993 661 5050 littera
690 5007 796 5066 quo
826 4992 944 5048 loco
969 5001 1199 5065 ponatur
1227 4992 1346 5050 vide
1366 5036 1380 5060 ,
1410 4994 1483 5051 ibi
1510 4997 1758 5071 intelligis
1778 5001 1897 5073 ejus
1933 5004 2063 5063 vim.

486 5086 541 5142 Si
563 5086 795 5143 audieris
819 5086 1049 5142 litteram
1080 5086 1307 5157 primam
1333 5086 1388 5143 in
1415 5090 1631 5146 nomine
1664 5091 1795 5160 Dei,
1829 5102 1884 5151 et
1908 5103 2064 5166 puta-

484 5182 628 5238 veris
650 5195 767 5236 eam
796 5195 1010 5251 semper
1031 5178 1099 5234 ibi
1131 5179 1462 5249 ponendam,
1495 5175 1697 5240 delebis
1721 5200 1839 5241 eam
1880 5187 1933 5243 in
1962 5203 2065 5245 no-

482 5272 627 5329 mine
654 5272 873 5328 diaboli.
902 5272 985 5328 Ab
1030 5270 1217 5327 eadem
1247 5271 1391 5328 enim
1423 5274 1596 5331 littera
1634 5276 1820 5348 incipit
1867 5295 2064 5339 nomen

484 5363 599 5428 Dei,
629 5379 657 5418 a
681 5379 785 5435 qua
817 5363 1003 5436 incipit
1026 5379 1220 5420 nomen
1241 5362 1473 5432 diaboli;
1498 5377 1553 5423 et
1574 5367 1707 5424 nihil
1737 5380 1842 5426 tam
1869 5371 2065 5445 disjun-

482 5467 664 5524 ctum,
716 5471 875 5527 quam
932 5456 1074 5512 Deus
1126 5465 1183 5513 et
1233 5456 1496 5514 diabolus.
1546 5458 1680 5517 Vide
1728 5477 1855 5534 ergo
1904 5481 2065 5536 quam

482 5548 745 5607 absurdus
769 5558 851 5606 est
875 5563 907 5607 a
935 5549 1095 5607 rebus
1119 5558 1175 5607 et
1201 5549 1448 5609 humanis
1473 5559 1528 5610 et
1547 5551 1761 5625 divinis,
1789 5556 1882 5629 qui
1906 5557 2061 5618 dixe-

539 5731 557 5767 ί
582 5738 702 5782 nes
722 5737 849 5790 uss,
870 5743 1015 5794 sape.

473 5794 797 5913 “(abnego
836 5793 1010 5847 verSus
1035 5793 1136 5859 jam
1155 5807 1302 5861 supra
1323 5798 1568 5862 exposuit,
1589 5799 1640 5852 in
1656 5802 1819 5854 Enarr.
1851 5801 1975 5857 Psal.
1997 5810 2059 5871 c,

546 5892 560 5909 Ο
591 5892 675 5923 ll,
705 5892 779 5911 ινα

1693 330 1755 390 S.
1791 323 2160 389 AUGUSTINI
2196 325 2499 391 EPISCOPI

3621 360 3767 426 I370

2183 448 2255 503 rit
2273 448 2342 553 de
2362 449 2539 555 littera
2566 456 2821 529 singulari
2850 459 2912 530 D,
2949 459 3067 521 Non
3090 463 3251 526 debet
3278 469 3467 532 haberi
3494 475 3552 536 in
3587 485 3768 555 capite

2181 540 2414 645 nominis
2440 544 2659 615 diaboli,
2687 559 2743 607 et
2783 566 2907 609 cum
2943 558 3238 630 quaesieris,
3271 568 3490 637 quare?
3535 540 3768 645 resp-on:

2181 631 2342 729 deat:
2371 635 2483 708 Ego
2511 638 2565 694 in
2594 644 2813 700 nomine
2834 645 2928 702 Dei
2955 647 3055 720 legi
3082 652 3236 710 istam
3257 631 3511 717 litteram.
3539 631 3769 729 Bidetur

2182 726 2313 797 iste;
2342 747 2466 789 nam
2491 749 2592 791 nec
2615 738 2737 794 talis
2762 750 2845 796 est
2860 743 2944 798 cui
2970 744 3205 816 digneris
3231 752 3454 811 reddere
3473 726 3767 825 rationem;

2181 820 2357 930 Nolite
2382 840 2510 899 ergo
2555 837 2661 884 tam
2691 835 2966 903 pueriliter
2989 854 3181 912 sapere
3209 847 3369 904 etiam
3416 851 3514 907 ista
3544 820 3768 930 divina,

2182 925 2241 973 ut
2268 916 2407 975 forte
2434 920 2627 993 aliquis
2653 937 2888 984 vestrum
2909 973 2924 998 ,
2952 935 3073 1003 quia
3112 935 3223 994 dixi
3274 945 3519 1012 superius
3569 916 3772 1010 bestias

2182 1010 2329 1067 silvae
2356 1013 2658 1085 signiﬁcem
2702 1020 2920 1091 Gentes,
2952 1027 3114 1083 modo
3164 1010 3353 1089 autem
3391 1036 3513 1094 dico
3567 1042 3772 1104 bestias

2181 1102 2331 1159 silva:
2352 1106 2651 1177 signiﬁcare
2670 1112 2933 1171 daemonia
2963 1128 3018 1175 et
3051 1124 3268 1195 angelos
3290 1134 3768 1208 prtevaricationis,

2182 1203 2332 1287 putet
2353 1196 2418 1253 iis
2438 1214 2525 1256 me
2550 1200 2750 1273 aliquid
2773 1212 3101 1267 contrarium
3144 1196 3343 1274 dicere.
3376 1196 3775 1287 Similitudines

2182 1286 2323 1341 enim
2354 1299 2496 1355 sunt,
2530 1302 2584 1347 et
2612 1294 2663 1349 in
2690 1311 3026 1372 quocumque
3053 1303 3173 1362 loco
3193 1318 3337 1377 sunt,
3367 1314 3775 1378 circumstantia

2181 1378 2266 1433 sui
2295 1391 2651 1451 exponuntur.
2676 1386 2795 1442 Illic
2829 1397 3203 1461 pertransibunt
3224 1418 3395 1458 omnes
3416 1404 3587 1461 bestia:
3606 1412 3770 1467 silvae.

2182 1468 2316 1525 Ubi?
2336 1470 2391 1527 In
2424 1486 2581 1533 nocte
2608 1494 2764 1549 quam
2790 1486 2967 1553 posuit
2998 1487 3275 1560 Dominus,
3306 1498 3427 1564 quia
3453 1501 3532 1555 sol
3564 1508 3775 1575 agnovit

2183 1576 2416 1617 occasum
2456 1582 2622 1621 suum.
2675 1570 2845 1628 Catuli
2892 1576 3093 1637 leonum
3135 1586 3406 1656 rugientes,
3444 1601 3500 1645 ut
3541 1570 3773 1667 rapiant,

2181 1664 2459 1723 quaerentes
2478 1675 2510 1712 a
2530 1658 2637 1715 Deo
2666 1679 2829 1719 escam
2858 1669 2973 1725 sibi.
3001 1670 3189 1729 Merito
3221 1677 3472 1736 Dominus
3511 1658 3777 1746 venturus

2182 1747 2247 1800 ad
2277 1762 2525 1808 occasum
2556 1769 2733 1823 suum,
2766 1759 2880 1828 ipse
2920 1765 3001 1818 sol
3021 1766 3245 1835 justitiae
3274 1786 3572 1843 agnoscens
3608 1796 3773 1839 occa-

2183 1855 2300 1944 sum
2330 1858 2506 1946 suum,
2548 1849 2622 1903 ait
2645 1851 2945 1922 discipulis,
2971 1864 3220 1931 tanquam
3249 1868 3485 1925 tenebris
3502 1872 3697 1933 futuris
3726 1879 3769 1947 ⁸,

2182 1933 2468 2037 circuitum
2495 1938 2669 2009 leone,
2700 1954 2758 1999 ut
2784 1961 3051 2015 quaereret
3078 1969 3236 2023 quem
3277 1958 3592 2033 devoraret,
3625 1933 3774 2037 quod

2182 2024 2271 2080 ille
2293 2026 2378 2083 leo
2401 2032 2668 2088 neminem
2696 2034 2998 2108 devoraret,
3029 2045 3131 2100 nisi
3168 2060 3412 2117 peteret:
3446 2024 3771 2132 Hac'nocte,

2183 2117 2388 2191 inquit,
2421 2127 2692 2193 postulavit
2720 2141 2925 2189 satanas
2945 2151 3126 2194 vexare
3150 2157 3235 2197 vos
3263 2147 3391 2200 sicut
3431 2151 3685 2220 triticum;

2182 2230 2272 2285 ego
2294 2218 2465 2287 rogavi
2490 2236 2582 2289 pro
2602 2230 2668 2287 te,
2697 2221 2870 2292 Petre,
2892 2244 2956 2281 ne
2974 2230 3175 2299 deﬁciat
3201 2235 3327 2304 ﬁdes
3347 2246 3433 2293 tua
3454 2241 3603 2312 (Luc.
3632 2218 3772 2317 Xalt,

2183 2306 2422 2412 ἓξὲξ).
2452 2309 2639 2412 l‘ionne
2664 2314 2856 2373 Petrus
2876 2334 2996 2376 cum
3024 2331 3106 2379 ter
3128 2331 3343 2398 negavit
3372 2306 3585 2400 (Matth.
3617 2306 3772 2412 xxvt;

2182 2396 2367 2473 ’ΖΟ-74)
2400 2442 2416 2468 ,
2468 2400 2580 2473 jam
2626 2405 2769 2464 inter
2801 2411 2989 2470 dentes
3030 2396 3221 2475 leonis
3248 2396 3403 2478 erati
3441 2426 3607 2483 Catuli
3660 2396 3771 2488 leo:

2180 2506 2301 2544 num
2325 2494 2596 2565 rugientes,
2633 2507 2690 2552 ut
2716 2502 2938 2572 rapiant,
2977 2517 3025 2561 et
3062 2517 3115 2563 ut
3142 2524 3371 2581 quierant
3404 2534 3436 2571 a
3460 2517 3569 2574 Deo
3602 2539 3771 2581 escam

2179 2581 2293 2638 sibi.

2251 2675 2340 2768 25.
2376 2676 2525 2749 [vers.
2554 2680 2670 2757 22.]
2701 2683 2855 2743 Ortus
2895 2698 2970 2745 est
3014 2694 3113 2750 sol.
3142 2694 3240 2764 Qui
3276 2698 3429 2767 dixit,
3460 2702 3773 2768 Potestatem

2182 2767 2339 2825 habeo
2361 2774 2586 2841 ponendi
2611 2778 2834 2834 animam
2871 2799 3056 2853 meam,
3084 2798 3133 2842 et
3171 2800 3465 2861 potestatem
3499 2799 3656 2857 habeo
3678 2767 3777 2861 ite;

2178 2878 2294 2918 runt
2321 2870 2553 2924 sumendi
2605 2888 2753 2941 eam;
2797 2882 2999 2949 agnovit
3042 2898 3273 2942 occasum
3300 2908 3468 2961 suum,
3497 2905 3551 2952 et
3598 2902 3777 2969 posuit

2179 2970 2297 3063 eam
2357 2970 2501 3017 ortus
2529 2971 2603 3019 est
2630 2966 2731 3031 sol,
2753 2979 2808 3024 et
2833 2975 3035 3045 recepit
3060 2992 3199 3035 eam.
3235 2980 3389 3040 Ortus
3426 2998 3499 3041 est
3518 2966 3618 3059 sol,
3646 2994 3775 3064 quia

2180 3052 2376 3109 occidit
2401 3056 2501 3125 sol,
2531 3058 2625 3115 sed
2656 3076 2762 3118 non
2801 3067 3096 3127 exstinctus
3122 3083 3205 3130 est
3232 3078 3333 3135 sol.
3361 3081 3549 3139 Adhuc
3573 3052 3773 3160 eis-qui

2179 3160 2285 3202 non
2318 3148 2619 3222 intelligunt
2638 3153 2927 3228 Christum,
2954 3164 3067 3235 ipsa
3092 3183 3196 3225 nox
3226 3182 3340 3239 est;
3381 3176 3555 3235 adhuc
3583 3182 3659 3237 eis
3687 3148 3773 3243 sol

2179 3250 2330 3296 ortus
2359 3258 2465 3299 non
2493 3255 2578 3302 est
2606 3265 2619 3301 :
2645 3250 2864 3319 instent,
2895 3265 2951 3312 ut
2989 3258 3303 3333 intelligant,
3328 3282 3395 3323 ne
3438 3272 3717 3341 rapiantur
3738 3292 3772 3334 a

2178 3335 2423 3406 rugiente
2453 3338 2629 3397 leone.
2662 3343 2794 3401 Nam
2824 3362 2950 3406 ecce
2974 3353 3167 3422 quibus
3208 3368 3358 3416 ortus
3386 3335 3627 3429 est,-non
3672 3385 3770 3427 eos

2177 3429 2377 3486 audent
2402 3432 2657 3493 invadere
2682 3441 2841 3497 catuli
2872 3443 3109 3504 leonum.
3126 3449 3377 3523 Sequitur
3398 3458 3539 3513 enim
3565 3478 3579 3515 :
3613 3460 3772 3522 Ortus

2178 3530 2250 3616 est
2270 3524 2367 3590 sol,
2394 3534 2443 3579 et
2466 3535 2758 3604 congregati
2778 3546 2916 3605 sunt,
2942 3548 2988 3595 et
3006 3542 3062 3597 in
3090 3544 3336 3604 cubilibus
3360 3553 3469 3609 suis
3492 3556 3767 3616 cubabunt.

2176 3612 2641 3722 magis-magisque
2689 3625 2779 3683 ubi
2806 3631 2826 3662 ⁸
2857 3633 3027 3689 oritur
3054 3637 3136 3693 sol
3183 3639 3299 3709 iste,
3335 3654 3395 3699 ut
3442 3612 3772 3722 intelligatur

2176 3707 2245 3763 ab
2272 3710 2406 3803 orbe
2461 3721 2720 3775 terrarum
2748 3762 2764 3789 ,
2812 3733 2866 3779 et
2915 3728 3238 3789 clariﬁcetur
3283 3707 3529 3797 Christus
3570 3707 3770 3803 inutoto

2176 3802 2411 3900 mando,
2438 3820 2830 3882 congregantur
2874 3822 3031 3877 catuli
3081 3823 3332 3897 leonum;
3368 3832 3457 3889 illa
3498 3835 3767 3900 daemonia

2176 3894 2500 4001 recedunta
2541 3908 2914 3971 persecutione
2965 3912 3241 3987 Ecclesize,
3272 3894 3391 3990 qnze
3440 3894 3771 4001 instigabant

2177 3989 2425 4083 persequi
2468 3989 2684 4050 domum
2718 3997 2836 4068 Dei,
2864 4007 3137 4073 operando
3182 4011 3235 4066 in
3280 3989 3398 4071 ﬁliis
3428 3989 3765 4083 difﬁdentiae.

2175 4075 2308 4182 Nam
2333 4078 2533 4139 dictum
2552 4094 2674 4144 est:
2702 4089 2997 4149 Secundum
3020 4099 3296 4170 principem
3324 4075 3765 4185 potestatis-aeris;

2174 4169 2423 4283 gitijnunc
2471 4189 2710 4283 operatur
2737 4182 2791 4237 in
2821 4186 2941 4255 ﬁliis
2984 4169 3645 4272 inﬁdelitatis-(Ephesm,

2175 4261 2335 4362 blodo
2353 4265 2464 4336 jam
2486 4270 2608 4341 quia
2650 4289 2808 4333 nemo
2853 4294 3038 4338 eorum
3085 4292 3330 4362 persequi
3360 4261 3532 4353 audet

2173 4355 2503 4453 siam,gortus
2522 4374 2597 4420 est
2620 4368 2717 4432 sol,
2742 4378 2790 4424 et
2827 4380 3119 4449 congregati
3146 4355 3283 4439 sunt.
3307 4385 3375 4441 Et
3393 4388 3480 4444 ubi
3503 4355 3674 4448 sunt?‘
3689 4355 3771 4453 ἐς

2172 4448 2245 4547 re
2269 4451 2515 4547 cubilibus
2538 4457 2645 4514 suis
2685 4462 2956 4521 cubabant.
2997 4448 3204 4528 Cubilia
3255 4490 3458 4547 eorum,
3486 4483 3646 4539 corda
3680 4448 3770 4543 in;

2173 4541 2432 4635 ﬁdelium.
2462 4547 2632 4616 Quam
2660 4554 2815 4610 multi
2855 4569 3047 4629 gerunt
3074 4562 3257 4623 leones
3281 4541 3540 4630 cubantes
3568 4576 3620 4631 in
3638 4541 3767 4635 cor-

2172 4632 2328 4741 dibus
2355 4637 2510 4741 suis?
2532 4640 2648 4698 Non
2701 4645 2827 4702 inde
2876 4664 3182 4739 erumpunt,
3210 4674 3318 4716 non
3343 4661 3543 4722 faciunt
3584 4632 3763 4741 impe-

2172 4734 2285 4827 tum
2311 4730 2363 4785 in
2393 4730 2548 4789 istam
2589 4729 3019 4809 peregrinantem
3068 4746 3387 4811 Jerusalem.
3429 4757 3605 4827 Quare
3650 4729 3762 4823 non

2172 4818 2567 4918 faciuntiQuia
2613 4828 2728 4900 jam
2768 4843 2912 4891 ortus
2955 4847 3027 4894 est
3052 4842 3150 4911 sol,
3182 4852 3236 4900 et
3260 4818 3507 4918 splendet
3534 4854 3590 4909 in
3644 4818 3763 4915 toto

2170 4913 2300 4970 orbe
2322 4923 2606 4975 terrarum.

2238 5006 2345 5108 24..
2363 5008 2516 5083 [υενσ.
2545 5012 2663 5089 23.]
2692 5014 2838 5091 Ergo
2860 5019 2981 5079 vide
3002 5018 3133 5096 quid
3157 5040 3432 5105 sequatur,
3453 5036 3577 5108 quia
3615 5048 3763 5100 ortus

2168 5108 2242 5155 est
2265 5100 2365 5169 sol,
2393 5113 2443 5157 et
2487 5110 2779 5179 congregati
2827 5122 2963 5182 sunt,
2990 5125 3039 5171 et
3064 5119 3120 5174 in
3160 5100 3553 5185 cubilibus—sitis
3600 5134 3764 5190 cuba-

2168 5190 2309 5249 bant.
2340 5195 2477 5264 Quid
2508 5206 2584 5268 tu,
2611 5215 2647 5257 o
2675 5200 2834 5259 homo
2862 5206 2999 5264 Dei?
3025 5212 3150 5282 quid
3174 5224 3251 5282 tu,
3281 5230 3315 5272 o
3340 5218 3580 5277 Ecclesia
3606 5223 3707 5281 Dei
3733 5227 3763 5283 τ

2165 5287 2294 5358 quid
2323 5296 2401 5358 tu,
2428 5305 2462 5347 o
2484 5306 2681 5363 corpus
2717 5295 2940 5370 Christi,
2967 5302 3120 5375 cujus
3146 5318 3305 5380 caput
3350 5312 3408 5368 in
3454 5315 3596 5371 coelo
3631 5324 3718 5373 est
3736 5318 3764 5374 2

2166 5381 2293 5483 quid
2340 5385 2586 5483 tufacis,
2617 5405 2653 5445 ο
2697 5391 2877 5462 homo,
2926 5399 3102 5456 unitas
3144 5402 3309 5473 ejus?
3342 5404 3532 5475 Exiet,
3560 5410 3758 5483 inquit,

2167 5473 2412 5574 homo-ad
2437 5493 2567 5549 opus
2595 5497 2766 5539 suum.
2798 5486 3063 5559 Operetur
3081 5507 3210 5565 ergo
3236 5496 3339 5553 iste
3384 5473 3546 5557 homo
3588 5473 3763 5574 opera

2164 5565 2304 5625 bona
2330 5570 2383 5626 in
2414 5573 2699 5634 securitate
2738 5579 2886 5651 pacis
2924 5582 3199 5656 Ecclesiae,
3222 5599 3475 5660 operetur
3499 5565 3671 5667 usque
3698 5598 3758 5656 in

2161 5744 2390 5879 “402::
3054 5766 3334 5830 thuatuor
3350 5779 3762 5838 prosequuntur:

2226 5873 2248 5905 ³
2268 5874 2341 5925 sic
2362 5880 2470 5927 ηδε.
2494 5882 2551 5928 At
2571 5873 2817 5943 Edd.,'ibi.
