4058 6480
278 381 414 442 1377

275 498 456 553 ﬁnem.
488 496 790 569 Aliquando
809 500 950 557 enim
976 500 1079 559 erit
1103 502 1346 576 quaedam
1386 506 1787 564 contenebratio
1809 506 1853 574 ’,

276 600 327 647 et
356 589 446 645 ﬁet
474 590 695 661 quidam
739 593 991 664 impetus,
1020 596 1116 653 sed
1143 598 1197 653 in
1223 614 1466 671 veSpera,
1489 601 1541 656 id
1558 609 1643 657 est
1672 601 1725 657 in
1751 601 1859 657 ﬁne

273 682 456 739 mundi
485 702 501 740 :
529 686 692 742 modo
718 694 895 743 autem
923 689 976 743 in
1017 705 1149 761 pace
1174 700 1229 748 et
1249 694 1627 765 tranquillitate
1665 709 1858 767 Opera-

271 783 357 830 tur
387 774 667 844 Ecclesia;
711 779 832 849 quia
873 780 1002 835 exiet
1042 783 1191 838 homo
1220 784 1288 839 ad
1321 803 1449 859 opus
1489 804 1658 857 suum,
1692 797 1740 844 et
1789 789 1860 845 ad

269 868 617 933 operationem
643 886 787 925 suam
816 888 973 942 usque
991 874 1060 928 ad
1088 890 1367 948 uesperam.

339 957 432 1015 25.
467 961 620 1033 [νει-ε.
648 961 767 1034 24.]
796 963 962 1032 Quam
1022 970 1348 1041 magniﬁcam
1392 984 1511 1028 sunt
1548 990 1703 1047 opera
1746 983 1856 1045 tua,

268 1050 526 1107 Domine!
555 1053 741 1111 Merito
791 1072 998 1128 magna,
1055 1061 1247 1119 merito
1293 1065 1523 1122 excelsa.
1565 1066 1669 1123 Ubi
1719 1066 1859 1124 facta

266 1152 389 1199 sunt
414 1159 579 1216 opera
616 1145 716 1203 ista
763 1156 869 1203 tam
908 1153 1137 1222 magna?
1165 1169 1283 1226 qua:
1326 1156 1414 1212 illa
1456 1158 1617 1213 statio
1640 1158 1737 1214 Dei
1762 1158 1855 1216 ubi

266 1236 435 1305 stetit,
468 1239 553 1293 vel
574 1256 692 1309 quae
733 1240 824 1296 illa
875 1243 1045 1299 sessio
1074 1246 1163 1302 ubi
1188 1248 1209 1279 '
1237 1249 1393 1316 sedit,
1424 1260 1479 1306 et
1524 1251 1623 1308 ista
1669 1268 1859 1323 opera-

269 1339 349 1386 tus
370 1333 631 1405 est?quis
661 1334 810 1391 locus
856 1336 947 1393 ubi
1003 1338 1103 1395 ista
1156 1353 1405 1413 operatus
1428 1346 1543 1400 est?
1572 1346 1713 1402 unde
1735 1361 1859 1417 pro-

269 1434 551 1480 cesserunt
572 1426 742 1496 primo
773 1428 871 1483 ista
900 1440 1004 1485 tam
1030 1431 1294 1503 pulchra?
1320 1435 1376 1492 Si
1414 1435 1482 1491 ad
1508 1438 1736 1494 litteram
1762 1455 1856 1496 ac-

267 1517 455 1586 cipias,
488 1519 662 1573 omnis
700 1520 944 1578 ordinata
992 1533 1238 1581 creatura
1263 1569 1278 1595 ,
1318 1528 1561 1586 ordinate
1610 1546 1853 1600 currens,

270 1610 513 1665 ordinate
544 1611 789 1683 pulchra,
812 1615 1055 1673 ordinate
1082 1620 1284 1688 oriens,
1317 1622 1560 1681 ordinate
1582 1626 1853 1697 occidens,

266 1699 512 1757 ordinate
554 1717 814 1775 peragens
860 1708 1036 1762 omnia
1082 1717 1343 1782 tempora,
1372 1714 1512 1771 unde
1557 1719 1856 1786 processit?

266 1790 379 1863 Ipsa
416 1803 597 1849 autem
646 1796 885 1852 Ecclesia
939 1802 1210 1870 quomodo
1255 1806 1457 1876 accepit
1504 1807 1851 1876 incrementa,

265 1900 567 1953 successus,
598 1889 1025 1958 perfectionem?
1070 1895 1349 1964 Quomodo
1375 1899 1676 1959 destinatur
1695 1904 1760 1959 ad
1788 1904 1853 1960 ﬁ-

266 1992 384 2033 nem
433 1980 723 2049 quemdam
786 1982 1239 2043 immortalitatis?
1304 1989 1509 2057 Quibus
1574 1996 1854 2064 praconiis

265 2071 631 2140 praedicatur?
656 2075 847 2146 quibus
890 2081 1157 2151 mysteriis
1187 2086 1637 2143 commendatur?
1664 2091 1855 2159 quibus

264 2167 619 2222 sacramentis
645 2169 991 2225 occultatur?
1017 2188 1117 2244 qua
1142 2175 1516 2245 praedicatione
1542 2183 1855 2239 revelatur?

264 2255 359 2314 Ubi
389 2259 517 2316 fecit
558 2261 675 2317 hare
701 2263 875 2319 Deus?
899 2264 1064 2321 Video
1094 2283 1283 2339 magna
1332 2287 1493 2341 opera
1519 2292 1531 2328 :
1555 2274 1720 2343 Quam
1741 2294 1853 2332 ma-

260 2352 505 2421 gniﬁcam
530 2363 647 2409 sunt
676 2372 830 2425 Opera
870 2367 979 2425 tua,
1003 2360 1219 2417 Domine
1242 2364 1265 2418 Ι
1289 2364 1480 2433 ρυξιπο
1522 2369 1610 2423 ubi
1646 2369 1850 2441 fecerit,

261 2441 433 2498 locum
462 2461 571 2502 non
602 2447 854 2514 invenio;
884 2451 977 2507 sed
1007 2452 1164 2509 video
1181 2455 1307 2525 quid
1337 2470 1592 2529 sequatur
1620 2479 1634 2514 :
1667 2461 1855 2520 Omnia

260 2532 308 2587 in
331 2536 588 2605 sapientia
617 2539 799 2610 fecisti.
822 2540 965 2613 Ergo
1002 2545 1178 2600 omnia
1210 2547 1263 2601 in
1293 2547 1507 2606 Christo
1545 2551 1736 2609 fecisti.
1760 2554 1855 2612 Ille

260 2638 623 2699 contemptus,
652 2633 743 2689 ille
767 2636 1125 2706 expalmatus,
1155 2638 1250 2696 ille
1286 2655 1597 2714 consputus,
1625 2648 1716 2704 ille
1739 2649 1853 2719 spic

257 2720 337 2775 nis
366 2732 680 2791 coronatus,
704 2724 794 2781 ille
831 2729 1153 2799 cruciﬁxus,
1210 2735 1387 2789 omnia
1438 2737 1491 2792 in
1535 2738 1629 2794 illo
1658 2740 1850 2799 fecisti.

256 2812 449 2879 Audio,
483 2815 646 2870 audio
675 2817 801 2887 quid
837 2819 905 2877 de
931 2822 1023 2878 illo
1068 2832 1160 2879 tuo
1209 2826 1379 2883 milite
1410 2831 1622 2887 nunties
1680 2833 1853 2892 homi-

257 2898 447 2970 nibus;
472 2906 604 2976 quid
623 2908 691 2963 de
714 2910 801 2963 illo
824 2926 1072 2981 praecone
1097 2926 1282 2974 sancto
1302 2915 1565 2988 praedices.
1581 2926 1848 2999 gentibus,

255 2993 528 3054 Christum
559 3000 653 3055 Dei
684 3002 944 3061 Virtutem
967 3051 982 3075 ,
1011 3018 1069 3065 et
1093 3009 1189 3066 Dei
1219 2993 1853 3093 Sapientiam._lrrideant

255 3087 421 3145 Judaei
453 3094 772 3151 cruciﬁxum
803 3097 1100 3169 Christum,
1130 3104 1255 3174 quia
1285 3090 1595 3166 scandalum
1632 3121 1713 3168 est
1738 3115 1849 3185 eis;

253 3179 513 3239 irrideant
539 3185 736 3258 Pagani
768 3191 1079 3247 cruciﬁxum
1119 3194 1425 3266 Christum,
1466 3203 1589 3273 quia
1627 3179 1850 3264 stultitia

255 3282 329 3326 est
355 3274 438 3329 eis
464 3292 479 3328 :
512 3274 627 3330 Nos
651 3289 837 3345 autem,
868 3282 1059 3353 inquit,
1089 3288 1429 3356 pmdicamus
1450 3291 1708 3349 Christum
1734 3314 1850 3352 eru-

253 3364 494 3433 tri/imm,
543 3366 740 3425 Judaris
784 3373 985 3443 quidem
1030 3380 1361 3451 scandalum,
1408 3383 1649 3441 Gentibus
1681 3398 1850 3445 autem

252 3456 560 3523 stultitiam;
586 3460 711 3531 ipsis
736 3478 854 3519 vero
881 3468 1066 3523 vocatis
1084 3469 1285 3525 Iudaeis
1305 3484 1352 3527 et
1379 3473 1569 3533 Grauis
1594 3478 1848 3537 Christum

251 3544 346 3601 Dei
390 3548 641 3605 Virtutem
664 3596 680 3621 ,
713 3565 760 3609 et
794 3554 883 3612 Dei
927 3558 1249 3631 Sapientiam
1283 3564 1336 3637 (Ι
1368 3566 1487 3625 Cor.
1513 3585 1532 3627 ι
1550 3612 1567 3639 ,
1590 3570 1661 3628 25
1679 3614 1696 3643 ,
1719 3572 1844 3646 24).

256 3639 439 3697 Omnia
465 3646 521 3698 in
548 3647 798 3717 sapientia
828 3652 1010 3722 fecisti.

317 3734 414 3791 26.
446 3736 667 3809 Repleta
695 3752 770 3796 est
794 3752 927 3800 terra
956 3756 1190 3805 creatura
1210 3759 1315 3807 tua.
1343 3753 1564 3826 Repleta
1592 3768 1675 3815 est
1705 3768 1847 3820 terra

251 3836 497 3882 creatura
529 3828 733 3887 Christi
756 3832 799 3886 ⁸.
828 3835 897 3890 Ει
914 3840 1223 3908 quomodo?
1242 3843 1523 3912 Quomodo
1553 3829 1797 3907 videmu‘s
1825 3870 1839 3907 :

251 3918 374 3987 quid
395 3920 541 3974 enim
570 3936 678 3978 non
700 3938 729 3978 a
758 3924 916 3983 Patre
941 3943 1038 3999 per
1064 3930 1259 3988 Filium
1285 3946 1524 3993 creatum
1546 3942 1667 3995 est?
1687 3942 1845 4009 Quid-

250 4012 371 4081 quid
415 4008 656 4072 ambulat
695 4026 749 4074 et
795 4020 934 4092 repit
986 4022 1041 4079 in
1093 4027 1271 4092 terris,
1317 4029 1572 4102 quidquid
1610 4008 1760 4089 natat
1791 4036 1845 4092 in

250 4106 419 4176 squis,
447 4107 708 4179 quidquid
740 4111 884 4170 volat
911 4113 964 4169 in
985 4130 1132 4184 aere,
1162 4119 1419 4190 quidquid
1472 4122 1526 4178 in
1556 4125 1694 4181 caelo
1740 4128 1845 4182 cir-

248 4200 569 4270 cumagitur,
596 4212 796 4273 quanto
826 4206 995 4277 magis
1035 4216 1176 4264 terra
1196 4251 1212 4276 ,
1253 4221 1397 4270 totus
1425 4216 1656 4273 mundus
1691 4232 1844 4276 crea-

250 4300 361 4350 tura
383 4293 480 4350 Dei
503 4305 607 4351 est.
630 4294 737 4353 Sed
762 4300 946 4357 nescio
970 4302 1097 4372 quid
1118 4302 1206 4359 hic
1232 4306 1496 4377 signiﬁcat
1522 4309 1591 4365 de
1613 4312 1843 4382 quadam

249 4395 490 4444 creatura
539 4404 711 4457 nova,
762 4390 831 4448 de
876 4408 980 4464 qua
1020 4393 1150 4451 dicit
1178 4398 1499 4471 Apostolus,
1544 4402 1606 4459 Si
1647 4421 1749 4476 qua
1787 4407 1843 4462 in

213 4476 218 4517 '-
251 4476 447 4535 CIu-isto
492 4497 624 4536 nova
666 4494 896 4539 creatura
914 4527 930 4552 ,
970 4496 1135 4543 uetera
1178 4494 1519 4560 transierunt;
1559 4512 1669 4553 ecce
1699 4502 1843 4571 facta

248 4582 358 4626 sunt
379 4574 557 4627 omnia
577 4572 600 4605 ⁸
626 4591 755 4630 nova
776 4591 796 4631 :
822 4580 996 4635 omnia
1023 4591 1193 4637 autem
1219 4600 1282 4639 ea:
1308 4584 1419 4641 Deo
1441 4587 1507 4659 (11
1529 4588 1647 4644 Cor.
1672 4605 1723 4660 ν,
1748 4594 1839 4662 17,

252 4662 358 4734 18).
389 4663 545 4719 Nova
571 4674 816 4723 creatura
839 4684 958 4740 quae
983 4672 1117 4728 facta
1144 4682 1246 4740 est,
1269 4690 1457 4733 omnes
1483 4680 1764 4739 credentes
1785 4684 1841 4741 in

250 4750 543 4824 Christum,
570 4768 833 4816 exucntes
858 4775 919 4818 se
949 4771 1185 4819 veterem
1213 4766 1505 4836 hominem,
1528 4780 1583 4827 et
1610 4772 1842 4831 induen-

250 4853 323 4902 tes
348 4863 556 4904 novum
588 4848 805 4923 (Ephes.
829 4869 903 4919 ιν,
931 4854 1023 4919 22,
1046 4854 1164 4928 2i).
1196 4856 1411 4930 Repleta
1438 4871 1510 4917 est
1538 4872 1671 4920 terra
1693 4883 1839 4923 crea-

250 4948 359 4994 tura
398 4950 507 4997 tua.
552 4940 611 4998 ln
652 4959 759 5000 uno
804 4946 927 5003 loco
968 4955 1127 5004 terrae
1154 4950 1440 5009 cruciﬁxus
1473 4964 1619 5025 erat,
1648 4958 1703 5013 in
1732 4974 1840 5016 uno

248 5033 438 5103 exiguo
465 5033 589 5091 loco
614 5035 808 5091 cecidit
831 5053 1056 5109 granum
1086 5040 1218 5097 illud
1245 5042 1298 5097 in
1325 5052 1544 5112 terram,
1572 5056 1628 5103 et
1646 5052 1838 5107 morti-

247 5120 462 5181 ﬁcatum
498 5134 617 5193 est;
646 5126 741 5184 sed
770 5143 1022 5201 magnum
1048 5131 1284 5190 fructum
1309 5137 1505 5192 attulit.
1541 5138 1839 5213 Singularis

248 5229 386 5285 eras,
411 5217 643 5275 Domine
667 5220 818 5290 Jesu,
850 5223 1023 5281 donec
1050 5228 1340 5297 transires;
1368 5245 1601 5302 agnosco
1640 5234 1697 5291 in
1731 5237 1838 5295 alio

244 5309 452 5377 psalmo
482 5324 673 5367 vocem
701 5323 869 5383 tuam,
891 5331 997 5388 qua
1018 5316 1198 5376 dixisti
1223 5338 1237 5373 :
1266 5320 1559 5394 Singularis
1584 5342 1677 5398 ego
1696 5345 1833 5401 sum,

245 5399 404 5457 donec
428 5411 687 5459 transeam
714 5404 885 5478 (Ρεαι.
913 5424 1040 5476 οη,
1069 5411 1181 5482 ιο).
1204 5410 1501 5485 Singularis
1521 5432 1649 5490 ergo
1674 5399 1833 5492 eras,

241 5490 417 5553 donec
444 5499 739 5570 transires;
770 5499 1060 5572 singularis
1085 5518 1229 5576 eras,
1252 5520 1375 5564 cum
1402 5510 1665 5581 agnovisti
1686 5490 1836 5573 occa-

306 5667 1104 5761 ξὶῊὲἷίέἒιοξέηέξξξῇξίέἒῗϐε
1248 5755 1351 5761 _-__
1490 5759 1525 5761 η
1587 5746 1599 5761 .

306 5734 330 5766 ι
356 5740 461 5806 uss.
486 5740 661 5805 carent
681 5734 759 5785 his
773 5739 957 5799 verbis,
978 5740 1118 5802 stetit,
1146 5739 1222 5792 uel
1241 5755 1351 5807 qua:
1371 5742 1460 5797 illa
1480 5746 1645 5820 sessio,
1664 5750 1765 5806 ubi.

312 5794 336 5863 ξ
359 5800 432 5863 sic
451 5792 637 5863 aliquot
656 5802 767 5863 uss.
790 5806 847 5863 A_t
868 5801 1001 5863 ΕΜ..
1030 5808 1255 5854 creatura
1276 5811 1361 5856 tua
1377 5806 1585 5863 chaste.

315 5800 336 5825 ¹
359 5800 432 5844 Sic
451 5800 637 5859 aliquot
656 5802 767 5852 uss.
790 5806 847 5850 At
868 5801 1001 5864 ΕΜ..
1030 5800 1263 5854 creatura
1276 5811 1361 5856 tua
1377 5800 1585 5866 om;

315 5849 338 5881 ⁸
359 5862 477 5920 Vox,
498 5855 679 5923 motio,
703 5858 795 5913 hoc
814 5859 921 5916 loco
940 5864 991 5916 in
1013 5872 1122 5918 Mss.
1143 5867 1299 5920 omitti
1320 5862 1465 5924 solet.

221 5960 253 5979 Υ

1394 386 1790 453 ΕΝΔΒΚΑΤΙΟ
1824 384 1893 449 ΙΝ
1927 388 2251 456 PSALMUM
2285 399 2420 459 Clll.

3407 420 3550 481 1578

1965 523 2083 568 sum
2114 522 2301 573 tuum:
2332 519 2428 576 sed
2463 520 2531 576 ab
2567 536 2759 583 occasu
2790 524 2845 585 in
2879 536 3056 588 ortum
3085 534 3344 593 transisti.
3385 538 3547 597 Ortus

1964 621 2044 675 es,
2075 610 2412 684 splendnisti,
2442 617 2764 679 clariﬁcatus
2790 639 2881 693 es,
2906 641 3031 683 cum
3057 628 3111 686 in
3138 630 3333 688 caelum
3361 648 3544 690 ascen-

1964 698 2109 769 disti,
2137 714 2192 760 et
2218 710 2411 777 repleta
2436 721 2509 768 est
2538 724 2672 771 terra
2704 729 2937 776 creatura
2966 730 3074 779 tua.
3104 724 3407 796 Psalmum,
3436 727 3546 785 fra-

1964 800 2097 888 tres,
2119 799 2355 858 nondum
2376 802 2675 878 ﬁnivimus;
2704 813 2800 870 sed
2825 814 3024 888 aliquid
3056 818 3181 877 inde
3224 820 3279 878 in
3326 823 3550 883 nomine

1960 883 2162 946 Christi
2185 891 2346 951 etiam
2370 895 2439 953 ad
2462 897 2603 958 diem
2631 883 2966 965 Dominicum
2990 907 3324 972 diﬁ‘eramus.

2615 1046 2787 1095 831110
2822 1054 2895 1096 ιν.

2032 1133 2089 1193 1.
2118 1134 2360 1196 Meminit
2396 1140 2642 1203 Charitas
2664 1148 2889 1221 Vestra,
2917 1167 3041 1212 cum
3080 1156 3151 1213 sit
3187 1173 3324 1217 unus
3361 1175 3545 1222 sermo

1962 1225 2059 1284 Dei
2082 1228 2137 1286 in
2160 1231 2453 1305 Scripturis
2480 1239 2732 1299 omnibus
2759 1242 3033 1317 dilatatus,
3057 1258 3112 1305 et
3139 1265 3236 1323 per
3264 1254 3429 1310 multa
3451 1270 3545 1312 ora

1959 1331 2269 1382 sanctorum
2299 1343 2463 1385 unum
2503 1330 2741 1391 Verbum
2788 1347 2982 1408 sonet,
3028 1343 3170 1413 quod
3209 1359 3331 1401 cum
3380 1348 3450 1402 sit
3492 1347 3546 1409 in

1961 1414 2223 1486 principio
2246 1418 2386 1476 Deus
2409 1421 2552 1493 apud
2579 1424 2781 1497 Deum,
2827 1429 2899 1485 ibi
2942 1446 3048 1488 non
3096 1433 3255 1491 habet
3282 1438 3545 1509 syllabas,

1958 1506 2082 1576 quia
2109 1524 2214 1565 non
2245 1510 2407 1569 habet
2437 1523 2717 1587 tempora;
2767 1536 2866 1577 nec
2911 1524 3209 1583 mirandum
3248 1506 3402 1587 nobis
3442 1506 3545 1599 sit,

1959 1600 2083 1669 quia
2110 1612 2329 1673 propter
2353 1605 2717 1668 inﬁrmitatem
2746 1623 2984 1671 nostram
3014 1616 3292 1675 descendit
3330 1620 3398 1677 ad
3428 1637 3550 1692 par-

1958 1689 2149 1747 ticulas
2176 1708 2429 1752 sonorum
2460 1709 2796 1770 nostrorum,
2828 1720 2949 1761 cum
2978 1706 3313 1767 descenderit
3331 1711 3398 1767 ad
3424 1727 3547 1769 sus-

1958 1781 2255 1851 cipiendam
2283 1788 2644 1850 inﬁrmitatem
2669 1799 2912 1868 corporis
2954 1802 3123 1856 nostri
3164 1802 3357 1873 (Joan.
3401 1821 3449 1873 ι,
3478 1807 3505 1862 1
3530 1847 3545 1875 ,

1960 1872 2051 1947 14)
2081 1893 2095 1929 :
2128 1878 2288 1935 istum
2321 1891 2500 1940 tamen
2532 1887 2790 1956 psalmum
2813 1889 2925 1960 jam
2959 1894 3156 1949 multos
3176 1872 3336 1951 nobis
3361 1872 3551 1957 fecisse

1958 1977 2233 2025 sermones
2254 2012 2268 2037 ,
2297 1975 2655 2047 mysteriaque
2680 1978 2793 2049 ipsa
2818 1997 2938 2052 qua:
2965 1983 3051 2039 hic
3070 1984 3248 2040 clausa
3280 1994 3549 2056 tenentur,

1957 2066 2016 2111 ut
2045 2059 2377 2128 pulsantibus
2402 2068 2757 2137 aperirentur,
2780 2075 3024 2132 attulisse
3050 2077 3205 2133 nobis
3230 2093 3335 2135 non
3362 2095 3551 2153 parvas

1958 2163 2055 2218 per
2080 2152 2281 2223 aliquot
2310 2154 2424 2211 dies
2450 2174 2630 2215 moras
2658 2166 2913 2232 temporis
2930 2207 2945 2231 ,
2969 2182 3090 2223 cum
3118 2152 3547 2242 pronuntiantur,

1956 2255 2078 2298 cum
2108 2247 2572 2319 commendantur,
2608 2268 2729 2309 cum
2773 2256 2953 2312 clausa
2996 2273 3117 2315 esse
3160 2272 3545 2332 monstrantur,

1956 2351 2076 2394 cum
2104 2340 2435 2411 aperiuntur,
2465 2359 2587 2401 cum
2618 2356 2900 2417 eruuntur,
2926 2366 3048 2407 cum
3078 2356 3549 2426 ostenduntur;ac

1962 2445 2060 2500 per
2074 2430 2177 2488 hoc
2196 2437 2458 2505 meminit,
2485 2446 2543 2493 ut
2569 2440 2703 2510 dixi,
2728 2442 2974 2501 Charitas
2988 2455 3186 2517 vestra,
3208 2464 3309 2506 nec
3335 2458 3550 2522 praeter-

1956 2523 2031 2579 ito
2055 2526 2141 2582 die
2168 2528 2234 2583 ad
2273 2530 2390 2599 ejus
2417 2535 2699 2591 terminum
2742 2539 2933 2608 psalmi
2976 2554 3075 2596 nos
3123 2544 3404 2612 pervenire
3446 2560 3543 2616 po-

1956 2616 2125 2673 tuisse
2142 2659 2158 2685 ,
2181 2628 2236 2675 et
2260 2620 2531 2681 distulisse
2558 2626 2612 2681 in
2641 2625 2784 2683 hunc
2806 2628 2971 2685 diem.
3003 2631 3181 2689 Voluit
3214 2635 3468 2693 Dominus
3490 2644 3548 2693 et

1956 2716 2168 2781 tempus
2193 2714 2509 2774 redditionis
2536 2720 2690 2777 nobis
2720 2722 2996 2793 exhibere,
3037 2734 3093 2782 et
3133 2744 3220 2785 me
3245 2729 3546 2787 debitorem

1956 2800 2137 2861 debito
2174 2807 2521 2877 satisfacere,
2561 2821 2618 2868 et
2655 2823 2934 2873 exactores
2961 2820 3262 2879 securiores
3290 2824 3543 2883 efficere:

1954 2894 2046 2951 det
2073 2912 2202 2969 ergo
2233 2901 2347 2971 ipse
2368 2903 2565 2961 bonum
2595 2910 2737 2978 quod
2767 2911 3079 2985 reddamus,
3112 2916 3207 2988 qui
3232 2933 3342 2975 non
3362 2918 3545 2977 reddiv

1954 2986 2036 3045 dit
2059 2991 2319 3063 quidquid
2344 2997 2470 3051 mali
2506 2997 2827 3059 feceramus.

2024 3081 2080 3135 2.
2114 3082 2260 3156 [vers.
2292 3086 2383 3153 24,
2414 3087 2530 3163 25.]
2558 3091 3024 3169 Exclamaverunt,
3048 3108 3105 3157 ut
3129 3103 3319 3169 nostis,
3343 3113 3403 3171 ut
3420 3120 3543 3163 cum

1954 3173 2153 3243 pietate
2178 3179 2478 3251 gaudioque
2501 3186 2758 3256 recolitis,
2789 3191 3221 3251 exclamaverunt
3244 3212 3365 3252 cum
3396 3198 3547 3255 Psal-

1953 3280 2042 3319 mo
2069 3267 2269 3323 viscera
2315 3272 2493 3329 cordis
2537 3278 2725 3341 nostri,
2755 3288 2810 3334 et
2832 3280 3121 3340 dixerunt:
3151 3285 3315 3352 Quam
3346 3290 3547 3361 magni-

1953 3358 2106 3428 ﬁcata
2131 3372 2249 3416 sunt
2278 3380 2433 3435 opera
2459 3376 2565 3433 tua,
2596 3368 2849 3427 Domine!
2880 3372 3063 3431 Omnia
3091 3378 3143 3433 in
3176 3358 3541 3455 sapientiai]?-

1951 3450 2063 3506 cisti
2090 3467 2111 3507 :
2136 3454 2327 3524 repleta
2369 3466 2445 3513 est
2486 3469 2621 3515 terra
2666 3473 2901 3520 creatura
2940 3476 3047 3523 tua.
3083 3469 3399 3542 Quidquida
3431 3450 3543 3531 Deo

1951 3541 2151 3601 factum
2178 3557 2281 3616 est,
2310 3549 2362 3605 in
2385 3552 2642 3622 sapientia
2671 3555 2864 3615 factum
2889 3569 2990 3629 est,
3024 3571 3078 3618 et
3103 3578 3199 3635 per
3226 3566 3541 3637 sapientiam

1950 3635 2146 3694 factum
2177 3649 2279 3697 est.
2311 3642 2575 3716 Quidquid
2619 3650 2768 3705 novit
2806 3653 3141 3723 sapientiam,
3189 3666 3245 3714 et
3285 3635 3541 3732 quidquid

1950 3742 2061 3784 non
2089 3733 2236 3788 novit
2263 3735 2597 3808 sapientiam,
2638 3749 2693 3797 et
2734 3751 2911 3801 tamen
2940 3746 2995 3801 in
3019 3758 3259 3805 creatura
3300 3751 3395 3809 Dei
3434 3762 3537 3824 est,

1950 3820 2007 3877 in
2051 3826 2310 3895 sapientia
2353 3828 2549 3887 factum
2592 3841 2704 3903 est,
2751 3846 2806 3892 et
2851 3854 2947 3908 per
2990 3843 3302 3911 sapientiam
3337 3820 3536 3904 factum

1950 3922 2050 3969 est.
2077 3915 2176 3983 Qui
2199 3932 2528 3990 cognoscunt
2552 3925 2891 3994 sapientiam,
2919 3929 3091 3986 lucem
3115 3931 3312 3991 habent
3326 3936 3540 4007 sapien-

1948 4005 2107 4073 tiam;
2154 4010 2243 4079 qui
2283 4025 2391 4067 non
2433 4026 2781 4085 cognoscunt,
2814 4018 3013 4076 habent
3057 4031 3231 4079 tamen
3275 4005 3536 4084 artiﬁcem

1949 4102 2284 4175 sapientiam,
2318 4123 2439 4165 cum
2470 4111 2577 4167 sint
2601 4113 2701 4185 ipsi
2729 4115 2930 4173 detenti
2961 4118 3261 4193 insipientia
3280 4125 3296 4157 ¹
3327 4142 3343 4181 :
3373 4135 3427 4183 et
3445 4127 3537 4198 qui

1946 4208 2065 4249 eam
2096 4196 2269 4255 lucem
2297 4199 2529 4271 habent;
2554 4204 2716 4261 etiam
2741 4210 3001 4267 artiﬁcem
3028 4212 3259 4283 habent;
3290 4232 3396 4274 non
3416 4196 3537 4290 qui-

1946 4302 2174 4360 cumque
2210 4292 2467 4350 artiﬁcem
2511 4295 2743 4368 habent,
2787 4302 2947 4358 etiam
2988 4303 3162 4361 lucem
3202 4305 3418 4365 habent.
3467 4310 3538 4366 Et

1946 4381 2161 4453 quidem
2188 4383 2244 4440 in
2276 4385 2576 4444 hominibus
2604 4391 2754 4446 multi
2796 4402 2921 4450 sunt
2962 4397 3052 4465 qui
3094 4397 3212 4468 ejus
3250 4401 3536 4474 participes

1946 4472 2099 4541 ﬁunt,
2150 4484 2206 4533 et
2246 4479 2513 4549 sapientes
2558 4490 2849 4551 vocantur;
2897 4486 3051 4543 multi
3098 4489 3213 4560 ejus
3255 4472 3533 4563 expertes,

1944 4568 2093 4624 stulti
2120 4571 2483 4628 nominantur.
2524 4574 2749 4646 Propter
2775 4576 2878 4634 hoc
2896 4579 3089 4637 vitioso
3130 4583 3348 4641 nomine
3387 4586 3537 4643 stulti

1944 4662 2300 4733 appellantur,
2326 4665 2448 4737 quia
2492 4665 2539 4722 si
2578 4667 2826 4724 studeant
2863 4671 3159 4743 sapientiae,
3181 4676 3227 4730 si
3255 4684 3456 4746 petant,
3488 4677 3537 4734 si

1945 4765 2207 4825 quaerant,
2234 4755 2281 4811 si
2305 4756 2536 4827 pulsent,
2566 4770 2791 4830 possunt
2820 4765 3104 4833 pervenire
3134 4766 3200 4821 ad
3226 4769 3342 4837 ejus
3363 4770 3534 4838 parti-

1944 4848 2264 4919 cipationem
2289 4867 2303 4905 :
2329 4865 2434 4906 non
2455 4853 2596 4908 enim
2618 4862 2847 4923 naturae,
2878 4856 2974 4914 sed
3002 4857 3336 4930 negligentia:
3362 4859 3532 4917 dene—
3564 4916 3575 4955 ε

1944 4950 2116 5013 gatur.
2159 4942 2296 5000 Sunt
2319 4954 2498 5001 autem
2537 4946 2657 5003 aliae
2692 4958 2970 5017 creaturae,
3009 4967 3132 5023 qua:
3175 4966 3280 5008 non
3308 4961 3534 5024 possunt

1945 5032 2063 5089 ﬁeri
2094 5036 2379 5108 participes
2402 5038 2710 5110 sapientiae;
2742 5042 2879 5098 sicut
2906 5058 3094 5099 omnes
3116 5043 3320 5111 bestiae,
3351 5046 3531 5104 omnia

1943 5139 2158 5197 pecora,
2183 5142 2371 5186 omnes
2400 5130 2639 5201 arbores,
2670 5149 2790 5205 quae
2821 5148 2920 5191 nec
2948 5149 3164 5191 sensum
3205 5135 3403 5193 habent
3442 5137 3528 5193 ul-

1944 5218 2073 5275 lum.
2118 5219 2386 5293 Numquid
2431 5225 2553 5296 quia
2595 5228 2880 5299 participes
2935 5227 3209 5299 sapientia:
3254 5244 3377 5287 esse
3420 5245 3529 5289 non

1943 5323 2189 5385 possunt,
2219 5314 2339 5372 ideo
2364 5332 2469 5373 non
2498 5317 2552 5373 in
2572 5319 2828 5390 sapientia
2849 5328 2904 5376 et
2932 5334 3026 5390 per
3044 5320 3361 5391 sapientiam
3389 5321 3529 5381 facta

1939 5409 2098 5465 sunt?
2140 5408 2255 5466 Non
2294 5426 2424 5483 ergo
2461 5412 2628 5483 exigit
2673 5412 2811 5468 Deus
2850 5411 3177 5469 intellectum
3213 5414 3283 5471 de
3308 5429 3446 5487 equo
3472 5423 3531 5473 et

1939 5502 2088 5559 mulo
2113 5520 2128 5559 :
2159 5503 2252 5560 sed
2282 5503 2586 5561 hominibus
2612 5504 2759 5574 dicit,
2796 5503 2970 5561 Nolite
2990 5522 3100 5563 esse
3124 5508 3255 5564 sicut
3287 5525 3440 5582 equus
3478 5518 3527 5567 et

1938 5594 2107 5653 mulus
2125 5636 2144 5667 ,
2201 5596 2382 5668 quibus
2421 5613 2523 5651 non
2564 5606 2635 5653 est
2680 5597 2957 5657 intellectus
2988 5598 3180 5673 (Psal.
3229 5617 3387 5673 xm,
3430 5602 3522 5674 9).

2005 5752 2023 5787 ³
2048 5748 2217 5834 Ρ¹¹Ξξζ⁶ἰ⁵
2235 5754 2345 5823 “5‘:
2370 5748 2617 5834 093939."
2630 5750 2869 5834 83⁸119⁸1
3014 5754 3210 5834 ἐπεξιξὶ

1935 5813 2159 5867 nonnulli
2183 5814 2305 5874 ιοοο,
2629 5813 2832 5882 habent.
2848 5812 3100 5886 scientia.
3124 5812 3335 5877 Alilcuni
3349 5832 3451 5873 Am.
3467 5825 3520 5871 et

1936 5883 2036 5943 In,
2058 5877 2112 5933 in
2136 5874 2390 5941 sapiattia.
