4058 6484
513 297 652 356 i579

431 429 434 432 ’
507 412 661 482 Quod
690 427 829 485 equo
853 422 1040 471 natura
1077 424 1190 485 est,
1222 417 1422 472 homini
1451 419 1650 475 crimen
1677 428 1780 476 est.
1812 421 1927 476 Hoc
1954 437 2083 493 ergo

506 507 637 563 dicit
656 509 796 565 Deus
815 528 828 566 :
847 510 961 566 Non
991 511 1144 581 exigo
1169 512 1624 581 participationem
1652 514 1927 585 sapientiae
1953 529 2086 570 meae

506 603 572 658 ab
597 602 675 659 eis
695 619 814 674 quae
839 618 944 658 non
968 601 1070 660 feci
1094 603 1160 658 ad
1185 605 1466 674 imaginem
1489 620 1694 671 meam;
1726 606 1818 686 sed
1841 606 1928 661 ubi
1960 607 2080 673 feci,

505 697 628 754 inde
657 700 843 769 exigo,
889 706 944 756 et
978 714 1129 754 usum
1166 699 1284 769 ejus
1313 700 1390 754 rei
1421 700 1650 768 postulo,
1677 716 1835 771 quam
1866 701 2078 756 donavi.

503 790 756 852 Homines
777 806 902 861 ergo
929 791 1212 846 reddentes
1237 791 1346 847 Deo
1371 808 1489 862 quae
1518 792 1612 847 Dei
1641 801 1784 857 sunt,
1816 793 1860 847 si
1883 791 2077 847 Caesari

501 882 730 945 reddunt
752 883 892 952 quod
923 882 1148 938 Caesaris
1173 891 1255 938 est
1284 882 1302 954 (
1328 883 1510 937 Matth.
1537 898 1667 947 χχιι,
1689 883 1760 937 21η
1782 883 1831 953 );
1876 883 1930 936 id
1962 890 2074 952 est,

501 974 784 1030 reddentes
813 973 1009 1028 Cmsari
1036 975 1315 1046 imaginem
1347 989 1517 1039 suam,
1552 984 1603 1028 et
1644 973 1926 1028 reddentes
1967 974 2076 1028 Deo

498 1066 778 1136 imaginem
803 1080 972 1132 suam,
999 1066 1208 1136 erigunt
1229 1068 1394 1135 ipsam
1424 1074 1655 1144 mentem
1682 1081 1852 1132 suam,
1880 1080 1982 1120 non
2006 1065 2073 1120 ad

494 1170 574 1218 se,
608 1155 703 1211 sed
728 1156 793 1212 ad
824 1156 1078 1211 artiﬁcem
1102 1173 1276 1222 suum,
1308 1165 1362 1212 et
1387 1157 1451 1211 ad
1482 1157 1659 1211 lumen
1692 1157 1830 1212 unde
1856 1166 1996 1223 sunt,
2019 1166 2074 1218 et

494 1248 560 1302 ad
588 1248 818 1304 calorem
842 1248 1121 1320 quemdam
1153 1249 1480 1318 spiritualem
1502 1249 1643 1304 unde
1668 1249 1991 1318 fervescunt,
2020 1260 2073 1306 et

493 1338 635 1394 unde
664 1340 856 1394 remoti
883 1338 1192 1408 frigescunt,
1223 1348 1275 1393 et
1302 1338 1439 1394 unde
1475 1340 1788 1395 recedentes
1812 1350 2070 1396 contene-

493 1430 734 1497 brantur,
764 1441 816 1485 et
838 1446 944 1501 quo
965 1439 1296 1486 revertentes
1322 1431 1687 1486 illuminantur
1717 1450 1728 1485 :
1758 1441 1812 1487 et
1835 1434 1953 1502 quia
1984 1433 2071 1503 pie

489 1523 564 1577 illi
591 1523 854 1590 dixerunt,
883 1524 962 1578 Tu
990 1523 1294 1579 illuminabis
1323 1526 1576 1580 lucernam
1603 1543 1784 1590 meam,
1821 1525 2068 1592 Domine;

489 1612 626 1668 Deus
653 1630 812 1681 mens,
841 1613 1148 1668 illuminabis
1175 1615 1398 1670 tenebras
1429 1633 1563 1670 meas
1597 1616 1764 1690 (Psal.
1790 1634 1915 1682 xvu,
1943 1616 2064 1686 29);

487 1705 742 1762 discussis
779 1707 1013 1763 tenebris
1049 1716 1274 1762 terrenae
1312 1709 1570 1776 stultitiae,
1600 1711 1902 1779 aperientes
1929 1727 1987 1766 os
2013 1719 2068 1767 et

486 1796 743 1852 ducentes
765 1799 1030 1867 spiritum,
1063 1801 1292 1870 erigunt,
1320 1811 1379 1855 ut
1403 1801 1534 1870 dixi,
1569 1802 1818 1858 ﬁdentem
1852 1805 2062 1858 oculum

483 1889 689 1956 cordis;
720 1898 774 1945 et
792 1891 1220 1961 circumspiciunt
1248 1901 1424 1948 mente
1445 1895 1746 1948 universum
1771 1895 2061 1965 mundum,

485 1987 712 2045 terram,
755 1995 901 2036 mare
938 1989 992 2036 et
1027 1983 1241 2050 emlum,
1274 1992 1328 2038 et
1364 1983 1603 2039 videntes
1634 1986 1810 2040 omnia
1843 1987 2064 2054 pulchre

482 2071 759 2140 disposita,
788 2073 1026 2130 ordinata
1057 2090 1291 2141 currere,
1319 2076 1484 2145 digeri
1528 2078 1811 2145 generibus
1831 2121 1845 2145 ,
1888 2079 2060 2134 fulciri

481 2163 792 2231 seminibus,
817 2166 1009 2220 mutari
1026 2167 1469 2232 successionibus,
1494 2185 1710 2224 currere
1731 2172 2061 2240 temporibus

481 2255 652 2324 placet
690 2257 768 2312 eis
797 2257 850 2310 in
883 2257 963 2311 his
987 2257 1175 2313 artifex
1196 2301 1210 2324 ,
1251 2268 1306 2313 ut
1332 2268 1384 2314 et
1413 2261 1511 2330 ipsi
1541 2262 1786 2331 placeant
1810 2261 1863 2316 in
1894 2263 2062 2317 artiﬁ-

478 2347 563 2402 cio
585 2348 600 2379 ¹
642 2348 860 2414 artiﬁci;
908 2357 961 2403 et
1002 2350 1303 2404 exclamant
1333 2367 1442 2420 prtc
1472 2367 1661 2422 magno
1691 2351 1904 2422 gaudio,
1937 2354 2058 2424 quia

479 2455 603 2494 vere
635 2440 758 2495 huic
782 2441 977 2495 laetitiae
1004 2441 1133 2496 nihil
1170 2444 1466 2512 comparari
1495 2453 1675 2513 potest
1700 2463 1713 2501 :
1743 2445 1908 2511 Quam
1946 2464 2057 2500 ma-

476 2532 715 2602 gniﬁcata
747 2542 864 2586 sunt
890 2549 1045 2602 opera
1070 2544 1184 2598 tua,
1214 2533 1466 2590 Domine!
1502 2535 1684 2591 Omnia
1721 2538 1772 2592 in
1809 2540 2058 2608 sapientia

476 2622 656 2692 fecisti.
701 2621 800 2677 Ubi
836 2632 915 2677 est
944 2623 1055 2693 ipsa
1081 2621 1337 2693 sapientia
1381 2626 1432 2679 iu
1479 2643 1580 2696 qua
1626 2629 1801 2683 omnia
1844 2629 2057 2684 fecisti?

474 2729 581 2784 quo
610 2730 770 2771 sensu
801 2717 1106 2786 attingitur?
1142 2734 1248 2787 quo
1285 2720 1440 2774 oculo
1472 2721 1676 2776 videtur
1699 2723 1722 2776 ?
1746 2739 1851 2793 quo
1879 2725 2054 2778 studio

474 2808 764 2877 quaeritur?
802 2825 906 2878 quo
947 2810 1139 2866 merito
1177 2813 1511 2881 possidetur?
1555 2815 1670 2882 Quo
1704 2817 1915 2884 putatis,
1951 2816 2052 2871 nisi

474 2899 639 2967 gratia
683 2901 813 2954 sua?
840 2900 942 2968 Qui
969 2902 1184 2956 donavit
1224 2913 1284 2957 ut
1328 2903 1513 2968 simus,
1545 2905 1708 2960 donat
1733 2916 1787 2960 ut
1826 2906 1950 2961 boni
1983 2909 2052 2961 si-

473 3004 613 3043 mus.
641 2990 811 3045 Donat
836 2994 1132 3060 conversis,
1159 2995 1250 3065 qui
1276 3004 1556 3065 antequam
1588 3007 2044 3064 converterentur,

473 3090 527 3138 et
568 3097 689 3137 cum
729 3085 898 3138 aversi
946 3086 1087 3140 irent
1113 3096 1231 3156 post
1255 3088 1368 3142 vias
1395 3102 1550 3154 suas,
1591 3104 1767 3144 nonne
1807 3091 2049 3160 quaesivit

471 3187 564 3229 eos
583 3173 612 3227 ?.
653 3189 828 3231 nonne
871 3175 1185 3232 descendit?
1233 3193 1409 3234 nonne
1441 3179 1671 3234 Verbum
1702 3196 1826 3237 caro
1855 3183 2046 3238 factum

468 3274 570 3331 est,
603 3275 656 3321 et
685 3268 938 3324 habitavit
962 3269 1014 3323 in
1040 3270 1192 3326 nobis
1219 3271 1398 3340 (Joan.
1430 3288 1467 3339 ι,
1502 3273 1630 3345 ΜΠ
1657 3291 1832 3330 nonne
1858 3291 2045 3332 accen-

467 3359 544 3414 dit
569 3361 838 3416 lucernam
865 3365 1042 3417 carnis
1066 3379 1195 3430 suae,
1227 3365 1350 3418 dum
1385 3366 1642 3435 penderet
1685 3370 1735 3423 in
1783 3384 1962 3436 cruce,
1996 3381 2047 3425 et

467 3451 708 3519 quaesivit
730 3453 986 3521 perditam
1009 3453 1315 3510 drachmam
1352 3457 1369 3527 (
1388 3456 1511 3511 Luc.
1546 3475 1633 3526 xv,
1661 3458 1770 3534 8)?
1795 3461 2047 3527 Qua-sivit

465 3552 520 3599 et
547 3545 763 3610 invenit,
794 3546 980 3600 vicinis
1003 3549 1510 3618 congratulantibus,
1539 3551 1590 3605 id
1617 3561 1697 3607 est
1722 3555 1863 3607 omni
1892 3570 2042 3608 crea-

465 3644 582 3691 tura
624 3637 883 3706 spirituali
929 3654 1048 3708 qum
1090 3640 1256 3695 Deum
1300 3643 1546 3710 proxime
1587 3643 1814 3715 attingit.
1845 3645 2044 3702 Vicinis

466 3727 764 3788 'lzetantibus
803 3730 1012 3785 inventa
1054 3741 1134 3786 est
1173 3731 1452 3799 drachma;
1500 3736 1712 3806 Angelis
1747 3737 2044 3793 lzntantihus

462 3827 674 3874 .nventa
701 3829 784 3875 est
801 3821 976 3875 anima
1004 3823 1250 3876 humana.
1288 3824 1501 3879 Inventa
1522 3834 1621 3893 est,
1647 3842 1771 3897 ergo
1792 3829 2039 3899 gaudeat,

461 3921 517 3966 et
539 3912 679 3966 dicat
711 3930 722 3964 :
754 3913 918 3980 Quam
960 3917 1284 3986 magniﬁcam
1322 3927 1440 3971 sunt
1475 3935 1628 3988 opera
1655 3930 1762 3986 tua,
1792 3920 2043 3976 Domine!

465 4002 648 4058 Omnia
675 4007 727 4058 in
749 4007 995 4076 sapientia
1016 4008 1197 4078 fecisti.

530 4098 582 4152 5.
616 4097 825 4166 Repleta
855 4108 927 4153 est
950 4108 1082 4152 terra
1108 4109 1338 4153 crmtura
1364 4110 1467 4154 tua.
1519 4103 1632 4168 Qua
1667 4114 1908 4158 creatura
1955 4115 2038 4159 tua

459 4188 664 4256 repleta
712 4199 793 4242 est
840 4189 1019 4244 terra?
1067 4189 1324 4246 Omnibus
1375 4194 1654 4248 arboribus
1700 4204 1752 4248 et
1796 4195 2036 4264 frutetis,

458 4281 705 4336 omnibus
743 4283 1055 4338 animalibus
1100 4296 1154 4338 et
1196 4287 1507 4355 pecoribus;
1553 4297 1606 4342 et
1647 4289 1894 4344 universo
1925 4291 2039 4360 ipso

458 4387 653 4442 genere
683 4374 931 4440 humano,
957 4375 1155 4444 repleta
1183 4387 1265 4430 est
1294 4386 1431 4432 terra
1455 4389 1695 4434 creatura
1733 4381 1844 4435 Dei.
1877 4382 2034 4437 Vide-

458 4481 597 4530 mus,
631 4466 896 4532 novimus,
933 4468 1177 4537 legimus,
1203 4471 1559 4540 agnoscimus,
1589 4473 1881 4542 laudamus,
1907 4479 2037 4532 etin

458 4554 541 4609 his
564 4555 939 4624 praedicamus;
963 4567 1017 4612 et
1038 4559 1087 4612 in
1113 4559 1193 4613 his
1221 4576 1330 4616 non
1353 4561 1641 4620 sufﬁcimus
1671 4565 1886 4622 laudare
1915 4577 2035 4623 tan—

459 4654 605 4710 tum,
648 4657 901 4717 quantum
940 4649 1174 4706 abundat
1203 4668 1267 4707 ex
1308 4653 1448 4708 bona
1475 4655 1797 4725 inspectione
1821 4674 1914 4715 cor
1944 4678 2036 4717 no-

457 4747 648 4794 strum.
678 4737 786 4796 Sed
814 4742 880 4796 ad
911 4742 1050 4797 illam
1073 4745 1240 4816 magis
1259 4755 1554 4803 creaturam
1580 4749 1833 4807 debemus
1859 4764 2036 4811 atten-

455 4833 585 4888 dere
605 4874 617 4898 ,
666 4835 806 4891 unde
843 4836 972 4893 dicit
1014 4840 1322 4909 Apostolus,
1366 4842 1550 4915 Siqua
1578 4847 1729 4917 igitur
1755 4849 1807 4901 in
1836 4849 2036 4907 Christo

457 4941 584 4980 nova
606 4936 856 4994 creatura,
888 4939 1048 4984 vetera
1075 4933 1414 5000 transierunt;
1442 4953 1552 4991 ecce
1571 4941 1705 5008 facta
1730 4953 1844 4994 sunt
1869 4947 2037 4998 omnia

455 5033 584 5071 nova
611 5018 674 5089 (υ
700 5018 815 5074 Cor.
848 5037 898 5087 v,
931 5023 1038 5093 17).
1067 5023 1195 5090 Quae
1222 5035 1385 5080 vetera
1410 5031 1746 5085 transierunt?
1774 5032 1827 5087 lu
1855 5033 2037 5089 Genti-

457 5109 557 5165 bus
586 5113 767 5168 omnis.
786 5114 1106 5183 idololatria,
1138 5116 1192 5170 in
1227 5117 1355 5187 ipsis
1382 5119 1581 5175 Judaeis
1607 5126 1778 5178 omnis
1805 5126 1890 5178 illa
1918 5142 2032 5181 ser-

455 5201 593 5260 vitus
621 5203 797 5275 Legis,
843 5207 1019 5262 omnia
1068 5209 1157 5265 illa
1181 5210 1434 5266 sacriﬁcia
1463 5217 1871 5282 praenuntiantia
1899 5235 2035 5288 prae-

454 5309 578 5352 sens
619 5299 958 5356 sacriﬁcium.
1005 5301 1322 5360 Abundabat
1349 5312 1478 5361 tunc
1503 5317 1738 5363 vetustas
1765 5310 2031 5379 hominis;

451 5388 600 5442 venit
642 5390 732 5459 qui
768 5403 1049 5449 renovaret
1088 5411 1222 5466 opus
1264 5414 1438 5464 suum,
1474 5403 1618 5455 venit
1655 5404 1741 5472 qui
1778 5405 2034 5462 conﬁaret

452 5488 728 5550 argentum
758 5497 935 5554 suum,
966 5487 1057 5557 qui
1092 5487 1342 5546 formaret
1370 5502 1637 5549 monetam
1664 5509 1834 5564 suam,
1861 5505 1917 5552 et
1949 5508 2031 5553 at-

453 5572 719 5632 tendimus
760 5577 971 5645 plenam
1012 5587 1207 5636 terram
1243 5582 1561 5640 Christianis
1598 5587 1936 5645 credentibus
1979 5592 2031 5646 in

455 5661 643 5730 Deum,
672 5669 1029 5724 evertentibus
1071 5686 1129 5726 se
1173 5689 1200 5727 a
1242 5675 1504 5743 prioribus
1552 5677 1897 5735 immunditiis
1923 5682 2033 5737 suis

518 5774 535 5805 ί
559 5774 816 5840 Sicplures
836 5785 940 5830 uss.
968 5787 1025 5832 At
1045 5782 1177 5845 Edd.,
1199 5782 1252 5835 in
1268 5783 1474 5850 artiﬁce.

1751 303 1808 360 S.
1849 301 2210 361 AUGUSTINI
2253 304 2552 366 EPISCOPI

3641 325 3778 386 £380

2189 430 2242 476 et
2270 422 2586 494 idololatria,
2615 441 2644 481 a
2674 443 2768 498 spe
2795 431 3062 501 praterita
3100 435 3167 490 ad
3204 449 3352 508 spem
3388 438 3512 500 novi
3544 444 3775 499 saeculi:

2187 522 2241 569 et
2265 531 2390 572 ecce
2418 519 2652 574 nondum
2683 531 2764 576 est
2789 523 2841 577 in
2875 539 2959 590 re,
2998 534 3051 580 et
3083 527 3192 597 jam
3236 538 3445 587 tenetur
3483 535 3538 588 in
3582 549 3701 605 spe,
3725 545 3780 593 et

2189 625 2283 679 per
2310 613 2476 682 ipsam
2499 629 2644 685 spem
2664 618 2772 687 jam
2800 629 3072 677 cantamus
3101 633 3154 679 et
3178 625 3425 697 dicimus,
3461 629 3680 702 Repleta
3701 642 3776 688 est

2187 710 2318 758 terra
2337 717 2566 762 creatura
2587 701 2691 763 tua.
2725 710 2966 768 Nondum
3005 718 3147 773 enim
3190 720 3241 774 in
3285 725 3458 791 patria
3494 735 3777 784 cantamus

2186 793 2308 862 hoc,
2338 799 2569 854 nondum
2601 801 2653 856 in
2682 803 2767 857 illa
2791 806 2971 874 requie
2994 823 3112 877 quae
3137 813 3464 880 promittitur
3482 858 3496 882 ,
3530 817 3774 874 nondum

2184 886 2507 944 conﬁrmatis
2571 891 2810 948 vectibus
2880 905 3148 964 portarum
3213 901 3507 961 Jerusalem
3569 907 3770 978 (Psal.

2181 987 2380 1044 chvn,
2417 979 2546 1050 i3);
2590 982 2684 1037 sed
2724 984 2898 1041 adhuc
2941 987 2992 1041 in
3035 994 3462 1063 peregrinatione
3500 999 3773 1057 intuentes

2181 1262 2421 1307 amantes
2461 1256 2620 1310 vitam
2659 1268 2930 1330 aeternam,
2973 1276 3287 1335 spernentes
3325 1283 3671 1344 praesentem,
3714 1283 3773 1332 et

2180 1342 2271 1395 tali
2315 1348 2615 1412 spectaculo
2652 1352 2896 1421 completi
2937 1357 3131 1426 gaudio
3159 1358 3416 1430 dicimus,
3453 1342 3669 1436 Repleta
3697 1374 3770 1421 est

2180 1441 2311 1488 terra
2335 1441 2563 1491 creatura
2591 1449 2695 1495 tua.

2246 1527 2300 1580 4.
2327 1527 2439 1582 Hoc
2461 1541 2638 1586 autem
2661 1535 2915 1592 saeculum
2938 1538 3111 1595 adhuc
3140 1545 3488 1601 tentationum
3511 1548 3762 1610 ﬂuctibus

2176 1617 2427 1686 quatitur,
2459 1621 2630 1676 adhuc
2656 1629 3053 1695 tempestatibus
3089 1640 3142 1686 et
3182 1635 3426 1702 procellis
3457 1621 3761 1698 tribulatio-

2174 1723 2302 1763 num
2327 1719 2381 1766 et
2411 1721 2675 1770 tumorum
2700 1717 2718 1748 ί
2749 1719 3026 1775 turbatur:
3051 1722 3149 1779 hac
3179 1734 3351 1781 tamen
3384 1729 3508 1784 itur.
3533 1731 3765 1790 Minetur

2173 1798 2296 1854 licet
2336 1817 2501 1867 mare,
2532 1814 2585 1859 et
2623 1814 2822 1862 tumeat
2862 1809 3127 1878 ﬂuctibus,
3169 1817 3535 1890 procellasque
3575 1834 3762 1890 partu—

2173 1891 2307 1956 riat;
2337 1892 2437 1948 hac
2464 1895 2585 1960 itur,
2619 1896 2797 1953 datum
2829 1911 2910 1955 est
2933 1903 3087 1958 nobis
3115 1905 3311 1975 lignum
3335 1907 3387 1963 in
3410 1925 3516 1980 quo
3542 1916 3761 1986 navige-

2172 1996 2289 2036 mus
2321 2000 2332 2035 :
2366 1983 2576 2055 Repleta
2601 1998 2672 2042 est
2698 1996 2830 2044 terra
2859 2002 3089 2048 creatura
3116 2004 3219 2049 tua.
3269 1997 3373 2053 Sed
3401 2001 3638 2058 nondum
3662 1983 3758 2060 su-

2169 2094 2290 2134 mus
2318 2082 2369 2135 in
2402 2090 2543 2138 terra
2569 2087 2883 2156 viventium,
2915 2091 3088 2147 adhuc
3121 2093 3220 2148 ista
3249 2105 3386 2151 terra
3413 2099 3760 2154 morientium

2169 2181 2281 2235 est;
2327 2173 2619 2230 clamamus
2661 2186 2860 2246 autem,
2897 2191 2951 2236 et
2989 2182 3256 2240 dicimus:
3291 2187 3422 2256 Spes
3446 2207 3556 2244 mea
3593 2208 3644 2245 es
3680 2201 3758 2262 tu,

2167 2265 2330 2332 portio
2354 2282 2462 2318 mea
2491 2268 2541 2320 in
2572 2277 2704 2322 terra
2731 2271 2994 2325 viventium
3021 2274 3192 2345 (Psal.
3222 2292 3369 2345 cxu,
3402 2278 3481 2350 6).
3519 2281 3574 2335 In
3610 2289 3759 2336 terra

2172 2355 2514 2411 morientium
2549 2372 2673 2428 spes
2706 2376 2846 2428 mea,
2866 2362 2918 2417 in
2937 2373 3073 2419 terra
3095 2367 3383 2424 viventium
3412 2373 3584 2440 portio
3603 2387 3750 2427 mea.

2165 2443 2304 2499 Ecce
2346 2446 2446 2500 ista
2489 2456 2628 2504 terra
2671 2467 2790 2521 qua:
2838 2456 3037 2522 repleta
3083 2467 3164 2512 est
3200 2469 3440 2516 creatura
3487 2463 3602 2517 Dei.
3653 2449 3760 2532 Qui

2163 2535 2340 2591 adhuc
2374 2547 2456 2593 est
2489 2539 2542 2594 in
2572 2541 2670 2595 ista
2698 2550 2836 2598 terra
2864 2549 3205 2604 morientium
3225 2593 3240 2619 ,
3269 2554 3503 2609 nondum
3530 2555 3581 2610 in
3611 2564 3756 2612 terra

2163 2628 2494 2697 viventium,
2534 2647 2636 2703 qua
2677 2637 2899 2691 transit?
2937 2639 3072 2694 Audi
3097 2625 3385 2713 sequentia
3418 2664 3431 2700 :
3465 2646 3576 2701 Hoc
3616 2667 3759 2706 mare

2162 2737 2400 2791 magnum
2441 2734 2488 2776 et
2523 2727 2822 2794 spatiosum,
2851 2729 2919 2783 ibi
2941 2735 3166 2802 repentia
3191 2753 3403 2806 quorum
3430 2755 3528 2793 non
3547 2750 3620 2794 est
3649 2758 3756 2795 nu-

2162 2825 2362 2876 merus;
2404 2815 2649 2869 animalia
2678 2817 2865 2887 pusilla
2893 2829 2940 2874 et
2978 2837 3179 2894 magna.
3211 2825 3473 2885 Terribile
3499 2845 3648 2886 mare
3675 2832 3752 2887 si-

2159 2903 2374 2974 gniﬁcat
2400 2922 2414 2957 :
2442 2905 2511 2958 ibi
2556 2915 2680 2960 sunt
2721 2912 2943 2980 repentia
2983 2929 3198 2985 quorum
3243 2934 3344 2972 non
3386 2929 3458 2975 est
3491 2909 3752 2980 numerus.

2159 2993 2373 3052 Insidiae
2400 3007 2594 3068 repunt
2618 2999 2670 3054 in
2695 3000 2796 3056 hoc
2817 3006 3034 3073 saeculo,
3062 3017 3113 3062 et
3141 3008 3382 3067 incautos
3404 3024 3624 3083 repente
3653 3030 3751 3071 oc-

2156 3095 2352 3155 cupant
2385 3107 2397 3141 :
2425 3100 2671 3159 repentes
2712 3101 2888 3149 autem
2938 3101 3255 3157 tentationes
3295 3105 3414 3174 quis
3454 3109 3751 3162 numerat?

2157 3180 2388 3250 chunt,
2428 3186 2524 3240 sed
2549 3201 2700 3254 cave,
2733 3205 2802 3245 ne
2839 3192 3154 3264 subripiant.
3192 3197 3447 3269 Vigiletur
3475 3203 3528 3256 in
3562 3203 3748 3275 ligno;

2155 3271 2317 3329 etiam
2358 3277 2409 3331 in
2456 3279 2608 3348 aquis
2624 3281 2663 3344 ',
2701 3283 2860 3336 etiam
2901 3284 2952 3338 in
2990 3285 3234 3344 ﬂuctibus
3261 3292 3358 3346 tuti
3384 3307 3570 3362 sumus
3596 3271 3747 3352 non

2154 3365 2381 3423 dormiat
2403 3369 2672 3441 Christus,
2704 3390 2809 3429 non
2837 3376 3065 3433 dormiat
3093 3381 3256 3450 ﬁdes;
3286 3392 3341 3440 et
3366 3386 3411 3439 si
3439 3385 3743 3457 dormierit,

2154 3460 2445 3526 excitetur;
2500 3464 2779 3534 imperabit
2826 3469 3016 3537 ventis,
3067 3473 3295 3540 placabit
3336 3465 3482 3532 mare
3524 3477 3742 3548 (Matth.

2151 3566 2262 3615 vni,
2295 3552 2518 3625 24-26);
2549 3555 2761 3611 ﬁnietur
2788 3563 2891 3624 via,
2923 3561 3238 3632 gaudebitur
3265 3565 3316 3620 in
3342 3568 3530 3636 patria.
3558 3567 3641 3623 Ibi
3661 3587 3745 3624 re-

2153 3644 2322 3712 pentia
2349 3661 2562 3716 quorum
2605 3665 2705 3702 non
2748 3662 2818 3705 est
2867 3670 3132 3721 numerus;
3187 3658 3430 3713 animalia
3468 3659 3654 3731 pusilla
3693 3671 3745 3717 et

2152 3750 2357 3805 magna.
2400 3735 2569 3792 Video
2597 3740 2737 3794 enim
2765 3743 2939 3799 adhuc
2979 3745 3030 3799 in
3073 3748 3205 3801 mari
3247 3748 3347 3804 isto
3391 3749 3742 3807 formiduloso

2153 3825 2388 3881 nondum
2433 3829 2753 3888 credentes:
2784 3833 2882 3904 ipsi
2931 3837 3072 3890 enim
3118 3847 3398 3894 versantur
3442 3841 3497 3894 in
3541 3842 3742 3897 amaris

2150 3922 2303 3990 aquis
2323 3929 2377 3975 et
2398 3923 2696 3989 sterilibus;
2725 3925 2798 3978 illi
2828 3937 3003 3981 autem
3026 3936 3080 3983 et
3105 3931 3279 3998 pusilli
3305 3940 3358 3986 et
3384 3933 3557 4002 magni
3587 3943 3738 3988 sunt.

2150 4008 2405 4066 Novimus
2437 4011 2568 4078 hoc;
2613 4016 2766 4069 multi
2807 4017 2982 4084 pusilli
3024 4021 3201 4078 steculi
3232 4021 3464 4076 nondum
3489 4023 3740 4079 credide-

2149 4108 2295 4164 rlmt,
2337 4102 2490 4156 multi
2539 4104 2792 4172 primates
2839 4108 3020 4161 sa'culi
3061 4109 3293 4164 nondum
3342 4111 3735 4168 crediderunt:

2148 4190 2392 4246 animalia
2431 4195 2618 4261 pusilla
2642 4204 2689 4248 et
2713 4213 2894 4267 magna
2927 4200 3126 4254 suntin
3157 4200 3258 4257 hoc
3292 4204 3446 4258 mari.
3491 4203 3738 4261 Oderunt

2149 4283 2466 4354 Ecclesiam,
2499 4297 2817 4357 premuntur
2838 4290 3036 4346 Christi
3059 4295 3303 4360 nomine;
3335 4312 3440 4351 non
3469 4298 3733 4365 saeviunt,

2147 4376 2268 4446 quia
2315 4392 2422 4431 non
2472 4381 2887 4447 permittuntur:
2919 4383 2972 4437 in
3020 4400 3208 4440 manus
3255 4402 3360 4442 non
3407 4404 3732 4459 erumpens,

2146 4467 2323 4522 clausa
2345 4477 2426 4522 est
2453 4469 2505 4522 in
2529 4469 2691 4526 corde
2710 4474 2931 4528 saevitia.
2977 4474 3108 4529 Nam
3139 4490 3326 4533 omnes
3364 4480 3475 4534 sive
3511 4482 3732 4549 pusilli,

2145 4558 2264 4614 sive
2295 4560 2488 4627 magni,
2523 4561 2765 4615 animalia
2793 4565 2977 4632 pusilla
3002 4575 3046 4619 et
3069 4583 3274 4638 magna,
3306 4583 3423 4638 qua:
3452 4570 3614 4625 modo
3632 4570 3735 4625 do-

2145 4648 2257 4706 lent
2279 4650 2472 4718 templa
2502 4651 2678 4706 clausa
2703 4665 2842 4717 e880,
2874 4669 2995 4710 aras
3019 4671 3256 4718 eversas.
3289 4659 3569 4715 simulacra
3591 4675 3730 4716 con-

2145 4742 2329 4805 fracta,
2359 4741 2501 4811 leges
2523 4742 2657 4798 latas
2682 4752 2740 4799 ut
2771 4745 3070 4803 sacriﬁcare
3095 4749 3248 4805 idolis
3273 4753 3498 4822 capi-tale
3526 4755 3594 4809 sit
3619 4755 3733 4810 cri-

2142 4846 2298 4897 men;
2349 4848 2537 4887 omnes
2573 4835 2663 4903 qui
2699 4835 2882 4891 dolent
2919 4837 3054 4904 ham,
3097 4841 3152 4894 in
3192 4843 3325 4897 mari
3371 4853 3492 4898 sunt
3533 4845 3726 4901 adhuc.

2145 4923 2279 4991 Quid
2303 4939 2428 4994 ergo
2450 4925 2580 4979 nos?
2601 4926 2666 4981 ad
2690 4927 2910 4996 patriam
2932 4945 3034 4999 qua
3055 4930 3176 4985 ituri
3197 4935 3415 4988 sumus?
3434 4934 3537 4990 Per
3553 4937 3729 5005 ipsum

2144 5030 2289 5070 mare
2309 5057 2322 5078 ,
2351 5015 2443 5071 sed
2473 5017 2521 5070 in
2546 5017 2706 5087 ligno.
2734 5017 2848 5074 Noli
2877 5021 3063 5077 timere
3088 5025 3411 5092 periculum;
3441 5027 3642 5098 lignum
3673 5040 3732 5086 te

2143 5114 2318 5174 portat
2344 5107 2483 5176 quod
2513 5109 2750 5164 continet
2791 5111 3066 5168 saeculum.
3101 5113 3242 5184 Ergo
3279 5117 3536 5172 attendite
3567 5135 3578 5172 :
3611 5118 3731 5176 Hoc

2141 5214 2280 5252 mare
2309 5217 2548 5270 magnum
2569 5211 2616 5255 et
2636 5203 2932 5273 spatiosum,
2946 5205 3016 5259 ibi
3036 5210 3260 5277 repentia
3278 5227 3494 5281 quorum
3523 5229 3624 5267 non
3654 5222 3731 5269 est

2141 5306 2412 5356 nutrieras;
2446 5293 2689 5348 animalia
2719 5295 2905 5363 pusilla
2932 5305 2976 5351 et
3002 5314 3208 5371 magna.
3240 5301 3359 5357 Noli
3381 5305 3586 5369 timere,
3613 5307 3729 5363 noli

2139 5380 2363 5446 terreri;
2405 5382 2644 5438 desidera
2682 5386 2927 5453 patriam,
2957 5388 3190 5461 intellige
3220 5395 3726 5463 peregrinationem.

2211 5473 2264 5542 5.
2296 5469 2446 5545 [υενε.
2477 5474 2590 5550 26.]
2637 5474 2756 5530 Illic
2798 5495 2946 5535 naues
2985 5485 3347 5550 commeabant.
3389 5487 3530 5545 Ecce
3571 5490 3624 5544 in
3661 5507 3734 5548 eo

2137 5563 2277 5632 quod
2308 5565 2563 5634 terrebat,
2587 5583 2749 5623 naves
2770 5580 2970 5640 natant,
2993 5583 3048 5630 et
3065 5591 3170 5632 non
3198 5589 3524 5650 merguntur.
3552 5581 3734 5641 Naves

2206 5673 2223 5750 ξ
2249 5668 2584 5750 uss“
2607 5679 2836 5750 timorum
2858 5693 2881 5735 :
2904 5692 2955 5736 et
2975 5687 3186 5750 quidam,
3211 5695 3412 5743 tumore.

2141 5735 2456 5849 “43:10:38
2422 5735 2769 5854 nitibgtslgitur,
2796 5741 2846 5794 in
2880 5735 3024 5799 cruce
3044 5735 3525 5820 anusvtvquod
3547 5769 3578 5809 a
3616 5772 3735 5812 meo
