  <div class='ocr_page' id='page_1' title='image "/cluster/home/n/w/nwhite01/storage/ocr_20150623/37/hvd.32044015471477/184.png"; bbox 0 0 4058 6480; ppageno 0'>
   <div class='ocr_carea' id='block_1_1' title="bbox 225 275 358 337">
    <p class='ocr_par' dir='ltr' id='par_1_1' title="bbox 225 275 358 337">
     <span class='ocr_line' id='line_1_1' title="bbox 225 275 358 337; baseline -0.03 0"><span class='ocrx_word' id='word_1_1' title='bbox 225 275 358 337; x_wconf 67' lang='lat' dir='ltr'><strong>I39!</strong></span> 
     </span>
    </p>
   </div>
   <div class='ocr_carea' id='block_1_2' title="bbox 228 385 1816 460">
    <p class='ocr_par' dir='ltr' id='par_1_2' title="bbox 228 385 1816 460">
     <span class='ocr_line' id='line_1_2' title="bbox 228 385 1816 460; baseline -0.004 -16"><span class='ocrx_word' id='word_1_2' title='bbox 228 385 492 444; x_wconf 71' lang='lat' dir='ltr'><strong>Ecclesiae</strong></span> <span class='ocrx_word' id='word_1_3' title='bbox 518 387 900 460; x_wconf 71' lang='lat' dir='ltr'><strong>intelligimus;</strong></span> <span class='ocrx_word' id='word_1_4' title='bbox 931 394 1239 445; x_wconf 78' lang='lat' dir='ltr'><strong>commeant</strong></span> <span class='ocrx_word' id='word_1_5' title='bbox 1275 388 1417 444; x_wconf 91' lang='lat' dir='ltr'><strong>inter</strong></span> <span class='ocrx_word' id='word_1_6' title='bbox 1454 396 1816 456; x_wconf 88' lang='lat' dir='ltr'><strong>tempestates,</strong></span> 
     </span>
    </p>
   </div>
   <div class='ocr_carea' id='block_1_3' title="bbox 227 479 1827 550">
    <p class='ocr_par' dir='ltr' id='par_1_3' title="bbox 227 479 1827 550">
     <span class='ocr_line' id='line_1_3' title="bbox 227 479 1827 550; baseline -0.003 -13"><span class='ocrx_word' id='word_1_7' title='bbox 227 483 362 537; x_wconf 90' lang='lat' dir='ltr'><strong>inter</strong></span> <span class='ocrx_word' id='word_1_8' title='bbox 384 482 648 550; x_wconf 80' lang='lat' dir='ltr'><strong>procellas</strong></span> <span class='ocrx_word' id='word_1_9' title='bbox 676 483 1058 545; x_wconf 87' lang='lat' dir='ltr'><strong>tentationum,</strong></span> <span class='ocrx_word' id='word_1_10' title='bbox 1083 483 1223 537; x_wconf 92' lang='lat' dir='ltr'><strong>inter</strong></span> <span class='ocrx_word' id='word_1_11' title='bbox 1245 481 1437 537; x_wconf 80' lang='lat' dir='ltr'><strong>ﬂuctus</strong></span> <span class='ocrx_word' id='word_1_12' title='bbox 1461 480 1663 544; x_wconf 69' lang='lat' dir='ltr'><strong>smculi,</strong></span> <span class='ocrx_word' id='word_1_13' title='bbox 1683 479 1827 536; x_wconf 87' lang='lat' dir='ltr'><strong>inter</strong></span> 
     </span>
    </p>
   </div>
   <div class='ocr_carea' id='block_1_4' title="bbox 191 553 1825 647">
    <p class='ocr_par' dir='ltr' id='par_1_4' title="bbox 191 553 1825 647">
     <span class='ocr_line' id='line_1_4' title="bbox 191 553 1825 647; baseline -0.002 -15"><span class='ocrx_word' id='word_1_14' title='bbox 191 553 474 632; x_wconf 43' lang='lat' dir='ltr'><strong>.animalia</strong></span> <span class='ocrx_word' id='word_1_15' title='bbox 499 577 695 646; x_wconf 88' lang='lat' dir='ltr'><strong>pusilla</strong></span> <span class='ocrx_word' id='word_1_16' title='bbox 737 586 792 632; x_wconf 91' lang='lat' dir='ltr'><strong>et</strong></span> <span class='ocrx_word' id='word_1_17' title='bbox 835 591 1043 647; x_wconf 83' lang='lat' dir='ltr'><strong>magna.</strong></span> <span class='ocrx_word' id='word_1_18' title='bbox 1088 577 1425 634; x_wconf 79' lang='lat' dir='ltr'><strong>Gubernator</strong></span> <span class='ocrx_word' id='word_1_19' title='bbox 1461 585 1542 630; x_wconf 88' lang='lat' dir='ltr'><strong>est</strong></span> <span class='ocrx_word' id='word_1_20' title='bbox 1577 573 1825 631; x_wconf 90' lang='lat' dir='ltr'><strong>Christus</strong></span> 
     </span>
    </p>
   </div>
   <div class='ocr_carea' id='block_1_5' title="bbox 226 667 1824 739">
    <p class='ocr_par' dir='ltr' id='par_1_5' title="bbox 226 667 1824 739">
     <span class='ocr_line' id='line_1_5' title="bbox 226 667 1824 739; baseline -0.003 -14"><span class='ocrx_word' id='word_1_21' title='bbox 226 671 278 726; x_wconf 93' lang='lat' dir='ltr'><strong>in</strong></span> <span class='ocrx_word' id='word_1_22' title='bbox 307 670 454 739; x_wconf 87' lang='lat' dir='ltr'><strong>ligno</strong></span> <span class='ocrx_word' id='word_1_23' title='bbox 480 670 660 725; x_wconf 88' lang='lat' dir='ltr'><strong>crucis</strong></span> <span class='ocrx_word' id='word_1_24' title='bbox 695 684 826 725; x_wconf 69' lang='lat' dir='ltr'><strong>sum.</strong></span> <span class='ocrx_word' id='word_1_25' title='bbox 864 668 988 723; x_wconf 84' lang='lat' dir='ltr'><strong>Illic</strong></span> <span class='ocrx_word' id='word_1_26' title='bbox 1027 686 1176 724; x_wconf 82' lang='lat' dir='ltr'><strong>naves</strong></span> <span class='ocrx_word' id='word_1_27' title='bbox 1207 667 1573 724; x_wconf 70' lang='lat' dir='ltr'><strong>commeabant.</strong></span> <span class='ocrx_word' id='word_1_28' title='bbox 1612 667 1728 722; x_wconf 84' lang='lat' dir='ltr'><strong>Non</strong></span> <span class='ocrx_word' id='word_1_29' title='bbox 1759 667 1824 720; x_wconf 85' lang='lat' dir='ltr'><strong>ti-</strong></span> 
     </span>
    </p>
   </div>
   <div class='ocr_carea' id='block_1_6' title="bbox 224 758 1823 825">
    <p class='ocr_par' dir='ltr' id='par_1_6' title="bbox 224 758 1823 825">
     <span class='ocr_line' id='line_1_6' title="bbox 224 758 1823 825; baseline -0.001 -10"><span class='ocrx_word' id='word_1_30' title='bbox 224 769 404 816; x_wconf 88' lang='lat' dir='ltr'><strong>meant</strong></span> <span class='ocrx_word' id='word_1_31' title='bbox 440 774 629 825; x_wconf 88' lang='lat' dir='ltr'><strong>naves,</strong></span> <span class='ocrx_word' id='word_1_32' title='bbox 659 775 767 815; x_wconf 92' lang='lat' dir='ltr'><strong>non</strong></span> <span class='ocrx_word' id='word_1_33' title='bbox 801 760 954 816; x_wconf 86' lang='lat' dir='ltr'><strong>valde</strong></span> <span class='ocrx_word' id='word_1_34' title='bbox 988 759 1265 816; x_wconf 88' lang='lat' dir='ltr'><strong>attendant</strong></span> <span class='ocrx_word' id='word_1_35' title='bbox 1306 760 1404 814; x_wconf 86' lang='lat' dir='ltr'><strong>ubi</strong></span> <span class='ocrx_word' id='word_1_36' title='bbox 1435 767 1640 825; x_wconf 88' lang='lat' dir='ltr'><strong>natent,</strong></span> <span class='ocrx_word' id='word_1_37' title='bbox 1669 758 1763 814; x_wconf 91' lang='lat' dir='ltr'><strong>sed</strong></span> <span class='ocrx_word' id='word_1_38' title='bbox 1791 773 1823 814; x_wconf 93' lang='lat' dir='ltr'><strong>a</strong></span> 
     </span>
    </p>
   </div>
   <div class='ocr_carea' id='block_1_7' title="bbox 224 850 1819 923">
    <p class='ocr_par' dir='ltr' id='par_1_7' title="bbox 224 850 1819 923">
     <span class='ocr_line' id='line_1_7' title="bbox 224 850 1819 923; baseline -0.001 -16"><span class='ocrx_word' id='word_1_39' title='bbox 224 867 326 923; x_wconf 92' lang='lat' dir='ltr'><strong>quo</strong></span> <span class='ocrx_word' id='word_1_40' title='bbox 348 853 740 922; x_wconf 74' lang='lat' dir='ltr'><strong>gubernantur.</strong></span> <span class='ocrx_word' id='word_1_41' title='bbox 771 850 892 907; x_wconf 81' lang='lat' dir='ltr'><strong>Illic</strong></span> <span class='ocrx_word' id='word_1_42' title='bbox 913 868 1063 908; x_wconf 80' lang='lat' dir='ltr'><strong>naves</strong></span> <span class='ocrx_word' id='word_1_43' title='bbox 1082 853 1448 907; x_wconf 72' lang='lat' dir='ltr'><strong>commeabant.</strong></span> <span class='ocrx_word' id='word_1_44' title='bbox 1477 852 1645 920; x_wconf 85' lang='lat' dir='ltr'><strong>Quem</strong></span> <span class='ocrx_word' id='word_1_45' title='bbox 1672 865 1819 906; x_wconf 85' lang='lat' dir='ltr'><strong>eom-</strong></span> 
     </span>
    </p>
   </div>
   <div class='ocr_carea' id='block_1_8' title="bbox 224 943 1818 1017">
    <p class='ocr_par' dir='ltr' id='par_1_8' title="bbox 224 943 1818 1017">
     <span class='ocr_line' id='line_1_8' title="bbox 224 943 1818 1017; baseline 0.001 -19"><span class='ocrx_word' id='word_1_46' title='bbox 224 952 460 999; x_wconf 84' lang='lat' dir='ltr'><strong>meatum</strong></span> <span class='ocrx_word' id='word_1_47' title='bbox 510 943 790 1014; x_wconf 87' lang='lat' dir='ltr'><strong>reperiunt</strong></span> <span class='ocrx_word' id='word_1_48' title='bbox 838 945 1046 1001; x_wconf 80' lang='lat' dir='ltr'><strong>tristem</strong></span> <span class='ocrx_word' id='word_1_49' title='bbox 1074 986 1088 1010; x_wconf 97' lang='lat'><strong>,</strong></span> <span class='ocrx_word' id='word_1_50' title='bbox 1139 945 1353 1015; x_wconf 88' lang='lat' dir='ltr'><strong>quando</strong></span> <span class='ocrx_word' id='word_1_51' title='bbox 1405 945 1818 1017; x_wconf 78' lang='lat' dir='ltr'><strong>gubernatorem</strong></span> 
     </span>
    </p>
   </div>
   <div class='ocr_carea' id='block_1_9' title="bbox 226 1034 1821 1104">
    <p class='ocr_par' dir='ltr' id='par_1_9' title="bbox 226 1034 1821 1104">
     <span class='ocr_line' id='line_1_9' title="bbox 226 1034 1821 1104; baseline 0.001 -13"><span class='ocrx_word' id='word_1_52' title='bbox 226 1037 465 1091; x_wconf 88' lang='lat' dir='ltr'><strong>sentiunt</strong></span> <span class='ocrx_word' id='word_1_53' title='bbox 485 1034 800 1092; x_wconf 75' lang='lat' dir='ltr'><strong>Christum?</strong></span> <span class='ocrx_word' id='word_1_54' title='bbox 835 1038 1222 1094; x_wconf 84' lang='lat' dir='ltr'><strong>Commeabunt</strong></span> <span class='ocrx_word' id='word_1_55' title='bbox 1243 1053 1451 1104; x_wconf 89' lang='lat' dir='ltr'><strong>secure,</strong></span> <span class='ocrx_word' id='word_1_56' title='bbox 1480 1047 1786 1094; x_wconf 88' lang='lat' dir='ltr'><strong>commeent</strong></span> <span class='ocrx_word' id='word_1_57' title='bbox 1804 1039 1821 1070; x_wconf 71' lang='grc' dir='ltr'>ί</span> 
     </span>
    </p>
   </div>
   <div class='ocr_carea' id='block_1_10' title="bbox 227 1129 1824 1200">
    <p class='ocr_par' dir='ltr' id='par_1_10' title="bbox 227 1129 1824 1200">
     <span class='ocr_line' id='line_1_10' title="bbox 227 1129 1824 1200; baseline 0.001 -17"><span class='ocrx_word' id='word_1_58' title='bbox 227 1137 660 1197; x_wconf 73' lang='lat' dir='ltr'><strong>perseveranter,</strong></span> <span class='ocrx_word' id='word_1_59' title='bbox 689 1129 908 1186; x_wconf 88' lang='lat' dir='ltr'><strong>venient</strong></span> <span class='ocrx_word' id='word_1_60' title='bbox 935 1129 1001 1184; x_wconf 92' lang='lat' dir='ltr'><strong>ad</strong></span> <span class='ocrx_word' id='word_1_61' title='bbox 1036 1129 1196 1186; x_wconf 83' lang='lat' dir='ltr'><strong>ﬁnem</strong></span> <span class='ocrx_word' id='word_1_62' title='bbox 1236 1129 1495 1197; x_wconf 89' lang='lat' dir='ltr'><strong>debitum,</strong></span> <span class='ocrx_word' id='word_1_63' title='bbox 1523 1129 1824 1200; x_wconf 89' lang='lat' dir='ltr'><strong>perducen-</strong></span> 
     </span>
    </p>
   </div>
   <div class='ocr_carea' id='block_1_11' title="bbox 226 1219 870 1290">
    <p class='ocr_par' dir='ltr' id='par_1_11' title="bbox 226 1219 870 1290">
     <span class='ocr_line' id='line_1_11' title="bbox 226 1219 870 1290; baseline 0.002 -16"><span class='ocrx_word' id='word_1_64' title='bbox 226 1228 311 1274; x_wconf 89' lang='lat' dir='ltr'><strong>tur</strong></span> <span class='ocrx_word' id='word_1_65' title='bbox 333 1219 406 1274; x_wconf 86' lang='lat' dir='ltr'><strong>ad</strong></span> <span class='ocrx_word' id='word_1_66' title='bbox 429 1228 630 1276; x_wconf 88' lang='lat' dir='ltr'><strong>terram</strong></span> <span class='ocrx_word' id='word_1_67' title='bbox 657 1221 870 1290; x_wconf 88' lang='lat' dir='ltr'><strong>quietis.</strong></span> 
     </span>
    </p>
   </div>
   <div class='ocr_carea' id='block_1_12' title="bbox 295 1310 1826 1386">
    <p class='ocr_par' dir='ltr' id='par_1_12' title="bbox 295 1310 1826 1386">
     <span class='ocr_line' id='line_1_12' title="bbox 295 1310 1826 1386; baseline 0.001 -20"><span class='ocrx_word' id='word_1_68' title='bbox 295 1310 351 1366; x_wconf 88' lang='lat'><strong>6.</strong></span> <span class='ocrx_word' id='word_1_69' title='bbox 409 1311 508 1368; x_wconf 87' lang='lat' dir='ltr'><strong>Est</strong></span> <span class='ocrx_word' id='word_1_70' title='bbox 550 1311 606 1366; x_wconf 91' lang='lat' dir='ltr'><strong>in</strong></span> <span class='ocrx_word' id='word_1_71' title='bbox 648 1313 752 1368; x_wconf 89' lang='lat' dir='ltr'><strong>isto</strong></span> <span class='ocrx_word' id='word_1_72' title='bbox 799 1314 933 1369; x_wconf 90' lang='lat' dir='ltr'><strong>mari</strong></span> <span class='ocrx_word' id='word_1_73' title='bbox 977 1315 1176 1386; x_wconf 89' lang='lat' dir='ltr'><strong>aliquid</strong></span> <span class='ocrx_word' id='word_1_74' title='bbox 1218 1315 1376 1372; x_wconf 89' lang='lat' dir='ltr'><strong>etiam</strong></span> <span class='ocrx_word' id='word_1_75' title='bbox 1421 1315 1564 1385; x_wconf 91' lang='lat' dir='ltr'><strong>quod</strong></span> <span class='ocrx_word' id='word_1_76' title='bbox 1605 1325 1826 1385; x_wconf 84' lang='lat' dir='ltr'><strong>superat</strong></span> 
     </span>
    </p>
   </div>
   <div class='ocr_carea' id='block_1_13' title="bbox 230 1403 1821 1478">
    <p class='ocr_par' dir='ltr' id='par_1_13' title="bbox 230 1403 1821 1478">
     <span class='ocr_line' id='line_1_13' title="bbox 230 1403 1821 1478; baseline 0.003 -20"><span class='ocrx_word' id='word_1_77' title='bbox 230 1403 412 1459; x_wconf 86' lang='lat' dir='ltr'><strong>omnia</strong></span> <span class='ocrx_word' id='word_1_78' title='bbox 435 1404 690 1461; x_wconf 75' lang='lat' dir='ltr'><strong>animalia</strong></span> <span class='ocrx_word' id='word_1_79' title='bbox 713 1407 903 1475; x_wconf 85' lang='lat' dir='ltr'><strong>pusilla</strong></span> <span class='ocrx_word' id='word_1_80' title='bbox 929 1415 984 1462; x_wconf 88' lang='lat' dir='ltr'><strong>et</strong></span> <span class='ocrx_word' id='word_1_81' title='bbox 1004 1421 1214 1478; x_wconf 84' lang='lat' dir='ltr'><strong>magna.</strong></span> <span class='ocrx_word' id='word_1_82' title='bbox 1245 1407 1382 1476; x_wconf 88' lang='lat' dir='ltr'><strong>Quid</strong></span> <span class='ocrx_word' id='word_1_83' title='bbox 1407 1417 1489 1463; x_wconf 87' lang='lat' dir='ltr'><strong>est</strong></span> <span class='ocrx_word' id='word_1_84' title='bbox 1514 1407 1648 1464; x_wconf 86' lang='lat' dir='ltr'><strong>hoc?</strong></span> <span class='ocrx_word' id='word_1_85' title='bbox 1673 1407 1821 1462; x_wconf 72' lang='lat' dir='ltr'><strong>Psal~</strong></span> 
     </span>
    </p>
   </div>
   <div class='ocr_carea' id='block_1_14' title="bbox 229 1496 1825 1569">
    <p class='ocr_par' dir='ltr' id='par_1_14' title="bbox 229 1496 1825 1569">
     <span class='ocr_line' id='line_1_14' title="bbox 229 1496 1825 1569; baseline 0.003 -19"><span class='ocrx_word' id='word_1_86' title='bbox 229 1511 374 1551; x_wconf 86' lang='lat' dir='ltr'><strong>mum</strong></span> <span class='ocrx_word' id='word_1_87' title='bbox 400 1496 719 1553; x_wconf 85' lang='lat' dir='ltr'><strong>audiamus:</strong></span> <span class='ocrx_word' id='word_1_88' title='bbox 740 1497 910 1554; x_wconf 80' lang='lat' dir='ltr'><strong>Draco</strong></span> <span class='ocrx_word' id='word_1_89' title='bbox 935 1500 1016 1554; x_wconf 73' lang='lat' dir='ltr'><strong>hic</strong></span> <span class='ocrx_word' id='word_1_90' title='bbox 1041 1515 1188 1569; x_wconf 77' lang='lat' dir='ltr'><strong>quem</strong></span> <span class='ocrx_word' id='word_1_91' title='bbox 1208 1501 1399 1569; x_wconf 68' lang='lat' dir='ltr'><strong>tinxisti</strong></span> <span class='ocrx_word' id='word_1_92' title='bbox 1421 1500 1488 1554; x_wconf 90' lang='lat' dir='ltr'><strong>ad</strong></span> <span class='ocrx_word' id='word_1_93' title='bbox 1507 1500 1825 1556; x_wconf 84' lang='lat' dir='ltr'><strong>illudendum</strong></span> 
     </span>
    </p>
   </div>
   <div class='ocr_carea' id='block_1_15' title="bbox 228 1587 1820 1659">
    <p class='ocr_par' dir='ltr' id='par_1_15' title="bbox 228 1587 1820 1659">
     <span class='ocr_line' id='line_1_15' title="bbox 228 1587 1820 1659; baseline 0.001 -16"><span class='ocrx_word' id='word_1_94' title='bbox 228 1588 290 1642; x_wconf 82' lang='lat' dir='ltr'><strong>ei.</strong></span> <span class='ocrx_word' id='word_1_95' title='bbox 317 1587 397 1644; x_wconf 83' lang='lat' dir='ltr'><strong>lbi</strong></span> <span class='ocrx_word' id='word_1_96' title='bbox 426 1589 669 1659; x_wconf 77' lang='lat' dir='ltr'><strong>repentis</strong></span> <span class='ocrx_word' id='word_1_97' title='bbox 689 1605 915 1659; x_wconf 87' lang='lat' dir='ltr'><strong>quorum</strong></span> <span class='ocrx_word' id='word_1_98' title='bbox 939 1606 1044 1646; x_wconf 92' lang='lat' dir='ltr'><strong>non</strong></span> <span class='ocrx_word' id='word_1_99' title='bbox 1071 1602 1154 1646; x_wconf 89' lang='lat' dir='ltr'><strong>est</strong></span> <span class='ocrx_word' id='word_1_100' title='bbox 1175 1606 1451 1655; x_wconf 87' lang='lat' dir='ltr'><strong>numerus,</strong></span> <span class='ocrx_word' id='word_1_101' title='bbox 1481 1591 1554 1646; x_wconf 85' lang='lat' dir='ltr'><strong>ibi</strong></span> <span class='ocrx_word' id='word_1_102' title='bbox 1571 1591 1820 1646; x_wconf 85' lang='lat' dir='ltr'><strong>animalia</strong></span> 
     </span>
    </p>
   </div>
   <div class='ocr_carea' id='block_1_16' title="bbox 229 1677 1821 1751">
    <p class='ocr_par' dir='ltr' id='par_1_16' title="bbox 229 1677 1821 1751">
     <span class='ocr_line' id='line_1_16' title="bbox 229 1677 1821 1751; baseline 0.003 -18"><span class='ocrx_word' id='word_1_103' title='bbox 229 1677 419 1748; x_wconf 84' lang='lat' dir='ltr'><strong>pusilla</strong></span> <span class='ocrx_word' id='word_1_104' title='bbox 464 1688 524 1736; x_wconf 87' lang='lat' dir='ltr'><strong>et</strong></span> <span class='ocrx_word' id='word_1_105' title='bbox 560 1695 786 1751; x_wconf 89' lang='lat' dir='ltr'><strong>magna;</strong></span> <span class='ocrx_word' id='word_1_106' title='bbox 839 1682 946 1738; x_wconf 78' lang='lat' dir='ltr'><strong>illic</strong></span> <span class='ocrx_word' id='word_1_107' title='bbox 987 1698 1150 1738; x_wconf 84' lang='lat' dir='ltr'><strong>naves</strong></span> <span class='ocrx_word' id='word_1_108' title='bbox 1188 1682 1583 1747; x_wconf 89' lang='lat' dir='ltr'><strong>commeabunt,</strong></span> <span class='ocrx_word' id='word_1_109' title='bbox 1628 1692 1821 1738; x_wconf 89' lang='lat' dir='ltr'><strong>etnon</strong></span> 
     </span>
    </p>
   </div>
   <div class='ocr_carea' id='block_1_17' title="bbox 230 1769 1826 1844">
    <p class='ocr_par' dir='ltr' id='par_1_17' title="bbox 230 1769 1826 1844">
     <span class='ocr_line' id='line_1_17' title="bbox 230 1769 1826 1844; baseline 0.001 -19"><span class='ocrx_word' id='word_1_110' title='bbox 230 1769 516 1838; x_wconf 86' lang='lat' dir='ltr'><strong>timebunt,</strong></span> <span class='ocrx_word' id='word_1_111' title='bbox 545 1786 654 1826; x_wconf 90' lang='lat' dir='ltr'><strong>non</strong></span> <span class='ocrx_word' id='word_1_112' title='bbox 682 1773 856 1827; x_wconf 90' lang='lat' dir='ltr'><strong>solum</strong></span> <span class='ocrx_word' id='word_1_113' title='bbox 885 1774 1124 1843; x_wconf 86' lang='lat' dir='ltr'><strong>repentia</strong></span> <span class='ocrx_word' id='word_1_114' title='bbox 1147 1815 1162 1840; x_wconf 92' lang='lat'><strong>,</strong></span> <span class='ocrx_word' id='word_1_115' title='bbox 1199 1790 1427 1844; x_wconf 90' lang='lat' dir='ltr'><strong>quorum</strong></span> <span class='ocrx_word' id='word_1_116' title='bbox 1462 1790 1567 1830; x_wconf 93' lang='lat' dir='ltr'><strong>non</strong></span> <span class='ocrx_word' id='word_1_117' title='bbox 1600 1784 1685 1829; x_wconf 89' lang='lat' dir='ltr'><strong>est</strong></span> <span class='ocrx_word' id='word_1_118' title='bbox 1726 1789 1826 1827; x_wconf 87' lang='lat' dir='ltr'><strong>nu-</strong></span> 
     </span>
    </p>
   </div>
   <div class='ocr_carea' id='block_1_18' title="bbox 230 1864 1822 1936">
    <p class='ocr_par' dir='ltr' id='par_1_18' title="bbox 230 1864 1822 1936">
     <span class='ocr_line' id='line_1_18' title="bbox 230 1864 1822 1936; baseline 0.002 -19"><span class='ocrx_word' id='word_1_119' title='bbox 230 1877 432 1930; x_wconf 84' lang='lat' dir='ltr'><strong>merus.</strong></span> <span class='ocrx_word' id='word_1_120' title='bbox 462 1872 519 1919; x_wconf 89' lang='lat' dir='ltr'><strong>et</strong></span> <span class='ocrx_word' id='word_1_121' title='bbox 546 1864 795 1920; x_wconf 81' lang='lat' dir='ltr'><strong>animalia</strong></span> <span class='ocrx_word' id='word_1_122' title='bbox 827 1865 1012 1934; x_wconf 84' lang='lat' dir='ltr'><strong>pusilla</strong></span> <span class='ocrx_word' id='word_1_123' title='bbox 1041 1874 1098 1921; x_wconf 91' lang='lat' dir='ltr'><strong>et</strong></span> <span class='ocrx_word' id='word_1_124' title='bbox 1120 1882 1333 1936; x_wconf 88' lang='lat' dir='ltr'><strong>magna,</strong></span> <span class='ocrx_word' id='word_1_125' title='bbox 1363 1865 1458 1921; x_wconf 83' lang='lat' dir='ltr'><strong>sed</strong></span> <span class='ocrx_word' id='word_1_126' title='bbox 1493 1881 1593 1922; x_wconf 88' lang='lat' dir='ltr'><strong>nec</strong></span> <span class='ocrx_word' id='word_1_127' title='bbox 1632 1867 1822 1922; x_wconf 90' lang='lat' dir='ltr'><strong>draco-</strong></span> 
     </span>
    </p>
   </div>
   <div class='ocr_carea' id='block_1_19' title="bbox 232 1957 1821 2029">
    <p class='ocr_par' dir='ltr' id='par_1_19' title="bbox 232 1957 1821 2029">
     <span class='ocr_line' id='line_1_19' title="bbox 232 1957 1821 2029; baseline 0 -17"><span class='ocrx_word' id='word_1_128' title='bbox 232 1971 348 2012; x_wconf 83' lang='lat' dir='ltr'><strong>nem</strong></span> <span class='ocrx_word' id='word_1_129' title='bbox 373 1958 472 2028; x_wconf 84' lang='lat' dir='ltr'><strong>qui</strong></span> <span class='ocrx_word' id='word_1_130' title='bbox 501 1957 576 2018; x_wconf 85' lang='lat' dir='ltr'><strong>ibi</strong></span> <span class='ocrx_word' id='word_1_131' title='bbox 604 1967 688 2014; x_wconf 87' lang='lat' dir='ltr'><strong>est</strong></span> <span class='ocrx_word' id='word_1_132' title='bbox 715 1975 728 2013; x_wconf 87' lang='lat'><strong>:</strong></span> <span class='ocrx_word' id='word_1_133' title='bbox 763 1959 923 2026; x_wconf 83' lang='lat' dir='ltr'><strong>Quem</strong></span> <span class='ocrx_word' id='word_1_134' title='bbox 951 1960 1166 2028; x_wconf 75' lang='lat' dir='ltr'><strong>ﬁnxisti,</strong></span> <span class='ocrx_word' id='word_1_135' title='bbox 1200 1960 1372 2029; x_wconf 80' lang='lat' dir='ltr'><strong>inquit</strong></span> <span class='ocrx_word' id='word_1_136' title='bbox 1402 1960 1510 2015; x_wconf 90' lang='lat' dir='ltr'><strong>Deo</strong></span> <span class='ocrx_word' id='word_1_137' title='bbox 1531 2000 1545 2024; x_wconf 95' lang='lat'><strong>,</strong></span> <span class='ocrx_word' id='word_1_138' title='bbox 1590 1960 1658 2013; x_wconf 86' lang='lat' dir='ltr'><strong>ad</strong></span> <span class='ocrx_word' id='word_1_139' title='bbox 1697 1959 1821 2013; x_wconf 82' lang='lat' dir='ltr'><strong>illu-</strong></span> 
     </span>
    </p>
   </div>
   <div class='ocr_carea' id='block_1_20' title="bbox 231 2051 1824 2124">
    <p class='ocr_par' dir='ltr' id='par_1_20' title="bbox 231 2051 1824 2124">
     <span class='ocr_line' id='line_1_20' title="bbox 231 2051 1824 2124; baseline 0.001 -18"><span class='ocrx_word' id='word_1_140' title='bbox 231 2051 453 2107; x_wconf 82' lang='lat' dir='ltr'><strong>dendum</strong></span> <span class='ocrx_word' id='word_1_141' title='bbox 477 2053 546 2107; x_wconf 83' lang='lat' dir='ltr'><strong>ei.</strong></span> <span class='ocrx_word' id='word_1_142' title='bbox 589 2052 835 2124; x_wconf 68' lang='lat' dir='ltr'><strong>Magnum</strong></span> <span class='ocrx_word' id='word_1_143' title='bbox 863 2063 1128 2109; x_wconf 85' lang='lat' dir='ltr'><strong>secretum</strong></span> <span class='ocrx_word' id='word_1_144' title='bbox 1151 2094 1165 2120; x_wconf 95' lang='lat'><strong>,</strong></span> <span class='ocrx_word' id='word_1_145' title='bbox 1196 2063 1252 2108; x_wconf 90' lang='lat' dir='ltr'><strong>et</strong></span> <span class='ocrx_word' id='word_1_146' title='bbox 1277 2063 1455 2108; x_wconf 88' lang='lat' dir='ltr'><strong>tamen</strong></span> <span class='ocrx_word' id='word_1_147' title='bbox 1483 2053 1628 2123; x_wconf 90' lang='lat' dir='ltr'><strong>quod</strong></span> <span class='ocrx_word' id='word_1_148' title='bbox 1655 2053 1824 2108; x_wconf 87' lang='lat' dir='ltr'><strong>nostis</strong></span> 
     </span>
    </p>
   </div>
   <div class='ocr_carea' id='block_1_21' title="bbox 232 2143 1824 2213">
    <p class='ocr_par' dir='ltr' id='par_1_21' title="bbox 232 2143 1824 2213">
     <span class='ocr_line' id='line_1_21' title="bbox 232 2143 1824 2213; baseline -0.001 -14"><span class='ocrx_word' id='word_1_149' title='bbox 232 2144 472 2208; x_wconf 83' lang='lat' dir='ltr'><strong>dicturus</strong></span> <span class='ocrx_word' id='word_1_150' title='bbox 509 2158 651 2200; x_wconf 89' lang='lat' dir='ltr'><strong>sum.</strong></span> <span class='ocrx_word' id='word_1_151' title='bbox 695 2144 873 2200; x_wconf 87' lang='lat' dir='ltr'><strong>Nostis</strong></span> <span class='ocrx_word' id='word_1_152' title='bbox 923 2145 1193 2200; x_wconf 90' lang='lat' dir='ltr'><strong>inimicum</strong></span> <span class='ocrx_word' id='word_1_153' title='bbox 1242 2145 1498 2200; x_wconf 82' lang='lat' dir='ltr'><strong>Ecclesiae</strong></span> <span class='ocrx_word' id='word_1_154' title='bbox 1539 2143 1824 2213; x_wconf 84' lang='lat' dir='ltr'><strong>quemdam</strong></span> 
     </span>
    </p>
   </div>
   <div class='ocr_carea' id='block_1_22' title="bbox 233 2235 1826 2303">
    <p class='ocr_par' dir='ltr' id='par_1_22' title="bbox 233 2235 1826 2303">
     <span class='ocr_line' id='line_1_22' title="bbox 233 2235 1826 2303; baseline 0.001 -14"><span class='ocrx_word' id='word_1_155' title='bbox 233 2235 523 2291; x_wconf 83' lang='lat' dir='ltr'><strong>draconem</strong></span> <span class='ocrx_word' id='word_1_156' title='bbox 557 2255 572 2290; x_wconf 88' lang='lat'><strong>:</strong></span> <span class='ocrx_word' id='word_1_157' title='bbox 603 2251 708 2291; x_wconf 93' lang='lat' dir='ltr'><strong>non</strong></span> <span class='ocrx_word' id='word_1_158' title='bbox 754 2237 962 2292; x_wconf 83' lang='lat' dir='ltr'><strong>vidistis</strong></span> <span class='ocrx_word' id='word_1_159' title='bbox 1009 2237 1181 2292; x_wconf 88' lang='lat' dir='ltr'><strong>oculis</strong></span> <span class='ocrx_word' id='word_1_160' title='bbox 1223 2237 1401 2292; x_wconf 88' lang='lat' dir='ltr'><strong>carnis</strong></span> <span class='ocrx_word' id='word_1_161' title='bbox 1429 2277 1443 2303; x_wconf 94' lang='lat'><strong>,</strong></span> <span class='ocrx_word' id='word_1_162' title='bbox 1493 2236 1589 2291; x_wconf 89' lang='lat' dir='ltr'><strong>sed</strong></span> <span class='ocrx_word' id='word_1_163' title='bbox 1633 2236 1826 2290; x_wconf 84' lang='lat' dir='ltr'><strong>videtis</strong></span> 
     </span>
    </p>
   </div>
   <div class='ocr_carea' id='block_1_23' title="bbox 233 2326 1824 2398">
    <p class='ocr_par' dir='ltr' id='par_1_23' title="bbox 233 2326 1824 2398">
     <span class='ocr_line' id='line_1_23' title="bbox 233 2326 1824 2398; baseline -0.001 -16"><span class='ocrx_word' id='word_1_164' title='bbox 233 2327 397 2382; x_wconf 90' lang='lat' dir='ltr'><strong>oculis</strong></span> <span class='ocrx_word' id='word_1_165' title='bbox 425 2326 574 2381; x_wconf 81' lang='lat' dir='ltr'><strong>ﬁdei.</strong></span> <span class='ocrx_word' id='word_1_166' title='bbox 625 2327 739 2396; x_wconf 86' lang='lat' dir='ltr'><strong>Ipse</strong></span> <span class='ocrx_word' id='word_1_167' title='bbox 766 2337 850 2383; x_wconf 92' lang='lat' dir='ltr'><strong>est</strong></span> <span class='ocrx_word' id='word_1_168' title='bbox 877 2328 970 2398; x_wconf 91' lang='lat' dir='ltr'><strong>qui</strong></span> <span class='ocrx_word' id='word_1_169' title='bbox 997 2338 1053 2384; x_wconf 90' lang='lat' dir='ltr'><strong>et</strong></span> <span class='ocrx_word' id='word_1_170' title='bbox 1079 2328 1165 2382; x_wconf 90' lang='lat' dir='ltr'><strong>leo</strong></span> <span class='ocrx_word' id='word_1_171' title='bbox 1193 2329 1390 2384; x_wconf 89' lang='lat' dir='ltr'><strong>dicitur</strong></span> <span class='ocrx_word' id='word_1_172' title='bbox 1414 2348 1428 2384; x_wconf 88' lang='lat'><strong>:</strong></span> <span class='ocrx_word' id='word_1_173' title='bbox 1453 2328 1522 2383; x_wconf 91' lang='lat' dir='ltr'><strong>de</strong></span> <span class='ocrx_word' id='word_1_174' title='bbox 1552 2329 1643 2382; x_wconf 90' lang='lat' dir='ltr'><strong>illo</strong></span> <span class='ocrx_word' id='word_1_175' title='bbox 1673 2328 1824 2383; x_wconf 88' lang='lat' dir='ltr'><strong>Scri-</strong></span> 
     </span>
    </p>
   </div>
   <div class='ocr_carea' id='block_1_24' title="bbox 235 2419 1823 2488">
    <p class='ocr_par' dir='ltr' id='par_1_24' title="bbox 235 2419 1823 2488">
     <span class='ocr_line' id='line_1_24' title="bbox 235 2419 1823 2488; baseline 0.001 -16"><span class='ocrx_word' id='word_1_176' title='bbox 235 2428 384 2488; x_wconf 85' lang='lat' dir='ltr'><strong>ptura</strong></span> <span class='ocrx_word' id='word_1_177' title='bbox 411 2419 564 2483; x_wconf 78' lang='lat' dir='ltr'><strong>dicit,</strong></span> <span class='ocrx_word' id='word_1_178' title='bbox 593 2419 923 2475; x_wconf 82' lang='lat' dir='ltr'><strong>Conculcabis</strong></span> <span class='ocrx_word' id='word_1_179' title='bbox 941 2420 1136 2474; x_wconf 83' lang='lat' dir='ltr'><strong>leonem</strong></span> <span class='ocrx_word' id='word_1_180' title='bbox 1155 2429 1204 2474; x_wconf 89' lang='lat' dir='ltr'><strong>et</strong></span> <span class='ocrx_word' id='word_1_181' title='bbox 1233 2420 1501 2476; x_wconf 86' lang='lat' dir='ltr'><strong>draconem</strong></span> <span class='ocrx_word' id='word_1_182' title='bbox 1531 2419 1702 2488; x_wconf 84' lang='lat' dir='ltr'><strong>(Psal.</strong></span> <span class='ocrx_word' id='word_1_183' title='bbox 1736 2433 1823 2486; x_wconf 83' lang='lat' dir='ltr'><strong>xc,</strong></span> 
     </span>
    </p>
   </div>
   <div class='ocr_carea' id='block_1_25' title="bbox 236 2509 1826 2580">
    <p class='ocr_par' dir='ltr' id='par_1_25' title="bbox 236 2509 1826 2580">
     <span class='ocr_line' id='line_1_25' title="bbox 236 2509 1826 2580; baseline 0.001 -16"><span class='ocrx_word' id='word_1_184' title='bbox 236 2511 298 2565; x_wconf 77' lang='lat' dir='ltr'><strong>i3</strong></span> <span class='ocrx_word' id='word_1_185' title='bbox 320 2511 359 2579; x_wconf 92' lang='lat'><strong>).</strong></span> <span class='ocrx_word' id='word_1_186' title='bbox 392 2509 653 2566; x_wconf 88' lang='lat' dir='ltr'><strong>Subditus</strong></span> <span class='ocrx_word' id='word_1_187' title='bbox 680 2520 762 2566; x_wconf 89' lang='lat' dir='ltr'><strong>est</strong></span> <span class='ocrx_word' id='word_1_188' title='bbox 792 2511 892 2566; x_wconf 90' lang='lat' dir='ltr'><strong>iste</strong></span> <span class='ocrx_word' id='word_1_189' title='bbox 917 2512 1080 2580; x_wconf 86' lang='lat' dir='ltr'><strong>capiti</strong></span> <span class='ocrx_word' id='word_1_190' title='bbox 1108 2521 1220 2578; x_wconf 91' lang='lat' dir='ltr'><strong>tuo,</strong></span> <span class='ocrx_word' id='word_1_191' title='bbox 1252 2512 1508 2567; x_wconf 91' lang='lat' dir='ltr'><strong>subdetur</strong></span> <span class='ocrx_word' id='word_1_192' title='bbox 1532 2520 1586 2566; x_wconf 89' lang='lat' dir='ltr'><strong>et</strong></span> <span class='ocrx_word' id='word_1_193' title='bbox 1610 2511 1826 2579; x_wconf 89' lang='lat' dir='ltr'><strong>corpori</strong></span> 
     </span>
    </p>
   </div>
   <div class='ocr_carea' id='block_1_26' title="bbox 233 2603 1826 2674">
    <p class='ocr_par' dir='ltr' id='par_1_26' title="bbox 233 2603 1826 2674">
     <span class='ocr_line' id='line_1_26' title="bbox 233 2603 1826 2674; baseline 0.001 -16"><span class='ocrx_word' id='word_1_194' title='bbox 233 2604 374 2673; x_wconf 91' lang='lat' dir='ltr'><strong>ejus;</strong></span> <span class='ocrx_word' id='word_1_195' title='bbox 408 2604 656 2660; x_wconf 58' lang='lat' dir='ltr'><strong>haereant</strong></span> <span class='ocrx_word' id='word_1_196' title='bbox 677 2613 880 2660; x_wconf 87' lang='lat' dir='ltr'><strong>tantum</strong></span> <span class='ocrx_word' id='word_1_197' title='bbox 903 2605 1147 2661; x_wconf 87' lang='lat' dir='ltr'><strong>membra</strong></span> <span class='ocrx_word' id='word_1_198' title='bbox 1170 2606 1331 2674; x_wconf 85' lang='lat' dir='ltr'><strong>capiti</strong></span> <span class='ocrx_word' id='word_1_199' title='bbox 1356 2620 1474 2671; x_wconf 91' lang='lat' dir='ltr'><strong>suo,</strong></span> <span class='ocrx_word' id='word_1_200' title='bbox 1504 2614 1563 2660; x_wconf 90' lang='lat' dir='ltr'><strong>ut</strong></span> <span class='ocrx_word' id='word_1_201' title='bbox 1587 2603 1826 2660; x_wconf 87' lang='lat' dir='ltr'><strong>membra</strong></span> 
     </span>
    </p>
   </div>
   <div class='ocr_carea' id='block_1_27' title="bbox 235 2697 1828 2768">
    <p class='ocr_par' dir='ltr' id='par_1_27' title="bbox 235 2697 1828 2768">
     <span class='ocr_line' id='line_1_27' title="bbox 235 2697 1828 2768; baseline 0 -15"><span class='ocrx_word' id='word_1_202' title='bbox 235 2698 350 2767; x_wconf 86' lang='lat' dir='ltr'><strong>ejus</strong></span> <span class='ocrx_word' id='word_1_203' title='bbox 375 2698 508 2753; x_wconf 89' lang='lat' dir='ltr'><strong>sint.</strong></span> <span class='ocrx_word' id='word_1_204' title='bbox 537 2698 748 2753; x_wconf 90' lang='lat' dir='ltr'><strong>Dictum</strong></span> <span class='ocrx_word' id='word_1_205' title='bbox 776 2708 860 2754; x_wconf 90' lang='lat' dir='ltr'><strong>est</strong></span> <span class='ocrx_word' id='word_1_206' title='bbox 887 2699 955 2754; x_wconf 92' lang='lat' dir='ltr'><strong>de</strong></span> <span class='ocrx_word' id='word_1_207' title='bbox 983 2699 1152 2768; x_wconf 89' lang='lat' dir='ltr'><strong>prima</strong></span> <span class='ocrx_word' id='word_1_208' title='bbox 1180 2699 1396 2763; x_wconf 78' lang='lat' dir='ltr'><strong>femina,</strong></span> <span class='ocrx_word' id='word_1_209' title='bbox 1425 2714 1586 2768; x_wconf 86' lang='lat' dir='ltr'><strong>quam</strong></span> <span class='ocrx_word' id='word_1_210' title='bbox 1613 2697 1828 2753; x_wconf 82' lang='lat' dir='ltr'><strong>seduxit</strong></span> 
     </span>
    </p>
   </div>
   <div class='ocr_carea' id='block_1_28' title="bbox 234 2787 1821 2855">
    <p class='ocr_par' dir='ltr' id='par_1_28' title="bbox 234 2787 1821 2855">
     <span class='ocr_line' id='line_1_28' title="bbox 234 2787 1821 2855; baseline 0.001 -13"><span class='ocrx_word' id='word_1_211' title='bbox 234 2788 315 2845; x_wconf 88' lang='lat' dir='ltr'><strong>hic</strong></span> <span class='ocrx_word' id='word_1_212' title='bbox 337 2789 542 2855; x_wconf 83' lang='lat' dir='ltr'><strong>draco;</strong></span> <span class='ocrx_word' id='word_1_213' title='bbox 590 2789 700 2844; x_wconf 87' lang='lat' dir='ltr'><strong>Eva</strong></span> <span class='ocrx_word' id='word_1_214' title='bbox 729 2789 938 2844; x_wconf 89' lang='lat' dir='ltr'><strong>scilicet</strong></span> <span class='ocrx_word' id='word_1_215' title='bbox 963 2789 1053 2844; x_wconf 86' lang='lat' dir='ltr'><strong>illa</strong></span> <span class='ocrx_word' id='word_1_216' title='bbox 1081 2790 1167 2844; x_wconf 91' lang='lat' dir='ltr'><strong>cui</strong></span> <span class='ocrx_word' id='word_1_217' title='bbox 1191 2789 1478 2844; x_wconf 87' lang='lat' dir='ltr'><strong>consilium</strong></span> <span class='ocrx_word' id='word_1_218' title='bbox 1507 2787 1693 2844; x_wconf 89' lang='lat' dir='ltr'><strong>mortis</strong></span> <span class='ocrx_word' id='word_1_219' title='bbox 1723 2787 1821 2844; x_wconf 85' lang='lat' dir='ltr'><strong>de-</strong></span> 
     </span>
    </p>
   </div>
   <div class='ocr_carea' id='block_1_29' title="bbox 232 2882 1828 2954">
    <p class='ocr_par' dir='ltr' id='par_1_29' title="bbox 232 2882 1828 2954">
     <span class='ocr_line' id='line_1_29' title="bbox 232 2882 1828 2954; baseline -0.001 -16"><span class='ocrx_word' id='word_1_220' title='bbox 232 2882 324 2948; x_wconf 82' lang='lat' dir='ltr'><strong>dit,</strong></span> <span class='ocrx_word' id='word_1_221' title='bbox 358 2892 418 2939; x_wconf 90' lang='lat' dir='ltr'><strong>et</strong></span> <span class='ocrx_word' id='word_1_222' title='bbox 445 2884 796 2954; x_wconf 86' lang='lat' dir='ltr'><strong>persuasione</strong></span> <span class='ocrx_word' id='word_1_223' title='bbox 825 2890 1001 2939; x_wconf 85' lang='lat' dir='ltr'><strong>astuta</strong></span> <span class='ocrx_word' id='word_1_224' title='bbox 1032 2883 1084 2938; x_wconf 91' lang='lat' dir='ltr'><strong>in</strong></span> <span class='ocrx_word' id='word_1_225' title='bbox 1113 2898 1207 2937; x_wconf 91' lang='lat' dir='ltr'><strong>cor</strong></span> <span class='ocrx_word' id='word_1_226' title='bbox 1230 2883 1516 2938; x_wconf 80' lang='lat' dir='ltr'><strong>femineum</strong></span> <span class='ocrx_word' id='word_1_227' title='bbox 1542 2897 1690 2936; x_wconf 90' lang='lat' dir='ltr'><strong>more</strong></span> <span class='ocrx_word' id='word_1_228' title='bbox 1713 2896 1828 2936; x_wconf 89' lang='lat' dir='ltr'><strong>ser-</strong></span> 
     </span>
    </p>
   </div>
   <div class='ocr_carea' id='block_1_30' title="bbox 234 2972 1830 3045">
    <p class='ocr_par' dir='ltr' id='par_1_30' title="bbox 234 2972 1830 3045">
     <span class='ocr_line' id='line_1_30' title="bbox 234 2972 1830 3045; baseline 0 -16"><span class='ocrx_word' id='word_1_229' title='bbox 234 2977 407 3045; x_wconf 88' lang='lat' dir='ltr'><strong>pentis</strong></span> <span class='ocrx_word' id='word_1_230' title='bbox 431 2975 668 3044; x_wconf 87' lang='lat' dir='ltr'><strong>irrepsit.</strong></span> <span class='ocrx_word' id='word_1_231' title='bbox 700 2975 919 3030; x_wconf 85' lang='lat' dir='ltr'><strong>Factum</strong></span> <span class='ocrx_word' id='word_1_232' title='bbox 945 2983 1030 3029; x_wconf 88' lang='lat' dir='ltr'><strong>est</strong></span> <span class='ocrx_word' id='word_1_233' title='bbox 1054 2973 1200 3044; x_wconf 80' lang='lat' dir='ltr'><strong>quod</strong></span> <span class='ocrx_word' id='word_1_234' title='bbox 1222 2974 1489 3036; x_wconf 82' lang='lat' dir='ltr'><strong>novimus,</strong></span> <span class='ocrx_word' id='word_1_235' title='bbox 1513 2973 1654 3044; x_wconf 92' lang='lat' dir='ltr'><strong>quod</strong></span> <span class='ocrx_word' id='word_1_236' title='bbox 1682 2972 1753 3027; x_wconf 89' lang='lat' dir='ltr'><strong>ibi</strong></span> <span class='ocrx_word' id='word_1_237' title='bbox 1773 2981 1830 3029; x_wconf 87' lang='lat' dir='ltr'><strong>et</strong></span> 
     </span>
    </p>
   </div>
   <div class='ocr_carea' id='block_1_31' title="bbox 234 3064 1828 3136">
    <p class='ocr_par' dir='ltr' id='par_1_31' title="bbox 234 3064 1828 3136">
     <span class='ocr_line' id='line_1_31' title="bbox 234 3064 1828 3136; baseline -0.001 -14"><span class='ocrx_word' id='word_1_238' title='bbox 234 3082 327 3122; x_wconf 90' lang='lat' dir='ltr'><strong>nos</strong></span> <span class='ocrx_word' id='word_1_239' title='bbox 354 3067 602 3134; x_wconf 82' lang='lat' dir='ltr'><strong>fecimus,</strong></span> <span class='ocrx_word' id='word_1_240' title='bbox 634 3066 775 3136; x_wconf 92' lang='lat' dir='ltr'><strong>quod</strong></span> <span class='ocrx_word' id='word_1_241' title='bbox 807 3067 1070 3122; x_wconf 89' lang='lat' dir='ltr'><strong>dolemus.</strong></span> <span class='ocrx_word' id='word_1_242' title='bbox 1112 3065 1166 3120; x_wconf 94' lang='lat' dir='ltr'><strong>In</strong></span> <span class='ocrx_word' id='word_1_243' title='bbox 1204 3066 1309 3120; x_wconf 88' lang='lat' dir='ltr'><strong>illis</strong></span> <span class='ocrx_word' id='word_1_244' title='bbox 1333 3068 1474 3120; x_wconf 90' lang='lat' dir='ltr'><strong>enim</strong></span> <span class='ocrx_word' id='word_1_245' title='bbox 1503 3065 1708 3119; x_wconf 86' lang='lat' dir='ltr'><strong>duobus</strong></span> <span class='ocrx_word' id='word_1_246' title='bbox 1730 3064 1828 3120; x_wconf 83' lang='lat' dir='ltr'><strong>h0-</strong></span> 
     </span>
    </p>
   </div>
   <div class='ocr_carea' id='block_1_32' title="bbox 235 3159 1825 3230">
    <p class='ocr_par' dir='ltr' id='par_1_32' title="bbox 235 3159 1825 3230">
     <span class='ocr_line' id='line_1_32' title="bbox 235 3159 1825 3230; baseline -0.001 -17"><span class='ocrx_word' id='word_1_247' title='bbox 235 3160 464 3215; x_wconf 88' lang='lat' dir='ltr'><strong>minibus</strong></span> <span class='ocrx_word' id='word_1_248' title='bbox 509 3169 678 3215; x_wconf 92' lang='lat' dir='ltr'><strong>totum</strong></span> <span class='ocrx_word' id='word_1_249' title='bbox 707 3175 875 3230; x_wconf 87' lang='lat' dir='ltr'><strong>genus</strong></span> <span class='ocrx_word' id='word_1_250' title='bbox 901 3160 1192 3216; x_wconf 89' lang='lat' dir='ltr'><strong>humanum</strong></span> <span class='ocrx_word' id='word_1_251' title='bbox 1222 3177 1236 3213; x_wconf 90' lang='lat'><strong>:</strong></span> <span class='ocrx_word' id='word_1_252' title='bbox 1266 3159 1388 3213; x_wconf 91' lang='lat' dir='ltr'><strong>inde</strong></span> <span class='ocrx_word' id='word_1_253' title='bbox 1417 3172 1653 3229; x_wconf 86' lang='lat' dir='ltr'><strong>prepago</strong></span> <span class='ocrx_word' id='word_1_254' title='bbox 1680 3174 1825 3212; x_wconf 89' lang='lat' dir='ltr'><strong>mor—</strong></span> 
     </span>
    </p>
   </div>
   <div class='ocr_carea' id='block_1_33' title="bbox 235 3249 1824 3321">
    <p class='ocr_par' dir='ltr' id='par_1_33' title="bbox 235 3249 1824 3321">
     <span class='ocr_line' id='line_1_33' title="bbox 235 3249 1824 3321; baseline -0.003 -14"><span class='ocrx_word' id='word_1_255' title='bbox 235 3253 318 3315; x_wconf 86' lang='lat' dir='ltr'><strong>tis,</strong></span> <span class='ocrx_word' id='word_1_256' title='bbox 367 3252 496 3307; x_wconf 88' lang='lat' dir='ltr'><strong>inde</strong></span> <span class='ocrx_word' id='word_1_257' title='bbox 544 3262 599 3307; x_wconf 92' lang='lat' dir='ltr'><strong>et</strong></span> <span class='ocrx_word' id='word_1_258' title='bbox 642 3252 693 3306; x_wconf 93' lang='lat' dir='ltr'><strong>in</strong></span> <span class='ocrx_word' id='word_1_259' title='bbox 744 3252 976 3321; x_wconf 79' lang='lat' dir='ltr'><strong>parvulis</strong></span> <span class='ocrx_word' id='word_1_260' title='bbox 1011 3250 1210 3315; x_wconf 74' lang='lat' dir='ltr'><strong>debita,</strong></span> <span class='ocrx_word' id='word_1_261' title='bbox 1253 3249 1467 3308; x_wconf 82' lang='lat' dir='ltr'><strong>delicta.</strong></span> <span class='ocrx_word' id='word_1_262' title='bbox 1519 3249 1644 3314; x_wconf 84' lang='lat' dir='ltr'><strong>Quis</strong></span> <span class='ocrx_word' id='word_1_263' title='bbox 1683 3249 1824 3304; x_wconf 87' lang='lat' dir='ltr'><strong>enim</strong></span> 
     </span>
    </p>
   </div>
   <div class='ocr_carea' id='block_1_34' title="bbox 234 3339 1826 3414">
    <p class='ocr_par' dir='ltr' id='par_1_34' title="bbox 234 3339 1826 3414">
     <span class='ocr_line' id='line_1_34' title="bbox 234 3339 1826 3414; baseline -0.003 -17"><span class='ocrx_word' id='word_1_264' title='bbox 234 3344 471 3410; x_wconf 84' lang='lat' dir='ltr'><strong>mundus,</strong></span> <span class='ocrx_word' id='word_1_265' title='bbox 506 3344 581 3400; x_wconf 91' lang='lat' dir='ltr'><strong>ait</strong></span> <span class='ocrx_word' id='word_1_266' title='bbox 605 3344 914 3414; x_wconf 84' lang='lat' dir='ltr'><strong>Scriptura,</strong></span> <span class='ocrx_word' id='word_1_267' title='bbox 949 3344 1003 3396; x_wconf 91' lang='lat' dir='ltr'><strong>in</strong></span> <span class='ocrx_word' id='word_1_268' title='bbox 1036 3353 1302 3410; x_wconf 79' lang='lat' dir='ltr'><strong>conspectu</strong></span> <span class='ocrx_word' id='word_1_269' title='bbox 1335 3342 1458 3396; x_wconf 75' lang='lat' dir='ltr'><strong>tuo?</strong></span> <span class='ocrx_word' id='word_1_270' title='bbox 1505 3339 1613 3394; x_wconf 84' lang='lat' dir='ltr'><strong>Nec</strong></span> <span class='ocrx_word' id='word_1_271' title='bbox 1655 3341 1826 3412; x_wconf 79' lang='lat' dir='ltr'><strong>infans</strong></span> 
     </span>
    </p>
   </div>
   <div class='ocr_carea' id='block_1_35' title="bbox 232 3431 1824 3505">
    <p class='ocr_par' dir='ltr' id='par_1_35' title="bbox 232 3431 1824 3505">
     <span class='ocr_line' id='line_1_35' title="bbox 232 3431 1824 3505; baseline -0.002 -16"><span class='ocrx_word' id='word_1_272' title='bbox 232 3436 376 3504; x_wconf 80' lang='lat' dir='ltr'><strong>cujus</strong></span> <span class='ocrx_word' id='word_1_273' title='bbox 405 3447 478 3489; x_wconf 86' lang='lat' dir='ltr'><strong>est</strong></span> <span class='ocrx_word' id='word_1_274' title='bbox 509 3436 656 3493; x_wconf 84' lang='lat' dir='ltr'><strong>unius</strong></span> <span class='ocrx_word' id='word_1_275' title='bbox 684 3435 784 3488; x_wconf 87' lang='lat' dir='ltr'><strong>diei</strong></span> <span class='ocrx_word' id='word_1_276' title='bbox 812 3436 912 3488; x_wconf 85' lang='lat' dir='ltr'><strong>vita</strong></span> <span class='ocrx_word' id='word_1_277' title='bbox 938 3451 1089 3502; x_wconf 84' lang='lat' dir='ltr'><strong>super</strong></span> <span class='ocrx_word' id='word_1_278' title='bbox 1117 3443 1302 3487; x_wconf 87' lang='lat' dir='ltr'><strong>terram</strong></span> <span class='ocrx_word' id='word_1_279' title='bbox 1329 3431 1452 3502; x_wconf 80' lang='lat' dir='ltr'><strong>(Job</strong></span> <span class='ocrx_word' id='word_1_280' title='bbox 1483 3447 1589 3497; x_wconf 86' lang='lat' dir='ltr'><strong>xlv,</strong></span> <span class='ocrx_word' id='word_1_281' title='bbox 1622 3433 1656 3486; x_wconf 70' lang='grc' dir='ltr'><strong>Δ</strong></span> <span class='ocrx_word' id='word_1_282' title='bbox 1680 3443 1725 3486; x_wconf 87' lang='lat' dir='ltr'><strong>et</strong></span> <span class='ocrx_word' id='word_1_283' title='bbox 1743 3432 1824 3505; x_wconf 80' lang='lat'><strong>5).</strong></span> 
     </span>
    </p>
   </div>
   <div class='ocr_carea' id='block_1_36' title="bbox 234 3523 1821 3597">
    <p class='ocr_par' dir='ltr' id='par_1_36' title="bbox 234 3523 1821 3597">
     <span class='ocr_line' id='line_1_36' title="bbox 234 3523 1821 3597; baseline -0.003 -17"><span class='ocrx_word' id='word_1_284' title='bbox 234 3525 448 3584; x_wconf 83' lang='lat' dir='ltr'><strong>Tradnx</strong></span> <span class='ocrx_word' id='word_1_285' title='bbox 497 3527 736 3597; x_wconf 84' lang='lat' dir='ltr'><strong>peccati,</strong></span> <span class='ocrx_word' id='word_1_286' title='bbox 791 3526 982 3582; x_wconf 80' lang='lat' dir='ltr'><strong>tradux</strong></span> <span class='ocrx_word' id='word_1_287' title='bbox 1029 3525 1216 3580; x_wconf 88' lang='lat' dir='ltr'><strong>mortis</strong></span> <span class='ocrx_word' id='word_1_288' title='bbox 1255 3523 1322 3578; x_wconf 91' lang='lat' dir='ltr'><strong>de</strong></span> <span class='ocrx_word' id='word_1_289' title='bbox 1369 3539 1539 3593; x_wconf 82' lang='lat' dir='ltr'><strong>prlmO</strong></span> <span class='ocrx_word' id='word_1_290' title='bbox 1584 3532 1821 3594; x_wconf 84' lang='lat' dir='ltr'><strong>peccato.</strong></span> 
     </span>
    </p>
   </div>
   <div class='ocr_carea' id='block_1_37' title="bbox 232 3617 1824 3688">
    <p class='ocr_par' dir='ltr' id='par_1_37' title="bbox 232 3617 1824 3688">
     <span class='ocr_line' id='line_1_37' title="bbox 232 3617 1824 3688; baseline -0.001 -13"><span class='ocrx_word' id='word_1_291' title='bbox 232 3617 410 3675; x_wconf 83' lang='lat' dir='ltr'><strong>Nostis</strong></span> <span class='ocrx_word' id='word_1_292' title='bbox 450 3619 598 3674; x_wconf 89' lang='lat' dir='ltr'><strong>enim</strong></span> <span class='ocrx_word' id='word_1_293' title='bbox 635 3630 690 3675; x_wconf 93' lang='lat' dir='ltr'><strong>et</strong></span> <span class='ocrx_word' id='word_1_294' title='bbox 725 3618 852 3688; x_wconf 92' lang='lat' dir='ltr'><strong>quid</strong></span> <span class='ocrx_word' id='word_1_295' title='bbox 893 3618 1094 3674; x_wconf 88' lang='lat' dir='ltr'><strong>dictum</strong></span> <span class='ocrx_word' id='word_1_296' title='bbox 1138 3627 1222 3672; x_wconf 89' lang='lat' dir='ltr'><strong>est</strong></span> <span class='ocrx_word' id='word_1_297' title='bbox 1260 3617 1490 3683; x_wconf 90' lang='lat' dir='ltr'><strong>mulieri,</strong></span> <span class='ocrx_word' id='word_1_298' title='bbox 1525 3617 1606 3674; x_wconf 88' lang='lat' dir='ltr'><strong>vel</strong></span> <span class='ocrx_word' id='word_1_299' title='bbox 1650 3618 1824 3686; x_wconf 87' lang='lat' dir='ltr'><strong>potius</strong></span> 
     </span>
    </p>
   </div>
   <div class='ocr_carea' id='block_1_38' title="bbox 234 3709 1820 3782">
    <p class='ocr_par' dir='ltr' id='par_1_38' title="bbox 234 3709 1820 3782">
     <span class='ocr_line' id='line_1_38' title="bbox 234 3709 1820 3782; baseline -0.003 -16"><span class='ocrx_word' id='word_1_300' title='bbox 234 3712 496 3782; x_wconf 87' lang='lat' dir='ltr'><strong>serpenti,</strong></span> <span class='ocrx_word' id='word_1_301' title='bbox 520 3727 641 3766; x_wconf 90' lang='lat' dir='ltr'><strong>cum</strong></span> <span class='ocrx_word' id='word_1_302' title='bbox 663 3711 872 3766; x_wconf 80' lang='lat' dir='ltr'><strong>audiret</strong></span> <span class='ocrx_word' id='word_1_303' title='bbox 904 3711 1046 3766; x_wconf 88' lang='lat' dir='ltr'><strong>Deus</strong></span> <span class='ocrx_word' id='word_1_304' title='bbox 1070 3719 1346 3778; x_wconf 83' lang='lat' dir='ltr'><strong>peccatum</strong></span> <span class='ocrx_word' id='word_1_305' title='bbox 1372 3709 1526 3778; x_wconf 86' lang='lat' dir='ltr'><strong>primi</strong></span> <span class='ocrx_word' id='word_1_306' title='bbox 1553 3709 1782 3763; x_wconf 76' lang='lat' dir='ltr'><strong>hominis</strong></span> <span class='ocrx_word' id='word_1_307' title='bbox 1808 3729 1820 3762; x_wconf 75' lang='grc' dir='ltr'><strong><em>ι</em></strong></span> 
     </span>
    </p>
   </div>
   <div class='ocr_carea' id='block_1_39' title="bbox 235 3801 1827 3873">
    <p class='ocr_par' dir='ltr' id='par_1_39' title="bbox 235 3801 1827 3873">
     <span class='ocr_line' id='line_1_39' title="bbox 235 3801 1827 3873; baseline -0.001 -17"><span class='ocrx_word' id='word_1_308' title='bbox 235 3803 357 3872; x_wconf 80' lang='lat' dir='ltr'><strong>Ipsa</strong></span> <span class='ocrx_word' id='word_1_309' title='bbox 383 3815 530 3858; x_wconf 87' lang='lat' dir='ltr'><strong>tuum</strong></span> <span class='ocrx_word' id='word_1_310' title='bbox 555 3803 830 3858; x_wconf 80' lang='lat' dir='ltr'><strong>obscrvabit</strong></span> <span class='ocrx_word' id='word_1_311' title='bbox 856 3812 1025 3871; x_wconf 87' lang='lat' dir='ltr'><strong>caput,</strong></span> <span class='ocrx_word' id='word_1_312' title='bbox 1055 3811 1104 3856; x_wconf 89' lang='lat' dir='ltr'><strong>et</strong></span> <span class='ocrx_word' id='word_1_313' title='bbox 1133 3812 1185 3858; x_wconf 87' lang='lat' dir='ltr'><strong>tu</strong></span> <span class='ocrx_word' id='word_1_314' title='bbox 1209 3802 1319 3873; x_wconf 90' lang='lat' dir='ltr'><strong>ejus</strong></span> <span class='ocrx_word' id='word_1_315' title='bbox 1349 3801 1631 3856; x_wconf 81' lang='lat' dir='ltr'><strong>observabis</strong></span> <span class='ocrx_word' id='word_1_316' title='bbox 1658 3802 1827 3855; x_wconf 56' lang='lat' dir='ltr'><strong>calca.</strong></span> 
     </span>
    </p>
   </div>
   <div class='ocr_carea' id='block_1_40' title="bbox 233 3893 1826 3964">
    <p class='ocr_par' dir='ltr' id='par_1_40' title="bbox 233 3893 1826 3964">
     <span class='ocr_line' id='line_1_40' title="bbox 233 3893 1826 3964; baseline -0.001 -14"><span class='ocrx_word' id='word_1_317' title='bbox 233 3912 383 3950; x_wconf 78' lang='lat' dir='ltr'><strong>neum</strong></span> <span class='ocrx_word' id='word_1_318' title='bbox 435 3895 604 3963; x_wconf 81' lang='lat' dir='ltr'><strong>(Gen.</strong></span> <span class='ocrx_word' id='word_1_319' title='bbox 638 3910 714 3960; x_wconf 84' lang='lat' dir='ltr'><strong>Ill,</strong></span> <span class='ocrx_word' id='word_1_320' title='bbox 743 3895 807 3949; x_wconf 80' lang='lat' dir='ltr'><strong>l5</strong></span> <span class='ocrx_word' id='word_1_321' title='bbox 829 3893 870 3964; x_wconf 91' lang='lat'><strong>).</strong></span> <span class='ocrx_word' id='word_1_322' title='bbox 912 3893 967 3948; x_wconf 92' lang='lat' dir='ltr'><strong>ln</strong></span> <span class='ocrx_word' id='word_1_323' title='bbox 1009 3908 1201 3962; x_wconf 89' lang='lat' dir='ltr'><strong>magno</strong></span> <span class='ocrx_word' id='word_1_324' title='bbox 1243 3895 1495 3963; x_wconf 89' lang='lat' dir='ltr'><strong>mysterio</strong></span> <span class='ocrx_word' id='word_1_325' title='bbox 1520 3893 1741 3958; x_wconf 89' lang='lat' dir='ltr'><strong>dictum,</strong></span> <span class='ocrx_word' id='word_1_326' title='bbox 1771 3894 1826 3949; x_wconf 88' lang='lat' dir='ltr'><strong>in</strong></span> 
     </span>
    </p>
   </div>
   <div class='ocr_carea' id='block_1_41' title="bbox 234 3984 1822 4058">
    <p class='ocr_par' dir='ltr' id='par_1_41' title="bbox 234 3984 1822 4058">
     <span class='ocr_line' id='line_1_41' title="bbox 234 3984 1822 4058; baseline -0.002 -16"><span class='ocrx_word' id='word_1_327' title='bbox 234 3987 404 4058; x_wconf 75' lang='lat' dir='ltr'><strong>figura</strong></span> <span class='ocrx_word' id='word_1_328' title='bbox 448 3987 648 4042; x_wconf 89' lang='lat' dir='ltr'><strong>dictum</strong></span> <span class='ocrx_word' id='word_1_329' title='bbox 697 3985 947 4040; x_wconf 70' lang='lat' dir='ltr'><strong>Ecclesia:</strong></span> <span class='ocrx_word' id='word_1_330' title='bbox 986 3984 1202 4046; x_wconf 68' lang='lat' dir='ltr'><strong>futnrm,</strong></span> <span class='ocrx_word' id='word_1_331' title='bbox 1236 3984 1385 4050; x_wconf 70' lang='lat' dir='ltr'><strong>facta:</strong></span> <span class='ocrx_word' id='word_1_332' title='bbox 1423 3984 1490 4038; x_wconf 89' lang='lat' dir='ltr'><strong>de</strong></span> <span class='ocrx_word' id='word_1_333' title='bbox 1530 3985 1695 4040; x_wconf 78' lang='lat' dir='ltr'><strong>latere</strong></span> <span class='ocrx_word' id='word_1_334' title='bbox 1728 3985 1822 4039; x_wconf 89' lang='lat' dir='ltr'><strong>viri</strong></span> 
     </span>
    </p>
   </div>
   <div class='ocr_carea' id='block_1_42' title="bbox 235 4076 1820 4144">
    <p class='ocr_par' dir='ltr' id='par_1_42' title="bbox 235 4076 1820 4144">
     <span class='ocr_line' id='line_1_42' title="bbox 235 4076 1820 4144; baseline -0.002 -10"><span class='ocrx_word' id='word_1_335' title='bbox 235 4081 336 4144; x_wconf 88' lang='lat' dir='ltr'><strong>sui,</strong></span> <span class='ocrx_word' id='word_1_336' title='bbox 389 4090 447 4138; x_wconf 91' lang='lat' dir='ltr'><strong>et</strong></span> <span class='ocrx_word' id='word_1_337' title='bbox 499 4079 604 4134; x_wconf 86' lang='lat' dir='ltr'><strong>hoc</strong></span> <span class='ocrx_word' id='word_1_338' title='bbox 658 4079 993 4136; x_wconf 84' lang='lat' dir='ltr'><strong>dormientis.</strong></span> <span class='ocrx_word' id='word_1_339' title='bbox 1047 4079 1170 4132; x_wconf 81' lang='lat' dir='ltr'><strong>Erat</strong></span> <span class='ocrx_word' id='word_1_340' title='bbox 1224 4085 1402 4132; x_wconf 88' lang='lat' dir='ltr'><strong>autem</strong></span> <span class='ocrx_word' id='word_1_341' title='bbox 1441 4077 1610 4132; x_wconf 85' lang='lat' dir='ltr'><strong>Adam</strong></span> <span class='ocrx_word' id='word_1_342' title='bbox 1653 4076 1820 4132; x_wconf 80' lang='lat' dir='ltr'><strong>forma</strong></span> 
     </span>
    </p>
   </div>
   <div class='ocr_carea' id='block_1_43' title="bbox 235 4165 1824 4238">
    <p class='ocr_par' dir='ltr' id='par_1_43' title="bbox 235 4165 1824 4238">
     <span class='ocr_line' id='line_1_43' title="bbox 235 4165 1824 4238; baseline -0.001 -15"><span class='ocrx_word' id='word_1_343' title='bbox 235 4171 420 4226; x_wconf 78' lang='lat' dir='ltr'><strong>futuri.</strong></span> <span class='ocrx_word' id='word_1_344' title='bbox 477 4169 590 4224; x_wconf 82' lang='lat' dir='ltr'><strong>Hoc</strong></span> <span class='ocrx_word' id='word_1_345' title='bbox 636 4168 925 4237; x_wconf 85' lang='lat' dir='ltr'><strong>Apostolus</strong></span> <span class='ocrx_word' id='word_1_346' title='bbox 968 4167 1098 4222; x_wconf 89' lang='lat' dir='ltr'><strong>dicit</strong></span> <span class='ocrx_word' id='word_1_347' title='bbox 1135 4183 1148 4221; x_wconf 87' lang='lat'>:</span> <span class='ocrx_word' id='word_1_348' title='bbox 1180 4165 1280 4233; x_wconf 86' lang='lat' dir='ltr'><strong>Qui</strong></span> <span class='ocrx_word' id='word_1_349' title='bbox 1330 4175 1400 4222; x_wconf 79' lang='lat' dir='ltr'><strong>est</strong></span> <span class='ocrx_word' id='word_1_350' title='bbox 1456 4170 1619 4236; x_wconf 78' lang='lat' dir='ltr'><strong>forma</strong></span> <span class='ocrx_word' id='word_1_351' title='bbox 1666 4169 1824 4238; x_wconf 74' lang='lat' dir='ltr'><strong>futuri</strong></span> 
     </span>
    </p>
   </div>
   <div class='ocr_carea' id='block_1_44' title="bbox 236 4259 1822 4336">
    <p class='ocr_par' dir='ltr' id='par_1_44' title="bbox 236 4259 1822 4336">
     <span class='ocr_line' id='line_1_44' title="bbox 236 4259 1822 4336; baseline -0.003 -17"><span class='ocrx_word' id='word_1_352' title='bbox 236 4263 410 4336; x_wconf 82' lang='lat' dir='ltr'><strong>(Rom.</strong></span> <span class='ocrx_word' id='word_1_353' title='bbox 444 4281 496 4329; x_wconf 90' lang='lat' dir='ltr'><strong>v,</strong></span> <span class='ocrx_word' id='word_1_354' title='bbox 530 4265 638 4331; x_wconf 74' lang='grc'><strong>14).</strong></span> <span class='ocrx_word' id='word_1_355' title='bbox 687 4263 1086 4332; x_wconf 78' lang='lat' dir='ltr'><strong>Praeﬁguratum</strong></span> <span class='ocrx_word' id='word_1_356' title='bbox 1117 4270 1201 4316; x_wconf 87' lang='lat' dir='ltr'><strong>est</strong></span> <span class='ocrx_word' id='word_1_357' title='bbox 1226 4261 1365 4331; x_wconf 89' lang='lat' dir='ltr'><strong>quod</strong></span> <span class='ocrx_word' id='word_1_358' title='bbox 1399 4259 1633 4316; x_wconf 85' lang='lat' dir='ltr'><strong>futurum</strong></span> <span class='ocrx_word' id='word_1_359' title='bbox 1673 4270 1822 4327; x_wconf 88' lang='lat' dir='ltr'><strong>crat,</strong></span> 
     </span>
    </p>
   </div>
   <div class='ocr_carea' id='block_1_45' title="bbox 236 4350 1821 4420">
    <p class='ocr_par' dir='ltr' id='par_1_45' title="bbox 236 4350 1821 4420">
     <span class='ocr_line' id='line_1_45' title="bbox 236 4350 1821 4420; baseline -0.003 -10"><span class='ocrx_word' id='word_1_360' title='bbox 236 4355 371 4411; x_wconf 81' lang='lat' dir='ltr'><strong>facta</strong></span> <span class='ocrx_word' id='word_1_361' title='bbox 417 4366 504 4420; x_wconf 82' lang='lat' dir='ltr'><strong>est</strong></span> <span class='ocrx_word' id='word_1_362' title='bbox 546 4354 780 4410; x_wconf 88' lang='lat' dir='ltr'><strong>Ecclesia</strong></span> <span class='ocrx_word' id='word_1_363' title='bbox 827 4352 895 4408; x_wconf 90' lang='lat' dir='ltr'><strong>de</strong></span> <span class='ocrx_word' id='word_1_364' title='bbox 942 4352 1106 4407; x_wconf 89' lang='lat' dir='ltr'><strong>latere</strong></span> <span class='ocrx_word' id='word_1_365' title='bbox 1163 4351 1371 4406; x_wconf 88' lang='lat' dir='ltr'><strong>Domini</strong></span> <span class='ocrx_word' id='word_1_366' title='bbox 1412 4350 1724 4405; x_wconf 87' lang='lat' dir='ltr'><strong>dormientis</strong></span> <span class='ocrx_word' id='word_1_367' title='bbox 1771 4351 1821 4405; x_wconf 88' lang='lat' dir='ltr'><strong>in</strong></span> 
     </span>
    </p>
   </div>
   <div class='ocr_carea' id='block_1_46' title="bbox 235 4441 1822 4514">
    <p class='ocr_par' dir='ltr' id='par_1_46' title="bbox 235 4441 1822 4514">
     <span class='ocr_line' id='line_1_46' title="bbox 235 4441 1822 4514; baseline -0.001 -14"><span class='ocrx_word' id='word_1_368' title='bbox 235 4462 413 4503; x_wconf 87' lang='lat' dir='ltr'><strong>cruce.</strong></span> <span class='ocrx_word' id='word_1_369' title='bbox 458 4444 592 4506; x_wconf 83' lang='lat' dir='ltr'><strong>Nam</strong></span> <span class='ocrx_word' id='word_1_370' title='bbox 637 4445 704 4500; x_wconf 91' lang='lat' dir='ltr'><strong>de</strong></span> <span class='ocrx_word' id='word_1_371' title='bbox 744 4445 907 4499; x_wconf 86' lang='lat' dir='ltr'><strong>latere</strong></span> <span class='ocrx_word' id='word_1_372' title='bbox 933 4443 1171 4500; x_wconf 84' lang='lat' dir='ltr'><strong>cruciﬁxi</strong></span> <span class='ocrx_word' id='word_1_373' title='bbox 1201 4457 1452 4512; x_wconf 89' lang='lat' dir='ltr'><strong>percusso</strong></span> <span class='ocrx_word' id='word_1_374' title='bbox 1483 4441 1674 4514; x_wconf 83' lang='lat' dir='ltr'><strong>(Joan.</strong></span> <span class='ocrx_word' id='word_1_375' title='bbox 1703 4458 1822 4509; x_wconf 80' lang='lat' dir='ltr'><strong>xix,</strong></span> 
     </span>
    </p>
   </div>
   <div class='ocr_carea' id='block_1_47' title="bbox 233 4533 1825 4606">
    <p class='ocr_par' dir='ltr' id='par_1_47' title="bbox 233 4533 1825 4606">
     <span class='ocr_line' id='line_1_47' title="bbox 233 4533 1825 4606; baseline -0.003 -12"><span class='ocrx_word' id='word_1_376' title='bbox 233 4539 346 4606; x_wconf 67' lang='grc'><strong>34),</strong></span> <span class='ocrx_word' id='word_1_377' title='bbox 394 4536 742 4593; x_wconf 80' lang='lat' dir='ltr'><strong>Sacramenta</strong></span> <span class='ocrx_word' id='word_1_378' title='bbox 786 4535 1037 4590; x_wconf 72' lang='lat' dir='ltr'><strong>Ecclesiae</strong></span> <span class='ocrx_word' id='word_1_379' title='bbox 1071 4535 1461 4606; x_wconf 78' lang='lat' dir='ltr'><strong>proﬂuxerunt.</strong></span> <span class='ocrx_word' id='word_1_380' title='bbox 1517 4533 1654 4600; x_wconf 87' lang='lat' dir='ltr'><strong>Quid</strong></span> <span class='ocrx_word' id='word_1_381' title='bbox 1698 4550 1825 4606; x_wconf 84' lang='lat' dir='ltr'><strong>ergo</strong></span> 
     </span>
    </p>
   </div>
   <div class='ocr_carea' id='block_1_48' title="bbox 233 4625 1823 4696">
    <p class='ocr_par' dir='ltr' id='par_1_48' title="bbox 233 4625 1823 4696">
     <span class='ocr_line' id='line_1_48' title="bbox 233 4625 1823 4696; baseline -0.001 -14"><span class='ocrx_word' id='word_1_382' title='bbox 233 4630 435 4685; x_wconf 89' lang='lat' dir='ltr'><strong>dictum</strong></span> <span class='ocrx_word' id='word_1_383' title='bbox 477 4637 570 4688; x_wconf 66' lang='lat' dir='ltr'><strong>est,</strong></span> <span class='ocrx_word' id='word_1_384' title='bbox 604 4626 890 4682; x_wconf 67' lang='lat' dir='ltr'><strong>Ecclesiae?</strong></span> <span class='ocrx_word' id='word_1_385' title='bbox 932 4625 1049 4680; x_wconf 79' lang='lat' dir='ltr'><strong>Jam</strong></span> <span class='ocrx_word' id='word_1_386' title='bbox 1095 4625 1255 4680; x_wconf 86' lang='lat' dir='ltr'><strong>modo</strong></span> <span class='ocrx_word' id='word_1_387' title='bbox 1291 4625 1488 4688; x_wconf 86' lang='lat' dir='ltr'><strong>audite,</strong></span> <span class='ocrx_word' id='word_1_388' title='bbox 1521 4626 1823 4696; x_wconf 83' lang='lat' dir='ltr'><strong>intelligite,</strong></span> 
     </span>
    </p>
   </div>
   <div class='ocr_carea' id='block_1_49' title="bbox 232 4719 1827 4790">
    <p class='ocr_par' dir='ltr' id='par_1_49' title="bbox 232 4719 1827 4790">
     <span class='ocr_line' id='line_1_49' title="bbox 232 4719 1827 4790; baseline -0.003 -12"><span class='ocrx_word' id='word_1_389' title='bbox 232 4733 454 4779; x_wconf 84' lang='lat' dir='ltr'><strong>cavete:</strong></span> <span class='ocrx_word' id='word_1_390' title='bbox 485 4720 616 4790; x_wconf 83' lang='lat' dir='ltr'><strong>Ipsa</strong></span> <span class='ocrx_word' id='word_1_391' title='bbox 639 4731 779 4774; x_wconf 88' lang='lat' dir='ltr'><strong>tuum</strong></span> <span class='ocrx_word' id='word_1_392' title='bbox 813 4719 1087 4774; x_wconf 83' lang='lat' dir='ltr'><strong>observabit</strong></span> <span class='ocrx_word' id='word_1_393' title='bbox 1116 4729 1266 4790; x_wconf 84' lang='lat' dir='ltr'><strong>caput</strong></span> <span class='ocrx_word' id='word_1_394' title='bbox 1287 4760 1300 4785; x_wconf 91' lang='lat'><strong>,</strong></span> <span class='ocrx_word' id='word_1_395' title='bbox 1338 4729 1384 4772; x_wconf 88' lang='lat' dir='ltr'><strong>et</strong></span> <span class='ocrx_word' id='word_1_396' title='bbox 1425 4728 1477 4774; x_wconf 89' lang='lat' dir='ltr'><strong>tu</strong></span> <span class='ocrx_word' id='word_1_397' title='bbox 1517 4721 1624 4790; x_wconf 87' lang='lat' dir='ltr'><strong>ejus</strong></span> <span class='ocrx_word' id='word_1_398' title='bbox 1660 4722 1827 4774; x_wconf 85' lang='lat' dir='ltr'><strong>calca-</strong></span> 
     </span>
    </p>
   </div>
   <div class='ocr_carea' id='block_1_50' title="bbox 235 4811 1829 4882">
    <p class='ocr_par' dir='ltr' id='par_1_50' title="bbox 235 4811 1829 4882">
     <span class='ocr_line' id='line_1_50' title="bbox 235 4811 1829 4882; baseline -0.001 -14"><span class='ocrx_word' id='word_1_399' title='bbox 235 4831 402 4871; x_wconf 81' lang='lat' dir='ltr'><strong>neum.</strong></span> <span class='ocrx_word' id='word_1_400' title='bbox 431 4814 476 4872; x_wconf 88' lang='lat'><strong>0</strong></span> <span class='ocrx_word' id='word_1_401' title='bbox 507 4812 773 4880; x_wconf 86' lang='lat' dir='ltr'><strong>Ecclesia,</strong></span> <span class='ocrx_word' id='word_1_402' title='bbox 804 4821 965 4882; x_wconf 88' lang='lat' dir='ltr'><strong>caput</strong></span> <span class='ocrx_word' id='word_1_403' title='bbox 990 4811 1256 4878; x_wconf 90' lang='lat' dir='ltr'><strong>serpentis</strong></span> <span class='ocrx_word' id='word_1_404' title='bbox 1285 4811 1535 4866; x_wconf 88' lang='lat' dir='ltr'><strong>observa.</strong></span> <span class='ocrx_word' id='word_1_405' title='bbox 1564 4812 1718 4880; x_wconf 88' lang='lat' dir='ltr'><strong>Quod</strong></span> <span class='ocrx_word' id='word_1_406' title='bbox 1743 4825 1829 4867; x_wconf 89' lang='lat' dir='ltr'><strong>est</strong></span> 
     </span>
    </p>
   </div>
   <div class='ocr_carea' id='block_1_51' title="bbox 233 4891 1828 4978">
    <p class='ocr_par' dir='ltr' id='par_1_51' title="bbox 233 4891 1828 4978">
     <span class='ocr_line' id='line_1_51' title="bbox 233 4891 1828 4978; baseline -0.002 -15"><span class='ocrx_word' id='word_1_407' title='bbox 233 4891 394 4978; x_wconf 85' lang='lat' dir='ltr'><strong>caput</strong></span> <span class='ocrx_word' id='word_1_408' title='bbox 421 4905 729 4976; x_wconf 83' lang='lat' dir='ltr'><strong>serpentis?</strong></span> <span class='ocrx_word' id='word_1_409' title='bbox 777 4905 953 4960; x_wconf 88' lang='lat' dir='ltr'><strong>Prima</strong></span> <span class='ocrx_word' id='word_1_410' title='bbox 995 4905 1196 4974; x_wconf 90' lang='lat' dir='ltr'><strong>peccati</strong></span> <span class='ocrx_word' id='word_1_411' title='bbox 1228 4904 1517 4974; x_wconf 82' lang='lat' dir='ltr'><strong>suggestio.</strong></span> <span class='ocrx_word' id='word_1_412' title='bbox 1550 4904 1706 4960; x_wconf 80' lang='lat' dir='ltr'><strong>Venit</strong></span> <span class='ocrx_word' id='word_1_413' title='bbox 1733 4905 1828 4960; x_wconf 88' lang='lat' dir='ltr'><strong>tibi</strong></span> 
     </span>
    </p>
   </div>
   <div class='ocr_carea' id='block_1_52' title="bbox 232 4998 1828 5068">
    <p class='ocr_par' dir='ltr' id='par_1_52' title="bbox 232 4998 1828 5068">
     <span class='ocr_line' id='line_1_52' title="bbox 232 4998 1828 5068; baseline 0 -14"><span class='ocrx_word' id='word_1_414' title='bbox 232 5001 287 5055; x_wconf 89' lang='lat' dir='ltr'><strong>in</strong></span> <span class='ocrx_word' id='word_1_415' title='bbox 311 5010 550 5056; x_wconf 87' lang='lat' dir='ltr'><strong>mentem</strong></span> <span class='ocrx_word' id='word_1_416' title='bbox 573 5000 756 5054; x_wconf 89' lang='lat' dir='ltr'><strong>nescio</strong></span> <span class='ocrx_word' id='word_1_417' title='bbox 779 4999 903 5068; x_wconf 89' lang='lat' dir='ltr'><strong>quid</strong></span> <span class='ocrx_word' id='word_1_418' title='bbox 929 4998 1198 5062; x_wconf 92' lang='lat' dir='ltr'><strong>illicitum;</strong></span> <span class='ocrx_word' id='word_1_419' title='bbox 1231 4998 1338 5052; x_wconf 91' lang='lat' dir='ltr'><strong>noli</strong></span> <span class='ocrx_word' id='word_1_420' title='bbox 1369 4998 1438 5051; x_wconf 93' lang='lat' dir='ltr'><strong>ibi</strong></span> <span class='ocrx_word' id='word_1_421' title='bbox 1467 5008 1649 5054; x_wconf 90' lang='lat' dir='ltr'><strong>tenere</strong></span> <span class='ocrx_word' id='word_1_422' title='bbox 1676 5015 1828 5054; x_wconf 84' lang='lat' dir='ltr'><strong>men-</strong></span> 
     </span>
    </p>
   </div>
   <div class='ocr_carea' id='block_1_53' title="bbox 234 5089 1824 5160">
    <p class='ocr_par' dir='ltr' id='par_1_53' title="bbox 234 5089 1824 5160">
     <span class='ocr_line' id='line_1_53' title="bbox 234 5089 1824 5160; baseline 0.001 -14"><span class='ocrx_word' id='word_1_423' title='bbox 234 5104 344 5148; x_wconf 87' lang='lat' dir='ltr'><strong>tem</strong></span> <span class='ocrx_word' id='word_1_424' title='bbox 380 5103 532 5160; x_wconf 85' lang='lat' dir='ltr'><strong>tuam</strong></span> <span class='ocrx_word' id='word_1_425' title='bbox 553 5133 568 5158; x_wconf 91' lang='lat'><strong>,</strong></span> <span class='ocrx_word' id='word_1_426' title='bbox 604 5091 712 5146; x_wconf 92' lang='lat' dir='ltr'><strong>noli</strong></span> <span class='ocrx_word' id='word_1_427' title='bbox 742 5091 1065 5146; x_wconf 90' lang='lat' dir='ltr'><strong>consentire.</strong></span> <span class='ocrx_word' id='word_1_428' title='bbox 1112 5090 1223 5146; x_wconf 87' lang='lat' dir='ltr'><strong>Hoc</strong></span> <span class='ocrx_word' id='word_1_429' title='bbox 1252 5089 1396 5160; x_wconf 91' lang='lat' dir='ltr'><strong>quod</strong></span> <span class='ocrx_word' id='word_1_430' title='bbox 1425 5089 1568 5146; x_wconf 90' lang='lat' dir='ltr'><strong>venit</strong></span> <span class='ocrx_word' id='word_1_431' title='bbox 1597 5091 1648 5144; x_wconf 90' lang='lat' dir='ltr'><strong>in</strong></span> <span class='ocrx_word' id='word_1_432' title='bbox 1673 5107 1824 5147; x_wconf 89' lang='lat' dir='ltr'><strong>men-</strong></span> 
     </span>
    </p>
   </div>
   <div class='ocr_carea' id='block_1_54' title="bbox 231 5181 1823 5256">
    <p class='ocr_par' dir='ltr' id='par_1_54' title="bbox 231 5181 1823 5256">
     <span class='ocr_line' id='line_1_54' title="bbox 231 5181 1823 5256; baseline -0.001 -17"><span class='ocrx_word' id='word_1_433' title='bbox 231 5195 364 5252; x_wconf 75' lang='lat' dir='ltr'><strong>tem,</strong></span> <span class='ocrx_word' id='word_1_434' title='bbox 395 5193 562 5256; x_wconf 74' lang='lat' dir='ltr'><strong>caput</strong></span> <span class='ocrx_word' id='word_1_435' title='bbox 588 5183 849 5252; x_wconf 87' lang='lat' dir='ltr'><strong>serpentis</strong></span> <span class='ocrx_word' id='word_1_436' title='bbox 874 5191 988 5247; x_wconf 90' lang='lat' dir='ltr'><strong>est;</strong></span> <span class='ocrx_word' id='word_1_437' title='bbox 1021 5190 1180 5252; x_wconf 88' lang='lat' dir='ltr'><strong>caput</strong></span> <span class='ocrx_word' id='word_1_438' title='bbox 1212 5182 1381 5246; x_wconf 87' lang='lat' dir='ltr'><strong>calca,</strong></span> <span class='ocrx_word' id='word_1_439' title='bbox 1408 5189 1464 5238; x_wconf 90' lang='lat' dir='ltr'><strong>et</strong></span> <span class='ocrx_word' id='word_1_440' title='bbox 1494 5181 1689 5237; x_wconf 85' lang='lat' dir='ltr'><strong>evades</strong></span> <span class='ocrx_word' id='word_1_441' title='bbox 1716 5199 1823 5238; x_wconf 80' lang='lat' dir='ltr'><strong>cae-</strong></span> 
     </span>
    </p>
   </div>
   <div class='ocr_carea' id='block_1_55' title="bbox 231 5271 1828 5346">
    <p class='ocr_par' dir='ltr' id='par_1_55' title="bbox 231 5271 1828 5346">
     <span class='ocr_line' id='line_1_55' title="bbox 231 5271 1828 5346; baseline -0.001 -14"><span class='ocrx_word' id='word_1_442' title='bbox 231 5283 380 5332; x_wconf 86' lang='lat' dir='ltr'><strong>teros</strong></span> <span class='ocrx_word' id='word_1_443' title='bbox 407 5285 608 5330; x_wconf 89' lang='lat' dir='ltr'><strong>motus.</strong></span> <span class='ocrx_word' id='word_1_444' title='bbox 641 5273 778 5340; x_wconf 88' lang='lat' dir='ltr'><strong>Quid</strong></span> <span class='ocrx_word' id='word_1_445' title='bbox 804 5282 906 5338; x_wconf 88' lang='lat' dir='ltr'><strong>est,</strong></span> <span class='ocrx_word' id='word_1_446' title='bbox 934 5280 1094 5341; x_wconf 89' lang='lat' dir='ltr'><strong>caput</strong></span> <span class='ocrx_word' id='word_1_447' title='bbox 1121 5271 1310 5332; x_wconf 79' lang='lat' dir='ltr'><strong>calca?</strong></span> <span class='ocrx_word' id='word_1_448' title='bbox 1341 5273 1512 5341; x_wconf 85' lang='lat' dir='ltr'><strong>Ipsam</strong></span> <span class='ocrx_word' id='word_1_449' title='bbox 1539 5274 1828 5346; x_wconf 81' lang='lat' dir='ltr'><strong>suggestio-</strong></span> 
     </span>
    </p>
   </div>
   <div class='ocr_carea' id='block_1_56' title="bbox 229 5364 1824 5435">
    <p class='ocr_par' dir='ltr' id='par_1_56' title="bbox 229 5364 1824 5435">
     <span class='ocr_line' id='line_1_56' title="bbox 229 5364 1824 5435; baseline -0.004 -8"><span class='ocrx_word' id='word_1_450' title='bbox 229 5383 359 5427; x_wconf 79' lang='lat' dir='ltr'><strong>nem</strong></span> <span class='ocrx_word' id='word_1_451' title='bbox 386 5376 702 5426; x_wconf 74' lang='lat' dir='ltr'><strong>contemne.</strong></span> <span class='ocrx_word' id='word_1_452' title='bbox 744 5365 852 5422; x_wconf 89' lang='lat' dir='ltr'><strong>Sed</strong></span> <span class='ocrx_word' id='word_1_453' title='bbox 891 5364 1100 5420; x_wconf 90' lang='lat' dir='ltr'><strong>lucrum</strong></span> <span class='ocrx_word' id='word_1_454' title='bbox 1137 5364 1399 5435; x_wconf 85' lang='lat' dir='ltr'><strong>suggessit</strong></span> <span class='ocrx_word' id='word_1_455' title='bbox 1423 5381 1435 5418; x_wconf 94' lang='lat'><strong>:</strong></span> <span class='ocrx_word' id='word_1_456' title='bbox 1462 5379 1711 5435; x_wconf 86' lang='lat' dir='ltr'><strong>magnum</strong></span> <span class='ocrx_word' id='word_1_457' title='bbox 1752 5365 1824 5422; x_wconf 90' lang='lat' dir='ltr'><strong>ibi</strong></span> 
     </span>
    </p>
   </div>
   <div class='ocr_carea' id='block_1_57' title="bbox 226 5457 1822 5534">
    <p class='ocr_par' dir='ltr' id='par_1_57' title="bbox 226 5457 1822 5534">
     <span class='ocr_line' id='line_1_57' title="bbox 226 5457 1822 5534; baseline 0.001 -20"><span class='ocrx_word' id='word_1_458' title='bbox 226 5459 443 5517; x_wconf 85' lang='lat' dir='ltr'><strong>lucrum</strong></span> <span class='ocrx_word' id='word_1_459' title='bbox 469 5469 575 5526; x_wconf 86' lang='lat' dir='ltr'><strong>est,</strong></span> <span class='ocrx_word' id='word_1_460' title='bbox 601 5473 852 5530; x_wconf 78' lang='lat' dir='ltr'><strong>magnum</strong></span> <span class='ocrx_word' id='word_1_461' title='bbox 882 5457 954 5511; x_wconf 90' lang='lat' dir='ltr'><strong>ibi</strong></span> <span class='ocrx_word' id='word_1_462' title='bbox 984 5472 1171 5512; x_wconf 88' lang='lat' dir='ltr'><strong>aurum</strong></span> <span class='ocrx_word' id='word_1_463' title='bbox 1203 5465 1319 5523; x_wconf 89' lang='lat' dir='ltr'><strong>est;</strong></span> <span class='ocrx_word' id='word_1_464' title='bbox 1349 5458 1393 5512; x_wconf 90' lang='lat' dir='ltr'><strong>si</strong></span> <span class='ocrx_word' id='word_1_465' title='bbox 1422 5459 1558 5513; x_wconf 91' lang='lat' dir='ltr'><strong>hanc</strong></span> <span class='ocrx_word' id='word_1_466' title='bbox 1584 5457 1822 5534; x_wconf 81' lang='lat' dir='ltr'><strong>fraudem</strong></span> 
     </span>
    </p>
   </div>
   <div class='ocr_carea' id='block_1_58' title="bbox 225 5535 1824 5623">
    <p class='ocr_par' dir='ltr' id='par_1_58' title="bbox 225 5535 1824 5623">
     <span class='ocr_line' id='line_1_58' title="bbox 225 5535 1824 5623; baseline 0 -15"><span class='ocrx_word' id='word_1_467' title='bbox 225 5553 450 5623; x_wconf 76' lang='lat' dir='ltr'><strong>feceris,</strong></span> <span class='ocrx_word' id='word_1_468' title='bbox 492 5554 647 5609; x_wconf 84' lang='lat' dir='ltr'><strong>dives</strong></span> <span class='ocrx_word' id='word_1_469' title='bbox 685 5537 813 5608; x_wconf 84' lang='lat' dir='ltr'><strong>eris.</strong></span> <span class='ocrx_word' id='word_1_470' title='bbox 860 5535 1031 5620; x_wconf 82' lang='lat' dir='ltr'><strong>Caput</strong></span> <span class='ocrx_word' id='word_1_471' title='bbox 1068 5552 1332 5620; x_wconf 85' lang='lat' dir='ltr'><strong>serpentis</strong></span> <span class='ocrx_word' id='word_1_472' title='bbox 1358 5560 1460 5617; x_wconf 88' lang='lat' dir='ltr'><strong>est,</strong></span> <span class='ocrx_word' id='word_1_473' title='bbox 1489 5551 1653 5606; x_wconf 89' lang='lat' dir='ltr'><strong>calca.</strong></span> <span class='ocrx_word' id='word_1_474' title='bbox 1688 5541 1824 5619; x_wconf 82' lang='lat' dir='ltr'><strong>Quid</strong></span> 
     </span>
    </p>
   </div>
   <div class='ocr_carea' id='block_1_59' title="bbox 222 5641 1823 5714">
    <p class='ocr_par' dir='ltr' id='par_1_59' title="bbox 222 5641 1823 5714">
     <span class='ocr_line' id='line_1_59' title="bbox 222 5641 1823 5714; baseline -0.001 -13"><span class='ocrx_word' id='word_1_475' title='bbox 222 5653 338 5712; x_wconf 86' lang='lat' dir='ltr'><strong>est,</strong></span> <span class='ocrx_word' id='word_1_476' title='bbox 368 5646 552 5703; x_wconf 73' lang='lat' dir='ltr'><strong>calca?</strong></span> <span class='ocrx_word' id='word_1_477' title='bbox 593 5645 894 5701; x_wconf 86' lang='lat' dir='ltr'><strong>Contemne</strong></span> <span class='ocrx_word' id='word_1_478' title='bbox 918 5642 1062 5714; x_wconf 88' lang='lat' dir='ltr'><strong>quod</strong></span> <span class='ocrx_word' id='word_1_479' title='bbox 1096 5643 1377 5714; x_wconf 86' lang='lat' dir='ltr'><strong>suggessit.</strong></span> <span class='ocrx_word' id='word_1_480' title='bbox 1429 5641 1532 5699; x_wconf 86' lang='lat' dir='ltr'><strong>Sed</strong></span> <span class='ocrx_word' id='word_1_481' title='bbox 1575 5658 1823 5712; x_wconf 81' lang='lat' dir='ltr'><strong>magnum</strong></span> 
     </span>
    </p>
   </div>
   <div class='ocr_carea' id='block_1_60' title="bbox 297 5777 1400 5852">
    <p class='ocr_par' dir='ltr' id='par_1_60' title="bbox 297 5777 1400 5852">
     <span class='ocr_line' id='line_1_60' title="bbox 297 5777 1400 5852; baseline -0.001 -22"><span class='ocrx_word' id='word_1_482' title='bbox 297 5779 316 5812; x_wconf 79' lang='grc' dir='ltr'>ι</span> <span class='ocrx_word' id='word_1_483' title='bbox 345 5778 420 5828; x_wconf 71' lang='lat' dir='ltr'><strong>Sic</strong></span> <span class='ocrx_word' id='word_1_484' title='bbox 442 5781 666 5852; x_wconf 76' lang='lat' dir='ltr'><strong>plerique</strong></span> <span class='ocrx_word' id='word_1_485' title='bbox 683 5793 786 5834; x_wconf 75' lang='lat' dir='ltr'><strong>Mss.</strong></span> <span class='ocrx_word' id='word_1_486' title='bbox 815 5789 871 5835; x_wconf 82' lang='lat' dir='ltr'><strong>At</strong></span> <span class='ocrx_word' id='word_1_487' title='bbox 893 5782 1030 5844; x_wconf 84' lang='lat' dir='ltr'><strong>editi,</strong></span> <span class='ocrx_word' id='word_1_488' title='bbox 1052 5777 1400 5834; x_wconf 73' lang='grc' dir='ltr'><strong>ωπυηεαὺιιπι.</strong></span> 
     </span>
    </p>
   </div>
   <div class='ocr_carea' id='block_1_61' title="bbox 1359 265 2390 330">
    <p class='ocr_par' dir='ltr' id='par_1_61' title="bbox 1359 265 2390 330">
     <span class='ocr_line' id='line_1_61' title="bbox 1359 265 2390 330; baseline 0 0"><span class='ocrx_word' id='word_1_489' title='bbox 1359 269 1756 330; x_wconf 76' lang='lat' dir='ltr'><strong>ENARRATIO</strong></span> <span class='ocrx_word' id='word_1_490' title='bbox 1791 267 1859 325; x_wconf 79' lang='lat' dir='ltr'><strong>IN</strong></span> <span class='ocrx_word' id='word_1_491' title='bbox 1896 265 2221 330; x_wconf 75' lang='lat' dir='ltr'><strong>PSALMUM</strong></span> <span class='ocrx_word' id='word_1_492' title='bbox 2258 267 2390 330; x_wconf 75' lang='lat' dir='ltr'><strong>CIII.</strong></span> 
     </span>
    </p>
   </div>
   <div class='ocr_carea' id='block_1_62' title="bbox 3386 270 3529 331">
    <p class='ocr_par' dir='ltr' id='par_1_62' title="bbox 3386 270 3529 331">
     <span class='ocr_line' id='line_1_62' title="bbox 3386 270 3529 331; baseline 0.014 -1"><span class='ocrx_word' id='word_1_493' title='bbox 3386 270 3529 331; x_wconf 69' lang='grc'><strong>1582</strong></span> 
     </span>
    </p>
   </div>
   <div class='ocr_carea' id='block_1_63' title="bbox 1939 384 3526 459">
    <p class='ocr_par' dir='ltr' id='par_1_63' title="bbox 1939 384 3526 459">
     <span class='ocr_line' id='line_1_63' title="bbox 1939 384 3526 459; baseline 0.006 -19"><span class='ocrx_word' id='word_1_494' title='bbox 1939 401 2126 442; x_wconf 88' lang='lat' dir='ltr'><strong>aurum</strong></span> <span class='ocrx_word' id='word_1_495' title='bbox 2158 388 2441 459; x_wconf 78' lang='lat' dir='ltr'><strong>suggessit.</strong></span> <span class='ocrx_word' id='word_1_496' title='bbox 2483 387 2550 444; x_wconf 89' lang='lat' dir='ltr'><strong>Et</strong></span> <span class='ocrx_word' id='word_1_497' title='bbox 2579 385 2708 458; x_wconf 87' lang='lat' dir='ltr'><strong>quid</strong></span> <span class='ocrx_word' id='word_1_498' title='bbox 2742 385 2964 458; x_wconf 87' lang='lat' dir='ltr'><strong>prodest</strong></span> <span class='ocrx_word' id='word_1_499' title='bbox 3002 384 3238 456; x_wconf 82' lang='lat' dir='ltr'><strong>homini,</strong></span> <span class='ocrx_word' id='word_1_500' title='bbox 3267 389 3316 446; x_wconf 88' lang='lat' dir='ltr'><strong>si</strong></span> <span class='ocrx_word' id='word_1_501' title='bbox 3356 401 3526 452; x_wconf 85' lang='lat' dir='ltr'><strong>totum</strong></span> 
     </span>
    </p>
   </div>
   <div class='ocr_carea' id='block_1_64' title="bbox 1935 481 3526 548">
    <p class='ocr_par' dir='ltr' id='par_1_64' title="bbox 1935 481 3526 548">
     <span class='ocr_line' id='line_1_64' title="bbox 1935 481 3526 548; baseline 0.006 -13"><span class='ocrx_word' id='word_1_502' title='bbox 1935 481 2191 536; x_wconf 89' lang='lat' dir='ltr'><strong>mundum</strong></span> <span class='ocrx_word' id='word_1_503' title='bbox 2235 482 2498 546; x_wconf 90' lang='lat' dir='ltr'><strong>lucretur,</strong></span> <span class='ocrx_word' id='word_1_504' title='bbox 2543 483 2737 538; x_wconf 82' lang='lat' dir='ltr'><strong>animae</strong></span> <span class='ocrx_word' id='word_1_505' title='bbox 2775 491 2952 540; x_wconf 86' lang='lat' dir='ltr'><strong>autem</strong></span> <span class='ocrx_word' id='word_1_506' title='bbox 2987 498 3098 546; x_wconf 58' lang='lat' dir='ltr'><strong>sua</strong></span> <span class='ocrx_word' id='word_1_507' title='bbox 3141 484 3526 548; x_wconf 77' lang='lat' dir='ltr'><strong>detrimentum</strong></span> 
     </span>
    </p>
   </div>
   <div class='ocr_carea' id='block_1_65' title="bbox 1935 572 3530 654">
    <p class='ocr_par' dir='ltr' id='par_1_65' title="bbox 1935 572 3530 654">
     <span class='ocr_line' id='line_1_65' title="bbox 1935 572 3530 654; baseline 0.004 -28"><span class='ocrx_word' id='word_1_508' title='bbox 1935 573 2170 641; x_wconf 87' lang='lat' dir='ltr'><strong>patiatur</strong></span> <span class='ocrx_word' id='word_1_509' title='bbox 2202 573 2220 645; x_wconf 95' lang='lat'><strong>(</strong></span> <span class='ocrx_word' id='word_1_510' title='bbox 2246 573 2431 628; x_wconf 80' lang='lat' dir='ltr'><strong>Matth.</strong></span> <span class='ocrx_word' id='word_1_511' title='bbox 2462 589 2569 638; x_wconf 74' lang='lat' dir='ltr'><strong>xvn,</strong></span> <span class='ocrx_word' id='word_1_512' title='bbox 2597 572 2670 632; x_wconf 75' lang='lat'><strong>26</strong></span> <span class='ocrx_word' id='word_1_513' title='bbox 2689 572 2744 646; x_wconf 90' lang='lat'><strong>)?</strong></span> <span class='ocrx_word' id='word_1_514' title='bbox 2772 573 2966 638; x_wconf 83' lang='lat' dir='ltr'><strong>Pereat</strong></span> <span class='ocrx_word' id='word_1_515' title='bbox 2989 574 3170 654; x_wconf 73' lang='lat' dir='ltr'><strong>mundi</strong></span> <span class='ocrx_word' id='word_1_516' title='bbox 3198 575 3428 643; x_wconf 82' lang='lat' dir='ltr'><strong>lucrum,</strong></span> <span class='ocrx_word' id='word_1_517' title='bbox 3461 594 3530 633; x_wconf 90' lang='lat' dir='ltr'><strong>ne</strong></span> 
     </span>
    </p>
   </div>
   <div class='ocr_carea' id='block_1_66' title="bbox 1935 663 3531 737">
    <p class='ocr_par' dir='ltr' id='par_1_66' title="bbox 1935 663 3531 737">
     <span class='ocr_line' id='line_1_66' title="bbox 1935 663 3531 737; baseline 0.004 -20"><span class='ocrx_word' id='word_1_518' title='bbox 1935 663 2027 718; x_wconf 87' lang='lat' dir='ltr'><strong>ﬁat</strong></span> <span class='ocrx_word' id='word_1_519' title='bbox 2061 665 2254 720; x_wconf 82' lang='lat' dir='ltr'><strong>animae</strong></span> <span class='ocrx_word' id='word_1_520' title='bbox 2295 665 2567 721; x_wconf 88' lang='lat' dir='ltr'><strong>damnum.</strong></span> <span class='ocrx_word' id='word_1_521' title='bbox 2620 666 2747 724; x_wconf 61' lang='lat' dir='ltr'><strong>Haec</strong></span> <span class='ocrx_word' id='word_1_522' title='bbox 2785 666 3002 733; x_wconf 86' lang='lat' dir='ltr'><strong>dicens,</strong></span> <span class='ocrx_word' id='word_1_523' title='bbox 3035 666 3332 730; x_wconf 82' lang='lat' dir='ltr'><strong>observasti</strong></span> <span class='ocrx_word' id='word_1_524' title='bbox 3367 677 3531 737; x_wconf 88' lang='lat' dir='ltr'><strong>caput</strong></span> 
     </span>
    </p>
   </div>
   <div class='ocr_carea' id='block_1_67' title="bbox 1936 758 3530 828">
    <p class='ocr_par' dir='ltr' id='par_1_67' title="bbox 1936 758 3530 828">
     <span class='ocr_line' id='line_1_67' title="bbox 1936 758 3530 828; baseline 0.005 -18"><span class='ocrx_word' id='word_1_525' title='bbox 1936 758 2220 828; x_wconf 76' lang='lat' dir='ltr'><strong>serpentis,</strong></span> <span class='ocrx_word' id='word_1_526' title='bbox 2247 767 2298 813; x_wconf 92' lang='lat' dir='ltr'><strong>et</strong></span> <span class='ocrx_word' id='word_1_527' title='bbox 2327 759 2564 815; x_wconf 88' lang='lat' dir='ltr'><strong>calcasti.</strong></span> <span class='ocrx_word' id='word_1_528' title='bbox 2611 760 2701 815; x_wconf 89' lang='lat' dir='ltr'><strong>Ille</strong></span> <span class='ocrx_word' id='word_1_529' title='bbox 2738 769 2918 816; x_wconf 89' lang='lat' dir='ltr'><strong>autem</strong></span> <span class='ocrx_word' id='word_1_530' title='bbox 2942 759 3191 821; x_wconf 84' lang='lat' dir='ltr'><strong>diabolus</strong></span> <span class='ocrx_word' id='word_1_531' title='bbox 3218 761 3530 818; x_wconf 87' lang='lat' dir='ltr'><strong>calcaneum</strong></span> 
     </span>
    </p>
   </div>
   <div class='ocr_carea' id='block_1_68' title="bbox 1935 849 3530 917">
    <p class='ocr_par' dir='ltr' id='par_1_68' title="bbox 1935 849 3530 917">
     <span class='ocr_line' id='line_1_68' title="bbox 1935 849 3530 917; baseline 0.004 -15"><span class='ocrx_word' id='word_1_532' title='bbox 1935 857 2083 904; x_wconf 90' lang='lat' dir='ltr'><strong>tuum</strong></span> <span class='ocrx_word' id='word_1_533' title='bbox 2121 849 2394 906; x_wconf 89' lang='lat' dir='ltr'><strong>observat.</strong></span> <span class='ocrx_word' id='word_1_534' title='bbox 2421 850 2560 917; x_wconf 84' lang='lat' dir='ltr'><strong>Quid</strong></span> <span class='ocrx_word' id='word_1_535' title='bbox 2585 860 2686 916; x_wconf 90' lang='lat' dir='ltr'><strong>est,</strong></span> <span class='ocrx_word' id='word_1_536' title='bbox 2715 852 2968 914; x_wconf 80' lang='lat' dir='ltr'><strong>observat</strong></span> <span class='ocrx_word' id='word_1_537' title='bbox 2990 851 3301 908; x_wconf 89' lang='lat' dir='ltr'><strong>calcaneum</strong></span> <span class='ocrx_word' id='word_1_538' title='bbox 3332 861 3481 910; x_wconf 89' lang='lat' dir='ltr'><strong>tuum</strong></span> <span class='ocrx_word' id='word_1_539' title='bbox 3505 853 3530 908; x_wconf 70' lang='lat'><strong><em>2</em></strong></span> 
     </span>
    </p>
   </div>
   <div class='ocr_carea' id='block_1_69' title="bbox 1933 941 3524 1018">
    <p class='ocr_par' dir='ltr' id='par_1_69' title="bbox 1933 941 3524 1018">
     <span class='ocr_line' id='line_1_69' title="bbox 1933 941 3524 1018; baseline 0.004 -23"><span class='ocrx_word' id='word_1_540' title='bbox 1933 941 2158 1010; x_wconf 89' lang='lat' dir='ltr'><strong>Quando</strong></span> <span class='ocrx_word' id='word_1_541' title='bbox 2183 942 2378 998; x_wconf 87' lang='lat' dir='ltr'><strong>labaris</strong></span> <span class='ocrx_word' id='word_1_542' title='bbox 2399 957 2429 998; x_wconf 90' lang='lat' dir='ltr'><strong>a</strong></span> <span class='ocrx_word' id='word_1_543' title='bbox 2445 944 2527 998; x_wconf 87' lang='lat' dir='ltr'><strong>via</strong></span> <span class='ocrx_word' id='word_1_544' title='bbox 2557 944 2671 1000; x_wconf 73' lang='lat' dir='ltr'><strong>Dei.</strong></span> <span class='ocrx_word' id='word_1_545' title='bbox 2701 944 2778 1002; x_wconf 86' lang='lat' dir='ltr'><strong>Tu</strong></span> <span class='ocrx_word' id='word_1_546' title='bbox 2800 945 3054 1002; x_wconf 86' lang='lat' dir='ltr'><strong>observas</strong></span> <span class='ocrx_word' id='word_1_547' title='bbox 3083 946 3307 1014; x_wconf 87' lang='lat' dir='ltr'><strong>primam</strong></span> <span class='ocrx_word' id='word_1_548' title='bbox 3330 960 3524 1018; x_wconf 81' lang='lat' dir='ltr'><strong>sugge-</strong></span> 
     </span>
    </p>
   </div>
   <div class='ocr_carea' id='block_1_70' title="bbox 1933 1030 3532 1108">
    <p class='ocr_par' dir='ltr' id='par_1_70' title="bbox 1933 1030 3532 1108">
     <span class='ocr_line' id='line_1_70' title="bbox 1933 1030 3532 1108; baseline 0.003 -19"><span class='ocrx_word' id='word_1_549' title='bbox 1933 1035 2182 1099; x_wconf 88' lang='lat' dir='ltr'><strong>stionem,</strong></span> <span class='ocrx_word' id='word_1_550' title='bbox 2226 1034 2318 1090; x_wconf 89' lang='lat' dir='ltr'><strong>ille</strong></span> <span class='ocrx_word' id='word_1_551' title='bbox 2345 1035 2596 1092; x_wconf 88' lang='lat' dir='ltr'><strong>observat</strong></span> <span class='ocrx_word' id='word_1_552' title='bbox 2632 1035 2839 1106; x_wconf 84' lang='lat' dir='ltr'><strong>lapsum</strong></span> <span class='ocrx_word' id='word_1_553' title='bbox 2882 1047 3052 1094; x_wconf 92' lang='lat' dir='ltr'><strong>tuum.</strong></span> <span class='ocrx_word' id='word_1_554' title='bbox 3092 1038 3151 1094; x_wconf 91' lang='lat' dir='ltr'><strong>Si</strong></span> <span class='ocrx_word' id='word_1_555' title='bbox 3180 1030 3321 1096; x_wconf 85' lang='lat' dir='ltr'><strong>enim</strong></span> <span class='ocrx_word' id='word_1_556' title='bbox 3345 1037 3532 1108; x_wconf 78' lang='lat' dir='ltr'><strong>lapsus</strong></span> 
     </span>
    </p>
   </div>
   <div class='ocr_carea' id='block_1_71' title="bbox 1933 1125 3531 1200">
    <p class='ocr_par' dir='ltr' id='par_1_71' title="bbox 1933 1125 3531 1200">
     <span class='ocr_line' id='line_1_71' title="bbox 1933 1125 3531 1200; baseline 0.008 -22"><span class='ocrx_word' id='word_1_557' title='bbox 1933 1125 2121 1194; x_wconf 81' lang='lat' dir='ltr'><strong>fueris,</strong></span> <span class='ocrx_word' id='word_1_558' title='bbox 2149 1128 2344 1194; x_wconf 85' lang='lat' dir='ltr'><strong>cades;</strong></span> <span class='ocrx_word' id='word_1_559' title='bbox 2373 1129 2418 1184; x_wconf 90' lang='lat' dir='ltr'><strong>si</strong></span> <span class='ocrx_word' id='word_1_560' title='bbox 2447 1129 2725 1198; x_wconf 84' lang='lat' dir='ltr'><strong>cecideris,</strong></span> <span class='ocrx_word' id='word_1_561' title='bbox 2768 1131 3079 1200; x_wconf 87' lang='lat' dir='ltr'><strong>possidebit.</strong></span> <span class='ocrx_word' id='word_1_562' title='bbox 3107 1131 3180 1195; x_wconf 86' lang='lat' dir='ltr'><strong>Ut</strong></span> <span class='ocrx_word' id='word_1_563' title='bbox 3210 1141 3388 1196; x_wconf 87' lang='lat' dir='ltr'><strong>autem</strong></span> <span class='ocrx_word' id='word_1_564' title='bbox 3419 1148 3531 1190; x_wconf 91' lang='lat' dir='ltr'><strong>non</strong></span> 
     </span>
    </p>
   </div>
   <div class='ocr_carea' id='block_1_72' title="bbox 1933 1218 3530 1293">
    <p class='ocr_par' dir='ltr' id='par_1_72' title="bbox 1933 1218 3530 1293">
     <span class='ocr_line' id='line_1_72' title="bbox 1933 1218 3530 1293; baseline 0.006 -20"><span class='ocrx_word' id='word_1_565' title='bbox 1933 1218 2116 1286; x_wconf 87' lang='lat' dir='ltr'><strong>cadas,</strong></span> <span class='ocrx_word' id='word_1_566' title='bbox 2145 1220 2254 1274; x_wconf 92' lang='lat' dir='ltr'><strong>noli</strong></span> <span class='ocrx_word' id='word_1_567' title='bbox 2281 1221 2430 1276; x_wconf 79' lang='lat' dir='ltr'><strong>exire</strong></span> <span class='ocrx_word' id='word_1_568' title='bbox 2453 1221 2519 1277; x_wconf 93' lang='lat' dir='ltr'><strong>de</strong></span> <span class='ocrx_word' id='word_1_569' title='bbox 2545 1221 2648 1277; x_wconf 89' lang='lat' dir='ltr'><strong>via.</strong></span> <span class='ocrx_word' id='word_1_570' title='bbox 2682 1225 2973 1293; x_wconf 84' lang='lat' dir='ltr'><strong>Angustam</strong></span> <span class='ocrx_word' id='word_1_571' title='bbox 3002 1225 3096 1288; x_wconf 85' lang='lat' dir='ltr'><strong>tibi</strong></span> <span class='ocrx_word' id='word_1_572' title='bbox 3117 1225 3364 1288; x_wconf 77' lang='lat' dir='ltr'><strong>semitam</strong></span> <span class='ocrx_word' id='word_1_573' title='bbox 3392 1235 3530 1288; x_wconf 85' lang='lat' dir='ltr'><strong>stra-</strong></span> 
     </span>
    </p>
   </div>
   <div class='ocr_carea' id='block_1_73' title="bbox 1932 1313 3533 1384">
    <p class='ocr_par' dir='ltr' id='par_1_73' title="bbox 1932 1313 3533 1384">
     <span class='ocr_line' id='line_1_73' title="bbox 1932 1313 3533 1384; baseline 0.004 -19"><span class='ocrx_word' id='word_1_574' title='bbox 1932 1313 2010 1366; x_wconf 90' lang='lat' dir='ltr'><strong>vit</strong></span> <span class='ocrx_word' id='word_1_575' title='bbox 2040 1314 2216 1378; x_wconf 84' lang='lat' dir='ltr'><strong>Deus;</strong></span> <span class='ocrx_word' id='word_1_576' title='bbox 2263 1313 2523 1384; x_wconf 85' lang='lat' dir='ltr'><strong>quidquid</strong></span> <span class='ocrx_word' id='word_1_577' title='bbox 2561 1325 2718 1370; x_wconf 80' lang='lat' dir='ltr'><strong>extra</strong></span> <span class='ocrx_word' id='word_1_578' title='bbox 2756 1315 2922 1384; x_wconf 86' lang='lat' dir='ltr'><strong>illam,</strong></span> <span class='ocrx_word' id='word_1_579' title='bbox 2952 1316 3214 1382; x_wconf 79' lang='lat' dir='ltr'><strong>lubricum</strong></span> <span class='ocrx_word' id='word_1_580' title='bbox 3252 1325 3354 1382; x_wconf 82' lang='lat' dir='ltr'><strong>est.</strong></span> <span class='ocrx_word' id='word_1_581' title='bbox 3399 1315 3533 1372; x_wconf 86' lang='lat' dir='ltr'><strong>Pro-</strong></span> 
     </span>
    </p>
   </div>
   <div class='ocr_carea' id='block_1_74' title="bbox 1934 1406 3532 1474">
    <p class='ocr_par' dir='ltr' id='par_1_74' title="bbox 1934 1406 3532 1474">
     <span class='ocr_line' id='line_1_74' title="bbox 1934 1406 3532 1474; baseline 0.006 -15"><span class='ocrx_word' id='word_1_582' title='bbox 1934 1413 2116 1474; x_wconf 88' lang='lat' dir='ltr'><strong>pterea</strong></span> <span class='ocrx_word' id='word_1_583' title='bbox 2151 1406 2330 1462; x_wconf 91' lang='lat' dir='ltr'><strong>lumen</strong></span> <span class='ocrx_word' id='word_1_584' title='bbox 2361 1415 2446 1463; x_wconf 90' lang='lat' dir='ltr'><strong>est</strong></span> <span class='ocrx_word' id='word_1_585' title='bbox 2471 1406 2738 1473; x_wconf 80' lang='lat' dir='ltr'><strong>Christus,</strong></span> <span class='ocrx_word' id='word_1_586' title='bbox 2766 1417 2820 1464; x_wconf 90' lang='lat' dir='ltr'><strong>et</strong></span> <span class='ocrx_word' id='word_1_587' title='bbox 2845 1408 2929 1467; x_wconf 83' lang='lat' dir='ltr'><strong>via</strong></span> <span class='ocrx_word' id='word_1_588' title='bbox 2963 1419 3049 1466; x_wconf 87' lang='lat' dir='ltr'><strong>est</strong></span> <span class='ocrx_word' id='word_1_589' title='bbox 3085 1409 3371 1470; x_wconf 82' lang='lat' dir='ltr'><strong>Christus:</strong></span> <span class='ocrx_word' id='word_1_590' title='bbox 3397 1411 3532 1474; x_wconf 83' lang='lat' dir='ltr'><strong>Erat</strong></span> 
     </span>
    </p>
   </div>
   <div class='ocr_carea' id='block_1_75' title="bbox 1936 1497 3532 1569">
    <p class='ocr_par' dir='ltr' id='par_1_75' title="bbox 1936 1497 3532 1569">
     <span class='ocr_line' id='line_1_75' title="bbox 1936 1497 3532 1569; baseline 0.006 -19"><span class='ocrx_word' id='word_1_591' title='bbox 1936 1497 2107 1552; x_wconf 82' lang='lat' dir='ltr'><strong>lumen</strong></span> <span class='ocrx_word' id='word_1_592' title='bbox 2129 1514 2300 1552; x_wconf 81' lang='lat' dir='ltr'><strong>verum</strong></span> <span class='ocrx_word' id='word_1_593' title='bbox 2319 1499 2453 1569; x_wconf 87' lang='lat' dir='ltr'><strong>quod</strong></span> <span class='ocrx_word' id='word_1_594' title='bbox 2479 1499 2734 1554; x_wconf 80' lang='lat' dir='ltr'><strong>illuminat</strong></span> <span class='ocrx_word' id='word_1_595' title='bbox 2759 1517 2954 1555; x_wconf 83' lang='lat' dir='ltr'><strong>omnem</strong></span> <span class='ocrx_word' id='word_1_596' title='bbox 2980 1503 3232 1558; x_wconf 77' lang='lat' dir='ltr'><strong>hominem</strong></span> <span class='ocrx_word' id='word_1_597' title='bbox 3251 1504 3532 1560; x_wconf 76' lang='lat' dir='ltr'><strong>venientem</strong></span> 
     </span>
    </p>
   </div>
   <div class='ocr_carea' id='block_1_76' title="bbox 1934 1587 3531 1663">
    <p class='ocr_par' dir='ltr' id='par_1_76' title="bbox 1934 1587 3531 1663">
     <span class='ocr_line' id='line_1_76' title="bbox 1934 1587 3531 1663; baseline 0.006 -22"><span class='ocrx_word' id='word_1_598' title='bbox 1934 1589 1987 1642; x_wconf 87' lang='lat' dir='ltr'><strong>in</strong></span> <span class='ocrx_word' id='word_1_599' title='bbox 2013 1587 2147 1643; x_wconf 84' lang='lat' dir='ltr'><strong>hunc</strong></span> <span class='ocrx_word' id='word_1_600' title='bbox 2170 1591 2414 1644; x_wconf 83' lang='lat' dir='ltr'><strong>mundum</strong></span> <span class='ocrx_word' id='word_1_601' title='bbox 2439 1589 2618 1660; x_wconf 85' lang='lat' dir='ltr'><strong>(Joan.</strong></span> <span class='ocrx_word' id='word_1_602' title='bbox 2651 1606 2689 1656; x_wconf 80' lang='lat' dir='ltr'><strong>t,</strong></span> <span class='ocrx_word' id='word_1_603' title='bbox 2728 1591 2824 1662; x_wconf 89' lang='lat'><strong>9);</strong></span> <span class='ocrx_word' id='word_1_604' title='bbox 2855 1601 2928 1659; x_wconf 88' lang='lat' dir='ltr'><strong>et,</strong></span> <span class='ocrx_word' id='word_1_605' title='bbox 2962 1591 3072 1663; x_wconf 78' lang='lat' dir='ltr'><strong>Ego</strong></span> <span class='ocrx_word' id='word_1_606' title='bbox 3101 1610 3214 1648; x_wconf 86' lang='lat' dir='ltr'><strong>sum</strong></span> <span class='ocrx_word' id='word_1_607' title='bbox 3240 1595 3341 1662; x_wconf 80' lang='lat' dir='ltr'><strong>uia,</strong></span> <span class='ocrx_word' id='word_1_608' title='bbox 3367 1603 3413 1650; x_wconf 86' lang='lat' dir='ltr'><strong>et</strong></span> <span class='ocrx_word' id='word_1_609' title='bbox 3440 1610 3531 1650; x_wconf 78' lang='lat' dir='ltr'><strong>ve-</strong></span> 
     </span>
    </p>
   </div>
   <div class='ocr_carea' id='block_1_77' title="bbox 1935 1681 3534 1753">
    <p class='ocr_par' dir='ltr' id='par_1_77' title="bbox 1935 1681 3534 1753">
     <span class='ocr_line' id='line_1_77' title="bbox 1935 1681 3534 1753; baseline 0.006 -19"><span class='ocrx_word' id='word_1_610' title='bbox 1935 1681 2080 1745; x_wconf 85' lang='lat' dir='ltr'><strong>ritas,</strong></span> <span class='ocrx_word' id='word_1_611' title='bbox 2109 1690 2156 1734; x_wconf 87' lang='lat' dir='ltr'><strong>et</strong></span> <span class='ocrx_word' id='word_1_612' title='bbox 2193 1683 2293 1735; x_wconf 86' lang='lat' dir='ltr'><strong>vita</strong></span> <span class='ocrx_word' id='word_1_613' title='bbox 2336 1681 2445 1753; x_wconf 89' lang='lat' dir='ltr'><strong>(Id.</strong></span> <span class='ocrx_word' id='word_1_614' title='bbox 2477 1697 2586 1747; x_wconf 82' lang='lat' dir='ltr'><strong>xlv,</strong></span> <span class='ocrx_word' id='word_1_615' title='bbox 2616 1682 2650 1738; x_wconf 90' lang='lat'><strong>6</strong></span> <span class='ocrx_word' id='word_1_616' title='bbox 2671 1683 2712 1752; x_wconf 91' lang='lat'><strong>).</strong></span> <span class='ocrx_word' id='word_1_617' title='bbox 2757 1683 2859 1738; x_wconf 86' lang='lat' dir='ltr'><strong>Per</strong></span> <span class='ocrx_word' id='word_1_618' title='bbox 2885 1699 2971 1740; x_wconf 90' lang='lat' dir='ltr'><strong>me</strong></span> <span class='ocrx_word' id='word_1_619' title='bbox 3007 1684 3071 1750; x_wconf 88' lang='lat' dir='ltr'><strong>is,</strong></span> <span class='ocrx_word' id='word_1_620' title='bbox 3102 1686 3116 1716; x_wconf 78' lang='grc'>⁸</span> <span class='ocrx_word' id='word_1_621' title='bbox 3147 1686 3216 1742; x_wconf 88' lang='lat' dir='ltr'><strong>ad</strong></span> <span class='ocrx_word' id='word_1_622' title='bbox 3253 1701 3338 1741; x_wconf 89' lang='lat' dir='ltr'><strong>me</strong></span> <span class='ocrx_word' id='word_1_623' title='bbox 3377 1687 3440 1742; x_wconf 92' lang='lat' dir='ltr'><strong>is.</strong></span> <span class='ocrx_word' id='word_1_624' title='bbox 3474 1685 3534 1746; x_wconf 90' lang='lat' dir='ltr'><strong>Si</strong></span> 
     </span>
    </p>
   </div>
   <div class='ocr_carea' id='block_1_78' title="bbox 1935 1775 3530 1847">
    <p class='ocr_par' dir='ltr' id='par_1_78' title="bbox 1935 1775 3530 1847">
     <span class='ocr_line' id='line_1_78' title="bbox 1935 1775 3530 1847; baseline 0.008 -19"><span class='ocrx_word' id='word_1_625' title='bbox 1935 1789 2062 1844; x_wconf 87' lang='lat' dir='ltr'><strong>ergo</strong></span> <span class='ocrx_word' id='word_1_626' title='bbox 2089 1775 2203 1844; x_wconf 87' lang='lat' dir='ltr'><strong>ipse</strong></span> <span class='ocrx_word' id='word_1_627' title='bbox 2231 1784 2315 1830; x_wconf 91' lang='lat' dir='ltr'><strong>est</strong></span> <span class='ocrx_word' id='word_1_628' title='bbox 2340 1775 2542 1840; x_wconf 90' lang='lat' dir='ltr'><strong>lumen,</strong></span> <span class='ocrx_word' id='word_1_629' title='bbox 2571 1786 2625 1831; x_wconf 88' lang='lat' dir='ltr'><strong>ct</strong></span> <span class='ocrx_word' id='word_1_630' title='bbox 2657 1778 2771 1847; x_wconf 87' lang='lat' dir='ltr'><strong>ipse</strong></span> <span class='ocrx_word' id='word_1_631' title='bbox 2797 1787 2880 1833; x_wconf 91' lang='lat' dir='ltr'><strong>est</strong></span> <span class='ocrx_word' id='word_1_632' title='bbox 2910 1779 3024 1844; x_wconf 90' lang='lat' dir='ltr'><strong>via;</strong></span> <span class='ocrx_word' id='word_1_633' title='bbox 3057 1779 3102 1834; x_wconf 91' lang='lat' dir='ltr'><strong>si</strong></span> <span class='ocrx_word' id='word_1_634' title='bbox 3132 1779 3200 1836; x_wconf 91' lang='lat' dir='ltr'><strong>ab</strong></span> <span class='ocrx_word' id='word_1_635' title='bbox 3224 1779 3316 1835; x_wconf 92' lang='lat' dir='ltr'><strong>illo</strong></span> <span class='ocrx_word' id='word_1_636' title='bbox 3348 1794 3530 1840; x_wconf 86' lang='lat' dir='ltr'><strong>reces-</strong></span> 
     </span>
    </p>
   </div>
   <div class='ocr_carea' id='block_1_79' title="bbox 1935 1868 3531 1942">
    <p class='ocr_par' dir='ltr' id='par_1_79' title="bbox 1935 1868 3531 1942">
     <span class='ocr_line' id='line_1_79' title="bbox 1935 1868 3531 1942; baseline 0.004 -21"><span class='ocrx_word' id='word_1_637' title='bbox 1935 1868 2090 1934; x_wconf 84' lang='lat' dir='ltr'><strong>seris,</strong></span> <span class='ocrx_word' id='word_1_638' title='bbox 2124 1883 2222 1924; x_wconf 91' lang='lat' dir='ltr'><strong>nec</strong></span> <span class='ocrx_word' id='word_1_639' title='bbox 2238 1870 2289 1922; x_wconf 92' lang='lat' dir='ltr'><strong>in</strong></span> <span class='ocrx_word' id='word_1_640' title='bbox 2314 1870 2516 1924; x_wconf 91' lang='lat' dir='ltr'><strong>lumine</strong></span> <span class='ocrx_word' id='word_1_641' title='bbox 2541 1871 2669 1936; x_wconf 90' lang='lat' dir='ltr'><strong>eris,</strong></span> <span class='ocrx_word' id='word_1_642' title='bbox 2701 1885 2800 1926; x_wconf 90' lang='lat' dir='ltr'><strong>nec</strong></span> <span class='ocrx_word' id='word_1_643' title='bbox 2826 1871 2877 1926; x_wconf 93' lang='lat' dir='ltr'><strong>in</strong></span> <span class='ocrx_word' id='word_1_644' title='bbox 2897 1871 3003 1926; x_wconf 89' lang='lat' dir='ltr'><strong>via.</strong></span> <span class='ocrx_word' id='word_1_645' title='bbox 3026 1869 3096 1926; x_wconf 90' lang='lat' dir='ltr'><strong>Et</strong></span> <span class='ocrx_word' id='word_1_646' title='bbox 3121 1871 3250 1942; x_wconf 90' lang='lat' dir='ltr'><strong>quid</strong></span> <span class='ocrx_word' id='word_1_647' title='bbox 3275 1880 3327 1928; x_wconf 91' lang='lat' dir='ltr'><strong>te</strong></span> <span class='ocrx_word' id='word_1_648' title='bbox 3349 1871 3531 1942; x_wconf 90' lang='lat' dir='ltr'><strong>sequi-</strong></span> 
     </span>
    </p>
   </div>
   <div class='ocr_carea' id='block_1_80' title="bbox 1932 1959 3534 2032">
    <p class='ocr_par' dir='ltr' id='par_1_80' title="bbox 1932 1959 3534 2032">
     <span class='ocr_line' id='line_1_80' title="bbox 1932 1959 3534 2032; baseline 0.005 -20"><span class='ocrx_word' id='word_1_649' title='bbox 1932 1959 2056 2013; x_wconf 88' lang='lat' dir='ltr'><strong>tur?</strong></span> <span class='ocrx_word' id='word_1_650' title='bbox 2086 1959 2238 2027; x_wconf 91' lang='lat' dir='ltr'><strong>Quod</strong></span> <span class='ocrx_word' id='word_1_651' title='bbox 2271 1960 2403 2015; x_wconf 87' lang='lat' dir='ltr'><strong>dicit</strong></span> <span class='ocrx_word' id='word_1_652' title='bbox 2431 1959 2498 2016; x_wconf 92' lang='lat' dir='ltr'><strong>de</strong></span> <span class='ocrx_word' id='word_1_653' title='bbox 2523 1961 2700 2031; x_wconf 90' lang='lat' dir='ltr'><strong>impiis</strong></span> <span class='ocrx_word' id='word_1_654' title='bbox 2735 1961 2950 2032; x_wconf 88' lang='lat' dir='ltr'><strong>quidam</strong></span> <span class='ocrx_word' id='word_1_655' title='bbox 2983 1964 3222 2032; x_wconf 84' lang='lat' dir='ltr'><strong>psalmus</strong></span> <span class='ocrx_word' id='word_1_656' title='bbox 3259 1981 3271 2017; x_wconf 89' lang='lat'><strong>:</strong></span> <span class='ocrx_word' id='word_1_657' title='bbox 3305 1963 3427 2020; x_wconf 83' lang='lat' dir='ltr'><strong>Fiat</strong></span> <span class='ocrx_word' id='word_1_658' title='bbox 3452 1964 3534 2020; x_wconf 85' lang='lat' dir='ltr'><strong>via</strong></span> 
     </span>
    </p>
   </div>
   <div class='ocr_carea' id='block_1_81' title="bbox 1933 2052 3242 2129">
    <p class='ocr_par' dir='ltr' id='par_1_81' title="bbox 1933 2052 3242 2129">
     <span class='ocr_line' id='line_1_81' title="bbox 1933 2052 3242 2129; baseline 0.006 -25"><span class='ocrx_word' id='word_1_659' title='bbox 1933 2052 2140 2107; x_wconf 87' lang='lat' dir='ltr'><strong>illorum</strong></span> <span class='ocrx_word' id='word_1_660' title='bbox 2166 2055 2380 2110; x_wconf 71' lang='lat' dir='ltr'><strong>tenebrat</strong></span> <span class='ocrx_word' id='word_1_661' title='bbox 2403 2064 2450 2108; x_wconf 88' lang='lat' dir='ltr'><strong>et</strong></span> <span class='ocrx_word' id='word_1_662' title='bbox 2471 2054 2721 2110; x_wconf 85' lang='lat' dir='ltr'><strong>lubricum</strong></span> <span class='ocrx_word' id='word_1_663' title='bbox 2747 2055 2917 2126; x_wconf 72' lang='lat' dir='ltr'><strong>(Paul.</strong></span> <span class='ocrx_word' id='word_1_664' title='bbox 2952 2072 3136 2124; x_wconf 75' lang='lat' dir='ltr'><strong>xxxrv,</strong></span> <span class='ocrx_word' id='word_1_665' title='bbox 3165 2057 3242 2129; x_wconf 89' lang='lat'><strong>6).</strong></span> 
     </span>
    </p>
   </div>
   <div class='ocr_carea' id='block_1_82' title="bbox 2006 2145 3532 2216">
    <p class='ocr_par' dir='ltr' id='par_1_82' title="bbox 2006 2145 3532 2216">
     <span class='ocr_line' id='line_1_82' title="bbox 2006 2145 3532 2216; baseline 0.005 -19"><span class='ocrx_word' id='word_1_666' title='bbox 2006 2145 2055 2197; x_wconf 90' lang='lat'><strong>7.</strong></span> <span class='ocrx_word' id='word_1_667' title='bbox 2101 2145 2198 2199; x_wconf 84' lang='lat' dir='ltr'><strong>llic</strong></span> <span class='ocrx_word' id='word_1_668' title='bbox 2224 2160 2351 2216; x_wconf 89' lang='lat' dir='ltr'><strong>ergo</strong></span> <span class='ocrx_word' id='word_1_669' title='bbox 2375 2145 2570 2210; x_wconf 86' lang='lat' dir='ltr'><strong>draco,</strong></span> <span class='ocrx_word' id='word_1_670' title='bbox 2595 2147 2844 2216; x_wconf 90' lang='lat' dir='ltr'><strong>antiquus</strong></span> <span class='ocrx_word' id='word_1_671' title='bbox 2873 2147 3044 2203; x_wconf 84' lang='lat' dir='ltr'><strong>hostis</strong></span> <span class='ocrx_word' id='word_1_672' title='bbox 3071 2163 3168 2202; x_wconf 84' lang='lat' dir='ltr'><strong>nos</strong></span> <span class='ocrx_word' id='word_1_673' title='bbox 3180 2159 3278 2212; x_wconf 90' lang='lat' dir='ltr'><strong>ter,</strong></span> <span class='ocrx_word' id='word_1_674' title='bbox 3310 2149 3388 2203; x_wconf 90' lang='lat' dir='ltr'><strong>ira</strong></span> <span class='ocrx_word' id='word_1_675' title='bbox 3420 2148 3532 2206; x_wconf 81' lang='lat' dir='ltr'><strong>fer-</strong></span> 
     </span>
    </p>
   </div>
   <div class='ocr_carea' id='block_1_83' title="bbox 1932 2234 3530 2308">
    <p class='ocr_par' dir='ltr' id='par_1_83' title="bbox 1932 2234 3530 2308">
     <span class='ocr_line' id='line_1_83' title="bbox 1932 2234 3530 2308; baseline 0.004 -20"><span class='ocrx_word' id='word_1_676' title='bbox 1932 2234 2115 2300; x_wconf 90' lang='lat' dir='ltr'><strong>vidus,</strong></span> <span class='ocrx_word' id='word_1_677' title='bbox 2148 2235 2357 2290; x_wconf 87' lang='lat' dir='ltr'><strong>insidiis</strong></span> <span class='ocrx_word' id='word_1_678' title='bbox 2394 2245 2601 2290; x_wconf 89' lang='lat' dir='ltr'><strong>astutus</strong></span> <span class='ocrx_word' id='word_1_679' title='bbox 2620 2278 2632 2299; x_wconf 95' lang='lat'><strong>,</strong></span> <span class='ocrx_word' id='word_1_680' title='bbox 2657 2237 2708 2290; x_wconf 91' lang='lat' dir='ltr'><strong>in</strong></span> <span class='ocrx_word' id='word_1_681' title='bbox 2742 2237 2878 2292; x_wconf 89' lang='lat' dir='ltr'><strong>mari</strong></span> <span class='ocrx_word' id='word_1_682' title='bbox 2907 2253 3101 2308; x_wconf 83' lang='lat' dir='ltr'><strong>magno</strong></span> <span class='ocrx_word' id='word_1_683' title='bbox 3128 2249 3229 2294; x_wconf 90' lang='lat' dir='ltr'><strong>est.</strong></span> <span class='ocrx_word' id='word_1_684' title='bbox 3254 2240 3423 2296; x_wconf 88' lang='lat' dir='ltr'><strong>Draco</strong></span> <span class='ocrx_word' id='word_1_685' title='bbox 3445 2241 3530 2295; x_wconf 77' lang='lat' dir='ltr'><strong>hic</strong></span> 
     </span>
    </p>
   </div>
   <div class='ocr_carea' id='block_1_84' title="bbox 1931 2326 3528 2398">
    <p class='ocr_par' dir='ltr' id='par_1_84' title="bbox 1931 2326 3528 2398">
     <span class='ocr_line' id='line_1_84' title="bbox 1931 2326 3528 2398; baseline 0.006 -22"><span class='ocrx_word' id='word_1_686' title='bbox 1931 2341 2076 2394; x_wconf 83' lang='lat' dir='ltr'><strong>quem</strong></span> <span class='ocrx_word' id='word_1_687' title='bbox 2107 2326 2299 2394; x_wconf 69' lang='lat' dir='ltr'><strong>[intristi</strong></span> <span class='ocrx_word' id='word_1_688' title='bbox 2329 2327 2397 2380; x_wconf 88' lang='lat' dir='ltr'><strong>ad</strong></span> <span class='ocrx_word' id='word_1_689' title='bbox 2425 2327 2744 2382; x_wconf 82' lang='lat' dir='ltr'><strong>illudendum</strong></span> <span class='ocrx_word' id='word_1_690' title='bbox 2772 2329 2836 2383; x_wconf 88' lang='lat' dir='ltr'><strong>ei.</strong></span> <span class='ocrx_word' id='word_1_691' title='bbox 2865 2328 2982 2384; x_wconf 87' lang='lat' dir='ltr'><strong>Jam</strong></span> <span class='ocrx_word' id='word_1_692' title='bbox 3010 2337 3064 2384; x_wconf 91' lang='lat' dir='ltr'><strong>tu</strong></span> <span class='ocrx_word' id='word_1_693' title='bbox 3089 2330 3251 2386; x_wconf 84' lang='lat' dir='ltr'><strong>illude</strong></span> <span class='ocrx_word' id='word_1_694' title='bbox 3270 2331 3528 2398; x_wconf 84' lang='lat' dir='ltr'><strong>draconi:</strong></span> 
     </span>
    </p>
   </div>
   <div class='ocr_carea' id='block_1_85' title="bbox 1935 2415 3534 2493">
    <p class='ocr_par' dir='ltr' id='par_1_85' title="bbox 1935 2415 3534 2493">
     <span class='ocr_line' id='line_1_85' title="bbox 1935 2415 3534 2493; baseline 0.007 -25"><span class='ocrx_word' id='word_1_695' title='bbox 1935 2415 2004 2468; x_wconf 88' lang='lat' dir='ltr'><strong>ad</strong></span> <span class='ocrx_word' id='word_1_696' title='bbox 2033 2415 2134 2472; x_wconf 91' lang='lat' dir='ltr'><strong>hoc</strong></span> <span class='ocrx_word' id='word_1_697' title='bbox 2158 2415 2300 2472; x_wconf 87' lang='lat' dir='ltr'><strong>enim</strong></span> <span class='ocrx_word' id='word_1_698' title='bbox 2331 2416 2416 2471; x_wconf 86' lang='lat' dir='ltr'><strong>hic</strong></span> <span class='ocrx_word' id='word_1_699' title='bbox 2437 2416 2607 2473; x_wconf 84' lang='lat' dir='ltr'><strong>factus</strong></span> <span class='ocrx_word' id='word_1_700' title='bbox 2630 2426 2713 2474; x_wconf 88' lang='lat' dir='ltr'><strong>est</strong></span> <span class='ocrx_word' id='word_1_701' title='bbox 2734 2419 2917 2480; x_wconf 81' lang='lat' dir='ltr'><strong>draco.</strong></span> <span class='ocrx_word' id='word_1_702' title='bbox 2942 2420 3062 2490; x_wconf 85' lang='lat' dir='ltr'><strong>ipse</strong></span> <span class='ocrx_word' id='word_1_703' title='bbox 3086 2421 3282 2478; x_wconf 85' lang='lat' dir='ltr'><strong>cadens</strong></span> <span class='ocrx_word' id='word_1_704' title='bbox 3309 2431 3534 2493; x_wconf 88' lang='lat' dir='ltr'><strong>peccato</strong></span> 
     </span>
    </p>
   </div>
   <div class='ocr_carea' id='block_1_86' title="bbox 1931 2507 3532 2586">
    <p class='ocr_par' dir='ltr' id='par_1_86' title="bbox 1931 2507 3532 2586">
     <span class='ocr_line' id='line_1_86' title="bbox 1931 2507 3532 2586; baseline 0.007 -26"><span class='ocrx_word' id='word_1_705' title='bbox 1931 2519 2028 2562; x_wconf 89' lang='lat' dir='ltr'><strong>suo</strong></span> <span class='ocrx_word' id='word_1_706' title='bbox 2057 2507 2124 2564; x_wconf 89' lang='lat' dir='ltr'><strong>de</strong></span> <span class='ocrx_word' id='word_1_707' title='bbox 2167 2507 2380 2563; x_wconf 88' lang='lat' dir='ltr'><strong>sublimi</strong></span> <span class='ocrx_word' id='word_1_708' title='bbox 2432 2508 2759 2566; x_wconf 88' lang='lat' dir='ltr'><strong>habitatione</strong></span> <span class='ocrx_word' id='word_1_709' title='bbox 2803 2511 3101 2578; x_wconf 76' lang='lat' dir='ltr'><strong>cmlorum,</strong></span> <span class='ocrx_word' id='word_1_710' title='bbox 3141 2521 3198 2570; x_wconf 91' lang='lat' dir='ltr'><strong>et</strong></span> <span class='ocrx_word' id='word_1_711' title='bbox 3240 2529 3305 2578; x_wconf 74' lang='lat' dir='ltr'><strong>ex</strong></span> <span class='ocrx_word' id='word_1_712' title='bbox 3341 2516 3532 2586; x_wconf 81' lang='lat' dir='ltr'><strong>angelo</strong></span> 
     </span>
    </p>
   </div>
   <div class='ocr_carea' id='block_1_87' title="bbox 1932 2598 3532 2673">
    <p class='ocr_par' dir='ltr' id='par_1_87' title="bbox 1932 2598 3532 2673">
     <span class='ocr_line' id='line_1_87' title="bbox 1932 2598 3532 2673; baseline 0.008 -20"><span class='ocrx_word' id='word_1_713' title='bbox 1932 2598 2102 2655; x_wconf 68' lang='lat' dir='ltr'><strong>ﬂictus</strong></span> <span class='ocrx_word' id='word_1_714' title='bbox 2129 2601 2411 2667; x_wconf 89' lang='lat' dir='ltr'><strong>diabolus,</strong></span> <span class='ocrx_word' id='word_1_715' title='bbox 2458 2603 2666 2672; x_wconf 87' lang='lat' dir='ltr'><strong>accepit</strong></span> <span class='ocrx_word' id='word_1_716' title='bbox 2706 2603 2994 2673; x_wconf 87' lang='lat' dir='ltr'><strong>quemdam</strong></span> <span class='ocrx_word' id='word_1_717' title='bbox 3049 2605 3230 2668; x_wconf 86' lang='lat' dir='ltr'><strong>locum</strong></span> <span class='ocrx_word' id='word_1_718' title='bbox 3272 2623 3426 2672; x_wconf 83' lang='lat' dir='ltr'><strong>suum</strong></span> <span class='ocrx_word' id='word_1_719' title='bbox 3475 2609 3532 2668; x_wconf 90' lang='lat' dir='ltr'><strong>in</strong></span> 
     </span>
    </p>
   </div>
   <div class='ocr_carea' id='block_1_88' title="bbox 1931 2691 3531 2772">
    <p class='ocr_par' dir='ltr' id='par_1_88' title="bbox 1931 2691 3531 2772">
     <span class='ocr_line' id='line_1_88' title="bbox 1931 2691 3531 2772; baseline 0.008 -24"><span class='ocrx_word' id='word_1_720' title='bbox 1931 2691 2034 2748; x_wconf 88' lang='lat' dir='ltr'><strong>hoc</strong></span> <span class='ocrx_word' id='word_1_721' title='bbox 2061 2693 2196 2748; x_wconf 89' lang='lat' dir='ltr'><strong>mari</strong></span> <span class='ocrx_word' id='word_1_722' title='bbox 2246 2709 2440 2764; x_wconf 88' lang='lat' dir='ltr'><strong>magno</strong></span> <span class='ocrx_word' id='word_1_723' title='bbox 2469 2703 2524 2750; x_wconf 90' lang='lat' dir='ltr'><strong>et</strong></span> <span class='ocrx_word' id='word_1_724' title='bbox 2543 2695 2800 2763; x_wconf 90' lang='lat' dir='ltr'><strong>spatioso.</strong></span> <span class='ocrx_word' id='word_1_725' title='bbox 2829 2696 3069 2767; x_wconf 79' lang='lat' dir='ltr'><strong>Regnum</strong></span> <span class='ocrx_word' id='word_1_726' title='bbox 3096 2699 3215 2769; x_wconf 87' lang='lat' dir='ltr'><strong>ejus</strong></span> <span class='ocrx_word' id='word_1_727' title='bbox 3261 2700 3408 2770; x_wconf 81' lang='lat' dir='ltr'><strong>quod</strong></span> <span class='ocrx_word' id='word_1_728' title='bbox 3429 2717 3531 2772; x_wconf 87' lang='lat' dir='ltr'><strong>pu-</strong></span> 
     </span>
    </p>
   </div>
   <div class='ocr_carea' id='block_1_89' title="bbox 1934 2787 3534 2858">
    <p class='ocr_par' dir='ltr' id='par_1_89' title="bbox 1934 2787 3534 2858">
     <span class='ocr_line' id='line_1_89' title="bbox 1934 2787 3534 2858; baseline 0.008 -19"><span class='ocrx_word' id='word_1_729' title='bbox 1934 2793 2036 2851; x_wconf 87' lang='lat' dir='ltr'><strong>tas,</strong></span> <span class='ocrx_word' id='word_1_730' title='bbox 2065 2800 2252 2842; x_wconf 84' lang='lat' dir='ltr'><strong>carcer</strong></span> <span class='ocrx_word' id='word_1_731' title='bbox 2279 2787 2396 2856; x_wconf 90' lang='lat' dir='ltr'><strong>ejus</strong></span> <span class='ocrx_word' id='word_1_732' title='bbox 2422 2797 2523 2842; x_wconf 91' lang='lat' dir='ltr'><strong>est.</strong></span> <span class='ocrx_word' id='word_1_733' title='bbox 2548 2787 2695 2844; x_wconf 82' lang='lat' dir='ltr'><strong>Multi</strong></span> <span class='ocrx_word' id='word_1_734' title='bbox 2717 2790 2856 2848; x_wconf 85' lang='lat' dir='ltr'><strong>enim</strong></span> <span class='ocrx_word' id='word_1_735' title='bbox 2885 2790 3068 2848; x_wconf 87' lang='lat' dir='ltr'><strong>dicunt</strong></span> <span class='ocrx_word' id='word_1_736' title='bbox 3093 2809 3104 2844; x_wconf 92' lang='lat'><strong>:</strong></span> <span class='ocrx_word' id='word_1_737' title='bbox 3131 2792 3305 2858; x_wconf 87' lang='lat' dir='ltr'><strong>Quare</strong></span> <span class='ocrx_word' id='word_1_738' title='bbox 3329 2802 3534 2854; x_wconf 83' lang='lat' dir='ltr'><strong>tantam</strong></span> 
     </span>
    </p>
   </div>
   <div class='ocr_carea' id='block_1_90' title="bbox 1931 2878 3531 2950">
    <p class='ocr_par' dir='ltr' id='par_1_90' title="bbox 1931 2878 3531 2950">
     <span class='ocr_line' id='line_1_90' title="bbox 1931 2878 3531 2950; baseline 0.008 -19"><span class='ocrx_word' id='word_1_739' title='bbox 1931 2885 2249 2947; x_wconf 86' lang='lat' dir='ltr'><strong>potestatem</strong></span> <span class='ocrx_word' id='word_1_740' title='bbox 2275 2878 2520 2936; x_wconf 88' lang='lat' dir='ltr'><strong>diabolus</strong></span> <span class='ocrx_word' id='word_1_741' title='bbox 2547 2880 2773 2950; x_wconf 86' lang='lat' dir='ltr'><strong>accepit,</strong></span> <span class='ocrx_word' id='word_1_742' title='bbox 2798 2890 2854 2942; x_wconf 82' lang='lat' dir='ltr'><strong>ut</strong></span> <span class='ocrx_word' id='word_1_743' title='bbox 2885 2881 3188 2940; x_wconf 90' lang='lat' dir='ltr'><strong>dominetur</strong></span> <span class='ocrx_word' id='word_1_744' title='bbox 3214 2883 3269 2940; x_wconf 90' lang='lat' dir='ltr'><strong>in</strong></span> <span class='ocrx_word' id='word_1_745' title='bbox 3309 2886 3412 2946; x_wconf 85' lang='lat' dir='ltr'><strong>isto</strong></span> <span class='ocrx_word' id='word_1_746' title='bbox 3431 2902 3531 2944; x_wconf 70' lang='lat' dir='ltr'><strong>sre-</strong></span> 
     </span>
    </p>
   </div>
   <div class='ocr_carea' id='block_1_91' title="bbox 1931 2968 3532 3044">
    <p class='ocr_par' dir='ltr' id='par_1_91' title="bbox 1931 2968 3532 3044">
     <span class='ocr_line' id='line_1_91' title="bbox 1931 2968 3532 3044; baseline 0.007 -21"><span class='ocrx_word' id='word_1_747' title='bbox 1931 2968 2072 3032; x_wconf 90' lang='lat' dir='ltr'><strong>culo,</strong></span> <span class='ocrx_word' id='word_1_748' title='bbox 2097 2976 2150 3024; x_wconf 93' lang='lat' dir='ltr'><strong>et</strong></span> <span class='ocrx_word' id='word_1_749' title='bbox 2179 2977 2383 3024; x_wconf 90' lang='lat' dir='ltr'><strong>tantum</strong></span> <span class='ocrx_word' id='word_1_750' title='bbox 2415 2972 2606 3036; x_wconf 87' lang='lat' dir='ltr'><strong>valeat,</strong></span> <span class='ocrx_word' id='word_1_751' title='bbox 2638 2980 2845 3030; x_wconf 88' lang='lat' dir='ltr'><strong>tantum</strong></span> <span class='ocrx_word' id='word_1_752' title='bbox 2889 2975 3098 3043; x_wconf 83' lang='lat' dir='ltr'><strong>possit?</strong></span> <span class='ocrx_word' id='word_1_753' title='bbox 3127 2976 3393 3044; x_wconf 80' lang='lat' dir='ltr'><strong>Quantum</strong></span> <span class='ocrx_word' id='word_1_754' title='bbox 3436 2995 3532 3034; x_wconf 85' lang='lat' dir='ltr'><strong>va-</strong></span> 
     </span>
    </p>
   </div>
   <div class='ocr_carea' id='block_1_92' title="bbox 1932 3059 3526 3140">
    <p class='ocr_par' dir='ltr' id='par_1_92' title="bbox 1932 3059 3526 3140">
     <span class='ocr_line' id='line_1_92' title="bbox 1932 3059 3526 3140; baseline 0.008 -28"><span class='ocrx_word' id='word_1_755' title='bbox 1932 3059 2023 3124; x_wconf 86' lang='lat' dir='ltr'><strong>let,</strong></span> <span class='ocrx_word' id='word_1_756' title='bbox 2058 3070 2149 3116; x_wconf 87' lang='lat' dir='ltr'><strong>aut</strong></span> <span class='ocrx_word' id='word_1_757' title='bbox 2177 3070 2433 3131; x_wconf 89' lang='lat' dir='ltr'><strong>quantum</strong></span> <span class='ocrx_word' id='word_1_758' title='bbox 2457 3071 2632 3132; x_wconf 87' lang='lat' dir='ltr'><strong>potest</strong></span> <span class='ocrx_word' id='word_1_759' title='bbox 2657 3063 2810 3120; x_wconf 86' lang='lat' dir='ltr'><strong>?Nisi</strong></span> <span class='ocrx_word' id='word_1_760' title='bbox 2838 3067 3152 3135; x_wconf 87' lang='lat' dir='ltr'><strong>permissus,</strong></span> <span class='ocrx_word' id='word_1_761' title='bbox 3173 3069 3304 3126; x_wconf 79' lang='lat' dir='ltr'><strong>nihil</strong></span> <span class='ocrx_word' id='word_1_762' title='bbox 3330 3080 3526 3140; x_wconf 86' lang='lat' dir='ltr'><strong>potest.</strong></span> 
     </span>
    </p>
   </div>
   <div class='ocr_carea' id='block_1_93' title="bbox 1931 3151 3533 3230">
    <p class='ocr_par' dir='ltr' id='par_1_93' title="bbox 1931 3151 3533 3230">
     <span class='ocr_line' id='line_1_93' title="bbox 1931 3151 3533 3230; baseline 0.011 -25"><span class='ocrx_word' id='word_1_763' title='bbox 1931 3151 2012 3206; x_wconf 90' lang='lat' dir='ltr'><strong>Tu</strong></span> <span class='ocrx_word' id='word_1_764' title='bbox 2047 3152 2125 3206; x_wconf 89' lang='lat' dir='ltr'><strong>sic</strong></span> <span class='ocrx_word' id='word_1_765' title='bbox 2148 3166 2280 3222; x_wconf 89' lang='lat' dir='ltr'><strong>age,</strong></span> <span class='ocrx_word' id='word_1_766' title='bbox 2309 3168 2378 3216; x_wconf 85' lang='lat' dir='ltr'><strong>ne</strong></span> <span class='ocrx_word' id='word_1_767' title='bbox 2418 3153 2753 3222; x_wconf 88' lang='lat' dir='ltr'><strong>permittatur</strong></span> <span class='ocrx_word' id='word_1_768' title='bbox 2799 3154 2851 3210; x_wconf 93' lang='lat' dir='ltr'><strong>in</strong></span> <span class='ocrx_word' id='word_1_769' title='bbox 2905 3164 3109 3222; x_wconf 87' lang='lat' dir='ltr'><strong>te;aut</strong></span> <span class='ocrx_word' id='word_1_770' title='bbox 3143 3160 3188 3215; x_wconf 91' lang='lat' dir='ltr'><strong>si</strong></span> <span class='ocrx_word' id='word_1_771' title='bbox 3238 3164 3533 3230; x_wconf 83' lang='lat' dir='ltr'><strong>permissus</strong></span> 
     </span>
    </p>
   </div>
   <div class='ocr_carea' id='block_1_94' title="bbox 1931 3242 3529 3322">
    <p class='ocr_par' dir='ltr' id='par_1_94' title="bbox 1931 3242 3529 3322">
     <span class='ocr_line' id='line_1_94' title="bbox 1931 3242 3529 3322; baseline 0.008 -26"><span class='ocrx_word' id='word_1_772' title='bbox 1931 3242 2093 3298; x_wconf 86' lang='lat' dir='ltr'><strong>fuerit</strong></span> <span class='ocrx_word' id='word_1_773' title='bbox 2131 3244 2201 3302; x_wconf 82' lang='lat' dir='ltr'><strong>ad</strong></span> <span class='ocrx_word' id='word_1_774' title='bbox 2247 3243 2578 3311; x_wconf 84' lang='lat' dir='ltr'><strong>tentandum,</strong></span> <span class='ocrx_word' id='word_1_775' title='bbox 2601 3245 2771 3306; x_wconf 78' lang='lat' dir='ltr'><strong>victus</strong></span> <span class='ocrx_word' id='word_1_776' title='bbox 2815 3246 3092 3313; x_wconf 80' lang='lat' dir='ltr'><strong>abscedat,</strong></span> <span class='ocrx_word' id='word_1_777' title='bbox 3122 3259 3177 3308; x_wconf 90' lang='lat' dir='ltr'><strong>et</strong></span> <span class='ocrx_word' id='word_1_778' title='bbox 3218 3267 3324 3308; x_wconf 90' lang='lat' dir='ltr'><strong>non</strong></span> <span class='ocrx_word' id='word_1_779' title='bbox 3353 3254 3529 3322; x_wconf 85' lang='lat' dir='ltr'><strong>possi-</strong></span> 
     </span>
    </p>
   </div>
   <div class='ocr_carea' id='block_1_95' title="bbox 1931 3334 3530 3410">
    <p class='ocr_par' dir='ltr' id='par_1_95' title="bbox 1931 3334 3530 3410">
     <span class='ocr_line' id='line_1_95' title="bbox 1931 3334 3530 3410; baseline 0.006 -20"><span class='ocrx_word' id='word_1_780' title='bbox 1931 3334 2073 3390; x_wconf 86' lang='lat' dir='ltr'><strong>deat.</strong></span> <span class='ocrx_word' id='word_1_781' title='bbox 2105 3335 2405 3390; x_wconf 84' lang='lat' dir='ltr'><strong>Permissus</strong></span> <span class='ocrx_word' id='word_1_782' title='bbox 2426 3344 2509 3392; x_wconf 90' lang='lat' dir='ltr'><strong>est</strong></span> <span class='ocrx_word' id='word_1_783' title='bbox 2529 3336 2673 3392; x_wconf 88' lang='lat' dir='ltr'><strong>enim</strong></span> <span class='ocrx_word' id='word_1_784' title='bbox 2703 3336 2776 3398; x_wconf 85' lang='lat' dir='ltr'><strong>ad</strong></span> <span class='ocrx_word' id='word_1_785' title='bbox 2809 3339 3092 3395; x_wconf 87' lang='lat' dir='ltr'><strong>teutandos</strong></span> <span class='ocrx_word' id='word_1_786' title='bbox 3117 3341 3375 3410; x_wconf 87' lang='lat' dir='ltr'><strong>quosdam</strong></span> <span class='ocrx_word' id='word_1_787' title='bbox 3406 3358 3530 3400; x_wconf 80' lang='lat' dir='ltr'><strong>san-</strong></span> 
     </span>
    </p>
   </div>
   <div class='ocr_carea' id='block_1_96' title="bbox 1931 3428 3530 3504">
    <p class='ocr_par' dir='ltr' id='par_1_96' title="bbox 1931 3428 3530 3504">
     <span class='ocr_line' id='line_1_96' title="bbox 1931 3428 3530 3504; baseline 0.007 -21"><span class='ocrx_word' id='word_1_788' title='bbox 1931 3437 2047 3483; x_wconf 88' lang='lat' dir='ltr'><strong>ctos</strong></span> <span class='ocrx_word' id='word_1_789' title='bbox 2077 3429 2218 3484; x_wconf 87' lang='lat' dir='ltr'><strong>viros</strong></span> <span class='ocrx_word' id='word_1_790' title='bbox 2244 3428 2474 3496; x_wconf 68' lang='lat' dir='ltr'><strong>fauiulos</strong></span> <span class='ocrx_word' id='word_1_791' title='bbox 2507 3430 2599 3485; x_wconf 90' lang='lat' dir='ltr'><strong>Dei</strong></span> <span class='ocrx_word' id='word_1_792' title='bbox 2629 3447 2642 3482; x_wconf 90' lang='lat'><strong>:</strong></span> <span class='ocrx_word' id='word_1_793' title='bbox 2675 3441 3064 3500; x_wconf 89' lang='lat' dir='ltr'><strong>superaverunt</strong></span> <span class='ocrx_word' id='word_1_794' title='bbox 3107 3448 3251 3500; x_wconf 90' lang='lat' dir='ltr'><strong>eum,</strong></span> <span class='ocrx_word' id='word_1_795' title='bbox 3292 3435 3416 3504; x_wconf 91' lang='lat' dir='ltr'><strong>quia</strong></span> <span class='ocrx_word' id='word_1_796' title='bbox 3458 3436 3530 3494; x_wconf 87' lang='lat' dir='ltr'><strong>de</strong></span> 
     </span>
    </p>
   </div>
   <div class='ocr_carea' id='block_1_97' title="bbox 1931 3523 3528 3597">
    <p class='ocr_par' dir='ltr' id='par_1_97' title="bbox 1931 3523 3528 3597">
     <span class='ocr_line' id='line_1_97' title="bbox 1931 3523 3528 3597; baseline 0.007 -22"><span class='ocrx_word' id='word_1_797' title='bbox 1931 3523 2012 3577; x_wconf 85' lang='lat' dir='ltr'><strong>via</strong></span> <span class='ocrx_word' id='word_1_798' title='bbox 2038 3538 2146 3578; x_wconf 91' lang='lat' dir='ltr'><strong>non</strong></span> <span class='ocrx_word' id='word_1_799' title='bbox 2170 3533 2524 3590; x_wconf 89' lang='lat' dir='ltr'><strong>recesserunt,</strong></span> <span class='ocrx_word' id='word_1_800' title='bbox 2556 3539 2662 3580; x_wconf 93' lang='lat' dir='ltr'><strong>non</strong></span> <span class='ocrx_word' id='word_1_801' title='bbox 2687 3525 2823 3595; x_wconf 87' lang='lat' dir='ltr'><strong>lapsi</strong></span> <span class='ocrx_word' id='word_1_802' title='bbox 2849 3535 2992 3592; x_wconf 90' lang='lat' dir='ltr'><strong>sunt,</strong></span> <span class='ocrx_word' id='word_1_803' title='bbox 3022 3542 3250 3597; x_wconf 92' lang='lat' dir='ltr'><strong>quorum</strong></span> <span class='ocrx_word' id='word_1_804' title='bbox 3274 3529 3528 3585; x_wconf 82' lang='lat' dir='ltr'><strong>observa-</strong></span> 
     </span>
    </p>
   </div>
   <div class='ocr_carea' id='block_1_98' title="bbox 1930 3614 3524 3692">
    <p class='ocr_par' dir='ltr' id='par_1_98' title="bbox 1930 3614 3524 3692">
     <span class='ocr_line' id='line_1_98' title="bbox 1930 3614 3524 3692; baseline 0.006 -23"><span class='ocrx_word' id='word_1_805' title='bbox 1930 3614 2025 3670; x_wconf 90' lang='lat' dir='ltr'><strong>bat</strong></span> <span class='ocrx_word' id='word_1_806' title='bbox 2049 3615 2380 3672; x_wconf 86' lang='lat' dir='ltr'><strong>calcaneum.</strong></span> <span class='ocrx_word' id='word_1_807' title='bbox 2411 3615 2512 3672; x_wconf 85' lang='lat' dir='ltr'><strong>Job</strong></span> <span class='ocrx_word' id='word_1_808' title='bbox 2552 3616 2641 3672; x_wconf 89' lang='lat' dir='ltr'><strong>ille</strong></span> <span class='ocrx_word' id='word_1_809' title='bbox 2671 3627 2886 3673; x_wconf 88' lang='lat' dir='ltr'><strong>sanctus</strong></span> <span class='ocrx_word' id='word_1_810' title='bbox 2929 3617 3146 3674; x_wconf 85' lang='lat' dir='ltr'><strong>sedebat</strong></span> <span class='ocrx_word' id='word_1_811' title='bbox 3175 3621 3226 3674; x_wconf 93' lang='lat' dir='ltr'><strong>in</strong></span> <span class='ocrx_word' id='word_1_812' title='bbox 3267 3629 3524 3692; x_wconf 89' lang='lat' dir='ltr'><strong>stercore,</strong></span> 
     </span>
    </p>
   </div>
   <div class='ocr_carea' id='block_1_99' title="bbox 1931 3707 3522 3780">
    <p class='ocr_par' dir='ltr' id='par_1_99' title="bbox 1931 3707 3522 3780">
     <span class='ocr_line' id='line_1_99' title="bbox 1931 3707 3522 3780; baseline 0.006 -19"><span class='ocrx_word' id='word_1_813' title='bbox 1931 3716 1985 3761; x_wconf 89' lang='lat' dir='ltr'><strong>et</strong></span> <span class='ocrx_word' id='word_1_814' title='bbox 2011 3707 2261 3762; x_wconf 89' lang='lat' dir='ltr'><strong>currebat</strong></span> <span class='ocrx_word' id='word_1_815' title='bbox 2287 3708 2338 3761; x_wconf 91' lang='lat' dir='ltr'><strong>in</strong></span> <span class='ocrx_word' id='word_1_816' title='bbox 2369 3708 2454 3763; x_wconf 91' lang='lat' dir='ltr'><strong>via</strong></span> <span class='ocrx_word' id='word_1_817' title='bbox 2487 3724 2499 3760; x_wconf 91' lang='lat'>:</span> <span class='ocrx_word' id='word_1_818' title='bbox 2532 3708 2709 3765; x_wconf 90' lang='lat' dir='ltr'><strong>videte</strong></span> <span class='ocrx_word' id='word_1_819' title='bbox 2737 3711 3005 3780; x_wconf 88' lang='lat' dir='ltr'><strong>quomodo</strong></span> <span class='ocrx_word' id='word_1_820' title='bbox 3033 3711 3400 3770; x_wconf 86' lang='lat' dir='ltr'><strong>observaverit</strong></span> <span class='ocrx_word' id='word_1_821' title='bbox 3427 3730 3522 3770; x_wconf 89' lang='lat' dir='ltr'><strong>ca-</strong></span> 
     </span>
    </p>
   </div>
   <div class='ocr_carea' id='block_1_100' title="bbox 1932 3798 3526 3873">
    <p class='ocr_par' dir='ltr' id='par_1_100' title="bbox 1932 3798 3526 3873">
     <span class='ocr_line' id='line_1_100' title="bbox 1932 3798 3526 3873; baseline 0.006 -23"><span class='ocrx_word' id='word_1_822' title='bbox 1932 3806 2023 3865; x_wconf 91' lang='lat' dir='ltr'><strong>put</strong></span> <span class='ocrx_word' id='word_1_823' title='bbox 2047 3798 2178 3866; x_wconf 81' lang='lat' dir='ltr'><strong>ejus,</strong></span> <span class='ocrx_word' id='word_1_824' title='bbox 2209 3808 2262 3852; x_wconf 90' lang='lat' dir='ltr'><strong>el.</strong></span> <span class='ocrx_word' id='word_1_825' title='bbox 2289 3799 2738 3868; x_wconf 88' lang='lat' dir='ltr'><strong>quemadmodum</strong></span> <span class='ocrx_word' id='word_1_826' title='bbox 2767 3801 2856 3856; x_wconf 89' lang='lat' dir='ltr'><strong>ille</strong></span> <span class='ocrx_word' id='word_1_827' title='bbox 2884 3802 3193 3857; x_wconf 89' lang='lat' dir='ltr'><strong>calcaneum</strong></span> <span class='ocrx_word' id='word_1_828' title='bbox 3215 3804 3333 3873; x_wconf 86' lang='lat' dir='ltr'><strong>ejus</strong></span> <span class='ocrx_word' id='word_1_829' title='bbox 3351 3814 3526 3861; x_wconf 80' lang='lat' dir='ltr'><strong>atten-</strong></span> 
     </span>
    </p>
   </div>
   <div class='ocr_carea' id='block_1_101' title="bbox 1929 3887 3525 3964">
    <p class='ocr_par' dir='ltr' id='par_1_101' title="bbox 1929 3887 3525 3964">
     <span class='ocr_line' id='line_1_101' title="bbox 1929 3887 3525 3964; baseline 0.006 -22"><span class='ocrx_word' id='word_1_830' title='bbox 1929 3887 2108 3944; x_wconf 89' lang='lat' dir='ltr'><strong>debat.</strong></span> <span class='ocrx_word' id='word_1_831' title='bbox 2145 3888 2237 3946; x_wconf 87' lang='lat' dir='ltr'><strong>llle</strong></span> <span class='ocrx_word' id='word_1_832' title='bbox 2268 3889 2562 3957; x_wconf 86' lang='lat' dir='ltr'><strong>repellebat</strong></span> <span class='ocrx_word' id='word_1_833' title='bbox 2591 3901 2962 3960; x_wconf 72' lang='lat' dir='ltr'><strong>suggerentem</strong></span> <span class='ocrx_word' id='word_1_834' title='bbox 2985 3934 3000 3957; x_wconf 92' lang='lat'><strong>,</strong></span> <span class='ocrx_word' id='word_1_835' title='bbox 3035 3893 3126 3948; x_wconf 91' lang='lat' dir='ltr'><strong>ille</strong></span> <span class='ocrx_word' id='word_1_836' title='bbox 3166 3897 3415 3964; x_wconf 89' lang='lat' dir='ltr'><strong>sperabat</strong></span> <span class='ocrx_word' id='word_1_837' title='bbox 3444 3898 3525 3952; x_wconf 89' lang='lat' dir='ltr'><strong>la-</strong></span> 
     </span>
    </p>
   </div>
   <div class='ocr_carea' id='block_1_102' title="bbox 1932 3979 3526 4050">
    <p class='ocr_par' dir='ltr' id='par_1_102' title="bbox 1932 3979 3526 4050">
     <span class='ocr_line' id='line_1_102' title="bbox 1932 3979 3526 4050; baseline 0.007 -18"><span class='ocrx_word' id='word_1_838' title='bbox 1932 3979 2149 4042; x_wconf 81' lang='lat' dir='ltr'><strong>bentem</strong></span> <span class='ocrx_word' id='word_1_839' title='bbox 2174 3995 2186 4032; x_wconf 88' lang='lat'><strong>:</strong></span> <span class='ocrx_word' id='word_1_840' title='bbox 2211 3981 2351 4050; x_wconf 88' lang='lat' dir='ltr'><strong>cepit</strong></span> <span class='ocrx_word' id='word_1_841' title='bbox 2381 3990 2434 4035; x_wconf 92' lang='lat' dir='ltr'><strong>ct</strong></span> <span class='ocrx_word' id='word_1_842' title='bbox 2454 3980 2569 4050; x_wconf 88' lang='lat' dir='ltr'><strong>ejus</strong></span> <span class='ocrx_word' id='word_1_843' title='bbox 2596 3982 2996 4047; x_wconf 89' lang='lat' dir='ltr'><strong>mulierculam;</strong></span> <span class='ocrx_word' id='word_1_844' title='bbox 3038 3984 3305 4040; x_wconf 85' lang='lat' dir='ltr'><strong>subtraxit</strong></span> <span class='ocrx_word' id='word_1_845' title='bbox 3345 3989 3526 4044; x_wconf 89' lang='lat' dir='ltr'><strong>omnia</strong></span> 
     </span>
    </p>
   </div>
   <div class='ocr_carea' id='block_1_103' title="bbox 1930 4071 3524 4147">
    <p class='ocr_par' dir='ltr' id='par_1_103' title="bbox 1930 4071 3524 4147">
     <span class='ocr_line' id='line_1_103' title="bbox 1930 4071 3524 4147; baseline 0.006 -21"><span class='ocrx_word' id='word_1_846' title='bbox 1930 4087 2049 4141; x_wconf 73' lang='lat' dir='ltr'><strong>qua:</strong></span> <span class='ocrx_word' id='word_1_847' title='bbox 2085 4071 2351 4137; x_wconf 86' lang='lat' dir='ltr'><strong>habebat,</strong></span> <span class='ocrx_word' id='word_1_848' title='bbox 2375 4073 2541 4128; x_wconf 91' lang='lat' dir='ltr'><strong>solam</strong></span> <span class='ocrx_word' id='word_1_849' title='bbox 2593 4073 2794 4130; x_wconf 86' lang='lat' dir='ltr'><strong>dimisit</strong></span> <span class='ocrx_word' id='word_1_850' title='bbox 2842 4074 3156 4144; x_wconf 88' lang='lat' dir='ltr'><strong>adjutricem</strong></span> <span class='ocrx_word' id='word_1_851' title='bbox 3198 4092 3384 4147; x_wconf 89' lang='lat' dir='ltr'><strong>suam,</strong></span> <span class='ocrx_word' id='word_1_852' title='bbox 3418 4095 3524 4136; x_wconf 90' lang='lat' dir='ltr'><strong>non</strong></span> 
     </span>
    </p>
   </div>
   <div class='ocr_carea' id='block_1_104' title="bbox 1932 4163 3526 4243">
    <p class='ocr_par' dir='ltr' id='par_1_104' title="bbox 1932 4163 3526 4243">
     <span class='ocr_line' id='line_1_104' title="bbox 1932 4163 3526 4243; baseline 0.007 -26"><span class='ocrx_word' id='word_1_853' title='bbox 1932 4163 2110 4220; x_wconf 87' lang='lat' dir='ltr'><strong>mariti</strong></span> <span class='ocrx_word' id='word_1_854' title='bbox 2138 4164 2561 4229; x_wconf 83' lang='lat' dir='ltr'><strong>consolatricem,</strong></span> <span class='ocrx_word' id='word_1_855' title='bbox 2593 4166 2686 4219; x_wconf 91' lang='lat' dir='ltr'><strong>sed</strong></span> <span class='ocrx_word' id='word_1_856' title='bbox 2718 4166 2894 4236; x_wconf 91' lang='lat' dir='ltr'><strong>potius</strong></span> <span class='ocrx_word' id='word_1_857' title='bbox 2925 4169 3260 4225; x_wconf 89' lang='lat' dir='ltr'><strong>tentatricem</strong></span> <span class='ocrx_word' id='word_1_858' title='bbox 3291 4173 3343 4236; x_wconf 85' lang='grc'><strong>²;</strong></span> <span class='ocrx_word' id='word_1_859' title='bbox 3377 4174 3526 4243; x_wconf 88' lang='lat' dir='ltr'><strong>cepit</strong></span> 
     </span>
    </p>
   </div>
   <div class='ocr_carea' id='block_1_105' title="bbox 1931 4253 3520 4326">
    <p class='ocr_par' dir='ltr' id='par_1_105' title="bbox 1931 4253 3520 4326">
     <span class='ocr_line' id='line_1_105' title="bbox 1931 4253 3520 4326; baseline 0.007 -18"><span class='ocrx_word' id='word_1_860' title='bbox 1931 4254 2090 4310; x_wconf 86' lang='lat' dir='ltr'><strong>etiam</strong></span> <span class='ocrx_word' id='word_1_861' title='bbox 2114 4253 2281 4324; x_wconf 83' lang='lat' dir='ltr'><strong>ipsam</strong></span> <span class='ocrx_word' id='word_1_862' title='bbox 2305 4269 2410 4310; x_wconf 91' lang='lat' dir='ltr'><strong>non</strong></span> <span class='ocrx_word' id='word_1_863' title='bbox 2435 4255 2807 4312; x_wconf 87' lang='lat' dir='ltr'><strong>observantem</strong></span> <span class='ocrx_word' id='word_1_864' title='bbox 2831 4266 2991 4326; x_wconf 90' lang='lat' dir='ltr'><strong>caput</strong></span> <span class='ocrx_word' id='word_1_865' title='bbox 3011 4257 3145 4326; x_wconf 87' lang='lat' dir='ltr'><strong>ejus.</strong></span> <span class='ocrx_word' id='word_1_866' title='bbox 3166 4259 3354 4317; x_wconf 88' lang='lat' dir='ltr'><strong>Adhuc</strong></span> <span class='ocrx_word' id='word_1_867' title='bbox 3376 4264 3520 4319; x_wconf 90' lang='lat' dir='ltr'><strong>cnim</strong></span> 
     </span>
    </p>
   </div>
   <div class='ocr_carea' id='block_1_106' title="bbox 1933 4346 3527 4416">
    <p class='ocr_par' dir='ltr' id='par_1_106' title="bbox 1933 4346 3527 4416">
     <span class='ocr_line' id='line_1_106' title="bbox 1933 4346 3527 4416; baseline 0.007 -16"><span class='ocrx_word' id='word_1_868' title='bbox 1933 4346 2022 4402; x_wconf 84' lang='lat' dir='ltr'><strong>illa</strong></span> <span class='ocrx_word' id='word_1_869' title='bbox 2055 4347 2157 4400; x_wconf 83' lang='lat' dir='ltr'><strong>Eva</strong></span> <span class='ocrx_word' id='word_1_870' title='bbox 2197 4356 2348 4411; x_wconf 88' lang='lat' dir='ltr'><strong>erat;</strong></span> <span class='ocrx_word' id='word_1_871' title='bbox 2375 4346 2470 4402; x_wconf 87' lang='lat' dir='ltr'><strong>sed</strong></span> <span class='ocrx_word' id='word_1_872' title='bbox 2506 4347 2615 4416; x_wconf 90' lang='lat' dir='ltr'><strong>jam</strong></span> <span class='ocrx_word' id='word_1_873' title='bbox 2646 4347 2735 4403; x_wconf 91' lang='lat' dir='ltr'><strong>ille</strong></span> <span class='ocrx_word' id='word_1_874' title='bbox 2781 4348 2951 4404; x_wconf 83' lang='lat' dir='ltr'><strong>Adam</strong></span> <span class='ocrx_word' id='word_1_875' title='bbox 2998 4364 3106 4405; x_wconf 91' lang='lat' dir='ltr'><strong>non</strong></span> <span class='ocrx_word' id='word_1_876' title='bbox 3143 4360 3279 4407; x_wconf 90' lang='lat' dir='ltr'><strong>erat.</strong></span> <span class='ocrx_word' id='word_1_877' title='bbox 3320 4355 3527 4411; x_wconf 88' lang='lat' dir='ltr'><strong>Ablatis</strong></span> 
     </span>
    </p>
   </div>
   <div class='ocr_carea' id='block_1_107' title="bbox 1932 4437 3525 4514">
    <p class='ocr_par' dir='ltr' id='par_1_107' title="bbox 1932 4437 3525 4514">
     <span class='ocr_line' id='line_1_107' title="bbox 1932 4437 3525 4514; baseline 0.005 -20"><span class='ocrx_word' id='word_1_878' title='bbox 1932 4438 2201 4506; x_wconf 89' lang='lat' dir='ltr'><strong>omnibus,</strong></span> <span class='ocrx_word' id='word_1_879' title='bbox 2229 4439 2487 4496; x_wconf 88' lang='lat' dir='ltr'><strong>remansit</strong></span> <span class='ocrx_word' id='word_1_880' title='bbox 2511 4437 2614 4496; x_wconf 78' lang='lat' dir='ltr'><strong>Job</strong></span> <span class='ocrx_word' id='word_1_881' title='bbox 2639 4455 2759 4495; x_wconf 92' lang='lat' dir='ltr'><strong>cum</strong></span> <span class='ocrx_word' id='word_1_882' title='bbox 2793 4455 2958 4496; x_wconf 83' lang='lat' dir='ltr'><strong>uxore</strong></span> <span class='ocrx_word' id='word_1_883' title='bbox 2978 4483 2993 4506; x_wconf 93' lang='lat'><strong>,</strong></span> <span class='ocrx_word' id='word_1_884' title='bbox 3025 4457 3123 4512; x_wconf 89' lang='lat' dir='ltr'><strong>per</strong></span> <span class='ocrx_word' id='word_1_885' title='bbox 3158 4459 3315 4514; x_wconf 87' lang='lat' dir='ltr'><strong>quam</strong></span> <span class='ocrx_word' id='word_1_886' title='bbox 3349 4455 3525 4502; x_wconf 84' lang='lat' dir='ltr'><strong>tenta-</strong></span> 
     </span>
    </p>
   </div>
   <div class='ocr_carea' id='block_1_108' title="bbox 1933 4533 3526 4612">
    <p class='ocr_par' dir='ltr' id='par_1_108' title="bbox 1933 4533 3526 4612">
     <span class='ocr_line' id='line_1_108' title="bbox 1933 4533 3526 4612; baseline 0.006 -24"><span class='ocrx_word' id='word_1_887' title='bbox 1933 4543 2080 4588; x_wconf 91' lang='lat' dir='ltr'><strong>retur</strong></span> <span class='ocrx_word' id='word_1_888' title='bbox 2106 4552 2121 4599; x_wconf 90' lang='lat'><strong>;</strong></span> <span class='ocrx_word' id='word_1_889' title='bbox 2150 4541 2204 4588; x_wconf 90' lang='lat' dir='ltr'><strong>et</strong></span> <span class='ocrx_word' id='word_1_890' title='bbox 2229 4549 2348 4589; x_wconf 91' lang='lat' dir='ltr'><strong>cum</strong></span> <span class='ocrx_word' id='word_1_891' title='bbox 2382 4533 2515 4597; x_wconf 91' lang='lat' dir='ltr'><strong>Deo,</strong></span> <span class='ocrx_word' id='word_1_892' title='bbox 2547 4548 2578 4588; x_wconf 90' lang='lat' dir='ltr'><strong>a</strong></span> <span class='ocrx_word' id='word_1_893' title='bbox 2616 4548 2722 4604; x_wconf 90' lang='lat' dir='ltr'><strong>quo</strong></span> <span class='ocrx_word' id='word_1_894' title='bbox 2760 4544 3058 4605; x_wconf 82' lang='lat' dir='ltr'><strong>regeretur.</strong></span> <span class='ocrx_word' id='word_1_895' title='bbox 3086 4536 3232 4605; x_wconf 77' lang='lat' dir='ltr'><strong>Quid.</strong></span> <span class='ocrx_word' id='word_1_896' title='bbox 3273 4539 3363 4594; x_wconf 92' lang='lat' dir='ltr'><strong>illo</strong></span> <span class='ocrx_word' id='word_1_897' title='bbox 3393 4556 3526 4612; x_wconf 85' lang='lat' dir='ltr'><strong>pau-</strong></span> 
     </span>
    </p>
   </div>
   <div class='ocr_carea' id='block_1_109' title="bbox 1932 4623 3528 4697">
    <p class='ocr_par' dir='ltr' id='par_1_109' title="bbox 1932 4623 3528 4697">
     <span class='ocr_line' id='line_1_109' title="bbox 1932 4623 3528 4697; baseline 0.006 -16"><span class='ocrx_word' id='word_1_898' title='bbox 1932 4625 2111 4694; x_wconf 86' lang='lat' dir='ltr'><strong>perius</strong></span> <span class='ocrx_word' id='word_1_899' title='bbox 2163 4625 2339 4680; x_wconf 90' lang='lat' dir='ltr'><strong>subito</strong></span> <span class='ocrx_word' id='word_1_900' title='bbox 2390 4623 2618 4692; x_wconf 83' lang='lat' dir='ltr'><strong>factum,</strong></span> <span class='ocrx_word' id='word_1_901' title='bbox 2652 4626 2696 4680; x_wconf 91' lang='lat' dir='ltr'><strong>si</strong></span> <span class='ocrx_word' id='word_1_902' title='bbox 2745 4624 2962 4680; x_wconf 91' lang='lat' dir='ltr'><strong>domum</strong></span> <span class='ocrx_word' id='word_1_903' title='bbox 3007 4628 3122 4697; x_wconf 88' lang='lat' dir='ltr'><strong>ejus</strong></span> <span class='ocrx_word' id='word_1_904' title='bbox 3171 4631 3528 4690; x_wconf 82' lang='lat' dir='ltr'><strong>consideres?</strong></span> 
     </span>
    </p>
   </div>
   <div class='ocr_carea' id='block_1_110' title="bbox 1933 4709 3518 4786">
    <p class='ocr_par' dir='ltr' id='par_1_110' title="bbox 1933 4709 3518 4786">
     <span class='ocr_line' id='line_1_110' title="bbox 1933 4709 3518 4786; baseline 0.006 -22"><span class='ocrx_word' id='word_1_905' title='bbox 1933 4710 2071 4779; x_wconf 90' lang='lat' dir='ltr'><strong>Quid</strong></span> <span class='ocrx_word' id='word_1_906' title='bbox 2095 4711 2182 4766; x_wconf 89' lang='lat' dir='ltr'><strong>illo</strong></span> <span class='ocrx_word' id='word_1_907' title='bbox 2207 4710 2370 4766; x_wconf 88' lang='lat' dir='ltr'><strong>ditius</strong></span> <span class='ocrx_word' id='word_1_908' title='bbox 2385 4751 2400 4776; x_wconf 92' lang='lat'><strong>,</strong></span> <span class='ocrx_word' id='word_1_909' title='bbox 2425 4710 2469 4763; x_wconf 91' lang='lat' dir='ltr'><strong>si</strong></span> <span class='ocrx_word' id='word_1_910' title='bbox 2491 4725 2584 4765; x_wconf 90' lang='lat' dir='ltr'><strong>cor</strong></span> <span class='ocrx_word' id='word_1_911' title='bbox 2611 4709 2727 4779; x_wconf 90' lang='lat' dir='ltr'><strong>ejus</strong></span> <span class='ocrx_word' id='word_1_912' title='bbox 2742 4711 2942 4781; x_wconf 82' lang='lat' dir='ltr'><strong>cogites</strong></span> <span class='ocrx_word' id='word_1_913' title='bbox 2958 4711 2982 4766; x_wconf 72' lang='grc' dir='ltr'><strong><em>Ἰ</em></strong></span> <span class='ocrx_word' id='word_1_914' title='bbox 3001 4712 3133 4768; x_wconf 84' lang='lat' dir='ltr'><strong>Vide</strong></span> <span class='ocrx_word' id='word_1_915' title='bbox 3154 4726 3518 4786; x_wconf 87' lang='lat' dir='ltr'><strong>paupertatem</strong></span> 
     </span>
    </p>
   </div>
   <div class='ocr_carea' id='block_1_111' title="bbox 1934 4801 3524 4862">
    <p class='ocr_par' dir='ltr' id='par_1_111' title="bbox 1934 4801 3524 4862">
     <span class='ocr_line' id='line_1_111' title="bbox 1934 4801 3524 4862; baseline 0.003 -4"><span class='ocrx_word' id='word_1_916' title='bbox 1934 4803 2124 4858; x_wconf 89' lang='lat' dir='ltr'><strong>domus</strong></span> <span class='ocrx_word' id='word_1_917' title='bbox 2151 4821 2164 4858; x_wconf 83' lang='lat'><strong>:</strong></span> <span class='ocrx_word' id='word_1_918' title='bbox 2187 4801 2360 4855; x_wconf 87' lang='lat' dir='ltr'><strong>ablata</strong></span> <span class='ocrx_word' id='word_1_919' title='bbox 2397 4809 2521 4856; x_wconf 88' lang='lat' dir='ltr'><strong>sunt</strong></span> <span class='ocrx_word' id='word_1_920' title='bbox 2549 4801 2745 4856; x_wconf 88' lang='lat' dir='ltr'><strong>omnia.</strong></span> <span class='ocrx_word' id='word_1_921' title='bbox 2776 4801 2910 4858; x_wconf 80' lang='lat' dir='ltr'><strong>Vide</strong></span> <span class='ocrx_word' id='word_1_922' title='bbox 2939 4801 3148 4860; x_wconf 91' lang='lat' dir='ltr'><strong>divitias</strong></span> <span class='ocrx_word' id='word_1_923' title='bbox 3173 4806 3386 4862; x_wconf 88' lang='lat' dir='ltr'><strong>cordis:</strong></span> <span class='ocrx_word' id='word_1_924' title='bbox 3413 4806 3524 4862; x_wconf 87' lang='lat' dir='ltr'><strong>Do-</strong></span> 
     </span>
    </p>
   </div>
   <div class='ocr_carea' id='block_1_112' title="bbox 1934 4891 3520 4965">
    <p class='ocr_par' dir='ltr' id='par_1_112' title="bbox 1934 4891 3520 4965">
     <span class='ocr_line' id='line_1_112' title="bbox 1934 4891 3520 4965; baseline 0.004 -19"><span class='ocrx_word' id='word_1_925' title='bbox 1934 4895 2099 4948; x_wconf 81' lang='lat' dir='ltr'><strong>minus</strong></span> <span class='ocrx_word' id='word_1_926' title='bbox 2120 4893 2275 4957; x_wconf 85' lang='lat' dir='ltr'><strong>dedit,</strong></span> <span class='ocrx_word' id='word_1_927' title='bbox 2311 4891 2557 4946; x_wconf 84' lang='lat' dir='ltr'><strong>Dominus</strong></span> <span class='ocrx_word' id='word_1_928' title='bbox 2599 4891 2845 4959; x_wconf 81' lang='lat' dir='ltr'><strong>abstulit;</strong></span> <span class='ocrx_word' id='word_1_929' title='bbox 2878 4893 3010 4948; x_wconf 83' lang='lat' dir='ltr'><strong>sicut</strong></span> <span class='ocrx_word' id='word_1_930' title='bbox 3045 4894 3262 4951; x_wconf 84' lang='lat' dir='ltr'><strong>Domino</strong></span> <span class='ocrx_word' id='word_1_931' title='bbox 3309 4899 3520 4965; x_wconf 75' lang='lat' dir='ltr'><strong>placuit,</strong></span> 
     </span>
    </p>
   </div>
   <div class='ocr_carea' id='block_1_113' title="bbox 1933 4980 3530 5054">
    <p class='ocr_par' dir='ltr' id='par_1_113' title="bbox 1933 4980 3530 5054">
     <span class='ocr_line' id='line_1_113' title="bbox 1933 4980 3530 5054; baseline 0.001 -16"><span class='ocrx_word' id='word_1_932' title='bbox 1933 4985 2004 5038; x_wconf 88' lang='lat' dir='ltr'><strong>ita</strong></span> <span class='ocrx_word' id='word_1_933' title='bbox 2028 4989 2217 5054; x_wconf 74' lang='lat' dir='ltr'><strong>factum</strong></span> <span class='ocrx_word' id='word_1_934' title='bbox 2240 4991 2312 5037; x_wconf 83' lang='lat' dir='ltr'><strong>est</strong></span> <span class='ocrx_word' id='word_1_935' title='bbox 2335 4998 2354 5036; x_wconf 93' lang='lat'><strong><em>:</em></strong></span> <span class='ocrx_word' id='word_1_936' title='bbox 2373 4982 2436 5036; x_wconf 83' lang='lat' dir='ltr'><strong>sit</strong></span> <span class='ocrx_word' id='word_1_937' title='bbox 2465 4997 2646 5037; x_wconf 87' lang='lat' dir='ltr'><strong>nomen</strong></span> <span class='ocrx_word' id='word_1_938' title='bbox 2683 4980 2892 5038; x_wconf 84' lang='lat' dir='ltr'><strong>Domini</strong></span> <span class='ocrx_word' id='word_1_939' title='bbox 2917 4984 3247 5042; x_wconf 83' lang='lat' dir='ltr'><strong>benedictum.</strong></span> <span class='ocrx_word' id='word_1_940' title='bbox 3272 4983 3530 5050; x_wconf 78' lang='lat' dir='ltr'><strong>Dominus,</strong></span> 
     </span>
    </p>
   </div>
   <div class='ocr_carea' id='block_1_114' title="bbox 1935 5074 3526 5144">
    <p class='ocr_par' dir='ltr' id='par_1_114' title="bbox 1935 5074 3526 5144">
     <span class='ocr_line' id='line_1_114' title="bbox 1935 5074 3526 5144; baseline 0.003 -12"><span class='ocrx_word' id='word_1_941' title='bbox 1935 5077 2088 5142; x_wconf 84' lang='lat' dir='ltr'><strong>dedit,</strong></span> <span class='ocrx_word' id='word_1_942' title='bbox 2119 5075 2371 5130; x_wconf 87' lang='lat' dir='ltr'><strong>Dominus</strong></span> <span class='ocrx_word' id='word_1_943' title='bbox 2398 5074 2602 5130; x_wconf 83' lang='lat' dir='ltr'><strong>abstulit</strong></span> <span class='ocrx_word' id='word_1_944' title='bbox 2635 5085 2900 5134; x_wconf 87' lang='lat' dir='ltr'><strong>:noverat</strong></span> <span class='ocrx_word' id='word_1_945' title='bbox 2944 5087 3206 5140; x_wconf 80' lang='lat' dir='ltr'><strong>rectorem</strong></span> <span class='ocrx_word' id='word_1_946' title='bbox 3254 5094 3408 5134; x_wconf 82' lang='lat' dir='ltr'><strong>sutun</strong></span> <span class='ocrx_word' id='word_1_947' title='bbox 3427 5119 3442 5144; x_wconf 96' lang='lat'><strong>,</strong></span> <span class='ocrx_word' id='word_1_948' title='bbox 3463 5087 3526 5137; x_wconf 85' lang='lat' dir='ltr'><strong>et</strong></span> 
     </span>
    </p>
   </div>
   <div class='ocr_carea' id='block_1_115' title="bbox 1935 5170 3518 5241">
    <p class='ocr_par' dir='ltr' id='par_1_115' title="bbox 1935 5170 3518 5241">
     <span class='ocr_line' id='line_1_115' title="bbox 1935 5170 3518 5241; baseline 0.003 -16"><span class='ocrx_word' id='word_1_949' title='bbox 1935 5180 2250 5226; x_wconf 87' lang='lat' dir='ltr'><strong>tentatorem</strong></span> <span class='ocrx_word' id='word_1_950' title='bbox 2279 5183 2434 5224; x_wconf 91' lang='lat' dir='ltr'><strong>suum</strong></span> <span class='ocrx_word' id='word_1_951' title='bbox 2463 5185 2477 5233; x_wconf 93' lang='lat'><strong>;</strong></span> <span class='ocrx_word' id='word_1_952' title='bbox 2519 5170 2898 5238; x_wconf 89' lang='lat' dir='ltr'><strong>permissorem</strong></span> <span class='ocrx_word' id='word_1_953' title='bbox 2931 5172 3208 5241; x_wconf 70' lang='lat' dir='ltr'><strong>tentatoris</strong></span> <span class='ocrx_word' id='word_1_954' title='bbox 3246 5172 3518 5230; x_wconf 80' lang='lat' dir='ltr'><strong>sui-nove-</strong></span> 
     </span>
    </p>
   </div>
   <div class='ocr_carea' id='block_1_116' title="bbox 1935 5261 3519 5331">
    <p class='ocr_par' dir='ltr' id='par_1_116' title="bbox 1935 5261 3519 5331">
     <span class='ocr_line' id='line_1_116' title="bbox 1935 5261 3519 5331; baseline 0.001 -12"><span class='ocrx_word' id='word_1_955' title='bbox 1935 5273 2040 5319; x_wconf 85' lang='lat' dir='ltr'><strong>rat.</strong></span> <span class='ocrx_word' id='word_1_956' title='bbox 2093 5261 2235 5317; x_wconf 87' lang='lat' dir='ltr'><strong>Nihil</strong></span> <span class='ocrx_word' id='word_1_957' title='bbox 2278 5262 2401 5328; x_wconf 89' lang='lat' dir='ltr'><strong>sibi,</strong></span> <span class='ocrx_word' id='word_1_958' title='bbox 2437 5261 2625 5331; x_wconf 90' lang='lat' dir='ltr'><strong>inquit,</strong></span> <span class='ocrx_word' id='word_1_959' title='bbox 2659 5261 2899 5317; x_wconf 89' lang='lat' dir='ltr'><strong>diabolus</strong></span> <span class='ocrx_word' id='word_1_960' title='bbox 2938 5261 3167 5326; x_wconf 88' lang='lat' dir='ltr'><strong>tribuat;</strong></span> <span class='ocrx_word' id='word_1_961' title='bbox 3195 5261 3519 5321; x_wconf 87' lang='lat' dir='ltr'><strong>voluntatem</strong></span> 
     </span>
    </p>
   </div>
   <div class='ocr_carea' id='block_1_117' title="bbox 1934 5351 3517 5425">
    <p class='ocr_par' dir='ltr' id='par_1_117' title="bbox 1934 5351 3517 5425">
     <span class='ocr_line' id='line_1_117' title="bbox 1934 5351 3517 5425; baseline 0.003 -15"><span class='ocrx_word' id='word_1_962' title='bbox 1934 5356 2094 5412; x_wconf 88' lang='lat' dir='ltr'><strong>habet</strong></span> <span class='ocrx_word' id='word_1_963' title='bbox 2124 5354 2372 5422; x_wconf 89' lang='lat' dir='ltr'><strong>nocendi,</strong></span> <span class='ocrx_word' id='word_1_964' title='bbox 2405 5363 2723 5425; x_wconf 91' lang='lat' dir='ltr'><strong>potestatem</strong></span> <span class='ocrx_word' id='word_1_965' title='bbox 2754 5362 2932 5408; x_wconf 83' lang='lat' dir='ltr'><strong>autem</strong></span> <span class='ocrx_word' id='word_1_966' title='bbox 2957 5351 3058 5410; x_wconf 87' lang='lat' dir='ltr'><strong>nisi</strong></span> <span class='ocrx_word' id='word_1_967' title='bbox 3103 5355 3385 5425; x_wconf 85' lang='lat' dir='ltr'><strong>acciperet,</strong></span> <span class='ocrx_word' id='word_1_968' title='bbox 3411 5371 3517 5414; x_wconf 91' lang='lat' dir='ltr'><strong>non</strong></span> 
     </span>
    </p>
   </div>
   <div class='ocr_carea' id='block_1_118' title="bbox 1934 5444 3512 5520">
    <p class='ocr_par' dir='ltr' id='par_1_118' title="bbox 1934 5444 3512 5520">
     <span class='ocr_line' id='line_1_118' title="bbox 1934 5444 3512 5520; baseline -0.001 -19"><span class='ocrx_word' id='word_1_969' title='bbox 1934 5447 2190 5513; x_wconf 86' lang='lat' dir='ltr'><strong>haberet;</strong></span> <span class='ocrx_word' id='word_1_970' title='bbox 2218 5456 2474 5516; x_wconf 90' lang='lat' dir='ltr'><strong>quantum</strong></span> <span class='ocrx_word' id='word_1_971' title='bbox 2501 5444 2706 5514; x_wconf 90' lang='lat' dir='ltr'><strong>accepit</strong></span> <span class='ocrx_word' id='word_1_972' title='bbox 2733 5444 2830 5506; x_wconf 58' lang='lat' dir='ltr'><strong>ille.</strong></span> <span class='ocrx_word' id='word_1_973' title='bbox 2849 5444 3156 5511; x_wconf 83' lang='lat' dir='ltr'><strong>potestatis,</strong></span> <span class='ocrx_word' id='word_1_974' title='bbox 3187 5452 3394 5506; x_wconf 86' lang='lat' dir='ltr'><strong>tantum</strong></span> <span class='ocrx_word' id='word_1_975' title='bbox 3417 5461 3512 5520; x_wconf 73' lang='lat' dir='ltr'><strong>egi:</strong></span> 
     </span>
    </p>
   </div>
   <div class='ocr_carea' id='block_1_119' title="bbox 1933 5537 3516 5614">
    <p class='ocr_par' dir='ltr' id='par_1_119' title="bbox 1933 5537 3516 5614">
     <span class='ocr_line' id='line_1_119' title="bbox 1933 5537 3516 5614; baseline 0.002 -19"><span class='ocrx_word' id='word_1_976' title='bbox 1933 5541 2105 5610; x_wconf 89' lang='lat' dir='ltr'><strong>patior</strong></span> <span class='ocrx_word' id='word_1_977' title='bbox 2131 5555 2146 5593; x_wconf 89' lang='lat'><strong>:</strong></span> <span class='ocrx_word' id='word_1_978' title='bbox 2178 5555 2284 5594; x_wconf 87' lang='lat' dir='ltr'><strong>non</strong></span> <span class='ocrx_word' id='word_1_979' title='bbox 2327 5553 2454 5608; x_wconf 85' lang='lat' dir='ltr'><strong>ergo</strong></span> <span class='ocrx_word' id='word_1_980' title='bbox 2482 5537 2550 5592; x_wconf 89' lang='lat' dir='ltr'><strong>ab</strong></span> <span class='ocrx_word' id='word_1_981' title='bbox 2579 5537 2670 5592; x_wconf 93' lang='lat' dir='ltr'><strong>illo</strong></span> <span class='ocrx_word' id='word_1_982' title='bbox 2713 5537 2913 5606; x_wconf 85' lang='lat' dir='ltr'><strong>patior,</strong></span> <span class='ocrx_word' id='word_1_983' title='bbox 2942 5537 3035 5594; x_wconf 89' lang='lat' dir='ltr'><strong>sed</strong></span> <span class='ocrx_word' id='word_1_984' title='bbox 3065 5537 3138 5596; x_wconf 71' lang='lat' dir='ltr'><strong>ab,</strong></span> <span class='ocrx_word' id='word_1_985' title='bbox 3173 5553 3240 5598; x_wconf 90' lang='lat' dir='ltr'><strong>eo</strong></span> <span class='ocrx_word' id='word_1_986' title='bbox 3262 5540 3351 5612; x_wconf 89' lang='lat' dir='ltr'><strong>qui</strong></span> <span class='ocrx_word' id='word_1_987' title='bbox 3377 5551 3516 5614; x_wconf 79' lang='lat' dir='ltr'><strong>poto-</strong></span> 
     </span>
    </p>
   </div>
   <div class='ocr_carea' id='block_1_120' title="bbox 1997 5711 3207 5775">
    <p class='ocr_par' dir='ltr' id='par_1_120' title="bbox 1997 5711 3207 5775">
     <span class='ocr_line' id='line_1_120' title="bbox 1997 5711 3207 5775; baseline 0.002 -13"><span class='ocrx_word' id='word_1_988' title='bbox 1997 5717 2015 5748; x_wconf 73' lang='grc'>⁸</span> <span class='ocrx_word' id='word_1_989' title='bbox 2044 5715 2176 5775; x_wconf 78' lang='lat' dir='ltr'><strong>Fdd.,</strong></span> <span class='ocrx_word' id='word_1_990' title='bbox 2196 5713 2238 5764; x_wconf 83' lang='lat' dir='ltr'><strong>si</strong></span> <span class='ocrx_word' id='word_1_991' title='bbox 2260 5714 2324 5764; x_wconf 87' lang='lat' dir='ltr'><strong>ad</strong></span> <span class='ocrx_word' id='word_1_992' title='bbox 2340 5726 2415 5763; x_wconf 89' lang='lat' dir='ltr'><strong>me</strong></span> <span class='ocrx_word' id='word_1_993' title='bbox 2436 5713 2493 5762; x_wconf 88' lang='lat' dir='ltr'><strong>is.</strong></span> <span class='ocrx_word' id='word_1_994' title='bbox 2520 5711 2768 5772; x_wconf 84' lang='lat' dir='ltr'><strong>Particula,</strong></span> <span class='ocrx_word' id='word_1_995' title='bbox 2807 5711 2867 5775; x_wconf 73' lang='lat' dir='ltr'><strong>si,</strong></span> <span class='ocrx_word' id='word_1_996' title='bbox 2893 5711 3032 5763; x_wconf 86' lang='lat' dir='ltr'><strong>abest</strong></span> <span class='ocrx_word' id='word_1_997' title='bbox 3052 5726 3078 5762; x_wconf 91' lang='lat' dir='ltr'><strong>a</strong></span> <span class='ocrx_word' id='word_1_998' title='bbox 3102 5721 3207 5775; x_wconf 76' lang='lat' dir='ltr'><strong>Mss.</strong></span> 
     </span>
    </p>
   </div>
   <div class='ocr_carea' id='block_1_121' title="bbox 1996 5771 3240 5841">
    <p class='ocr_par' dir='ltr' id='par_1_121' title="bbox 1996 5771 3240 5841">
     <span class='ocr_line' id='line_1_121' title="bbox 1996 5771 3240 5841; baseline 0.002 -15"><span class='ocrx_word' id='word_1_999' title='bbox 1996 5780 2018 5810; x_wconf 76' lang='grc'><strong><em>³</em></strong></span> <span class='ocrx_word' id='word_1_1000' title='bbox 2041 5771 2231 5841; x_wconf 81' lang='lat' dir='ltr'><strong>Aliquot</strong></span> <span class='ocrx_word' id='word_1_1001' title='bbox 2249 5783 2355 5826; x_wconf 63' lang='lat' dir='ltr'><strong>uss.</strong></span> <span class='ocrx_word' id='word_1_1002' title='bbox 2382 5776 2625 5834; x_wconf 79' lang='lat' dir='ltr'><strong>omittunt,</strong></span> <span class='ocrx_word' id='word_1_1003' title='bbox 2641 5776 2725 5826; x_wconf 79' lang='lat' dir='ltr'><strong>sed</strong></span> <span class='ocrx_word' id='word_1_1004' title='bbox 2925 5774 3240 5829; x_wconf 76' lang='lat' dir='ltr'><strong>tentatricem.</strong></span> 
     </span>
    </p>
   </div>
  </div>
