4056 6482
491 497 682 547 etatem
727 484 914 552 dedit;
945 485 1318 541 contemnatur
1361 474 1608 548 superbia
1633 473 1917 530 tentatoris
1943 470 2071 537 mei,

491 582 851 637 sustineantur
877 575 1082 648 ﬂagella
1111 572 1277 646 patris
1313 569 1436 625 mei.
1485 565 1747 637 Repulsus
1793 572 1876 619 est
1902 572 2075 618 tenta-

493 683 597 740 tor,
627 674 963 730 observatum
992 676 1077 723 est
1103 672 1262 735 caput
1285 662 1399 732 ejus
1417 700 1434 728 ,
1464 666 1748 732 penetrare
1774 670 1882 712 non
1908 652 2079 725 potuit

495 764 551 820 in
600 779 713 819 cor.
767 763 1022 818 Muratam
1074 756 1342 813 civitatem
1397 752 1695 808 forinsecus
1730 744 2073 820 oppugnavit,

492 857 587 912 sed
619 872 724 914 non
754 852 1097 924 expugnavit.
1128 849 1364 906 Accessit
1399 847 1502 903 alia
1547 843 1770 902 tentatio
1801 859 1816 898 :
1848 839 2076 910 permis-

493 967 584 1007 sus
605 959 688 1007 est
713 948 780 1004 ad
805 961 999 1017 corpus
1031 945 1168 1015 ejus,
1197 941 1461 1014 percussit
1486 939 1632 1011 gravi
1669 937 1895 993 vulnere
1930 947 1962 988 a
1989 946 2078 988 ca-

495 1043 604 1112 pite
632 1055 801 1109 usque
828 1037 892 1093 ad
937 1036 1132 1107 pedes;
1175 1032 1587 1091 contabescebat
1618 1027 1896 1101 putredine
1915 1067 1930 1093 ,
1961 1040 2078 1082 sca-

494 1134 639 1189 tebat
674 1129 977 1198 vermibus,
1015 1128 1209 1183 amissa
1253 1126 1412 1182 domo
1456 1124 1677 1181 sedebat
1718 1123 1772 1179 in
1815 1130 2073 1178 stercore.

495 1225 567 1281 lbi
607 1226 717 1281 Eva
747 1224 1029 1294 captivata,
1054 1236 1082 1276 a
1113 1221 1326 1277 diabolo
1369 1235 1475 1275 non
1501 1218 1566 1274 ad
1601 1215 1923 1288 adjutorium
1965 1228 2078 1268 ma-

493 1319 596 1373 rito
617 1315 911 1386 supposita,
933 1311 1024 1368 sed
1040 1313 1107 1368 ad
1135 1312 1336 1381 lapsum
1358 1310 1396 1374 ³,
1413 1309 1646 1381 suggerit
1669 1316 1728 1363 ut
1742 1305 2080 1376 blaspheme-

496 1419 580 1465 tur
598 1410 757 1466 Deus.
773 1408 950 1464 Primo
967 1405 1227 1478 suggessit
1243 1404 1295 1458 in
1314 1403 1558 1473 paradiso
1575 1410 1631 1456 ut
1643 1407 2080 1456 contemneretur

497 1502 657 1562 Deus,
690 1499 851 1556 modo
893 1508 950 1554 ut
991 1496 1390 1568 blasphemetur
1426 1495 1585 1550 Deus.
1636 1491 1814 1548 Valuit
1858 1501 1981 1546 tunc
2023 1490 2077 1545 in

497 1591 780 1661 integrum,
815 1605 954 1644 nunc
981 1589 1149 1643 victus
1191 1597 1274 1642 est
1301 1602 1330 1641 a
1371 1586 1510 1656 putri
1541 1603 1554 1639 :
1583 1584 1635 1639 in
1661 1583 1906 1655 paradiso
1932 1582 2080 1652 deje-

497 1686 590 1752 cit,
623 1686 675 1740 in
708 1694 945 1740 stercore
974 1691 1252 1752 superatus
1293 1689 1395 1735 est.
1423 1677 1743 1734 Attendebat
1789 1686 1965 1731 autem
1991 1675 2079 1730 ille

494 1776 656 1832 draco
684 1786 859 1830 ulrum
889 1774 988 1830 Job
1019 1775 1194 1843 lingua
1225 1773 1511 1827 laberetur.
1538 1770 1724 1827 Omnis
1748 1770 1890 1826 enim
1917 1767 2078 1823 homo

496 1868 549 1924 in
579 1879 698 1923 actu
721 1883 817 1923 suo
848 1866 1010 1938 pedes
1039 1865 1200 1921 habet
1225 1866 1277 1919 in
1315 1881 1379 1920 eo
1413 1864 1552 1934 quod
1582 1863 1724 1934 agit;
1753 1864 1807 1917 in
1833 1878 1937 1931 quo
1967 1877 2080 1917 mo-

495 1970 670 2028 vetur,
699 1961 769 2015 ibi
796 1970 1043 2029 tauquam
1061 1959 1314 2014 ambulat.
1336 1958 1552 2014 Dicebat
1580 1957 1670 2011 ille
1700 1957 1860 2011 multa
1880 1971 1895 2022 ;
1913 1970 2076 2026 quan-

496 2063 548 2110 ta
599 2055 737 2110 enim
791 2055 922 2110 dixit
974 2054 1094 2122 Job,
1151 2055 1241 2124 qui
1279 2053 1497 2123 legunt,
1541 2060 1840 2107 noverunt:
1872 2051 1923 2105 in
1973 2060 2080 2106 tam

497 2147 679 2202 multis
729 2147 834 2201 illis
872 2147 1051 2202 verbis
1113 2145 1432 2201 observabat
1489 2157 1712 2213 serpens
1773 2143 2080 2198 calcaneum

499 2239 747 2294 labentis.
788 2237 882 2293 Ille
907 2248 1083 2292 autem
1122 2237 1211 2307 qui
1249 2244 1408 2306 caput
1432 2235 1749 2291 observabat
1794 2235 2077 2306 serpentis,

495 2332 691 2402 repulit
719 2347 931 2388 omnem
975 2332 1390 2403 suggestionem.
1420 2330 1714 2400 Respondit
1755 2340 1809 2386 et
1836 2330 2079 2398 mulieri,

493 2425 631 2480 sicut
666 2425 882 2496 dignum
926 2434 1042 2480 erat
1078 2424 1404 2497 respondere
1462 2425 1670 2480 mulieri
1699 2441 1714 2478 :
1743 2422 1938 2477 Locuta
1984 2439 2036 2479 es
2061 2463 2076 2490 ,

493 2516 702 2588 inquit,
745 2527 983 2588 tanquam
1019 2534 1122 2572 una
1160 2521 1222 2571 de
1275 2517 1630 2586 insipientibus
1679 2517 1973 2571 mulieribus
1996 2516 2081 2570 :si

498 2606 630 2663 bona
673 2610 982 2680 percepimus
1028 2611 1092 2664 de
1138 2625 1294 2664 manu
1319 2608 1557 2674 Domini,
1613 2609 1748 2662 mala
1787 2625 1887 2662 non
1921 2607 2079 2662 susti-

498 2701 765 2758 nebimus?
810 2702 879 2757 Et
921 2702 1050 2756 inter
1097 2702 1188 2756 illa
1236 2702 1402 2755 omnia
1453 2716 1564 2771 qua:
1615 2700 1776 2766 dixit,
1830 2717 2079 2768 nusquam

492 2790 669 2862 lapsus
695 2800 767 2848 est
810 2791 930 2864 (Job
961 2808 1019 2858 ιι,
1049 2790 1160 2862 l0).
1190 2791 1342 2859 Quod
1372 2791 1524 2845 multi
1547 2791 1598 2845 in
1625 2791 1729 2845 illis
1757 2791 1932 2845 verbis
1971 2805 2078 2845 non

493 2881 814 2955 intelligunt,
830 2893 884 2939 et
907 2882 1149 2953 qumdam
1182 2883 1252 2937 ibi
1282 2883 1359 2939 sic
1387 2882 1678 2953 accipiunt,
1707 2882 1857 2952 quasi
1877 2881 2077 2953 aliquid

492 2971 685 3030 durum
713 2974 908 3029 dixerit
935 2974 1035 3029 Job
1063 2974 1119 3029 in
1148 2975 1333 3030 Deum.

562 3065 618 3122 8.
657 3065 788 3121 Nam
810 3065 950 3122 inter
975 3066 1139 3121 multa
1176 3066 1333 3121 etiam
1368 3066 1471 3122 hoc
1510 3065 1664 3134 dixit,
1690 3067 1836 3122 velut
1877 3075 2076 3123 stoma-

491 3157 658 3214 cbans
687 3157 942 3214 adversus
968 3159 1158 3225 Deum,
1190 3159 1324 3214 sicut
1344 3158 1623 3213 videbatur
1642 3173 1746 3213 non
1775 3158 2075 3230 intelligen-

489 3249 668 3306 tibus:
694 3251 782 3306 ille
806 3260 982 3306 autem
1007 3252 1250 3322 gestabat
1287 3265 1568 3321 personam
1605 3267 1847 3322 magnam
1869 3268 2074 3324 magnae

490 3340 782 3411 prophetia:
810 3358 824 3396 :
862 3340 1087 3406 Utinam,
1115 3341 1285 3411 inquit
1312 3341 1532 3413 loquens
1560 3342 1626 3397 ad
1668 3344 1853 3409 Deum,
1882 3345 2075 3400 utinam

489 3443 616 3489 esset
664 3435 804 3489 nobis
829 3435 1013 3489 arbiter
1039 3434 1147 3506 (Id.
1181 3450 1254 3501 ix,
1301 3436 1391 3501 55,
1418 3453 1517 3492 sec.
1551 3436 1714 3508 LXX)
1739 3439 1752 3491 !
1775 3437 1910 3506 Quid
1957 3445 2070 3506 est,

495 3517 700 3573 Utinam
747 3520 890 3575 nobis
931 3530 1055 3575 esset
1085 3519 1269 3574 arbiter
1297 3521 1410 3594 (a)?
1452 3523 1610 3588 Quasi
1663 3524 1752 3594 qui
1800 3526 1938 3579 inter
1974 3540 2074 3580 nos

487 3607 770 3678 judicaret,
795 3619 850 3665 et
890 3627 995 3680 quo
1039 3612 1312 3682 judicante
1358 3628 1516 3669 causa
1553 3631 1669 3670 mea
1699 3617 1951 3672 vinceret.
1983 3617 2072 3674 Sic

487 3700 743 3769 accipitur
771 3699 838 3755 ad
874 3701 1099 3771 primum
1139 3718 1329 3758 sonum
1358 3719 1372 3756 :
1399 3704 1495 3761 sed
1542 3705 1746 3762 discute
1777 3718 1860 3774 te,
1891 3725 1959 3764 ne
1988 3708 2068 3762 la-

488 3787 662 3856 baris;
685 3789 908 3844 attendit
945 3790 1086 3846 enim
1115 3807 1339 3863 serpens
1389 3794 1476 3849 ille
1515 3811 1724 3865 semper
1763 3798 2068 3853 calcaneum

489 3889 656 3935 tuum.
689 3880 826 3950 Quid
851 3882 994 3938 visus
1014 3893 1096 3938 est
1124 3884 1324 3941 dixisse
1352 3885 1453 3942 Job
1480 3886 1500 3940 2
1533 3885 1741 3944 Utinam
1780 3903 1900 3946 esset
1928 3893 2069 3948 nobis

486 3975 671 4029 arbiter
696 3975 719 4030 !
749 3976 947 4031 utinam
965 3987 1108 4032 esset
1135 3977 1342 4035 medius
1361 3981 1551 4050 aliquis
1589 3984 1675 4052 qui
1701 3983 1965 4053 judicaret
1988 3986 2070 4042 in-

486 4073 567 4120 ter
593 4081 679 4121 me
699 4073 754 4122 et
788 4069 874 4122 te!
908 4067 1018 4123 Hoc
1047 4069 1158 4123 Deo
1189 4069 1369 4138 homo,
1402 4070 1505 4126 hoc
1533 4071 1585 4126 in
1614 4082 1849 4129 stercore
1883 4076 2060 4143 homo,

485 4157 587 4212 hoc
621 4157 706 4212 vel
736 4158 790 4212 in
833 4159 973 4214 coelo
1016 4161 1234 4231 angelus
1273 4162 1382 4216 Deo
1415 4179 1428 4216 :
1461 4162 1674 4218 Utinam
1717 4177 1862 4221 esset
1902 4168 2060 4227 nobis

485 4249 709 4304 arbiter!
743 4249 845 4304 Sed
877 4251 1002 4321 quid
1045 4252 1410 4321 przevidebat?
1436 4255 1561 4325 quid
1587 4257 1849 4326 optabat?
1877 4259 2060 4331 Multi,

485 4342 653 4414 inquit
681 4342 956 4410 Dominus,
984 4345 1107 4412 iusti
1125 4355 1170 4400 et
1191 4349 1449 4417 prophetat
1472 4351 1735 4405 voluerunt
1763 4352 1928 4408 videre
1954 4371 2066 4424 qua:

484 4433 658 4487 uidetis
679 4474 694 4498 ,
727 4443 775 4488 et
814 4450 915 4489 non
943 4435 1171 4490 viderunt
1201 4437 1414 4507 (Matth.
1472 4456 1568 4496 xm
1591 4482 1606 4506 ,
1648 4443 1757 4513 17).
1788 4443 2061 4501 Arbitrum

486 4525 839 4580 desiderabat.
873 4527 1008 4593 Quid
1037 4537 1118 4582 est
1137 4529 1370 4585 arbiter?
1395 4530 1598 4588 Medius
1626 4533 1691 4587 ad
1733 4548 2060 4604 componen.

484 4616 604 4672 dam
640 4632 871 4672 causam.
908 4617 1098 4675 Nonne
1136 4620 1334 4676 inimici
1373 4638 1584 4677 eramus
1612 4624 1748 4690 Dei,
1789 4634 1842 4680 et
1868 4627 2061 4684 malam

488 4725 704 4766 causam
733 4711 1058 4768 habebamus
1085 4713 1340 4770 adversus
1369 4717 1720 4784 Deum‘iQuis
1751 4717 1925 4775 ﬁniret
1943 4735 2060 4776 cau-

481 4818 594 4859 sam
635 4804 788 4860 istam
826 4805 1018 4860 malam
1049 4845 1064 4872 ,
1093 4807 1191 4860 nisi
1233 4807 1324 4862 ille
1350 4807 1558 4863 medius
1587 4810 1802 4876 arbiter,
1837 4813 1924 4881 qui
1955 4815 2058 4870 nisi

480 4897 722 4964 veniret,
764 4898 1142 4954 misericordim
1170 4901 1399 4969 perierat
1428 4901 1561 4958 iter?
1589 4903 1662 4958 De
1691 4918 1796 4974 quo
1826 4909 2056 4974 Aposto-

479 4985 563 5042 lus
591 4987 737 5055 dicit,
764 4987 908 5044 Unus
933 4990 1062 5043 enim
1094 4988 1232 5044 Deus
1252 5001 1296 5045 et
1318 4991 1563 5046 mediator
1583 4991 1680 5047 Dei
1705 5004 1751 5048 et
1777 4995 2049 5066 hominum,

477 5077 625 5131 homo
654 5079 882 5134 Christus
909 5080 1060 5135 Jesus
1089 5080 1131 5153 (l
1157 5080 1290 5135 Tim.
1328 5098 1386 5150 ιι,
1413 5082 1490 5155 5).
1520 5084 1576 5140 Si
1604 5101 1706 5141 non
1739 5085 1920 5156 homo,
1947 5105 2052 5145 non

475 5170 771 5237 mediator;
803 5172 924 5241 quia
954 5173 1174 5243 aequalis
1203 5173 1346 5228 Patri
1384 5175 1543 5230 Deus.
1574 5176 1711 5232 Dicit
1744 5179 1847 5234 alio
1885 5180 2001 5236 loco
2034 5199 2050 5237 :

477 5262 729 5317 Mediator
751 5272 916 5317 autem
942 5265 1092 5319 unius
1134 5281 1234 5320 non
1277 5276 1386 5333 est;
1429 5266 1563 5322 Deus
1606 5279 1773 5324 autem
1815 5287 1941 5326 unus
1978 5282 2052 5328 est

473 5354 672 5423 (Galat.
700 5370 787 5421 ιιι,
813 5356 930 5427 20).
961 5357 1098 5413 Inter
1139 5358 1272 5414 duos
1313 5359 1575 5416 mediator
1603 5378 1617 5415 :
1647 5377 1774 5432 ergo
1803 5363 2049 5424 Christus

469 5447 734 5502 mediator
774 5447 912 5504 inter
943 5449 1210 5505 hominem
1255 5459 1309 5506 et
1354 5451 1540 5507 Deum.
1571 5451 1687 5509 Non
1727 5455 1847 5524 quia
1874 5456 2044 5526 Deus,

467 5538 565 5596 sed
607 5539 730 5612 quia
758 5539 958 5598 homo:
984 5558 1108 5599 nam
1133 5543 1256 5615 quia
1284 5543 1456 5614 Deus,
1486 5548 1706 5618 aequalis
1731 5548 1910 5618 Patri;
1951 5551 2046 5608 sed

533 5675 551 5710 ⁸
575 5677 744 5750 plures
757 5684 886 5750 Mss;
914 5677 984 5750 Ibi
1011 5685 1106 5750 ῃυα
1127 5678 1380 5750 captivam,
1421 5679 1611 5750 diabolo
1645 5682 1710 5732 ad
1732 5682 2042 5748 adjutorium,

465 5740 648 5851 ἕξειέτὲιᾶ
659 5739 918 5853 sAulgpqgiitgr
917 5741 984 5790 ad
1009 5739 1213 5806 lapsum.
1237 5743 1304 5794 Ad
1339 5739 1464 5797 hanc
1483 5743 1747 5798 lectionem
1779 5739 1932 5811 prope
1967 5739 2046 5800 ac;

467 5814 648 5851 cedunt
670 5814 768 5852 am.
787 5814 838 5853 et
861 5814 935 5852 Er.

532 5863 605 5931 (a)
633 5873 672 5918 ο
909 5863 1066 5918 eum.

1727 359 1789 417 8.
1825 349 2199 416 AUGUSTINI
2237 351 2540 414 EPISCOPI

3624 354 3766 420 1388

2188 471 2405 541 aequalis
2423 469 2589 536 Patri,
2612 482 2720 526 non
2743 467 3002 526 mediator
3022 468 3062 523 ί.
3095 468 3166 527 Ut
3186 474 3364 527 autem
3384 471 3456 528 sit
3477 473 3764 542 mediator,

2181 560 2474 618 descendat
2513 577 2545 617 a
2584 562 2858 634 superiore
2897 561 2964 617 ad
2997 560 3336 629 inferiorem,
3368 563 3436 619 ab
3460 566 3766 636 aequalitate

2179 651 2388 722 Patris;
2433 654 2590 710 faciat
2628 653 2770 726 quod
2805 655 2882 709 ait
2919 654 3208 724 Apostolus
3241 673 3255 710 :
3289 655 3630 726 Semetipsum
3659 657 3768 712 exi-

2180 747 2369 801 nanivit
2389 751 2606 820 formam
2623 747 2750 803 servi
2775 748 3048 818 accipiens,
3073 749 3128 802 in
3151 747 3482 804 similitudine
3500 749 3768 805 hominum

2180 839 2367 909 factus,
2393 850 2441 895 et
2461 840 2632 895 habitu
2653 841 2881 896 inventus
2901 851 2958 894 ut
2977 842 3124 896 homo
3152 841 3408 913 (Philipp.
3432 859 3491 908 ιι,
3517 843 3594 911 7).
3617 843 3766 900 Fun-

2179 929 2272 986 dat
2293 932 2606 1003 sanguinem
2643 947 2797 990 suum
2821 975 2836 1000 ,
2869 932 3044 988 deleat
3069 933 3481 1006 chirographum
3520 943 3765 991 nostrum

2182 1022 2400 1098 (Calais.
2440 1041 2478 1083 ιι
2502 1068 2517 1091 ,
2549 1025 2662 1101 li),
2695 1037 2981 1100 componat
3007 1031 3029 1062 ¹
3057 1030 3195 1085 inter
3225 1046 3322 1086 nos
3349 1039 3405 1086 et
3428 1030 3632 1097 Deum;
3665 1047 3766 1086 no.

2180 1126 2347 1174 stram
2377 1118 2702 1176 voluntatem
2731 1123 3005 1194 corrigens
3035 1122 3103 1177 ad
3129 1123 3386 1194 justitiam
3412 1165 3428 1189 ,
3473 1124 3613 1179 illius
3641 1139 3768 1180 sen-

2184 1214 2402 1269 tentiam
2442 1213 2664 1272 ﬂectens
2691 1217 2760 1272 ad
2802 1217 3248 1274 misericordiam.
3293 1218 3444 1272 Sicut
3487 1233 3616 1289 ergo
3661 1217 3767 1274 hoc

2181 1326 2345 1366 unum
2375 1310 2717 1382 exposuimus
2740 1355 2756 1380 ,
2801 1324 3058 1384 quantum
3105 1313 3363 1368 Dominus
3403 1313 3586 1380 dedit,
3619 1312 3766 1384 quod

2181 1404 2370 1460 durum
2397 1404 2607 1461 videtur
2634 1406 2835 1463 dictum
2873 1422 2904 1462 a
2943 1406 3076 1474 Job;
3107 1407 3185 1462 sic
3225 1415 3280 1461 et
3309 1413 3502 1462 caetera
3533 1420 3653 1476 qua:
3695 1404 3767 1459 ibi

2180 1498 2430 1555 videntur
2455 1499 2606 1570 quasi
2639 1514 2828 1570 aspera
2851 1508 2906 1555 et
2929 1499 3274 1570 blasphema,
3318 1498 3514 1553 habent
3551 1496 3767 1554 intelleo

2180 1599 2298 1646 ctus
2336 1605 2482 1646 suos.
2524 1590 2678 1657 Quod
2724 1601 3032 1660 putaremus
3078 1591 3233 1646 aliter
3274 1604 3414 1655 esse,
3470 1588 3569 1644 nisi
3625 1589 3766 1643 Deus

2184 1681 2491 1752 perhiberet
2524 1682 2910 1750 testimonium,
2932 1691 2986 1737 et
3005 1691 3290 1752 antequam
3312 1680 3622 1751 loqueretur
3640 1678 3763 1743 Job,

2183 1781 2240 1828 et
2279 1782 2628 1844 posteaquam
2677 1781 2848 1830 totum
2897 1774 3103 1828 locutus
3154 1782 3255 1828 est.
3296 1772 3574 1828 Perhibuit
3626 1771 3769 1826 Deus

2183 1865 2358 1936 primo
2385 1866 2775 1934 testimonium,
2808 1867 2993 1922 dicens
3023 1884 3036 1919 :
3071 1864 3240 1920 Homo
3271 1866 3380 1920 sine
3419 1866 3620 1936 querela
3640 1905 3654 1928 ,
3688 1880 3769 1918 ve-

2181 1974 2279 2012 rax
2308 1958 2399 2014 Dei
2428 1959 2591 2014 cultor
2617 1959 2762 2029 (Job.
2794 1975 2846 2027 1,
2879 1960 2958 2029 8).
2999 1959 3143 2014 Dixit
3167 1958 3271 2014 hoc
3303 1959 3471 2025 Deus,
3505 1958 3640 2014 dixit
3663 1957 3768 2014 hoc

2183 2059 2307 2106 ante
2335 2051 2681 2107 tentationem
2710 2052 2868 2107 illius.
2905 2052 2984 2108 Ne
3018 2053 3139 2124 quis
3167 2061 3345 2108 autem
3375 2051 3428 2107 in
3459 2053 3563 2107 illis
3590 2051 3768 2107 verbis

2185 2142 2324 2200 forte
2350 2144 2491 2200 male
2517 2144 2818 2215 intelligens
2847 2144 3319 2212 scandalizaretur,
3353 2154 3408 2200 et
3439 2152 3650 2216 putaret
3680 2146 3768 2215 ju-

2184 2247 2325 2295 stum
2361 2238 2574 2309 quidem
2603 2243 2775 2294 virum
2801 2239 2965 2294 fuisse
2990 2239 3090 2295 Job
3117 2248 3242 2295 ante
3278 2239 3624 2294 tentationem
3649 2281 3665 2306 ,
3713 2240 3765 2294 in

2187 2330 2478 2386 tentatione
2503 2339 2676 2386 autem
2717 2331 2863 2401 gravi
2891 2330 3187 2397 defecisse,
3221 2338 3274 2385 et
3313 2330 3519 2400 lapsum
3562 2345 3685 2385 esse
3713 2331 3766 2385 in

2182 2421 2492 2491 sacrilegam
2535 2422 2949 2491 blasphemiam;
2997 2421 3161 2477 ﬁnitis
3205 2422 3452 2477 omnibus
3499 2421 3768 2477 sermoni-

2181 2513 2302 2579 bus,
2329 2523 2384 2569 et
2407 2514 2571 2584 ipsius
2595 2513 2716 2581 Job,
2747 2523 2800 2570 ct
2827 2515 3120 2570 amicorum
3149 2514 3264 2585 ejus
3291 2529 3323 2569 a
3349 2514 3541 2584 quibus
3567 2514 3619 2570 ei
3639 2529 3768 2569 con-

2183 2607 2374 2661 solatio
2405 2606 2747 2674 reddebatur,
2780 2607 2910 2662 dicit
2937 2607 3195 2661 Dominus
3225 2606 3611 2673 testimonium,
3644 2606 3767 2662 illos

2182 2714 2288 2754 non
2315 2714 2498 2754 verum
2524 2699 2752 2766 locutos,
2781 2700 2920 2754 sicut
2947 2714 3157 2754 servum
3181 2698 3297 2768 ejus
3321 2697 3442 2753 Job.
3487 2696 3608 2751 Non
3634 2698 3767 2751 enim

2182 2791 2333 2846 locuti
2367 2794 2506 2860 estis,
2541 2792 2730 2862 inquit,
2757 2808 2928 2846 coram
2967 2809 3045 2847 me
3071 2809 3244 2848 verum
3284 2793 3592 2863 quidquam,
3637 2793 3768 2846 sicut

2180 2899 2351 2938 servus
2380 2901 2517 2939 meus
2540 2883 2661 2938 Job.
2691 2882 2893 2940 Deinde
2917 2885 3071 2955 jubet
3109 2893 3165 2939 ut
3210 2884 3298 2939 ille
3326 2899 3423 2953 pro
3453 2885 3532 2939 eis
3568 2882 3762 2938 otferat

2180 2972 2384 3029 hostias
2408 3014 2422 3042 ,
2465 2975 2657 3044 quibus
2685 2988 2873 3032 eorum
2917 2985 3134 3045 peccata
3173 2974 3448 3030 solvantur
3473 2972 3586 3044 (Id.
3626 2989 3766 3044 χιιι,

2180 3067 2244 3135 7,
2269 3067 2346 3138 8).

2250 3161 2303 3217 9.
2337 3161 2430 3216 Eia
2449 3201 2466 3227 ,
2513 3161 2705 3218 fratres
2734 3163 2876 3228 mei,
2903 3162 2994 3232 qui
3019 3162 3130 3218 vult
3154 3162 3438 3218 observare
3462 3170 3619 3232 caput
3648 3176 3774 3217 ser-

2178 3255 2355 3326 pentis
2376 3297 2391 3322 ,
2429 3265 2484 3312 et
2519 3271 2740 3312 securus
2768 3257 2992 3312 transire
3026 3255 3130 3312 hoc
3168 3270 3352 3322 mare;
3394 3259 3514 3326 quia
3545 3271 3776 3316 necesse

2177 3355 2258 3402 est
2287 3347 2486 3403 habitet
2515 3348 2601 3404 hic
2624 3363 2846 3420 serpens
2886 3350 2986 3404 iste
3011 3391 3026 3416 ,
3066 3358 3119 3404 et
3142 3391 3156 3415 ,
3189 3357 3246 3404 ut
3270 3349 3447 3404 dicere
3470 3365 3772 3420 coeperam,

2179 3439 2364 3509 lapsus
2406 3441 2647 3495 diabolus
2671 3441 2738 3497 de
2776 3441 2913 3498 coelo
2944 3443 3084 3496 hunc
3112 3443 3288 3497 locum
3316 3443 3547 3512 accepit;
3574 3441 3772 3498 obser-

2175 3539 2263 3585 vet
2289 3540 2446 3601 caput
2471 3531 2608 3600 ejus,
2628 3547 2656 3585 a
2679 3532 2868 3587 timore
2889 3533 3091 3599 saeculi,
3116 3542 3168 3587 et
3193 3547 3225 3588 a
3253 3533 3539 3603 cupiditate
3558 3534 3768 3590 saeculi.

2174 3622 2310 3677 Hinc
2337 3623 2479 3678 enim
2508 3624 2743 3696 suggerit
2789 3624 3028 3694 aliquid,
3074 3632 3166 3679 aut
3210 3623 3350 3680 unde
3417 3625 3608 3692 times,
3671 3635 3773 3683 aut

2175 3718 2315 3772 unde
2340 3719 2525 3788 cupis;
2572 3727 2664 3773 aut
2687 3733 2923 3773 amorem
2950 3728 3095 3773 tuum
3128 3726 3329 3783 tentat,
3365 3727 3456 3772 aut
3486 3719 3768 3773 timorem.

2173 3809 2252 3864 Tu
2281 3809 2326 3864 si
2358 3810 2596 3866 timueris
2624 3811 2896 3881 geliennas
2916 3852 2931 3878 ,
2963 3810 3225 3866 amaveris
3249 3825 3470 3880 regnum
3500 3809 3591 3864 Dei
3616 3851 3630 3875 ,
3660 3809 3772 3865 ob-

2172 3901 2412 3958 servabis
2436 3911 2593 3972 caput
2619 3903 2751 3972 ejus.
2786 3902 2996 3957 Evitato
3020 3902 3215 3972 capite,
3239 3917 3461 3957 securus
3486 3903 3628 3968 eris;
3663 3917 3772 3960 nec

2172 3995 2263 4051 ille
2289 3996 2494 4066 lapsum
2525 4004 2676 4051 tuum
2704 3995 2937 4064 tenebit,
2967 4011 3066 4051 nec
3095 3995 3163 4050 de
3187 4005 3274 4050 tua
3304 3999 3453 4050 ruina
3481 3995 3766 4066 gaudebit.

2169 4088 2338 4144 Nemo
2367 4098 2545 4145 autem
2569 4089 2744 4157 dicat,
2778 4097 2834 4144 ut
2855 4089 2970 4143 dixi
3004 4107 3019 4144 :
3050 4089 3292 4160 Magnam
3333 4087 3491 4144 habet
3519 4099 3767 4160 potesta-

2173 4190 2302 4239 tem.
2337 4182 2532 4238 Vident
2568 4185 2712 4239 enim
2740 4183 2984 4238 homines
3012 4183 3163 4252 quasi
3206 4193 3460 4253 quantum
3489 4189 3768 4255 acceperit

2170 4276 2447 4346 potestatis
2471 4291 2486 4342 ;
2516 4275 2644 4347 quid
2673 4275 2965 4346 perdiderit
2995 4274 3042 4344 ³,
3074 4289 3180 4331 non
3209 4275 3410 4331 vident.
3438 4275 3555 4346 Ipse
3575 4287 3766 4334 autem

2169 4379 2382 4425 sanctus
2410 4369 2512 4426 Job
2540 4370 2593 4425 in
2635 4370 2812 4426 verbis
2845 4369 2956 4426 suis
2999 4370 3238 4441 mysticis
3265 4379 3320 4426 et
3362 4373 3467 4426 alte
3508 4372 3763 4442 secretis,

2167 4461 2350 4517 dicens
2375 4461 2442 4516 de
2471 4461 2569 4517 ista
2610 4470 2874 4533 potestate
2917 4476 3075 4531 quam
3123 4461 3318 4517 dicitur
3363 4462 3604 4518 diabolus
3651 4462 3758 4518 ha-

2165 4552 2324 4620 bere,
2356 4562 2410 4610 et
2442 4552 2751 4610 describens
2797 4553 2945 4608 illum
2971 4554 3152 4608 multis
3179 4553 3350 4609 modis
3381 4555 3434 4608 in
3465 4555 3647 4625 ﬁguris
3671 4556 3760 4612 si-

2165 4645 2545 4712 militudinum,
2572 4660 2854 4716 exponens
2882 4646 3007 4716 quid
3039 4647 3128 4701 ille
3154 4647 3244 4712 sit,
3275 4648 3361 4703 vel
3387 4647 3516 4718 quid
3545 4650 3751 4717 valeat,

2164 4735 2266 4792 hoc
2305 4751 2516 4808 quoque
2559 4738 2670 4793 ait:
2705 4757 2726 4791 (
2761 4737 2876 4794 Non
2919 4749 3003 4796 est
3039 4741 3332 4812 quidquam
3378 4743 3553 4798 simile
3588 4745 3636 4799 ei
3667 4744 3756 4798 la-

2163 4838 2308 4883 ctum
2355 4843 2518 4898 super
2564 4838 2797 4900 terram,
2851 4829 2918 4885 ad
2966 4830 3293 4889 illudendum
3334 4833 3383 4887 ei
3421 4835 3488 4891 ab
3529 4835 3755 4906 Angelis

2161 4921 2314 4975 meis.
2354 4939 2373 4974 ι
2425 4920 2564 4976 Deus
2609 4919 2681 4974 ibi
2719 4921 2953 4992 loquitur
2999 4923 3051 4977 in
3099 4923 3238 4978 libro
3273 4924 3374 4981 Job
3407 4943 3420 4979 :
3470 4944 3490 4978 ι
3522 4924 3638 4981 Non
3666 4934 3754 4981 est

2160 5012 2446 5083 quidquam
2474 5014 2522 5068 ei
2544 5029 2703 5083 super
2729 5023 2926 5069 terram
2955 5015 3127 5070 simile
3157 5015 3386 5084 factum,
3417 5017 3482 5071 ad
3515 5018 3752 5073 illuden-

2159 5105 2285 5161 dum
2314 5103 2364 5159 ei
2393 5104 2461 5161 ab
2490 5105 2711 5176 Angelis
2738 5107 2893 5161 meis.
2941 5105 3113 5161 Omne
3143 5106 3308 5162 altum
3335 5108 3518 5174 videt;
3547 5121 3602 5164 et
3630 5110 3750 5179 ipse

2158 5214 2253 5256 rex
2279 5199 2518 5254 omnium
2559 5214 2677 5269 quas
2706 5198 2758 5252 in
2785 5201 2935 5269 aquis
2973 5209 3099 5254 sunt
3126 5219 3144 5252 ι
3180 5199 3288 5270 (Id.
3323 5217 3441 5268 xu,
3472 5201 3543 5256 24
3573 5211 3620 5256 et
3649 5201 3744 5269 25,

2156 5308 2255 5348 sec.
2290 5291 2480 5361 LXX).
2530 5291 2625 5347 Cui
2669 5290 2974 5347 testimonio
3001 5293 3248 5364 congruit
3295 5291 3397 5349 hoc
3427 5292 3479 5349 in
3507 5294 3743 5350 Psalmo.

2154 5386 2290 5442 Cum
2319 5385 2460 5441 enim
2504 5383 2705 5441 diceret
2731 5384 2799 5441 de
2838 5385 2973 5441 mari
3012 5402 3204 5457 magno
3243 5397 3297 5442 et
3338 5390 3600 5457 Spatioso,
3652 5387 3742 5443 ubi

2220 5499 2237 5530 ί
2262 5498 2336 5560 sic
2358 5495 2542 5560 aliquot
2569 5502 2754 5560 Mss.__At
2791 5501 2864 5546 Er.
2884 5504 2945 5560 et
2977 5503 3106 5558 Lov.,
3134 5508 3228 5560 non
3249 5497 3364 5560 quia
3389 5505 3515 5549 Deus
3538 5498 3742 5560 (equalis

2154 5559 2322 5616 Patri;
2345 5556 2511 5609 sed'si
2532 5556 2734 5619 wqualis
2757 5559 2909 5619 Patri,
2955 5572 3048 5609 non
3075 5556 3328 5609 mediator.
3364 5556 3738 5619 Nonnulli'stss.,

2151 5633 2245 5690 non
2267 5620 2534 5690 quiapeus
2551 5618 2750 5690 (aqualis
2788 5618 2934 5690 Patri,
2973 5621 3057 5670 sed
3092 5622 3203 5684 quia
3223 5620 3363 5671 homo
3397 5620 3550 5671 minor
3573 5618 3739 5671 Patre.

2151 5681 2202 5733 si
2223 5681 2424 5744 requalis
2447 5681 2717 5738 Patrinton
2739 5683 2993 5733 mediator.

2216 5748 2236 5809 ξ
2259 5744 2392 5809 Edd.,
2413 5750 2663 5809 componat
2683 5757 2876 5809 pacem._
2895 5753 3014 5809 Vox,
3040 5758 3232 5809 pacem,
3249 5746 3392 5795 abest
3409 5759 3436 5794 a
3453 5751 3559 5809 Mss.

2217 5807 2238 5839 ³
2262 5806 2343 5874 ῌὶο
2377 5807 2490 5858 add.
2518 5805 2736 5874 addunt,
2776 5805 3050 5871 maiestatis
3067 5819 3088 5862 .‘
3110 5805 3242 5872 quod
3266 5820 3303 5862 a
3334 5807 3593 5873 pradptu's
3626 5813 3738 5860 Mss.
