4058 6478
162 372 382 437 ,1383

248 489 491 545 animalia
510 487 706 559 pusilla
728 497 782 544 et
807 500 1016 558 magna,
1036 487 1125 544 ubi
1139 491 1373 561 repentis
1388 507 1611 562 quorum
1628 509 1732 548 non
1747 503 1831 549 est

249 597 519 645 numerus,
538 582 627 637 ubi
647 596 806 637 naves
820 582 1386 653 navigantlignotutm,
1410 585 1482 639 ait
1511 602 1523 639 :
1558 584 1724 639 Draco
1749 585 1831 639 hic

247 689 385 746 quem
412 672 609 743 ﬁnxisti
639 673 707 726 ad
727 672 1041 727 illudendum
1066 671 1130 728 ei.
1159 675 1262 730 Sed
1292 678 1337 730 si
1367 676 1433 731 ad
1462 676 1786 732 illudendum
1808 719 1825 747 ,

246 766 512 839 quomodo
549 768 687 822 Deus
724 767 797 822 illi
834 766 1046 821 illudit?
1074 770 1155 823 An
1186 769 1399 824 tradidit
1436 784 1558 826 eum
1604 771 1830 827 illuden-

245 863 366 917 dum
393 904 407 926 .
444 862 549 917 hoc
577 874 700 927 est,
746 871 801 916 ut
831 861 1120 917 illudatur?
1162 863 1477 919 Putammus
1504 864 1645 934 quod
1691 865 1830 920 Deus

248 958 315 1011 illi
363 956 656 1021 illuderet,
703 956 805 1010 nisi
836 956 1109 1026 Scriptura
1154 956 1255 1012 Job
1302 957 1553 1014 solvisset
1578 960 1829 1029 quzestio-

245 1065 391 1113 nem;
427 1048 497 1101 ibi
534 1049 679 1103 enim
704 1048 904 1103 dictum
928 1056 1011 1103 est
1039 1066 1052 1102 :
1081 1048 1164 1102 Ad
1193 1050 1508 1104 illudendum
1542 1051 1586 1105 ei
1624 1051 1687 1105 ab
1726 1052 1835 1105 An-

245 1144 365 1215 gelis
395 1144 541 1197 meis.
587 1142 677 1197 Vis
717 1142 940 1199 illudere
983 1143 1245 1199 draconi?
1276 1144 1403 1199 Esto
1449 1146 1669 1215 angelus
1714 1146 1826 1200 Dei.

248 1237 349 1292 Sed
378 1236 615 1291 nondum
646 1252 706 1292 es
731 1237 950 1309 angelus
978 1237 1095 1293 Dei.
1135 1238 1310 1293 Donec
1337 1239 1431 1303 sis,
1458 1238 1501 1292 si
1545 1254 1666 1295 eum
1706 1254 1830 1294 cur-

245 1343 356 1382 sum
390 1338 544 1382 tenes
572 1336 631 1382 ut
654 1328 748 1393 sis,
775 1339 899 1383 sunt
928 1329 1101 1400 angeli
1130 1331 1217 1401 qui
1248 1330 1473 1384 illudant
1498 1330 1738 1397 draconi,
1764 1345 1832 1388 ne

248 1418 333 1474 tibi
370 1427 585 1473 noceat.
619 1420 897 1490 Praepositi
920 1421 1063 1475 enim
1090 1432 1215 1477 sunt
1250 1422 1436 1491 Angeli
1463 1422 1721 1477 caelorum
1743 1437 1835 1477 su-

250 1526 342 1582 per
372 1519 668 1579 potestates
693 1526 902 1578 aereas,
927 1522 981 1566 et
1006 1511 1130 1568 inde
1160 1513 1400 1582 procedit
1427 1513 1649 1569 verbum
1689 1514 1831 1584 quod

246 1602 301 1655 ﬁt
321 1601 427 1656 hic.
455 1601 735 1657 lntuentur
760 1602 903 1657 enim
935 1604 1103 1674 legem
1134 1603 1311 1667 ﬁxam,
1344 1605 1514 1675 legem
1554 1613 1829 1671 aeternam,

245 1692 516 1762 iubentem
547 1692 664 1748 sine
686 1694 977 1763 scriptura,
1005 1695 1121 1749 sine
1141 1695 1383 1767 syllabis,
1414 1696 1530 1750 sine
1565 1695 1790 1765 strepitu
1810 1735 1829 1762 ,

248 1787 402 1839 ﬁxam
449 1800 665 1855 semper
705 1794 761 1841 et
809 1795 1073 1851 stantem;
1115 1787 1387 1841 intuentur
1437 1787 1625 1857 Angeli
1668 1785 1832 1842 corde

246 1879 464 1941 mundo,
490 1888 545 1934 et
565 1894 629 1934 ex
654 1880 742 1934 illa
772 1878 970 1935 faciunt
997 1879 1253 1951 quidquid
1281 1880 1366 1934 hic
1405 1878 1483 1945 ﬁt,
1515 1888 1570 1934 et
1609 1888 1835 1949 potesta-

246 1979 323 2026 tes
343 1986 410 2025 ex
452 1971 542 2025 illa
576 1970 891 2026 ordinantur
924 1986 957 2027 a
992 1972 1217 2026 summis
1243 1986 1409 2041 usque
1438 1970 1489 2023 in
1536 1972 1659 2024 ima.
1691 1970 1758 2025 Et
1785 1971 1831 2025 si

248 2071 541 2132 potestates
566 2076 895 2116 summorum
931 2061 1188 2117 caelorum
1219 2071 1475 2131 reguntur
1506 2062 1671 2115 verbo
1710 2060 1827 2128 Dei,

245 2162 442 2223 quanto
490 2153 660 2223 magis
704 2152 981 2208 inferiores
1033 2162 1193 2222 atque
1242 2152 1516 2208 terrente?
1570 2152 1831 2209 Rcmanet

245 2258 368 2314 ergo
415 2245 471 2299 in
525 2244 681 2299 malis
718 2244 831 2299 sola
871 2243 1095 2299 nocendi
1150 2243 1432 2314 cupiditas.
1484 2243 1632 2299 Hanc
1670 2244 1833 2299 habet

246 2335 402 2389 homo
441 2335 498 2389 in
541 2343 804 2405 potestate
845 2334 1187 2405 cupiditatem
1216 2335 1462 2400 nocendi,
1503 2336 1829 2390 voluntatem

244 2426 302 2481 ad
359 2425 675 2496 perniciem.
727 2425 784 2482 Si
825 2436 1001 2481 autem
1037 2427 1281 2497 cuiquam
1331 2441 1527 2482 nocere
1567 2426 1823 2496 patuerit,

245 2534 344 2573 non
372 2520 665 2589 glorietur;
712 2533 818 2574 non
850 2519 962 2588 ipse
992 2519 1195 2584 nocuit,
1235 2518 1357 2574 data
1383 2530 1466 2575 est
1488 2519 1539 2574 ei
1568 2527 1826 2588 potestas.

246 2609 418 2666 Semel
444 2610 649 2665 dictum
680 2618 784 2676 est,
812 2611 1077 2666 sententia
1108 2610 1259 2665 ﬁrma
1282 2619 1364 2665 est
1390 2628 1404 2665 :
1449 2608 1570 2665 Non
1595 2621 1668 2665 est
1690 2620 1831 2681 pote-

243 2698 357 2764 εισι,
395 2703 498 2756 nisi
525 2718 557 2754 a
584 2700 692 2756 Deo
723 2700 897 2773 (Rom.
939 2717 1055 2765 χιιι,
1089 2701 1165 2770 1).
1192 2700 1330 2768 Quid
1358 2716 1486 2772 ergo
1529 2702 1729 2757 times?
1769 2701 1827 2757 In

243 2796 391 2866 aquis
416 2795 489 2850 sit
514 2795 711 2861 draco,
762 2795 814 2848 in
857 2795 993 2849 mari
1022 2796 1093 2848 sit
1131 2794 1327 2859 draco;
1361 2794 1482 2850 illac
1508 2794 1830 2850 transiturus

243 2902 315 2942 es.
344 2887 437 2942 Sic
472 2895 558 2941 est
584 2886 738 2941 ﬁctus
768 2894 828 2940 ut
858 2886 1127 2951 illudatur,
1160 2885 1245 2940 hic
1270 2886 1338 2941 ad
1365 2886 1505 2941 hunc
1537 2886 1713 2941 locum
1740 2900 1830 2941 or-

242 2977 453 3033 diuatus
478 2988 583 3044 est,
613 2979 664 3032 in
694 2978 774 3033 his
796 2977 1013 3034 sedibus
1034 2977 1318 3048 deputatus
1336 2987 1437 3033 est.
1462 2978 1712 3048 Magnum
1732 2977 1830 3033 ali-

243 3071 361 3142 quid
408 3072 483 3126 illi
512 3080 667 3141 putas
706 3086 827 3126 esse
854 3069 951 3125 has
975 3069 1133 3125 sedes
1157 3112 1170 3137 ,
1200 3071 1321 3141 quia
1362 3086 1468 3126 non
1503 3070 1641 3125 nosti
1672 3069 1829 3127 sedes

244 3164 569 3233 Angelorum
602 3162 741 3218 unde
770 3162 950 3232 lapsus
987 3172 1069 3217 est
1094 3163 1113 3194 ¹
1148 3178 1311 3233 εςιιω
1348 3162 1441 3217 tibi
1482 3160 1693 3218 videtur
1711 3161 1829 3233 eius

244 3253 512 3324 gloriatio.
539 3254 809 3309 damnatio
839 3261 941 3309 est.

311 3346 400 3402 10.
447 3346 858 3402 Similitudinem
906 3338 1439 3416 accipite'breviter;
1473 3346 1595 3415 quia
1644 3359 1829 3401 revera

243 3452 491 3512 magnum
520 3439 721 3511 aliquid
745 3450 831 3496 est
860 3440 960 3493 hoc
990 3454 1148 3495 nosse
1177 3448 1230 3494 et
1259 3438 1570 3509 intelligere.
1602 3439 1827 3493 Domum

244 3546 487 3602 magnam
518 3532 747 3601 aliquam
792 3540 973 3601 putate
1002 3539 1165 3586 totam
1209 3532 1363 3585 istam
1410 3531 1827 3587 administratio-

243 3639 361 3679 nem
403 3634 666 3679 creaturae
699 3643 711 3678 :
742 3624 934 3680 domus
964 3624 1063 3679 ista
1092 3639 1281 3694 magna
1310 3624 1471 3680 habet
1510 3624 1785 3681 dominum
1809 3666 1826 3693 ,

244 3712 403 3771 habet
431 3730 651 3780 servos,
679 3726 734 3771 et
762 3716 814 3770 in
858 3716 986 3785 ipsis
1015 3716 1183 3771 servis
1209 3716 1369 3771 habet
1395 3717 1537 3771 circa
1560 3730 1620 3771 se
1648 3717 1831 3786 proxi-

246 3822 359 3863 mos
384 3808 486 3863 sibi
529 3807 580 3862 in
612 3807 954 3878 apparatibus
981 3808 1292 3865 melioribus
1318 3809 1543 3863 vestium
1564 3850 1578 3872 ,
1612 3808 1828 3864 thesau-

243 3915 422 3955 rorum
442 3941 459 3967 ,
488 3899 806 3955 horreorum
828 3940 842 3963 ,
874 3915 1183 3969 magnarum
1205 3900 1637 3969 possessionum;
1670 3898 1833 3955 habet

246 3992 400 4046 etiam
445 4006 633 4046 servos
661 3989 714 4045 in
745 3990 943 4045 inﬁmis
987 3990 1294 4045 ministeriis
1315 4032 1329 4057 ,
1361 3991 1433 4046 ita
1479 3990 1704 4047 subditis
1732 3990 1833 4046 sibi

246 4086 615 4154 potestatibus,
635 4094 691 4139 ut
704 4084 961 4156 quosdam
989 4086 1180 4141 habeat
1193 4094 1247 4139 et
1260 4084 1327 4139 ad
1345 4084 1675 4140 mundandas
1691 4084 1835 4140 cloa-

246 4192 333 4233 cas
364 4195 377 4232 :
410 4194 442 4232 a
471 4178 698 4232 summis
725 4178 1154 4247 procuratoribus
1179 4192 1350 4248 usque
1374 4177 1440 4232 ad
1468 4186 1703 4232 extrema
1733 4177 1834 4233 ista

246 4284 297 4328 et
322 4273 504 4328 inﬁma
534 4272 829 4328 ministeria
858 4287 1015 4342 quam
1047 4272 1201 4327 multi
1230 4281 1353 4326 sunt
1377 4270 1593 4342 gradus.
1628 4270 1683 4325 Si
1708 4286 1837 4341 ergo

246 4366 433 4434 aliquis
464 4380 687 4435 magnus
720 4376 1030 4433 procurator
1057 4363 1323 4426 offendat,
1352 4372 1406 4417 et
1450 4377 1606 4433 pteua
1632 4362 1836 4418 domini

247 4460 361 4523 sui,
392 4459 543 4512 verbi
571 4457 741 4527 gratia
761 4498 777 4523 ,
807 4456 897 4511 ﬁat
922 4457 1172 4512 ostiarius
1204 4457 1254 4509 in
1283 4456 1463 4526 aliquo
1494 4456 1613 4510 loco
1655 4465 1836 4510 extre-

248 4566 368 4615 mo;
394 4552 441 4605 si
484 4565 743 4605 exercens
772 4550 871 4605 sibi
898 4549 1074 4604 datam
1107 4559 1420 4618 potestatem
1444 4591 1459 4616 ,
1487 4551 1727 4605 volentes
1754 4551 1839 4605 ina

248 4650 388 4697 trare
416 4643 503 4697 vel
534 4642 682 4697 exire
713 4641 1016 4711 perturbet,
1044 4641 1336 4696 secundum
1366 4642 1579 4697 modum
1608 4652 1839 4711 potesta-

250 4736 317 4788 tis
344 4750 504 4804 quem
551 4734 757 4804 accepit
784 4751 813 4786 ιι
843 4733 1060 4788 domino
1079 4775 1094 4797 ,
1127 4733 1202 4787 illi
1227 4743 1405 4789 autem
1451 4734 1691 4789 nesciant
1715 4750 1837 4789 eum

248 4826 728 4896 fuissealiquando
758 4841 1007 4895 magnum
1037 4835 1727 4896 procuratorem;magnam
1746 4841 1841 4896 po-

249 4925 496 4974 testatem
528 4918 669 4972 illius
704 4930 822 4971 esse
848 4916 1204 4983 arbitrantur,
1233 4918 1353 4987 quia
1385 4916 1509 4986 quid
1550 4916 1841 4987 perdiderit

250 5012 513 5066 nesciunt.
549 5010 611 5066 Et
641 5018 838 5073 tamen,
869 5008 1062 5064 fratres
1091 5010 1216 5075 mei,
1248 5008 1497 5062 ostiarius
1529 5008 1614 5062 ille
1640 5008 1708 5062 de
1736 5022 1842 5077 quo

247 5101 358 5167 dixi
376 5142 394 5170 ,
421 5102 489 5158 ad
515 5100 914 5157 similitudinem
942 5100 1133 5156 domus
1158 5115 1362 5171 magna:
1390 5100 1546 5169 hujus
1574 5108 1799 5156 terrenae
1821 5142 1840 5169 ,

248 5205 427 5263 potest
468 5194 670 5271 aliquid
710 5192 887 5249 facere
912 5194 1185 5249 nesciente
1210 5192 1430 5247 domino
1460 5207 1592 5259 suo,
1634 5203 1688 5248 et
1726 5202 1843 5249 tur-

248 5289 382 5344 bare
405 5291 639 5359 aliquem
672 5289 761 5343 illo
790 5304 895 5343 non
923 5288 1145 5358 iubente
1178 5305 1191 5340 :
1226 5287 1325 5343 iste
1352 5294 1530 5341 autem
1562 5301 1661 5342 nec
1684 5286 1751 5342 ad
1781 5287 1847 5342 il-

248 5379 360 5435 lam
382 5381 603 5451 januam
636 5380 836 5451 positus
862 5388 964 5446 est,
983 5395 1085 5449 qua
1113 5379 1372 5434 intramus
1395 5378 1463 5434 ad
1485 5379 1673 5434 Deum.
1692 5378 1847 5435 Chri-

315 5583 335 5615 ι
366 5582 438 5631 ste
458 5580 692 5631 meliores
715 5588 852 5649 uss,
866 5590 917 5633 et
941 5593 1005 5649 ex
1136 5581 1354 5649 nonnulli
1375 5584 1622 5649 omittunt,
1641 5584 1848 5649 deputa-

242 5649 427 5711 tus_e_st
448 5657 464 5693 :
488 5652 597 5706 post
616 5658 728 5711 quae
753 5646 903 5711 verba
937 5645 1008 5695 sic
1030 5644 1274 5711 habebant
1297 5646 1429 5711 add,
1455 5646 1504 5711 si
1518 5644 1742 5711 magnum
1761 5647 1851 5698 ali-

246 5705 376 5776 quia
400 5705 542 5776 putas
565 5705 665 5776 esse
689 5706 776 5776 has
798 5706 970 5776 sedes;
994 5706 1108 5776 quia
1130 5720 1223 5757 non
1244 5707 1369 5757 nosti
1389 5705 1528 5776 sedes
1550 5705 1852 5776 ΔΑῇςιειιιιίιιιιι

248 5767 386 5818 unde
400 5767 685 5835 ’φηςι-εει,
704 5767 901 5819 miraris
921 5767 1059 5821 sedes
1074 5776 1371 5821 mortuorum
1384 5773 1511 5823 unde
1527 5767 1741 5835 dejectus
1760 5778 1851 5823 est.

250 5840 378 5895 Qua
504 5828 713 5891 videtur,
731 5837 828 5880 etc.

468 5937 697 6006 Sacr.
731 5941 1005 6005 Auens'r.
1050 5940 1164 6010 ιν.

1341 376 1737 437 ENARRATIO
1773 380 1840 439 IN
1877 377 2199 444 PSALMUM
2237 382 2367 444 CIII.

3378 404 3512 464 I380

1934 504 2045 552 stus
2069 507 2149 552 est
2178 500 2319 553 enim
2346 500 2430 555 illa
2452 500 2635 571 janua,
2666 513 2719 559 et
2747 519 2841 576 per
2866 506 3138 566 Christum
3167 512 3424 572 intramus
3448 521 3516 574 ad

1932 586 2091 643 vitam
2119 600 2372 647 azternam
2406 592 2583 667 (Joan.
2618 613 2648 651 x
2672 639 2685 663 ,
2720 598 2798 670 9).
2832 599 2935 656 Sed
2960 612 3042 657 est
3066 606 3306 675 anedam
3332 612 3514 679 janua,

1931 695 2034 750 qua
2065 681 2295 739 intratur
2320 685 2373 739 in
2406 686 2505 741 hoc
2529 689 2782 745 steculum
2802 734 2817 759 ,
2841 692 3003 762 janua
3028 698 3269 765 quaedam
3313 712 3516 757 morta-

1933 771 2093 829 litatis
2121 774 2297 831 :circa
2326 778 2423 832 ista
2453 779 2679 836 inﬁrma:
2702 784 2718 814 ⁸
2741 786 2916 839 carnis
2939 784 3097 856 hujus
3123 788 3438 847 detrimenta
3462 803 3517 849 et

1932 865 2403 933 supplementa,ad
2430 870 2584 925 istam
2611 873 2827 941 januam
2852 879 3001 946 quasi
3030 881 3241 949 quidam
3268 886 3519 941 ostiarius

1932 964 2014 1011 est
2029 974 2042 1021 ;
2062 956 2149 1013 hic
2166 959 2326 1014 habet
2350 970 2665 1030 potestatem
2692 965 2743 1020 iu
2772 968 2875 1023 isto
2892 972 3046 1037 mari,
3065 988 3165 1041 qua
3195 990 3356 1029 naves
3371 991 3488 1031 Cum
3505 1008 3520 1018 -

1932 1058 2134 1117 meant,
2155 1052 2247 1106 sed
2274 1067 2380 1107 non
2412 1063 2609 1110 tantam
2641 1069 2698 1112 ut
2728 1059 2884 1116 faciat
2908 1064 3104 1135 aliquid
3130 1068 3401 1124 nesciente
3429 1081 3521 1126 aut

1934 1141 2150 1196 nolente
2178 1142 2401 1198 Domino
2429 1161 2546 1200 suo.
2574 1147 2651 1203 Ne
2678 1148 2814 1206 forte
2841 1152 3030 1223 aliquis
3059 1156 3202 1211 dicat
3236 1178 3249 1213 :
3282 1159 3518 1215 Perdidit

1933 1230 2145 1299 quidem
2186 1232 2276 1288 ille
2302 1250 2547 1306 magnam
2593 1249 2903 1308 potestatem
2931 1249 3261 1315 superiorum
3291 1266 3485 1321 appara
3507 1284 3519 1294 ο

1935 1329 2115 1389 tuum;
2148 1324 2241 1379 sed
2268 1340 2366 1395 ego
2396 1330 2448 1379 in
2480 1326 2562 1382 bis
2590 1330 2784 1386 inﬁmis
2808 1349 2923 1388 sum
2945 1376 2961 1399 ,
2992 1335 3079 1391 hic
3107 1354 3192 1393 me
3221 1352 3391 1409 potest
3423 1345 3518 1396 lia-

1933 1411 2060 1469 bere
2090 1414 2141 1468 in
2170 1424 2451 1485 potestate,
2483 1434 2616 1489 Opus
2641 1430 2722 1475 est
2750 1433 2805 1477 ut
2833 1427 3063 1481 serviam
3094 1428 3188 1482 illi.
3218 1430 3336 1484 Noli
3369 1433 3473 1487 falli
3500 1448 3516 1498 ;

1933 1506 2086 1559 novit
2111 1514 2161 1562 te
2190 1508 2445 1563 Dominus
2470 1519 2610 1576 tuus,
2630 1523 2684 1569 et
2711 1515 2789 1569 sic
2814 1527 2863 1571 te
2890 1519 3055 1584 novit,
3077 1532 3131 1574 ut
3159 1525 3376 1593 capillos
3399 1533 3518 1581 tuos

1933 1593 2126 1685 habeat
2165 1609 2472 1655 numeratos
2499 1602 2710 1675 (Matth.
2741 1624 2772 1662 χ
2794 1649 2809 1673 ,
2843 1608 2956 1678 50).
2989 1612 3124 1679 Quid
3151 1631 3276 1685 ergo
3321 1618 3475 1673 times
3495 1620 3520 1671 ?

1933 1684 2253 1746 Tentaturus
2282 1702 2363 1747 est
2389 1693 2523 1750 forte
2551 1709 2767 1752 carnem
2799 1707 2942 1754 tuam
2968 1717 2981 1754 :
3007 1704 3270 1772 ﬂagellum
3301 1718 3381 1762 est
3413 1708 3519 1763 Do-

1932 1780 2061 1834 mini
2091 1783 2198 1849 tui,
2232 1799 2335 1839 non
2370 1796 2603 1855 potestas
2633 1793 2910 1846 tentatoris
2942 1795 3035 1848 tui.
3066 1796 3189 1851 Vult
3218 1816 3408 1856 nocere
3433 1817 3522 1857 sa.

1933 1869 2030 1925 luti
2058 1886 2177 1941 qua:
2206 1876 2563 1942 promittitur;
2594 1879 2687 1934 sed
2719 1896 2824 1935 non
2856 1885 3177 1951 permittitur
3209 1906 3221 1941 :
3256 1900 3311 1943 ut
3340 1900 3519 1947 autem

1933 1978 2038 2018 non
2081 1967 2451 2034 permittatur,
2486 1970 2621 2026 habe
2663 1985 2823 2043 caput
2864 1976 3168 2046 Christum;
3203 1983 3399 2052 repelle
3425 1999 3519 2039 ca-

1932 2064 2027 2124 put
2071 2055 2358 2125 draconis,
2408 2063 2734 2130 suggestioni
2781 2065 2896 2135 ejus
2945 2070 3053 2123 noli
3097 2075 3438 2140 consentire,
3485 2089 3520 2133 a

1931 2146 2023 2287 Zia
2068 2154 2155 2201 tua
2186 2148 2293 2202 noli
2327 2149 2451 2204 labi.
2485 2150 2654 2207 Draco
2683 2154 2764 2208 hic
2790 2173 2938 2226 quem
2965 2160 3159 2227 [intristi
3203 2166 3270 2217 ad
3296 2166 3519 2221 illuden-

1969 2253 2053 2287 um
2080 2254 2147 2287 82-

1969 2253 2053 2289 um
2080 2254 2147 2293 et.

2002 2332 2089 2386 11.
2124 2332 2273 2405 [υενε.
2306 2335 2517 2410 27-29.]
2547 2337 2677 2393 Nam
2695 2341 2775 2396 vis
2791 2342 2972 2398 videre
2992 2362 3147 2411 qttam
3180 2364 3284 2404 non
3309 2350 3399 2406 tibi
3422 2367 3521 2408 no-

1930 2430 2082 2511 ceat,
2113 2424 2214 2478 nisi
2241 2428 2570 2494 permissus?
2599 2428 2783 2486 Omnia
2802 2474 2816 2497 ,
2847 2435 3048 2505 inquit,
3081 2454 3112 2490 a
3142 2448 3190 2491 te
3206 2451 3516 2511 exspectant,

1932 2509 2180 2579 Domine,
2227 2524 2281 2567 ut
2325 2516 2411 2570 des
2436 2518 2542 2572 illis
2567 2520 2731 2573 cibum
2772 2522 2827 2577 in
2855 2534 3072 2594 tempore
3100 2509 3406 2597 opportuno.
3452 2534 3521 2589 Et

1932 2603 2033 2660 iste
2060 2606 2223 2662 draco
2252 2610 2572 2667 manducare
2600 2614 2745 2681 vult,
2777 2616 2871 2671 sed
2904 2634 3005 2672 non
3051 2623 3333 2680 manducat
3357 2643 3520 2697 quem

1930 2697 2065 2751 vult.
2097 2697 2282 2753 Omnia
2310 2719 2341 2754 a
2372 2713 2418 2757 te
2442 2716 2751 2776 exspectant,
2773 2708 3007 2775 Domine,
3032 2724 3085 2766 ut
3114 2716 3200 2769 des
3226 2717 3328 2771 illis
3352 2721 3521 2776 cibum

1930 2788 1984 2842 in
2008 2800 2233 2861 tempore
2252 2806 2556 2864 opportuno.
2580 2797 2765 2853 Omnia
2784 2815 2803 2854 :
2826 2812 2879 2856 et
2904 2806 3139 2873 repentia
3167 2823 3391 2877 quorum
3411 2826 3519 2867 non

1930 2890 2015 2936 est
2041 2898 2296 2939 numerus
2317 2926 2332 2951 ,
2376 2897 2431 2941 et
2474 2890 2721 2944 animalia
2754 2893 2944 2962 pusilla
2984 2905 3039 2950 et
3069 2913 3255 2968 magna
3275 2940 3291 2967 ,
3322 2912 3377 2956 et
3406 2902 3522 2973 ipse

1931 2973 2093 3029 draco
2113 3017 2128 3044 ,
2159 2986 2213 3032 et
2252 2980 2424 3034 omnis
2450 2990 2692 3037 creatura
2720 2991 2809 3039 tua
2830 3027 2844 3049 ,
2872 3001 2973 3056 qua
3020 2988 3251 3059 implesti
3281 3001 3475 3049 terram
3502 3010 3519 3061 ;

1934 3066 2120 3121 Omnia
2146 3085 2179 3122 a
2208 3078 2255 3124 te
2281 3082 2569 3141 exspectant
2595 3084 2648 3127 ut
2673 3076 2760 3131 des
2786 3076 2888 3132 illis
2912 3080 3077 3133 cibum
3100 3082 3152 3134 in
3181 3091 3402 3154 tempore
3428 3101 3524 3155 op-

1932 3166 2149 3227 portuno
2167 3198 2183 3223 .
2212 3162 2495 3232 unicuique
2519 3165 2694 3220 cibum
2725 3182 2901 3223 suum.
2929 3170 3103 3226 [labes
3127 3173 3304 3228 cibum
3331 3184 3477 3231 tuum
3501 3219 3518 3244 ,

1929 3245 2090 3303 habet
2131 3259 2185 3304 et
2209 3250 2372 3307 draco
2397 3252 2573 3309 cibum
2617 3271 2789 3310 suum.
2819 3256 2875 3312 Si
2920 3260 3055 3316 bene
3081 3264 3310 3332 vixeris,
3340 3266 3521 3323 cibum

1929 3335 2197 3393 Christum
2227 3339 2483 3407 habebis;
2510 3343 2555 3397 si
2583 3359 2614 3399 a
2643 3344 2858 3400 Christo
2884 3353 3189 3419 recesseris,
3219 3355 3369 3409 cibus
3398 3356 3525 3412 dra-

1929 3431 2083 3487 conis
2106 3432 2235 3489 eris.
2267 3434 2450 3489 Omnia
2477 3453 2509 3489 a
2538 3446 2583 3492 te
2608 3449 2895 3509 exspectant
2920 3453 2974 3496 ut
3016 3444 3104 3499 des
3131 3445 3235 3500 illis
3274 3449 3439 3503 cibum
3467 3451 3524 3505 in

1931 3534 2154 3597 tempore
2180 3541 2484 3599 opportuno.
2505 3532 2638 3597 Quid
2666 3533 2864 3587 dictum
2897 3546 2979 3589 est
3005 3537 3101 3606 ipsi
3128 3540 3524 3597 draconi?Ter-

1930 3632 2042 3670 ram
2084 3619 2431 3676 manducabis.
2462 3621 2690 3677 Draconi
2732 3624 2932 3679 dictum
2959 3638 3041 3682 est
3074 3644 3087 3681 :
3120 3628 3333 3685 Terram
3373 3650 3524 3688 man-

1932 3710 2139 3764 ducabis
2166 3715 2358 3767 cunctis
2384 3714 2558 3769 diebus
2593 3718 2706 3771 vita:
2734 3727 2852 3771 tum.
2881 3720 3089 3775 Audisti
3130 3724 3302 3779 cibum
3329 3727 3522 3783 draco-

1933 3800 2036 3856 nis.
2069 3802 2184 3857 Non
2214 3804 2294 3859 vis
2321 3815 2380 3859 ut
2419 3806 2509 3861 det
2554 3816 2606 3863 te
2636 3809 2777 3864 Deus
2805 3812 3231 3870 manducandum
3262 3818 3520 3886 draconi;

1934 3894 2042 3948 noli
2072 3908 2194 3950 esse
2220 3898 2369 3951 cibus
2396 3898 2645 3955 draconis
2664 3942 2680 3967 ,
2713 3901 2763 3956 id
2795 3913 2909 3969 est,
2943 3905 3050 3959 noli
3078 3908 3378 3978 relinquere
3405 3929 3523 3968 ver-

1935 3985 2061 4040 bum
2088 3987 2200 4041 Dei.
2234 3988 2333 4044 Ubi
2365 3991 2504 4044 euim
2531 3990 2730 4047 dictum
2757 4003 2841 4049 est
2861 3995 3113 4063 draconi,
3147 4000 3353 4056 Terram
3379 4022 3526 4059 man-

1936 4076 2182 4143 ducabis;
2214 4079 2281 4133 ibi
2305 4079 2413 4149 jam
2441 4081 2639 4138 dictum
2666 4094 2782 4140 erat
2819 4096 2875 4141 et
2900 4091 3295 4157 praevaricatori
3316 4136 3333 4163 ,
3363 4095 3526 4153 Terra

1936 4184 1990 4223 es
2009 4212 2024 4238 ,
2052 4179 2099 4224 et
2122 4170 2175 4225 in
2200 4182 2382 4227 terram
2410 4175 2503 4229 ibis
2530 4176 2684 4243 (Gen.
2715 4194 2805 4246 ιιι,
2839 4181 2938 4249 14,
2972 4183 3082 4253 19).
3112 4184 3272 4242 Cibus
3300 4203 3525 4261 serpen-

1938 4264 2007 4319 tis
2046 4280 2165 4321 esse
2192 4282 2296 4321 non
2323 4269 2441 4323 vis?
2467 4270 2573 4325 noli
2614 4286 2734 4328 esse
2771 4281 2935 4329 terra.
2964 4276 3277 4348 Quomodo,
3310 4283 3484 4355 inquis
3506 4329 3523 4355 ,

1940 4370 2044 4411 non
2088 4372 2182 4412 ero
2223 4360 2403 4414 terra?
2429 4362 2482 4414 Si
2529 4372 2736 4419 terrena
2764 4380 2871 4419 non
2900 4369 3094 4438 sapias.
3128 4372 3262 4427 Audi
3293 4375 3528 4445 Aposto-

1939 4448 2049 4502 lum
2069 4488 2086 4515 ,
2134 4460 2191 4504 ut
2217 4468 2325 4507 non
2350 4454 2424 4509 sis
2453 4465 2609 4511 terra.
2640 4456 2771 4511 Nam
2817 4474 3010 4529 corpus
3036 4463 3175 4531 quod
3202 4468 3344 4535 geris
3384 4479 3528 4528 terra

1939 4550 2055 4609 est,
2086 4543 2177 4599 sed
2206 4552 2258 4598 tu
2287 4545 2394 4599 noli
2422 4562 2541 4601 esse
2569 4557 2729 4603 terra.
2760 4552 2896 4618 Quid
2938 4564 3021 4608 est
3046 4555 3187 4612 hoc?
3214 4558 3277 4613 Si
3302 4576 3533 4617 resurre-

1938 4634 2084 4689 xistis
2103 4676 2118 4701 ,
2152 4636 2353 4707 inquit,
2382 4654 2495 4692 cum
2526 4638 2725 4697 Christo
2745 4684 2761 4710 ,
2790 4660 2905 4715 qute
2928 4663 3131 4702 sursum
3158 4662 3274 4706 sunt
3301 4657 3529 4724 quaerite,

1940 4726 2024 4779 ubi
2045 4726 2273 4782 Christus
2299 4738 2369 4783 est
2402 4731 2453 4783 in
2481 4732 2660 4786 dextra
2684 4734 2780 4789 Dei
2802 4736 3017 4806 sedens;
3042 4756 3156 4809 qua:
3178 4759 3377 4799 sursum
3414 4759 3533 4803 sunt

1940 4817 2120 4887 sapite,
2150 4835 2249 4871 non
2277 4835 2390 4888 qua:
2410 4837 2562 4890 super
2587 4831 2774 4877 terram
2792 4825 3011 4895 (Coloss.
3034 4845 3109 4896 ιιι,
3136 4832 3159 4885 1
3180 4844 3227 4885 et
3244 4833 3321 4904 2).
3345 4833 3401 4890 Si
3424 4852 3532 4893 non

1942 4908 2085 4977 sapis
2111 4917 2341 4975 terrena,
2373 4926 2476 4965 non
2503 4928 2562 4967 es
2593 4922 2762 4981 terra;
2783 4917 2825 4970 si
2852 4933 2958 4973 non
2984 4935 3044 4976 es
3067 4931 3226 4989 terra,
3258 4940 3360 4979 non
3381 4943 3535 4983 man-

1943 4999 2154 5055 ducaris
2182 5017 2213 5055 a
2244 5016 2492 5072 serpente
2511 5047 2525 5070 ,
2571 5007 2655 5061 cui
2700 5008 2851 5065 cibus
2878 5010 2999 5066 data
3028 5022 3111 5068 est
3154 5024 3312 5071 terra.
3340 5016 3533 5076 Cibum

1945 5105 2098 5146 suum
2142 5092 2233 5147 dat
2261 5093 2399 5150 Deus
2439 5099 2712 5167 serpenti,
2744 5102 2955 5171 quando
2997 5105 3142 5173 vult,
3184 5123 3341 5177 quem
3370 5111 3532 5168 vult:

1946 5183 2083 5240 bene
2111 5196 2290 5241 autem
2327 5187 2565 5258 judicat,
2598 5190 2707 5246 falli
2736 5210 2840 5249 non
2868 5206 3044 5266 potest
3063 5238 3079 5260 ,
3109 5214 3213 5253 non
3240 5201 3285 5255 ei
3314 5200 3404 5257 dat
3433 5220 3535 5259 au-

1947 5291 2067 5330 rum
2099 5292 2195 5347 pro
2218 5287 2377 5333 terra.
2412 5280 2595 5336 Omnia
2622 5301 2654 5337 a
2685 5294 2731 5338 te
2760 5296 3069 5356 exspectant,
3098 5287 3335 5358 Domine,
3366 5304 3420 5348 ut
3448 5296 3531 5355 ἀι(

1947 5365 2053 5421 illis
2082 5367 2247 5422 cibum
2273 5370 2327 5422 in
2354 5380 2575 5441 tempore
2603 5383 2907 5443 opportuno.
2939 5373 3067 5431 Cum
3092 5378 3291 5435 dederis
3318 5384 3411 5451 eis,
3432 5386 3539 5441 cols

1950 5458 2124 5529 ligant.
2146 5462 2283 5516 Ante
2300 5462 2418 5539 illos
2432 5474 2584 5529 sunt;
2603 5463 2696 5519 sed
2712 5479 2816 5518 non
2836 5466 3105 5538 colligent,
3124 5470 3229 5526 nisi
3246 5488 3365 5529 cum
3383 5476 3543 5534 dede-

1951 5550 2045 5605 ris.
2066 5552 2201 5607 Ante
2229 5552 2498 5609 diabolum
2525 5554 2625 5609 Job
2650 5564 2796 5621 erat;
2816 5564 2874 5611 et
2895 5559 3109 5628 quidem
3140 5579 3246 5621 non
3263 5566 3543 5627 devoravit

1951 5639 2074 5710 Job,
2087 5643 2181 5698 sed
2195 5645 2276 5699 vel
2294 5654 2496 5702 tentare
2511 5660 2615 5701 non
2632 5662 2793 5703 ausus
2809 5658 2912 5718 est,
2927 5652 3029 5708 nisi
3043 5669 3164 5711 cum
3184 5658 3270 5715 ille
3281 5659 3539 5720 dedisset.

2019 5840 2041 5874 ⁸
2069 5844 2172 5889 Am.
2200 5844 2253 5889 et
2271 5844 2399 5901 Itss.,
2422 5837 2635 5906 btﬁrma.

2759 5956 3439 6046 (Quarante—quatrc.)
