4056 6478
311 363 458 442 1389

310 485 520 541 Montes
547 483 760 554 superbi
791 491 942 540 erant
959 524 974 551 ,
996 483 1266 556 iactabant
1290 495 1348 540 se
1366 524 1380 550 ,
1407 497 1514 538 non
1541 495 1634 536 eos
1660 478 1903 549 tetigerat

307 577 456 634 Deus
483 597 498 633 ε
529 579 697 652 tangit
734 577 884 645 illos,
917 585 973 633 et
999 577 1346 650 fumigabnnt.
1373 576 1510 646 Quid
1535 585 1618 648 est
1645 575 1904 646 fumigare

307 674 571 728 montes?
601 673 822 728 Precem
849 671 1076 726 Domino
1105 671 1352 728 reddere.
1381 671 1520 726 Ecce
1549 669 1724 741 magni
1753 683 1905 724 mon~

305 775 390 832 tes
413 811 430 836 ,
459 767 676 838 superbi
701 809 715 833 ,
740 774 949 821 montes
975 763 1217 838 ingentes
1240 808 1256 834 ,
1283 779 1390 821 non
1411 763 1668 835 rogabant
1693 764 1899 820 Deum:
1939 788 1941 790 -

304 875 367 916 se
391 859 570 932 rogari
597 859 886 928 volebant,
916 869 970 916 et
990 859 1318 928 superiorem
1341 871 1448 913 non
1471 857 1744 928 rogabant.
1773 855 1905 922 Quis

303 953 450 1008 enim
491 961 716 1026 potens,
759 961 814 1008 et
851 952 1083 1007 tumidus
1107 995 1121 1019 ,
1163 959 1216 1006 et
1243 951 1502 1022 superbus
1529 951 1580 1005 in
1609 957 1747 1005 terra
1771 991 1784 1017 ,
1815 947 1904 1020 qui

305 1047 557 1118 dignetur
599 1043 869 1100 humiliter
905 1059 1094 1115 rogare
1135 1043 1342 1099 Deum?
1373 1041 1448 1099 De
1477 1043 1651 1114 impiis
1680 1043 1900 1112 loquor,

303 1154 414 1192 non
442 1137 512 1193 de
538 1137 711 1192 cedris
741 1137 924 1192 Libani
953 1151 1085 1206 quas
1111 1137 1368 1208 plantavit
1395 1137 1672 1191 Dominus.
1701 1135 1902 1206 Impius

303 1230 564 1298 quilibet,
609 1227 790 1284 infelix
828 1228 1002 1282 anima
1025 1271 1039 1296 ,
1071 1243 1258 1298 rogare
1291 1227 1455 1284 Deum
1481 1229 1683 1294 nescit,
1709 1237 1762 1283 et
1793 1225 1906 1283 vult

305 1339 367 1378 se
399 1321 574 1392 rogari
601 1319 667 1376 ab
695 1319 1022 1375 hominibus.
1049 1321 1199 1376 Mons
1220 1329 1303 1377 est
1327 1363 1340 1388 ,
1371 1333 1504 1392 opus
1531 1329 1614 1377 est
1637 1329 1696 1376 ut
1721 1327 1905 1392 tangat

307 1414 454 1469 tllnm
499 1414 674 1482 Deus,
719 1419 773 1468 et
810 1410 1032 1482 fumiget
1071 1427 1084 1465 :
1124 1411 1336 1483 quando
1358 1413 1580 1482 coeperit
1605 1413 1860 1483 fumigare
1884 1453 1900 1480 ,

305 1507 454 1564 dabit
477 1507 586 1562 Deo
607 1521 816 1576 precem
842 1548 857 1573 ,
887 1513 1134 1577 tanquam
1156 1505 1472 1563 sacrificium
1497 1507 1692 1563 cordis.
1723 1505 1905 1562 Fumi-

305 1611 394 1676 gat
427 1601 495 1657 ad
527 1601 696 1657 Deum
721 1641 736 1666 ,
767 1595 961 1655 deinde
991 1599 1162 1655 tundit
1187 1607 1371 1670 pectus
1403 1617 1416 1654 :
1445 1599 1628 1671 incipit
1655 1609 1708 1656 et
1735 1599 1900 1668 ﬂere,

305 1693 430 1766 quia
461 1701 517 1748 et
544 1691 719 1747 fumus
744 1689 945 1746 excutit
967 1690 1250 1764 lacrymas.
1280 1691 1379 1758 Qui
1406 1693 1564 1764 tangit
1589 1699 1780 1746 montes
1804 1733 1819 1760 ,
1851 1699 1897 1746 et

303 1789 644 1866 [umigabunt.

379 1881 462 1936 I7.
492 1881 643 1955 [vers.
801 1879 1022 1940 Cantabo
1041 1877 1259 1936 Domino
1283 1877 1334 1934 in
1354 1877 1457 1932 vita
1471 1891 1600 1932 mea.
1627 1875 1764 1945 Quid
1785 1887 1903 1930 can-

305 1971 460 2030 tabit?
477 1973 669 2040 Totum
687 1971 939 2048 quidquid
956 1975 1089 2042 est’,
1108 1971 1359 2028 cantabit.
1375 1971 1662 2028 Cantemus
1677 1969 1903 2024 Domino

310 2053 366 2124 in
395 2069 498 2124 vita
515 2079 717 2126 nostra.
737 2069 858 2126 Vita
901 2077 1080 2126 nostra
1114 2067 1274 2124 modo
1297 2081 1419 2140 spes
1449 2066 1686 2132 est;vita
1719 2071 1902 2120 nostra

307 2171 491 2236 postea
521 2163 791 2218 aeternitas
817 2161 917 2218 erit
942 2164 1078 2224 :vita
1104 2161 1228 2218 vita:
1254 2160 1516 2228 mortalis,
1535 2173 1656 2231 spes
1682 2167 1764 2214 est
1781 2157 1902 2213 vita:

303 2239 643 2310 immortalis.
673 2255 899 2312 Catttabo
925 2253 1143 2310 Domino
1169 2255 1222 2308 in
1250 2254 1349 2308 vita
1370 2269 1516 2318 mea;
1543 2251 1762 2324 psallam
1791 2249 1901 2306 Deo

305 2363 412 2400 meo
437 2389 452 2414 ,
497 2347 741 2416 quamdiu
782 2363 912 2402 sum.
957 2347 1218 2414 Quoniam
1257 2343 1312 2402 in
1348 2345 1439 2400 illo
1465 2343 1580 2400 sine
1606 2343 1710 2400 line
1739 2357 1858 2400 sum
1879 2386 1896 2412 ,

304 2437 554 2510 quamdiu
579 2453 696 2494 sum
717 2481 730 2506 ,
761 2439 978 2510 psallam
1013 2439 1122 2495 Deo
1149 2453 1289 2493 meo.
1317 2435 1396 2492 Ne
1417 2433 1554 2492 forte
1573 2449 1694 2491 cum
1716 2449 1900 2512 cmpe-

303 2529 470 2586 rimus
513 2529 743 2604 psallere
783 2529 894 2586 Deo
930 2527 982 2586 in
1014 2529 1100 2586 illa
1129 2529 1341 2586 civitate
1360 2571 1376 2598 ,
1402 2538 1648 2600 putemus
1672 2541 1771 2584 nos
1798 2527 1900 2612 ali-

303 2621 427 2692 quid
458 2619 603 2676 aliud
635 2629 847 2680 acturos
875 2641 888 2676 :
917 2631 1026 2677 tota
1057 2622 1162 2677 vita
1187 2627 1368 2677 nostra
1389 2621 1491 2676 erit
1517 2619 1742 2692 psallere
1765 2619 1895 2676 Deo.

304 2711 356 2769 Si
401 2714 584 2770 veniet
625 2713 676 2769 in
713 2713 980 2770 fastidium
1009 2714 1150 2786 quod
1173 2713 1452 2769 laudamus
1472 2754 1486 2778 ,
1513 2722 1692 2784 potest
1713 2713 1899 2769 venire

303 2805 353 2860 in
385 2807 652 2864 fastidium
676 2817 730 2868 et
751 2815 930 2866 nostra
957 2807 1211 2864 laudatio.
1241 2807 1296 2862 Si
1327 2821 1537 2878 semper
1557 2805 1646 2862 ille
1664 2811 1893 2872 amatur,

301 2913 516 2970 semper
543 2913 572 2954 a
597 2899 750 2964 nobis
775 2897 1023 2964 laudatur
1055 2919 1068 2957 :
1101 2897 1332 2958 Psallam
1360 2895 1466 2954 Deo
1489 2915 1596 2954 meo
1615 2941 1630 2968 ,
1653 2895 1896 2970 quamdiu

299 3007 428 3046 sum.

371 3083 456 3139 I8.
500 3083 652 3158 [vers.
683 3081 798 3158 δι]
827 3081 1012 3140 Suavis
1036 3083 1098 3140 sit
1127 3081 1172 3138 ei
1200 3083 1475 3155 disputatio
1503 3095 1614 3137 mea
1641 3093 1660 3137 .‘
1685 3097 1775 3154 ego
1803 3097 1897 3137 att-

301 3187 394 3231 tem
436 3179 763 3250 jucundabor
804 3179 858 3248 in
900 3177 1141 3234 Domino.
1190 3175 1375 3234 Suavis
1424 3177 1488 3233 sit
1536 3179 1580 3233 ei
1621 3175 1896 3250 disputatio

300 3290 405 3326 utea
437 3290 454 3326 :
485 3289 604 3344 qua:
633 3286 710 3328 est
742 3273 1027 3344 disputatio
1055 3269 1287 3330 hominis
1308 3269 1378 3327 ad
1409 3271 1576 3332 Dcum
1597 3315 1611 3340 ,
1635 3271 1735 3326 nisi
1763 3285 1895 3327 con-

299 3365 457 3420 fessio
499 3367 874 3442 peccatorum?
898 3363 1168 3422 Conﬁtere
1201 3365 1308 3422 Deo
1335 3363 1475 3438 quod
1503 3379 1561 3420 cs
1581 3407 1595 3432 ,
1627 3371 1680 3420 et
1709 3363 1894 3434 dispu-

300 3459 418 3512 tasti
457 3475 577 3514 cum
625 3457 736 3530 illo.
774 3459 994 3534 Disputa
1032 3474 1154 3514 cum
1184 3459 1275 3515 illo
1299 3501 1313 3528 ,
1344 3457 1425 3514 fac
1449 3455 1588 3515 bona
1617 3473 1776 3530 opera
1798 3501 1812 3524 ,
1841 3465 1897 3514 et

297 3549 526 3620 disputa.
575 3571 594 3604 ι
637 3551 948 3624 Lavamini,
989 3551 1170 3608 mundi
1213 3561 1416 3619 estote,
1462 3572 1482 3606 t
1527 3551 1688 3608 Isaias
1728 3551 1891 3621 dicit,

302 3659 320 3693 t
380 3641 586 3698 auferte
632 3643 898 3715 nequitias
940 3643 1008 3702 ab
1051 3645 1242 3700 animis
1280 3645 1502 3712 vestris,
1542 3661 1570 3699 a
1607 3655 1893 3716 conspectu

295 3733 570 3788 oculorum
611 3751 892 3804 meorum;
933 3745 1138 3796 cessate
1179 3752 1210 3792 a
1253 3738 1501 3809 nequitiis
1538 3739 1729 3794 vestris
1757 3779 1772 3806 ,
1813 3737 1892 3793 di-

297 3827 428 3882 scite
473 3825 822 3898 benefacere,
866 3827 1098 3900 judicate
1141 3827 1385 3910 pupillo,
1425 3839 1478 3886 et
1503 3829 1789 3902 justificate
1815 3831 1895 3886 vi-

295 3919 476 3988 duam,
527 3929 581 3976 et
619 3919 816 3988 venite,
855 3921 1208 3996 disputemus,
1240 3921 1367 3976 dicit
1394 3921 1650 3978 Dominus
1683 3941 1702 3976 ι
1736 3921 1889 3986 (Isai.

292 4023 344 4078 t,
385 4009 586 4086 iii-i8).
635 4011 767 4080 Quid
796 4021 878 4068 est
901 4009 1172 4082 disputare
1198 4029 1318 4068 cum
1346 4009 1492 4076 Deo?
1519 4011 1592 4068 Te
1617 4011 1690 4067 illi
1719 4011 1890 4070 indica

293 4099 513 4168 scienti,
548 4112 604 4158 ut
633 4099 828 4158 indicet
854 4117 912 4159 se
939 4103 1031 4159 tibi
1054 4103 1330 4166 nescienti.
1359 4104 1541 4159 Suavis
1562 4105 1626 4160 sit
1653 4104 1697 4159 ei
1717 4103 1894 4176 dispu-

294 4193 416 4256 tatio
463 4209 593 4248 mea.
641 4191 776 4248 Ecce
823 4191 924 4249 hoc
963 4201 1046 4249 est
1087 4191 1312 4250 Domino
1356 4209 1559 4263 suave,
1603 4195 1890 4266 diSputatio

295 4287 378 4348 tua
406 4299 420 4345 ;
459 4281 774 4338 sacrificium
804 4283 1115 4340 humilitatis
1143 4293 1245 4340 tua:
1265 4328 1278 4352 ,
1309 4285 1683 4342 contribulatio
1712 4285 1890 4344 cordis

293 4375 364 4429 tui
385 4418 399 4442 ,
447 4373 815 4432 holocaustum
859 4379 978 4434 vitae
1019 4387 1121 4434 tuae
1146 4423 1158 4447 ,
1190 4379 1291 4434 hoc
1317 4387 1396 4435 est
1428 4395 1588 4436 suave
1614 4379 1742 4435 Deo.
1769 4377 1888 4436 Tibi

290 4477 467 4523 autem
508 4471 634 4540 quid
679 4479 763 4526 est
792 4473 998 4528 suave?
1029 4471 1138 4546 Ego
1167 4483 1332 4527 autent
1351 4473 1675 4548 jucundabor
1701 4475 1752 4528 in
1782 4471 1890 4530 Βοσ-

287 4561 442 4614 mino.
493 4561 610 4632 Ipsa
640 4574 720 4618 est
748 4575 928 4620 mutua
962 4563 1246 4638 disputatio
1272 4581 1428 4638 quam
1456 4565 1562 4621 dixi
1591 4584 1603 4619 :
1633 4565 1803 4622 indica
1836 4569 1891 4624 te

287 4654 332 4708 ei
383 4653 610 4720 scienti,
657 4663 711 4710 et
760 4655 932 4710 indica
975 4669 1034 4712 se
1077 4655 1169 4712 tibi
1208 4641 1483 4712 nescienti.
1514 4655 1701 4712 Suavis
1727 4665 1810 4713 est
1837 4657 1886 4714 ei

285 4745 553 4808 Confessio
601 4757 686 4802 tua
713 4790 726 4814 ,
775 4749 952 4803 suavis
995 4759 1076 4804 est
1118 4751 1207 4806 tibi
1250 4751 1416 4820 gratia
1446 4751 1632 4821 ipsius.
1662 4751 1799 4808 Dixit
1827 4767 1886 4810 se

286 4839 396 4892 tibi.
427 4839 580 4904 Unde
610 4857 668 4895 se
697 4841 788 4904 tibi
819 4841 990 4897 dixit?
1021 4839 1121 4898 I’er
1147 4843 1398 4898 Verbum.
1431 4845 1580 4913 Quod
1609 4843 1885 4903 Verbum?

283 4929 576 4986 Clu-istum.
625 4929 695 5000 Et
735 4931 826 4990 tibi
868 4933 1029 5006 dixit,
1059 4945 1109 4991 et
1139 4953 1194 4991 se
1220 4937 1369 4992 dixit.
1402 4939 1532 5008 Quia
1567 4941 1708 4996 misit
1731 4941 1884 5007 Chri-

282 5031 420 5076 stum
458 5065 472 5090 ,
525 5025 760 5096 scipsum
813 5027 964 5082 dixit.
1017 5025 1090 5084 Ita
1139 5029 1336 5104 plane,
1392 5030 1668 5088 audiamus
1708 5033 1880 5104 ipsum

287 5114 514 5168 Verbum
551 5136 562 5171 :
600 5117 699 5186 Qui
726 5135 805 5174 me
828 5119 952 5173 vidit
975 5161 988 5184 ,
1022 5119 1144 5174 vidit
1165 5103 1209 5175 et
1231 5119 1440 5178 Patrem
1463 5119 1640 5194 (Joan.
1668 5103 1774 5196 m,
1797 5127 1874 5200 9).

281 5205 389 5278 Ego
415 5219 586 5268 autent
604 5209 932 5280 jucundabor
957 5211 1009 5268 in
1035 5211 1275 5270 Domino.

351 5298 437 5353 I9.
493 5297 644 5374 [vers.
683 5299 798 5376 35.]
845 5301 1100 5374 Deﬁciunt
1128 5315 1412 5378 peccatores
1436 5325 1468 5362 a
1496 5315 1649 5364 terra.
1677 5307 1878 5368 Saevire

280 5389 505 5446 videtur.
551 5391 596 5447 Ο
644 5379 826 5450 sancta
875 5397 1088 5466 anima,
1132 5415 1250 5469 quae
1281 5399 1367 5456 hic
1391 5409 1568 5458 cantat
1593 5413 1645 5458 et
1671 5403 1872 5476 gemit!

277 5477 493 5536 Utinam
522 5497 642 5538 cum
672 5483 786 5558 ipsa
811 5487 986 5542 anima
1008 5489 1077 5542 sit
1102 5489 1278 5546 anima
1305 5499 1482 5548 nostra
1508 5491 1522 5549 ι
1551 5495 1752 5550 utinam
1780 5509 1874 5551 co-

277 5565 489 5646 puletur
531 5575 618 5642 ei,
661 5585 716 5634 et
753 5579 1024 5648 societur,
1066 5589 1121 5636 et
1158 5585 1510 5656 conjungatur
1551 5587 1632 5644 ei!
1675 5587 1874 5646 videbit

275 5665 432 5720 etiam
462 5667 881 5725 misericordiam
912 5673 1198 5729 saevientis.
1231 5673 1359 5744 Quis
1388 5679 1530 5734 enim
1558 5681 1697 5752 capit
1724 5683 1829 5739 'ltoc
1852 5724 1868 5751 ,

279 5755 378 5816 nisi
407 5757 497 5828 qui
525 5757 774 5830 impletus
803 5761 961 5818 fuerit
987 5764 1288 5821 cbarilate?
1314 5767 1565 5840 Deﬁciunt
1587 5785 1871 5846 peccatores

349 5873 367 5903 ³
395 5878 503 5924 tias.
527 5875 774 5941 omittunt,
796 5883 889 5944 est;
912 5881 1050 5947 cujus
1071 5879 1176 5934 loco
1195 5883 1324 5936 Colb.
1353 5892 1433 5938 Ms.
1458 5888 1623 5960 habet,
1645 5894 1769 5947 vivit.

1457 357 1852 422 ENARRATIO
1888 355 1956 414 IN
1995 359 2320 426 PSALMUM
2359 371 2492 428 CIV.

2006 493 2038 532 a
2062 487 2214 538 terra.
2241 484 2636 556 Contremiscis,
2667 489 2788 561 quia
2818 491 3102 551 maledicit.
3127 497 3194 556 Et
3221 499 3339 570 quis
3367 503 3596 562 maledi-

2004 571 2117 627 cit?
2151 573 2401 634 Sanctus.
2439 579 2568 637 Sine
2607 581 2769 640 dubio
2805 587 3106 652 exauditur.
3147 591 3252 650 Sed
3279 593 3481 652 dictum
3511 607 3594 658 est

2003 667 2204 766 sanctis
2225 687 2240 724 :
2259 669 2561 740 Benedieite,
2583 684 2632 732 et
2649 677 2802 738 nolite
2817 679 3116 742 maledicere
3141 682 3317 758 (Rom.
3341 703 3442 758 ιιι,
3472 689 3589 766 li).

2005 759 2142 826 Quid
2161 773 2244 818 est
2269 779 2398 836 ergo
2423 768 2566 838 quod
2589 767 2736 836 dicit,
2769 770 3024 842 Deﬁciunt
3051 789 3338 847 peccatores
3353 797 3390 836 α
3405 759 3589 848 εστ-α)

2005 853 2170 911 Plane
2197 855 2482 926 deﬁciant;
2520 860 2796 920 auferatur
2837 865 3059 936 spiritus
3103 885 3317 940 eorum,
3345 881 3406 930 et
3451 874 3590 932 deli-

2003 945 2167 1015 ciant,
2199 957 2257 1002 ut
2279 950 2488 1006 emittat
2511 953 2755 1022 spirittun
2781 971 2958 1027 suum,
2985 968 3044 1016 et
3069 965 3592 1036 recusatum-Deli-

2003 1041 2140 1096 eiant
2165 1052 2450 1114 peccatores
2473 1063 2506 1100 a
2529 1055 2688 1114 terra,
2719 1059 2766 1106 et
2791 1051 2971 1124 iniqui,
3001 1055 3074 1110 ita
3101 1065 3158 1112 ιιι
3181 1073 3286 1114 non
3307 1059 3427 1116 sint.
3447 1060 3590 1130 Quid

2005 1145 2113 1187 non
2155 1134 2280 1201 sint,
2341 1138 2444 1192 nisi
2493 1139 2698 1211 iniqui?
2745 1142 2890 1215 Ergo
2937 1145 3318 1220 iustiﬁcentur,
3369 1159 3430 1210 ut
3479 1167 3588 1208 non

2005 1225 2113 1280 sint
2141 1227 2330 1298 iniqui.
2364 1229 2504 1286 Vidit
2529 1231 2650 1298 hoc,
2677 1243 2734 1290 et
2773 1235 3028 1305 impletus
3049 1247 3136 1296 est
3175 1241 3396 1312 gaudio,
3425 1253 3480 1300 et
3501 1259 3592 1302 re-

2005 1328 2162 1375 vocat
2189 1337 2401 1378 versum
2441 1326 2671 1394 primum
2713 1330 2901 1398 psalmi
2929 1347 2944 1386 ε
2973 1330 3214 1404 Benedic,
3243 1338 3419 1396 animo
3456 1355 3592 1408 mea,

2007 1409 2301 1468 Dominum.
2327 1414 2616 1472 Benedicat
2639 1419 2818 1478 anima
2847 1431 3028 1480 nostra
3053 1425 3354 1498 Dominum,
3369 1431 3589 1502 fratres,

2003 1503 2126 1572 quia
2157 1503 2288 1560 dare
2331 1505 2581 1578 dignatus
2621 1521 2706 1568 est
2747 1521 2804 1568 et
2843 1513 3150 1574 facultatem
3187 1529 3246 1578 et
3285 1537 3592 1582 sermonem

2003 1597 2184 1664 nobis,
2203 1609 2261 1654 et
2289 1601 2443 1658 vobis
2469 1602 2824 1662 intentionem
2847 1619 2904 1666 et
2929 1611 3186 1670 studium.
3215 1615 3594 1690 Unusquisque

2001 1695 2064 1743 ut
2089 1693 2266 1758 potest
2295 1694 2610 1752 recordetur
2633 1699 2776 1769 quod
2800 1701 3033 1770 audivit;
3063 1705 3420 1766 collocatione
3449 1711 3589 1767 invi-

2001 1793 2124 1836 cem
2163 1791 2370 1840 ructata
2413 1787 2652 1858 saginam
2691 1801 2949 1860 vestram,
2977 1796 3244 1855 ruminate
3265 1801 3410 1870 quod
3433 1817 3593 1859 acce-

2005 1872 2178 1942 pistis,
2207 1891 2314 1932 non
2339 1887 2428 1934 eat
2455 1881 2512 1936 in
2549 1883 2756 1940 viscera
2783 1885 3072 1946 oblivionis
3109 1899 3324 1948 vestras.
3358 1894 3599 1954 Thesau-

2003 1977 2098 2060 rus
2119 1965 2491 2030 desiderabilis
2536 1978 2833 2047 requiescat
2861 1980 2916 2036 in
2933 1995 3029 2038 ore
3053 1991 3234 2042 vestro
3259 1987 3440 2060 (Prov.
3471 2005 3591 2060 χιι,

1999 2053 2122 2154 φρ).
2170 2060 2362 2134 Magno
2410 2065 2594 2125 labore
2619 2071 2845 2140 quaesita
2871 2081 2929 2130 et
2957 2075 3170 2133 inventa
3213 2053 3358 2146 sunt,
3399 2053 3595 2154 magno

2001 2147 2188 2208 labore
2224 2157 2466 2215 nuntiata
2501 2169 2558 2216 et
2579 2161 2846 2234 disputata
2895 2175 3054 2236 sunt;
3111 2171 3182 2226 sit
3207 2172 3362 2228 labor
3407 2147 3597 2232 noster

2003 2239 2308 2302 fructuosus
2355 2250 2531 2320 vobis,
2579 2261 2638 2309 et
2687 2255 2972 2315 benedicat
3013 2261 3192 2318 anima
3249 2275 3434 2322 nostra
3481 2267 3596 2323 Do-

2003 2335 2232 2394 minuat.

2450 2555 2534 2620 IN
2571 2557 2954 2628 PSALMUM
2993 2565 3126 2628 CIV

2571 2686 2988 2750 εΝΑιιιιΑΤιυ.

2071 2799 2125 2855 ί.
2165 2799 2328 2874 [νινε.
2357 2801 2438 2876 1.]
2479 2803 2722 2860 Psalmus
2757 2807 3084 2869 centesimus
3112 2817 3355 2880 quartus,
3385 2811 3590 2886 primus

1999 2899 2082 2946 est
2105 2891 2158 2948 in
2185 2893 2262 2948 eis
2281 2893 2476 2963 quibus
2505 2905 2834 2964 praenotatur
2853 2897 3096 2954 Alleluia.
3126 2897 3288 2971 Cujus
3315 2903 3486 2968 verbi,
3504 2903 3590 2960 vel

1999 2983 2176 3056 potius
2206 2985 2430 3041 duorum
2468 2989 2774 3055 verborum,
2805 2989 3176 3061 interpretatio
3209 3003 3313 3058 est,
3343 2994 3584 3050 Laudato

1997 3075 2188 3133 Deum.
2237 3079 2304 3134 Et
2345 3081 2466 3137 ideo
2511 3083 2633 3138 inde
2661 3084 2860 3154 coepit:
2893 3083 3216 3154 Conﬁtentini
3251 3085 3496 3154 Domino,
3531 3095 3584 3144 st

1995 3169 2220 3226 invocare
2243 3187 2424 3228 nomen
2467 3176 2595 3246 ejus.
2643 3175 2700 3230 In
2731 3175 2888 3232 laude
2924 3176 3068 3232 enim
3112 3177 3454 3250 intelligenda
3495 3189 3582 3238 ert

1997 3261 2097 3318 ista
2127 3263 2414 3332 confessio,
2444 3266 2580 3322 sicut
2605 3275 2706 3334 est,
2741 3267 2996 3338 Conﬁteor
3019 3270 3127 3336 tibi,
3159 3270 3337 3338 Pater,
3361 3271 3578 3329 Domine

1997 3353 2109 3410 caeli
2137 3364 2184 3410 et
2225 3365 2373 3412 terrm
2415 3356 2628 3432 (Matth.
2659 3360 2870 3433 v.25).
2899 3363 3179 3420 Praemisso
3225 3366 3369 3426 enim
3399 3368 3583 3437 lauds,

1999 3448 2263 3504 invocatio
2295 3453 2443 3522 sequi
2469 3453 2626 3522 solet,
2657 3455 2745 3510 ubi
2767 3455 3032 3513 desideria
3053 3469 3303 3530 precator
3327 3463 3582 3534 alligati:

1995 3543 2135 3604 unde
2163 3553 2218 3600 et
2263 3545 2376 3617 ipsa
2407 3548 2578 3602 oratio
2621 3548 2885 3605 dominica
2917 3551 3078 3608 habet
3101 3569 3132 3608 a
3157 3556 3332 3626 capite
3375 3557 3583 3614 brevis.-

1995 3635 2186 3690 simam
2213 3637 2442 3703 laudem,
2471 3639 2613 3709 quod
2643 3649 2743 3710 est,
2784 3641 2935 3698 Pater
2961 3653 3133 3701 noster
3161 3649 3246 3718 qui
3275 3667 3326 3703 es
3351 3637 3418 3705 ἰη
3443 3651 3583 3707 stolis

1995 3725 2109 3796 (Id.
2139 3741 2212 3794 v1,
2259 3729 2338 3800 9).
2387 3729 2539 3787 Tunc
2582 3749 2701 3804 quas
2741 3743 3025 3804 petuntur,
3077 3739 3332 3812 deinceps
3385 3757 3584 3801 conse-

1995 3831 2248 3892 quuntur.
2277 3822 2430 3879 Unde
2456 3833 2508 3879 et
2533 3825 2660 3880 alibi
2698 3827 2752 3881 in
2799 3829 3008 3898 psalmo
3031 3831 3228 3889 dicitur
3255 3851 3268 3887 :
3305 3835 3583 3905 Conﬁtebi-

1993 3923 2110 3966 ntur
2149 3913 2255 3980 tibi,
2298 3913 2456 3982 Deus,
2509 3917 2878 3986 conﬁtebimur,
2923 3929 2974 3976 et
3017 3923 3356 3983 invocabimus
3399 3945 3582 3986 nomen

1993 4014 2132 4060 tuum
2157 4003 2327 4077 (Psal.
2361 4021 2545 4075 Lxxtv,
2567 4008 2646 4082 2).
2673 4009 2826 4077 Quod
2859 4011 2984 4069 alibi
3025 4023 3108 4070 est
3154 4017 3396 4087 planius:
3434 4019 3579 4076 Lau-

1991 4094 2120 4150 dans
2147 4096 2387 4152 lnvocabo
2425 4097 2717 4165 Dominum,
2767 4111 2816 4156 et
2871 4103 2936 4157 ab
2983 4104 3200 4161 inimicis
3239 4109 3364 4164 meis
3411 4111 3580 4166 salvus

1993 4201 2078 4242 ero
2113 4187 2283 4259 (Ptol.
2337 4190 2598 4262 “11.4):
2630 4191 2701 4247 ita
2746 4201 2802 4248 et
2841 4193 2946 4262 hic,
2985 4195 3336 4266 Conﬁtemini,
3383 4201 3576 4272 inquit,

1992 4277 2234 4348 Domino,
2269 4291 2318 4335 et
2343 4282 2569 4338 invocate
2594 4299 2774 4339 nomen
2812 4286 2960 4357 ejus;
3005 4287 3150 4358 quod
3181 4290 3286 4345 talo
3311 4298 3416 4358 est,
3443 4305 3508 4348 c
3533 4273 3602 4348 si.

1991 4365 2214 4436 diost-et,
2241 4371 2480 4428 Laudate
2522 4375 2828 4444 Dominum,
2857 4385 2912 4434 et
2939 4379 3187 4436 invocato
3215 4397 3412 4438 nomen
3437 4385 3575 4455 ejus.

1991 4461 2222 4520 Exaudit
2245 4467 2443 4536 quippe
2469 4466 2827 4538 invocantem,
2869 4485 3029 4543 quem
3056 4473 3361 4534 laudantem
3391 4477 3574 4534 videt:

1991 4553 2292 4611 laudantem
2320 4557 2485 4626 videt,
2517 4575 2676 4631 quem
2707 4561 2897 4632 probat
2940 4575 3227 4622 amantem.
3275 4569 3342 4624 Et
3388 4569 3442 4626 in
3469 4587 3579 4642 quo

1991 4648 2154 4704 voluit
2191 4647 2448 4704 Dominus
2475 4647 2600 4706 boni
2639 4652 2780 4707 servi
2807 4661 3046 4711 amarem
3087 4658 3228 4713 circa
3257 4673 3317 4715 se
3365 4663 3576 4718 ostendi

1989 4740 2236 4807 maxime,
2267 4741 2370 4795 nisi
2413 4741 2468 4798 in
2513 4757 2580 4798 eo
2626 4743 2768 4814 quod
2811 4743 2888 4800 illi
2929 4747 3024 4814 ait,
3067 4748 3233 4812 Pasce
3277 4767 3392 4806 oves
3437 4771 3576 4810 utras

1987 4831 2164 4900 (Joan.
2209 4847 2322 4899 ut,
2365 4833 2497 4904 ΠΗ
2535 4833 2688 4890 Unde
2727 4843 2782 4890 et
2829 4836 2920 4891 hic
2963 4839 3220 4909 sequitur,
3262 4843 3577 4901 Annuntiate

1983 4920 2114 4974 inter
2149 4931 2322 4992 gentes
2355 4937 2512 4991 opera
2549 4925 2702 4996 ejus;
2741 4927 2828 4983 vel
2875 4930 3076 4998 potius,
3110 4941 3170 4988 ut
3195 4933 3266 4988 de
3301 4949 3480 5004 graeco
3509 4939 3575 4992 ad

1983 5013 2206 5070 verbum
2237 5018 2590 5087 exprimatur,
2613 5020 2758 5090 quod
2787 5029 2842 5076 et
2887 5023 2976 5078 alii
3024 5024 3173 5080 latini
3219 5027 3432 5086 codices
3474 5031 3573 5088 Ita-

1983 5107 2130 5174 bent,
2155 5107 2541 5182 Evangelisate'
2570 5113 2626 5168 in
2653 5117 2881 5186 gentibus
2903 5133 3058 5190 opera
3079 5120 3212 5191 ejus.
3237 5119 3441 5190 Quibus
3471 5124 3574 5181 hoc

1981 5200 2193 5268 dicitur,
2227 5203 2326 5258 nisi
2359 5204 2714 5276 Evngelistis
2743 5207 2796 5262 in
2829 5209 3152 5280 prophetia?

2049 5293 2104 5348 2.
2147 5293 2306 5368 [vers.
2334 5297 2389 5365 Ω,
2418 5297 2500 5372 5.]
2539 5300 2750 5356 Cantate
2788 5301 2855 5370 ei,
2887 5311 2936 5357 et
2979 5301 3180 5374 psallite
3207 5307 3271 5360 ei.
3309 5307 3486 5364 Verbo
3511 5321 3568 5366 et

1978 5389 2415 5456 operclaudate:
2446 5407 2540 5448 ore
2565 5394 2762 5464 quippe
2781 5404 3054 5464 cantatur;
3085 5399 3340 5468 psalterio
3360 5413 3564 5474 autem,

1979 5479 2082 5535 hoc
2121 5490 2204 5538 est
2229 5485 2496 5550 manibus,
2527 5486 2788 5556 psallitur.
2831 5485 3060 5544 Narrate
3104 5494 3278 5549 omnia
3311 5497 3570 5552 mirabilia

1975 5574 2086 5646 ejus
2105 5591 2124 5628 :
2148 5574 2432 5632 luudaminl
2459 5577 2510 5632 in
2547 5581 2750 5634 nomine
2769 5589 2946 5636 sancto
2965 5583 3093 5654 ejus.
3118 5584 3350 5644 Possunt
3377 5589 3433 5644 bl
3455 5589 3565 5646 duo

1975 5679 2164 5724 versus
2187 5687 2252 5726 ex
2289 5671 2499 5727 duobus
2527 5673 2702 5728 verbis
2747 5675 3114 5746 superioribus
3136 5679 3268 5737 dlctl
3310 5697 3416 5742 non
3469 5683 3565 5740 ab-

2039 5831 2057 5906 ξ
2081 5836 2156 5906 ξι».
2181 5837 2379 5906 tremet
2399 5838 2529 5906 Lov.,
2551 5837 2848 5906 praecelerant
2876 5837 3096 5906 alliam.
3189 5847 3250 5898 Ι.

2035 5897 2058 5928 θ
2081 5903 2259 5947 omnes
2281 5901 2408 5959 Mss,
2435 5893 2736 5949 Annumlate.
