4090 6478
483 470 615 535 1391

483 597 645 654 surde
671 589 839 647 videri
870 606 883 644 :
917 593 974 642 ut
1006 581 1149 655 quod
1191 578 1302 633 ait:
1338 572 1562 628 Narrate
1604 563 1775 621 omnia
1801 554 2067 623 mirabilia

484 696 615 765 ejus,
656 689 920 746 referatur
952 682 1018 737 ad
1062 679 1116 735 id
1156 674 1300 748 quod
1340 671 1541 729 dictum
1582 673 1687 730 est,
1732 660 1944 717 Cantate
1986 656 2068 721 ei;

486 751 632 857 quod
661 796 792 837 vero
816 776 1072 847 sequitur,
1099 765 1407 824 Laudamini
1432 764 1485 817 in
1510 759 1712 815 nomine
1738 762 1914 810 sancto
1934 751 2064 821 ejus,

1494 852 1533 857 _
1860 845 1871 857 .
2020 837 2064 857 ν,

485 837 753 933 referatur
773 870 837 924 ad
869 837 921 922 id
948 863 1090 936 quod
1114 861 1317 917 dictum
1355 865 1458 922 est,
1488 852 1556 907 Et
1586 848 1787 922 psallite
1824 845 1871 900 ei
1896 859 1913 897 :
1941 837 2070 895 illud

485 969 692 1025 scilicet
718 963 786 1018 ad
814 960 1033 1015 verbum
1082 955 1300 1016 bonum,
1342 962 1449 1019 quo
1474 950 1717 1000 cantatur
1745 938 1815 1004 ei,
1857 943 1912 991 et
1948 948 2072 987 nar-

489 1072 675 1118 rantur
715 1055 893 1113 omnia
941 1048 1205 1107 mirabilia
1235 1038 1387 1115 ejus;
1436 1037 1567 1095 illud
1597 1046 1774 1089 autem
1818 1028 1885 1083 ad
1933 1038 2067 1095 opus

489 1156 708 1216 bonum,
738 1163 844 1219 quo
886 1144 1133 1216 psallitur
1178 1140 1248 1203 ei,
1276 1152 1347 1192 ne
1377 1133 1505 1189 velit
1543 1124 1862 1201 quisque‘de
1906 1134 2069 1219 ope-re

488 1249 631 1300 bono
654 1251 908 1312 tanquam
937 1237 992 1291 in
1018 1249 1112 1289 sua
1137 1231 1335 1287 virtute
1356 1224 1583 1282 laudari.
1613 1220 1738 1275 Ideo
1758 1230 1879 1272 cum
1907 1210 2071 1266 dixis-

486 1348 591 1401 set,
636 1303 969 1392 Laudaniini,
1001 1325 1143 1397 quod
1173 1322 1353 1391 utique
1390 1320 1525 1372 bene
1565 1318 1850 1382 operantes
1881 1303 2072 1358 merito

490 1394 748 1499 possunt;
792 1394 1035 1480 addidit;
1055 1418 1108 1471 in
1137 1414 1339 1469 nomine
1365 1417 1537 1464 sancto
1573 1406 1722 1475 ejus:
1752 1411 1808 1452 ut
1834 1396 1921 1467 qui
1948 1394 2071 1465 glo-

491 1486 676 1581 i'iatur,
708 1486 760 1569 iu
810 1511 1034 1567 Domino
1072 1506 1328 1577 glorietur
1367 1500 1419 1570 (ι
1452 1497 1628 1560 Com,
1671 1486 2073 1581 51).Qtiiergo

493 1626 600 1664 non
627 1578 749 1674 sibi,
777 1603 874 1659 sed
900 1602 950 1657 ei
972 1599 1159 1657 volunt
1192 1594 1441 1667 psallere,
1472 1594 1693 1644 caveant
1719 1582 1895 1637 facere
1920 1578 2076 1648 justi-

490 1702 618 1755 tiam
660 1713 812 1755 suam
843 1709 1023 1751 coram
1067 1687 1394 1751 hominibus,
1442 1692 1500 1735 ut
1542 1678 1820 1732 videantur
1866 1672 1933 1726 ab
1961 1669 2072 1734 eis;

491 1793 723 1863 alioquin
766 1786 1065 1844 mercedem
1111 1797 1217 1836 non
1247 1777 1517 1833 habebunt
1556 1769 1694 1841 apud
1724 1768 1957 1830 Patrem,
1987 1760 2076 1832 qui

492 1889 545 1943 in
572 1884 726 1941 caelis
753 1891 836 1939 est
861 1878 1073 1951 (Matth.
1103 1891 1177 1942 vi,
1208 1871 1263 1944 l)
1288 1888 1302 1926 :
1338 1868 1431 1924 sed
1466 1868 1679 1921 luceant
1702 1874 1863 1930 opera
1891 1870 2076 1951 eorum

494 1992 676 2033 coram
708 1971 1034 2033 hominibus,
1066 1982 1172 2021 non
1213 1978 1279 2019 eo
1326 1961 1432 2015 ﬁne
1461 1967 1523 2011 ut
1563 1954 1664 2026 ipsi
1711 1951 1987 2006 videantur
2010 1944 2078 2000 ab

492 2069 591 2133 eis,
619 2064 712 2120 sed
740 2071 798 2117 ut
826 2060 1045 2116 videant
1070 2057 1212 2112 bona
1254 2066 1413 2122 opera
1444 2061 1651 2108 eorum,
1682 2050 1737 2097 et
1779 2038 2080 2110 gloriﬁcent

496 2132 708 2216 Patrem
749 2171 955 2221 eorum,
988 2152 1077 2222 qui
1121 2150 1173 2203 in
1201 2146 1353 2202 cmlis
1381 2150 1464 2199 est
1493 2139 1604 2212 (Id.
1631 2153 1687 2203 v,
1717 2133 1826 2205 16).
1859 2132 1981 2222 Hoc]
1997 2136 2081 2184 est

497 2250 700 2305 laudari
723 2248 789 2303 iir
804 2220 1018 2300 nomine
1045 2246 1233 2294 sancto
1257 2235 1392 2305 ejus.
1415 2230 1569 2287 Unde
1588 2236 1644 2283 et
1668 2229 1720 2281 in
1747 2224 1853 2279 alio
1877 2220 2080 2292 psalmo

497 2342 685 2411 legitur
717 2356 730 2392 :
763 2336 828 2390 In
870 2333 1090 2387 Domino
1134 2326 1430 2383 laudabitur
1473 2321 1644 2375 anima
1682 2332 1831 2381 mea;
1869 2312 2081 2367 audiant

506 2403 672 2497 mites,
718 2440 765 2484 et
782 2426 1132 2500 jucundentur
1164 2420 1334 2491 (Psal.
1358 2430 1545 2480 χχχιιι,
1565 2412 1623 2479 2,
1647 2406 1723 2481 ὃ).
1747 2406 1899 2475 Quod
1921 2414 1975 2460 et
1995 2403 2081 2458 hic

498 2495 889 2594 quodammodo
918 2516 1172 2588 sequitur,
1205 2512 1422 2564 Laetetur
1463 2522 1550 2561 cor
1593 2501 1922 2573 quaerentium
1967 2495 2080 2550 Do-

499 2619 690 2671 minum
728 2631 747 2669 :
779 2614 855 2668 sic
894 2611 1036 2667 enim
1065 2608 1219 2664 mites
1244 2601 1622 2674 jucundantur,
1646 2596 1733 2667 qui
1765 2609 1873 2649 non
1901 2604 2083 2646 amaro

502 2710 618 2764 zelo
647 2723 739 2763 eos
762 2706 872 2775 jam
903 2704 1041 2759 bene
1064 2707 1349 2770 operantes
1377 2692 1712 2749 aemulantur.

572 2803 626 2857 ὅ.
658 2799 805 2873 [vers.
834 2795 912 2869 4.]
944 2794 1164 2860 Quarite
1190 2789 1485 2851 Dominum,
1505 2794 1550 2839 et
1576 2778 1953 2851 confortamini.
1973 2776 2087 2831 Hoc

502 2893 646 2949 enim
673 2891 741 2946 de
764 2902 938 2960 graeco
982 2883 1288 2955 expressius
1330 2881 1732 2947 interpretatum
1760 2881 1862 2931 est.
1896 2885 2083 2940 quam~

504 2986 584 3038 vis
609 2982 827 3037 verbum
858 2979 1031 3034 minus
1076 2976 1295 3029 latinum
1323 2970 1603 3025 videatur:
1634 2965 1774 3019 unde
1803 2973 1855 3018 et
1882 2961 1971 3017 alii
1995 2975 2089 3016 co-

504 3077 653 3132 dices
705 3075 933 3136 habent,
982 3065 1385 3138 conﬁrmamini;
1431 3063 1551 3127 alii,
1585 3056 1991 3113 corroboramini.
2022 3055 2091 3109 Et

505 3169 700 3238 quippe
745 3166 974 3228 dicitur,
1021 3158 1293 3214 Fortitudo
1339 3172 1447 3209 mea
1479 3153 1647 3224 (Psal.
1690 3167 1841 3214 xvu,
1870 3148 1949 3219 2);
1995 3157 2086 3211 et,

507 3237 882 3313 Fortitudinem
911 3268 1072 3307 meam
1101 3252 1168 3303 ad
1199 3258 1245 3303 te
1265 3246 1543 3302 custodiam
1576 3242 1743 3313 (Psal.
1767 3256 1891 3294 Lvnt
1911 3281 1925 3305 ,
1958 3237 2044 3308 lO)
2073 3255 2087 3290 :

506 3360 567 3407 ut
610 3364 731 3406 eum
761 3347 1049 3420 quaerendo
1092 3353 1251 3415 atque
1271 3340 1339 3395 ad
1370 3355 1490 3396 eum
1523 3334 1864 3399 accedendo,
1894 3342 1948 3405 et
1972 3332 2093 3386 illu-

509 3447 777 3502 ninemur
803 3452 857 3497 et
878 3440 1264 3497 confortemur;
1285 3451 1351 3489 ne
1376 3433 1612 3489 creeitate
1638 3428 1762 3500 quid
1792 3426 2092 3481 faciendum

514 3537 586 3592 sit
608 3551 713 3590 non
739 3532 1034 3596 videamus,
1064 3537 1156 3583 aut
1192 3526 1496 3581 infirmitate
1524 3539 1629 3578 non
1654 3521 1907 3576 faciamus
1936 3519 2096 3573 etiam

511 3625 652 3697 quod
681 3623 942 3680 videmus.
975 3619 1126 3689 Quod
1154 3633 1281 3688 ergo
1303 3626 1386 3671 est
1414 3614 1479 3669 ad
1520 3612 1805 3667 videndum
1827 3652 1841 3677 ,
1864 3608 2098 3662 Accedite

515 3718 584 3772 ad
610 3733 744 3783 eum,
773 3726 820 3769 et
851 3712 1209 3768 illuminamini
1240 3708 1409 3780 (Psal.
1443 3722 1613 3761 χχχιιι
1633 3748 1646 3771 ,
1671 3704 1725 3776 5)
1750 3720 1764 3769 ;
1796 3703 1894 3757 hoc
1924 3710 2007 3756 est
2031 3701 2097 3755 ad

510 3811 831 3875 faciendum,
868 3808 1085 3873 Quaerite
1112 3804 1409 3869 Dominum,
1435 3810 1479 3855 et
1504 3797 1911 3853 corroboramini.
1944 3795 2098 3860 Qua:-

510 3905 623 3969 rite,
648 3902 837 3971 inquit,
863 3900 1044 3970 faciem
1066 3898 1175 3968 ejus
1200 3898 1415 3963 semper.
1440 3892 1567 3960 Qua:
1584 3902 1667 3946 est
1686 3889 1847 3944 facies
1868 3886 2096 3951 Domini,

516 3996 617 4051 nisi
650 3992 931 4065 praesentia
964 3990 1093 4045 Dei?
1115 3988 1263 4044 Sicut
1292 3986 1453 4041 facies
1473 3984 1645 4050 venti,
1669 3994 1721 4038 et
1744 3982 1902 4036 facies
1920 3981 2053 4051 ignis
2081 3997 2097 4039 :

511 4088 709 4144 dictum
754 4093 838 4140 est
882 4083 1062 4149 enim,
1094 4080 1238 4135 Sicut
1277 4078 1518 4146 stipulam
1562 4083 1677 4129 ante
1732 4073 1914 4145 faciem
1967 4070 2102 4126 renti

514 4178 682 4250 (Psal.
718 4191 927 4239 Lxxxn,
960 4174 1086 4244 M);
1112 4180 1167 4227 et
1190 4212 1204 4237 ,
1237 4169 1379 4224 Sicut
1408 4169 1523 4238 fluit
1566 4183 1680 4221 cera
1724 4184 1756 4218 a
1802 4165 1931 4236 facie
1971 4163 2103 4235 ignis

516 4270 688 4340 (Psal.
724 4284 901 4331 LXVII,
931 4266 1007 4336 5).
1057 4265 1125 4319 Et
1151 4264 1315 4318 multa
1350 4261 1471 4315 talia
1523 4260 1671 4330 ponit
1699 4260 1989 4329 Scriptura,
2019 4257 2102 4310 ni-

518 4363 591 4417 hil
618 4362 760 4417 aliud
788 4375 946 4430 quam
986 4373 1169 4412 earum
1224 4371 1400 4410 rerum
1434 4354 1770 4424 prmseutiam
1803 4353 1988 4406 volens
2018 4350 2101 4405 in-

520 4452 683 4522 telligi
707 4494 722 4517 ,
754 4465 979 4521 quarum
1009 4448 1247 4502 nominat
1277 4445 1489 4500 faciem.
1521 4444 1627 4500 Sed
1655 4444 1783 4514 quid
1804 4452 1919 4508 est,
1953 4444 2106 4507 Qua:-

523 4549 616 4601 rite
642 4545 823 4617 faciem
844 4545 952 4614 ejus
974 4542 1196 4612 semper?
1226 4540 1349 4596 Scio
1376 4538 1590 4610 quidem
1621 4539 1741 4608 quia
1770 4537 1898 4591 mihi
1922 4535 2105 4590 adlue-

523 4654 643 4695 rere
670 4639 777 4693 Deo
816 4636 1011 4691 bonum
1051 4642 1132 4689 est
1160 4632 1332 4703 (Psal.
1368 4649 1509 4688 Lxxn
1529 4672 1545 4697 ,
1572 4631 1689 4701 28);
1714 4629 1807 4684 sed
1830 4630 1873 4683 si
1897 4643 2109 4697 semper

528 4726 805 4803 quaeritur,
833 4728 1047 4800 quando
1075 4726 1366 4782 invenitur?
1393 4728 1474 4779 An
1496 4739 1692 4793 semper
1717 4721 1885 4787 dixit,
1918 4721 1972 4774 in
2000 4730 2108 4775 tota

522 4827 630 4880 vita
656 4825 758 4879 ista
782 4840 883 4893 qua
914 4822 1001 4876 hic
1022 4821 1240 4885 vivitur,
1271 4835 1338 4874 ex
1372 4833 1475 4887 quo
1499 4817 1551 4871 id
1579 4830 1676 4870 nos
1707 4814 1880 4869 facere
1914 4812 2111 4868 debere

527 4917 892 4988 cognovimus,
914 4914 1126 4985 quando
1151 4922 1204 4968 et
1225 4914 1475 4966 inventus
1516 4908 1835 4981 qumrendus
1860 4908 1965 4962 est?
1990 4906 2108 4962 Jam

529 5010 724 5081 quippe
754 5006 902 5063 illum
956 5005 1157 5059 invenit
1188 5002 1320 5057 ﬁdes
1350 5043 1365 5065 ,
1415 5001 1507 5057 sed
1551 5001 1726 5055 adhuc
1772 5014 1893 5053 eum
1924 4997 2114 5069 quaerit

532 5116 675 5171 spes.
701 5098 947 5155 Charitas
983 5106 1161 5151 autem
1187 5104 1242 5149 et
1294 5094 1495 5149 invenit
1534 5108 1654 5147 eum
1705 5106 1799 5160 per
1843 5090 2032 5155 ﬁdem,
2062 5098 2117 5144 et

532 5212 653 5249 eum
683 5194 873 5265 quaerit
916 5190 1115 5247 habere
1140 5204 1239 5260 per
1277 5190 1508 5259 speciem
1539 5204 1554 5245 :
1584 5186 1672 5240 ubi
1700 5194 1825 5241 tunc
1868 5185 1944 5240 sic
1971 5185 2118 5238 inve-

536 5288 748 5351 nietur,
781 5296 841 5339 ut
866 5281 1097 5337 sufﬁciat
1125 5280 1306 5345 nobis,
1354 5289 1408 5334 et
1435 5278 1654 5333 ulterius
1693 5292 1799 5332 non
1826 5284 2113 5345 quaeratur.

532 5379 644 5436 Nisi
670 5379 813 5434 enim
839 5391 959 5432 eum
998 5376 1053 5429 in
1083 5375 1185 5431 ista
1210 5373 1314 5428 vita
1354 5372 1616 5428 inveniret
1647 5370 1809 5434 ﬁdes,
1844 5384 1949 5423 non
1975 5368 2119 5423 dice-

535 5482 685 5529 retur
707 5513 721 5535 ,
756 5472 978 5539 Quaerite
1027 5468 1416 5533 Dominum;et
1462 5482 1581 5521 cum
1616 5465 1923 5520 inveneritis
1951 5478 2072 5517 eum
2100 5505 2116 5531 ,

536 5566 862 5635 Derelinquat
884 5564 1068 5634 impius
1090 5564 1195 5616 vias
1224 5578 1342 5616 suas
1359 5602 1374 5625 ,
1400 5570 1444 5614 et
1471 5561 1546 5613 vir
1571 5559 1773 5628 iniquus
1794 5557 2120 5629 cogitationes

532 5675 653 5712 suas
686 5655 835 5728 (lsai.
866 5672 953 5723 LV,
984 5656 1038 5720 6,
1071 5655 1147 5723 7).
1180 5652 1310 5707 Item
1339 5652 1384 5705 si
1433 5650 1537 5705 lide
1582 5650 1827 5705 inventus
1852 5691 1867 5717 ,
1897 5665 2001 5703 non
2030 5648 2123 5703 ad-

536 5749 639 5803 huc
675 5755 817 5803 esset
860 5743 1286 5817 perquirendus,
1330 5757 1434 5796 non
1482 5742 1768 5806 diceretur,
1819 5759 1837 5792 ι
1875 5740 1931 5795 Si
1980 5740 2122 5794 enim

539 5842 679 5913 quod
708 5858 814 5895 non
842 5839 1105 5901 videmus,
1134 5851 1435 5907 speramus,
1470 5850 1563 5904 per
1592 5833 1899 5905 patientiam
1933 5847 2120 5904 exspe-

537 5947 745 5997 Ctamus
779 5951 797 5988 ι
826 5933 1003 6009 (Rom.
1034 5946 1149 5999 vui,
1173 5930 1266 6002 ‘25)
1305 5948 1316 5985 :
1346 5939 1401 5985 et
1420 5933 1559 6002 quod
1585 5932 1817 5988 Joannes
1846 5933 1937 5999 ait,
1964 5949 1981 5983 ι
2011 5928 2124 5984 Sci-

1743 433 1800 497 S.
1840 418 2210 495 AUGUSTINI
2249 425 2551 485 EPISCOPI

3620 406 3768 472 I399.

2180 565 2301 606 mus
2330 549 2451 620 quia
2494 561 2617 603 cum
2673 536 3007 616 apparuerit,
3036 535 3235 595 similes
3275 535 3323 592 ei
3362 534 3595 601 erimus;
3626 549 3765 606 quo-

2178 645 2321 699 niam
2333 643 2630 699 videbimus
2642 656 2763 697 eum
2785 637 2942 695 sicuti
2964 633 3127 705 esti(l
3140 633 3297 688 Joan.
3322 647 3401 697 ιιι,
3419 631 3498 702 2).
3519 631 3599 685 An
3627 628 3768 685 forte

2179 738 2339 793 etiam
2374 751 2495 791 cum
2521 734 2658 789 facie
2684 733 2751 787 ad
2782 731 2971 785 faciem
2998 727 3289 783 viderimus
3310 740 3431 781 eum
3460 723 3616 778 sicuti
3642 730 3725 776 est
3751 762 3769 789 ,

2177 827 2352 883 adhuc
2371 825 2755 900 perquirendus
2783 824 2903 889 erit,
2926 830 2982 877 et
3002 821 3117 875 sine
3146 822 3247 874 ﬁne
3269 816 3606 889 quaerendus,
3643 813 3770 885 quia

2179 920 2295 976 sine
2342 918 2448 973 ﬁne
2494 916 2789 971 amandus?
2828 913 3063 969 Dicimus
3116 911 3259 967 enim
3302 910 3466 964 etiam
3512 907 3771 978 prmsenti

2178 1011 2374 1076 alicui,
2404 1010 2518 1065 Non
2548 1019 2599 1064 te
2646 1024 2829 1080 quaero
2850 1023 2865 1072 ;
2890 1006 2944 1062 id
2973 1015 3089 1072 est,
3124 1018 3229 1058 non
3259 1011 3310 1057 te
3354 1001 3535 1071 diligo.
3570 999 3648 1053 Ac
3672 1012 3772 1068 per

2180 1103 2284 1158 hoc
2309 1104 2398 1174 qui
2427 1102 2680 1173 diligitur,
2714 1100 2875 1154 etiam
2922 1110 3157 1167 praesens
3185 1093 3460 1164 quaeritur,
3488 1091 3613 1144 dum
3638 1089 3775 1143 cha-

2179 1196 2336 1250 ritate
2364 1202 2640 1264 perpetua,
2668 1208 2735 1247 ne
2759 1193 2848 1246 fiat
2865 1190 3078 1254 absens,
3105 1187 3333 1259 agitur‘.
3360 1183 3589 1239 Proinde
3611 1198 3773 1254 quem

2180 1290 2403 1359 quisque
2428 1287 2635 1357 diligit,
2667 1286 2826 1341 etiam
2877 1298 2997 1339 cum
3041 1296 3162 1337 eum
3194 1279 3376 1344 videt,
3406 1278 3519 1331 sine
3559 1275 3775 1329 fastidio

2181 1397 2392 1451 semper
2430 1380 2542 1434 vult
2570 1393 2690 1433 esse
2732 1385 3070 1448 praesentem,
3101 1373 3200 1426 hoc
3248 1379 3353 1436 est,
3383 1383 3594 1437 semper
3622 1381 3774 1436 quie-

2181 1477 2252 1530 rit
2303 1489 2422 1529 esse
2465 1481 2805 1543 praesentem.
2861 1468 2931 1522 Et
2974 1467 3222 1521 nimirum
3261 1463 3361 1517 hoc
3400 1469 3519 1525 est,
3553 1458 3777 1526 Quaerite

2182 1566 2363 1638 faciem
2380 1565 2489 1638 ejus
2509 1579 2725 1632 semper,
2756 1572 2811 1614 ut
2838 1575 2942 1614 non
2965 1558 3088 1612 huic
3111 1553 3458 1626 inquisitioni,
3486 1566 3587 1622 qua
3613 1548 3779 1619 signi-

2184 1658 2376 1712 ficatur
2414 1670 2588 1719 amor,
2650 1654 2809 1708 linem
2860 1657 3078 1721 praestet
3120 1646 3393 1711 inventio,
3444 1642 3538 1698 sed
3592 1653 3779 1695 amore

2183 1758 2459 1805 crescente
2484 1746 2755 1816 inquisitio
2784 1752 2988 1799 crescat
3011 1739 3231 1795 inventi.
3656 1778 3663 1779 κ

2253 1842 2307 1896 4.
2328 1837 2476 1914 [vers.
2496 1836 2575 1910 5.]
2592 1836 2709 1891 Jam
2736 1834 2989 1902 deinceps
3021 1836 3282 1899 temperat
3315 1842 3374 1882 se
3401 1824 3647 1880 laudator
3675 1822 3779 1878 iste

2183 1932 2414 1998 ardens,
2462 1938 2518 1986 et
2565 1928 2632 1983 ad
2659 1927 2872 1997 capacia
2918 1923 3080 1979 verba
3132 1920 3446 1983 descendit;
3497 1919 3771 1972 inﬁrmum

2183 2042 2421 2082 amorem
2478 2032 2639 2094 atque
2684 2021 2967 2077 lactentem
3014 2015 3396 2086 temporalibus
3433 2013 3529 2069 Dei
3559 2011 3780 2066 mirabi-

2185 2118 2322 2173 libus
2364 2116 2626 2171 nutriens.
2689 2112 3027 2173 Mementote,
3072 2108 3281 2177 inquit,
3313 2104 3621 2158 mirabilium
3670 2103 3783 2173 ejus

2185 2230 2299 2285 qua:
2329 2212 2443 2283 fecit
2462 2253 2478 2277 ,
2527 2208 2760 2280 prodigia
2782 2207 2891 2274 ejus
2917 2214 2964 2259 et
2979 2203 3183 2275 judicia
3204 2200 3307 2255 oris
3346 2200 3473 2269 ejus.
3505 2197 3607 2264 Qui
3636 2196 3785 2251 locus

2186 2305 2376 2362 similis
2403 2302 2611 2358 videtur
2640 2300 2713 2355 illi
2772 2300 2924 2364 loco,
2958 2295 3046 2350 ubi
3077 2294 3144 2349 ad
3188 2292 3405 2363 Moysen
3453 2296 3784 2360 quaerentem

2186 2398 2306 2470 quis
2326 2405 2487 2461 esset,
2521 2409 2643 2449 cum
2673 2391 2901 2446 dixisset
2928 2430 2941 2453 ,
2972 2386 3083 2458 Ego
3111 2402 3222 2440 sum
3247 2384 3330 2452 qui
3359 2399 3469 2435 sum
3490 2424 3504 2446 ,
3535 2390 3606 2446 et,
3634 2379 3785 2434 Dices

2190 2492 2309 2561 ﬁliis
2340 2488 2523 2553 Israel,
2558 2486 2661 2554 Qui
2688 2494 2763 2538 est
2788 2526 2804 2550 ,
2831 2482 2964 2536 misit
2991 2496 3069 2533 me
3112 2479 3179 2531 ad
3200 2493 3284 2531 vos
3304 2493 3322 2530 :
3351 2473 3491 2545 quod
3518 2489 3581 2528 ex
3609 2488 3785 2542 quan-

2188 2583 2527 2651 tulacumque
2573 2576 2829 2649 particula
2884 2588 3004 2628 rara
3069 2586 3222 2625 mens
3273 2569 3415 2639 capit
3470 2586 3481 2619 :
3529 2565 3787 2635 deinceps

2190 2690 2385 2732 nomen
2412 2687 2568 2729 suum
2607 2681 3035 2725 commemorans
3058 2706 3075 2733 ,
3114 2678 3239 2734 erga
3268 2661 3511 2716 homines
3558 2660 3787 2730 gratiam

2192 2782 2340 2823 suam
2390 2761 2807 2819 misericorditer
2857 2758 3206 2828 temperavit,
3261 2754 3480 2817 dicens,
3518 2751 3627 2823 Ego
3672 2767 3788 2806 sum

2191 2859 2331 2927 Deus
2357 2858 2632 2923 Abraham,
2659 2864 2707 2909 et
2735 2853 2875 2908 Deus
2901 2851 3050 2907 Isaac
3071 2892 3083 2913 ,
3107 2859 3152 2904 et
3176 2847 3314 2903 Deus
3335 2847 3517 2911 Jacob;
3546 2846 3641 2899 hoc
3662 2845 3789 2899 mihi

2193 2936 2372 3007 nome'n
2389 2958 2460 3004 est
2480 2951 2531 3003 in
2557 2959 2796 3003 aeternum
2817 2942 3013 3016 (Exod.
3046 2958 3138 3008 ιιι,
3168 2942 3235 2995 14
3257 2982 3272 3007 ,
3301 2940 3411 3011 15).
3441 2938 3541 2995 Ubi
3566 2937 3791 3007 intelligi

2196 3044 2384 3109 voluit,
2409 3051 2463 3096 et
2492 3041 2610 3095 illos
2635 3053 2861 3109 quorum
2889 3050 2946 3091 se
2974 3035 3139 3089 Deum
3187 3032 3360 3109 dixit,
3392 3030 3575 3084 vivere
3603 3043 3789 3083 secum

2194 3136 2248 3190 in
2277 3145 2533 3188 aeternum
2557 3173 2570 3194 ,
2596 3140 2650 3185 et
2672 3129 2772 3183 hoc
2798 3127 2931 3181 dixit
2954 3125 3094 3197 quod
3133 3124 3251 3193 capi
3285 3122 3443 3177 etiam
3495 3137 3523 3175 a
3556 3119 3793 3190 parvulis

2196 3233 2377 3297 posset
2400 3242 2411 3277 :
2438 3234 2513 3291 ιιι,
2549 3221 2660 3292 Ego
2683 3237 2795 3275 sum
2815 3219 2899 3290 qui
2926 3234 3037 3271 sum
3066 3258 3079 3281 ,
3113 3215 3186 3269 illi
3209 3230 3307 3286 pro
3330 3220 3484 3283 captu
3530 3210 3794 3281 intellige-

2198 3326 2336 3382 rent,
2365 3315 2451 3385 qui
2474 3312 2760 3384 grandibus
2782 3310 2981 3363 viribus
3006 3306 3282 3362 charitatis
3301 3313 3521 3359 nossent
3546 3316 3795 3373 quaerere

2201 3409 2389 3463 faciem
2436 3408 2552 3475 ejus
2581 3418 2810 3472 semper.
2837 3401 2895 3456 Si
2942 3414 3069 3469 ergo
3095 3397 3236 3468 quod
3274 3404 3357 3450 est
3386 3396 3499 3465 ipse
3518 3436 3532 3459 ,
3565 3393 3795 3447 multum

2203 3512 2285 3557 est
2308 3500 2375 3555 ad
2402 3515 2497 3554 vos
2526 3498 2608 3554 vel
2634 3497 2815 3551 videre
2846 3495 2925 3549 vel
2956 3507 3225 3563 quterere,
3258 3489 3560 3544 Mementote
3585 3486 3797 3540 mirabi-

2184 3588 2329 3647 lium
2385 3593 2493 3663 ejus
2537 3606 2651 3662 qua:
2699 3588 2854 3661 fecit,
2901 3585 3134 3657 prodigia
3186 3584 3293 3655 ejus
3348 3591 3396 3636 et
3442 3580 3644 3651 judicia
3692 3578 3798 3632 oris

2204 3705 2329 3741 eius.

2222 3707 2229 3736 ε
2254 3707 2329 3741 us.

2222 3707 2248 3759 J
2275 3780 2327 3834 5.
2360 3776 2507 3850 [vers.
2539 3776 2571 3830 6
2591 3818 2606 3842 ,
2639 3773 2716 3847 7.]
2746 3774 2813 3828 Et
2852 3770 3043 3842 quibus
3069 3770 3302 3825 dicitur?
3334 3768 3517 3823 Semen
3537 3766 3799 3820 Abraham

2204 3873 2330 3927 servi
2352 3873 2476 3942 ejus,
2505 3870 2599 3939 lilii
2618 3868 2776 3922 Jacob
2806 3867 2945 3921 electi
2974 3866 3103 3935 ejus.
3137 3863 3241 3917 Vos
3274 3877 3456 3917 semen
3482 3860 3757 3915 Abraham
3779 3902 3795 3925 ,

2184 3956 2300 4019 vos
2341 3965 2431 4017 ﬁlii
2462 3962 2627 4018 Jacob
2647 4004 2661 4028 ,
2691 3968 2982 4014 mementote
3007 3956 3316 4010 mirabilium
3345 3955 3453 4026 ejus
3482 3970 3597 4021 qua:
3637 3953 3796 4024 fecit,

2207 4057 2437 4129 prodigia
2467 4058 2575 4127 ejus
2600 4062 2647 4108 et
2686 4051 2886 4125 judicia
2932 4052 3033 4104 oris
3077 4051 3206 4120 ejus.
3235 4049 3311 4103 Ne
3350 4049 3468 4119 quis
3498 4057 3674 4101 autem
3706 4047 3801 4102 uni

2206 4150 2349 4221 genti
2378 4150 2478 4203 hoc
2524 4148 2779 4202 tribueret
2819 4144 3176 4201 lsraelitarum
3208 4141 3500 4197 secundum
3542 4155 3758 4195 carnem
3780 4181 3798 4207 ,

2207 4251 2262 4297 et
2303 4258 2407 4295 non
2441 4241 2757 4309 intelligeret
2797 4238 2963 4308 magis
3006 4251 3125 4291 esse
3172 4250 3355 4289 semen
3389 4233 3615 4288 Abrahae
3662 4233 3803 4287 filios

2209 4335 2576 4407 promissionis
2602 4348 2760 4402 quam
2791 4332 2928 4385 ﬁlios
2948 4331 3155 4393 carnis,
3185 4328 3379 4398 quibus
3405 4326 3693 4397 Apostolus
3717 4324 3804 4380 di-

2211 4427 2304 4493 cit,
2337 4442 2456 4482 cum
2476 4425 2736 4480 Gentibus
2757 4423 3080 4493 loqueretur,
3115 4440 3133 4472 ‹
3169 4420 3278 4474 Vos
3308 4435 3437 4489 ergo
3459 4420 3689 4473 Abralne
3713 4433 3802 4472 se-

2212 4535 2335 4574 men
2362 4519 2510 4585 estis,
2529 4516 2818 4572 secundum
2839 4514 3246 4584 promissionem
3276 4510 3517 4565 bteredes
3548 4529 3566 4561 ι
3601 4507 3801 4578 (Galar.

2211 4621 2287 4678 in,
2312 4612 2427 4684 29);
2455 4611 2694 4681 sequitur
2720 4617 2775 4664 et
2801 4608 2977 4673 dicit,t
3004 4607 3118 4677 Ipse
3146 4606 3400 4660 Dominus
3430 4606 3563 4658 Deus
3592 4612 3800 4665 noster;

2215 4708 2267 4761 in
2304 4705 2448 4759 omni
2477 4713 2616 4759 terra
2644 4702 2843 4771 judicia
2887 4700 3023 4771 ejus.
3066 4718 3085 4751 ι
3118 4699 3229 4753 lloc
3268 4697 3461 4752 dicitur
3489 4711 3584 4767 per
3613 4695 3805 4748 lsaiam

2216 4798 2280 4851 ad
2303 4796 2596 4852 Jerusalem
2630 4795 2851 4849 liberam
2873 4835 2888 4860 ,
2915 4802 3142 4847 matrem
3168 4800 3402 4845 nostram
3435 4808 3447 4843 :
3474 4788 3543 4842 Et
3568 4788 3654 4858 qui
3680 4788 3809 4841 eruit

2218 4899 2284 4954 te,
2316 4891 2423 4960 ipse
2447 4888 2588 4942 Deus
2618 4897 2753 4951 tuus,
2784 4886 3028 4939 universa!
3053 4894 3200 4939 terra:
3232 4881 3486 4937 vocabitur
3516 4879 3668 4952 (Isai.
3701 4896 3801 4945 Liv,

2219 4981 2299 5051 5).
2328 4981 2408 5035 Au
2436 4979 2739 5034 Judceorum
2768 4976 2906 5031 Deus
2940 4974 3181 5029 tantum?
3212 4972 3365 5028 Absit
3384 4971 3558 5043 (Rom.
3584 4988 3659 5035 ιιι,
3688 4970 3808 5038 9.9).

2190 5068 2193 5069 ν
2220 5074 2343 5146 Ipse
2375 5073 2624 5126 Dominus
2652 5069 2789 5124 Deus
2816 5078 3001 5133 noster;
3031 5069 3081 5121 in
3108 5066 3243 5120 omni
3266 5074 3399 5119 terra
3416 5064 3620 5135 judicia
3658 5064 3809 5135 ejus:

2194 5160 2344 5237 quia
2370 5165 2423 5219 in
2446 5164 2588 5219 omni
2618 5172 2760 5218 terra
2788 5161 3022 5216 Ecclesia
3060 5160 3174 5228 ejus
3192 5200 3206 5224 ,
3235 5158 3321 5211 ubi
3349 5157 3706 5227 priedicantur
3726 5154 3815 5223 ju-

2222 5260 2358 5315 dicia
2385 5258 2520 5327 ejus.
2543 5256 2679 5325 Quid
2706 5269 2832 5326 ergo
2862 5255 2934 5308 ait
2959 5254 3009 5307 in
3036 5254 3140 5308 alio
3166 5252 3403 5323 psalmo:
3429 5269 3447 5303 ι
3473 5250 3571 5318 Qui
3602 5264 3817 5303 annun-

2175 5370 2185 5380 ·
2226 5354 2321 5409 tiat
2373 5350 2593 5407 verbum
2643 5363 2797 5403 suum
2849 5346 3053 5411 Jacob,
3094 5345 3326 5415 justitias
3373 5355 3425 5399 ct
3467 5343 3664 5414 judicia
3717 5356 3816 5397 sua

2224 5445 2419 5509 Israel;
2452 5460 2557 5499 non
2583 5442 2709 5497 fecit
2734 5441 2812 5496 sic
2838 5439 2983 5494 omni
3031 5439 3210 5510 genti,
3243 5449 3297 5492 et
3321 5436 3517 5507 judicia
3566 5450 3659 5489 sua
3704 5449 3816 5489 non

2226 5536 2581 5594 manifestavit
2629 5535 2705 5589 eis
2739 5552 2759 5587 ι
2808 5531 2997 5602 (Psal.
3050 5546 3225 5586 cxcvn
3249 5571 3262 5594 ,
3300 5528 3366 5583 19
3391 5570 3404 5593 ,
3435 5526 3553 5598 20).
3583 5525 3709 5580 ideo
3739 5524 3822 5579 di-

2200 5620 2369 5687 ictum
2418 5638 2541 5695 est,
2576 5629 2697 5698 quia
2744 5640 2903 5679 unam
2945 5634 3153 5694 gentem
3185 5620 3352 5675 voluit
3382 5618 3604 5687 intelligi
3648 5617 3818 5687 perti-

2200 5718 2205 5721 ’
2229 5732 2443 5780 nentem
2473 5720 2539 5776 ad
2570 5734 2750 5776 semen
2774 5717 3021 5781 Abralue;
3050 5730 3167 5786 quae
3198 5725 3383 5768 vocata
3404 5722 3485 5768 est
3510 5711 3724 5781 quidem
3752 5722 3821 5765 ex

2229 5814 2477 5871 omnibus
2500 5811 2765 5883 gentibus,
2791 5819 2845 5863 et
2867 5809 2942 5863 sic
2965 5808 3016 5862 in
3037 5823 3096 5860 ea
3119 5805 3369 5861 dicuntur
3394 5816 3581 5859 omnes
3604 5808 3815 5873 gentes,

2300 5935 2316 5966 ¹
2341 5934 2413 5985 sic
2432 5937 2541 5985 Mss.
2566 5937 2622 5982 At
2637 5927 2771 5991 an,
2789 5930 2994 5989 aptatur.
3086 5922 3087 5925 “
