4090 6506
296 340 437 402 1593
494 387 500 392 ,

293 474 356 519 ut
383 477 486 517 una
528 461 600 517 sit
636 476 768 534 gens
795 459 848 515 in
878 458 1220 530 adoptionem
1265 463 1473 510 vocata.
1525 451 1691 506 Extra
1732 448 1887 501 istam

294 555 433 612 nulli
462 555 605 626 genti
634 550 1204 620 manifestavitjudieia
1233 562 1328 604 sua
1359 565 1374 603 :
1415 544 1666 617 quoniam
1699 539 1789 611 qui
1827 552 1890 593 ea

294 664 406 706 non
423 646 790 710 crediderunt,
815 642 1022 700 etiamsi
1038 641 1346 697 annuntiata
1374 644 1520 702 sunt,
1547 632 1885 690 manifestata

296 741 378 796 eis
409 741 595 810 utique
625 753 732 793 non
761 746 914 800 sunt;
944 736 1066 808 quia
1105 735 1206 788 nisi
1237 731 1498 798 credant,
1540 743 1647 782 non
1691 723 1890 782 intelli-

297 844 446 905 gent.
575 851 578 853 λ
1267 829 1272 834 ’

370 925 425 981 6.
469 923 644 998 [vers.
675 920 873 994 8~ll.]
906 920 1100 976 Memor
1125 921 1220 991 fuit
1245 919 1296 973 in
1329 915 1575 972 secutum
1613 912 1892 970 testamenti

301 1020 405 1075 sui.
434 1019 538 1074 Alii
565 1016 778 1072 codices
800 1015 1015 1081 habent,
1038 1015 1089 1068 in
1111 1023 1374 1077 aeternum;
1391 1010 1534 1083 quod
1559 1025 1626 1066 ex
1645 1007 1894 1077 ambiguo

303 1127 481 1183 grmco
502 1110 696 1165 factum
721 1117 823 1164 est.
849 1108 953 1164 Sed
975 1108 1020 1163 si
1037 1107 1089 1162 in
1111 1107 1214 1162 hoc
1229 1106 1480 1162 saeulum
1496 1099 1894 1175 intelligendum

305 1214 407 1269 est,
439 1219 545 1258 non
575 1204 626 1258 in
653 1212 934 1267 aeternum;
955 1200 1222 1272 quomodo
1249 1213 1522 1270 exponens
1547 1196 1698 1265 cujus
1726 1203 1890 1250 testa-

305 1295 472 1350 menti
517 1309 726 1350 memor
759 1292 918 1348 fuerit
942 1335 956 1357 ,
987 1292 1225 1362 adjungit
1274 1300 1325 1346 et
1367 1291 1496 1345 dicit
1529 1307 1542 1342 :
1574 1287 1724 1342 Verbi
1765 1285 1897 1358 quod

307 1388 566 1441 mandavit
603 1387 658 1440 in
696 1385 836 1441 mille
861 1386 1202 1456 generationes
1225 1385 1250 1438 1’
1273 1383 1422 1453 Quod
1448 1381 1621 1438 adhuc
1649 1397 1768 1436 cum
1797 1380 1897 1434 ali-

307 1496 416 1549 quo
445 1479 550 1535 ﬁne
582 1486 759 1549 potest
803 1476 1056 1550 intelligi;
1102 1477 1197 1533 sed
1245 1475 1439 1532 deinde
1481 1475 1608 1530 dicit
1640 1492 1653 1528 :
1689 1492 1708 1526 ι
1746 1470 1899 1539 Quod

311 1572 577 1641 disposuit
607 1571 674 1625 ad
703 1570 1012 1637 Abraham,
1039 1578 1095 1625 et
1134 1568 1425 1640 juramenti
1471 1567 1554 1624 sui
1602 1567 1668 1621 ad
1716 1565 1898 1630 Isaac;

313 1673 368 1720 et
415 1665 601 1718 statuit
629 1664 753 1718 illud
784 1663 949 1718 Jacob
975 1663 1028 1717 in
1074 1671 1400 1732 praeceptum
1424 1703 1440 1727 ,
1472 1670 1526 1715 et
1554 1659 1713 1714 Israel
1744 1657 1794 1712 in
1826 1665 1903 1712 te-

315 1765 642 1811 stamentum
700 1766 979 1810 :eternum.
1019 1772 1038 1806 ι
1071 1752 1171 1809 Ubi
1211 1754 1386 1808 nullus
1423 1760 1505 1807 est
1546 1748 1902 1820 ambiguitatis

317 1851 468 1906 locus
499 1859 724 1904 zona-im
753 1850 948 1919 quippe
993 1846 1154 1902 habet
1181 1860 1419 1916 graecus,
1451 1843 1594 1915 quod
1641 1856 1900 1911 nusquam

316 1944 487 1999 nostri
519 1943 618 1996 nisi
645 1951 904 1996 :eternum
931 1938 1261 2009 interpretati
1287 1945 1446 2000 sunt;
1477 1936 1564 1990 vix
1605 1944 1782 1989 autem
1813 1932 1909 1986 ali-

319 2040 412 2108 qui
442 2036 632 2091 alicubi
672 2044 860 2089 αιώνιον
884 2032 1134 2088 aeternale
1176 2030 1444 2086 dixerunt.
1478 2028 1586 2082 Nisi
1618 2027 1753 2081 forte
1782 2023 1905 2095 quia

327 2141 478 2183 «tam
498 2127 800 2183 familiarius
830 2127 1241 2195 interpretantur
1271 2121 1520 2178 saeculum
1543 2162 1555 2182 ,
1585 2128 1770 2173 αἰώνιον
1800 2132 1906 2171 non

325 2235 580 2278 aeternum
599 2262 614 2286 ,
639 2219 734 2275 sed
755 2219 1011 2274 sreculare
1049 2216 1386 2287 interpretari
1411 2215 1606 2278 velint;
1639 2211 1777 2282 quod
1808 2226 1905 2264 ne-

324 2315 522 2369 minem
551 2327 737 2366 ausum
783 2309 946 2365 fuisse
970 2307 1332 2364 commemini.
1359 2305 1432 2388 Si
1458 2313 1634 2359 autem
1665 2303 1766 2357 hoc
1791 2303 1911 2357 loco

325 2407 727 2463 Testamentum
765 2404 926 2459 Vetus
972 2400 1369 2472 intelligendum
1399 2408 1513 2464 est,
1543 2407 1758 2468 propter
1807 2406 1935 2477 ter-1

326 2517 437 2556 ram
459 2499 736 2560 Chanaan;
765 2497 844 2553 sic
863 2497 1005 2551 enim
1033 2510 1209 2550 sermo
1230 2492 1548 2558 contexitur,
1587 2509 1605 2541 ι
1640 2490 1705 2544 Ει
1729 2487 1913 2543 statuit

327 2592 453 2648 illud
483 2611 502 2644 ι
532 2592 633 2661 ipsi
657 2611 675 2643 ι
707 2590 873 2648 Jacob
903 2590 954 2644 in
978 2597 1322 2659 praeceptum,
1354 2593 1410 2640 et
1445 2604 1464 2636 ι
1488 2585 1585 2654 ipsi
1605 2603 1624 2636 ι
1662 2583 1824 2638 lsrael
1858 2581 1911 2636 in

328 2692 705 2740 testamentum
728 2691 1007 2746 aeternum,
1029 2679 1230 2743 dicens,
1253 2676 1370 2733 Tibi
1391 2675 1529 2731 dabo
1551 2684 1747 2730 terram
1773 2671 1914 2728 Cha-

329 2793 465 2832 naan
497 2778 552 2842 ί,
597 2776 886 2832 funiculum
929 2773 1257 2829 baereditatis
1306 2780 1542 2826 vestrae:
1581 2787 1600 2821 ι
1641 2765 1911 2839 quomodo

331 2870 734 2941 intelligendum
764 2879 845 2925 est
869 2878 1113 2923 wternum
1133 2908 1145 2931 ,
1176 2881 1297 2922 cum
1328 2874 1538 2920 terrena
1565 2863 1651 2918 illa
1681 2861 1913 2917 haeredi-

332 2972 410 3018 tas
435 2973 636 3017 aeterna
665 2976 783 3016 esse
807 2975 914 3015 non
943 2959 1144 3030 possit?
1171 2957 1238 3013 Et
1271 2957 1391 3012 ideo
1418 2955 1585 3011 Vetus
1611 2953 1916 3009 Testamen-

333 3066 441 3111 tum
481 3062 725 3121 vocatur,
781 3054 902 3124 quia
931 3068 1027 3124 pcr
1052 3051 1258 3108 Novum
1309 3049 1574 3105 aboletur.
1614 3047 1763 3101 Mille
1788 3061 1915 3102 vero

332 3148 694 3219 generationes,
723 3161 823 3202 nec
872 3155 1128 3200 aeternum
1173 3143 1419 3198 videntur
1469 3140 1666 3211 aliquid
1711 3139 1914 3209 signiﬁ-

333 3254 472 3304 care;
499 3241 622 3310 quia
651 3239 832 3308 utique
863 3237 1020 3292 ﬁnem
1051 3236 1266 3303 habent,
1292 3244 1348 3290 et
1365 3233 1434 3288 ad
1460 3233 1574 3303 ipsa
1603 3231 1916 3302 temporalia

336 3332 490 3386 nimis
539 3330 718 3385 multa:
762 3339 906 3384 sunt.
947 3327 1245 3396 Quamlibet
1279 3326 1421 3381 enim
1445 3325 1628 3396 paucis
1654 3326 1808 3378 annis
1832 3340 1920 3394 ge-

334 3408 537 3478 neratio
584 3422 992 3486 determinetnr,
1044 3434 1202 3490 quam
1255 3417 1427 3474 Graeci
1481 3423 1636 3484 γενεάν
1687 3417 1911 3482 dicunt;

333 3531 488 3587 qnam
530 3516 802 3571 minimam
841 3513 1054 3585 quidam
1079 3511 1378 3582 quindecim
1409 3509 1562 3565 annis
1602 3509 1920 3563 terminave-

333 3617 456 3662 runt
475 3648 492 3674 ,
519 3623 587 3662 ex
609 3623 709 3677 qua
739 3608 896 3661 homo
924 3605 1108 3675 incipit
1135 3618 1294 3674 posse
1330 3617 1618 3672 generare;
1648 3616 1767 3672 quae
1796 3607 1920 3655 sunt

334 3699 447 3755 ista:
476 3699 625 3754 mille
651 3697 1048 3769 generationes,
1082 3710 1186 3751 non
1222 3695 1394 3749 solum
1425 3709 1454 3746 a
1479 3703 1720 3762 tempore
1748 3692 1918 3747 Abra-

334 3789 454 3846 ham
481 3832 495 3856 ,
519 3791 732 3861 quando
779 3791 826 3844 ei
857 3787 990 3844 facta
1035 3796 1117 3843 est
1161 3787 1260 3842 ista
1290 3785 1575 3857 promissio
1598 3827 1613 3851 ,
1643 3799 1808 3854 usque
1849 3783 1918 3838 ad

336 3891 544 3954 tempus
575 3881 706 3937 Novi
739 3880 1088 3946 Testamenti,
1123 3879 1216 3934 sed
1245 3878 1312 3932 ab
1361 3878 1475 3946 ipso
1517 3875 1687 3930 Adam
1707 3915 1722 3940 ,
1747 3890 1926 3945 usque

335 3975 398 4030 ad
453 3975 738 4029 terminum
790 3972 1013 4028 saeculi?
1057 3971 1188 4038 Quis
1259 3969 1402 4024 enim
1471 3967 1664 4022 audeat
1735 3966 1916 4021 dicere

335 4065 635 4136 quindecim
673 4079 932 4120 annorum
976 4062 1211 4117 millibus
1242 4061 1342 4115 hoc
1371 4059 1621 4114 saeculum
1659 4057 1918 4114 extendi?

382 4161 436 4214 7.
466 4157 699 4214 Proinde
715 4158 843 4212 mihi
867 4157 1077 4213 videtur
1093 4171 1197 4210 non
1216 4154 1303 4210 hic
1328 4153 1493 4209 Vetus
1511 4153 1913 4209 Testamentum

337 4251 753 4322 intelligendum,
775 4251 915 4322 quod
947 4249 1093 4304 Novo
1132 4263 1250 4304 esse
1277 4247 1568 4302 tollendum
1597 4249 1790 4302 dicitur
1819 4263 1915 4318 per

338 4345 672 4414 prophetam,
700 4362 718 4395 ι
748 4344 884 4398 Ecce
928 4342 1044 4397 dies
1085 4341 1336 4407 veniunt,
1359 4339 1490 4396 dicit
1535 4341 1791 4394 Dominus
1813 4382 1830 4408 ,
1859 4349 1919 4402 et

337 4436 662 4491 conﬁrmabo
688 4435 866 4490 domui
903 4433 1067 4489 Jacob
1097 4433 1499 4488 Testamentum
1526 4432 1738 4486 Novum
1763 4449 1777 4498 ;
1806 4447 1914 4487 non

338 4527 626 4584 secundum
660 4527 1059 4582 Testamentum
1082 4523 1223 4595 quod
1251 4524 1502 4580 constitui
1553 4523 1792 4592 patribus
1819 4538 1917 4578 eo-

337 4637 451 4678 rum
471 4665 488 4690 ,
517 4637 640 4677 cum
682 4621 983 4675 eduxissem
1013 4633 1107 4674 eos
1134 4617 1201 4673 de
1232 4627 1371 4672 terra
1402 4616 1617 4688 {Egypti
1657 4636 1677 4670 ι
1705 4615 1916 4686 (Jerem.

339 4731 481 4782 xxxi,
535 4715 623 4777 3i,
655 4713 748 4784 52)
781 4733 796 4768 :
831 4713 924 4768 sed
954 4720 1332 4768 testamentum
1363 4711 1482 4764 ﬁdei
1509 4752 1521 4775 ,
1555 4710 1695 4781 quod
1742 4710 1923 4766 laudat

335 4809 646 4880 Apostolus,
673 4822 793 4862 cum
826 4805 1088 4862 Abraham
1116 4805 1270 4860 nobis
1301 4804 1550 4874 proponit
1580 4803 1920 4872 imitandum,

337 4910 388 4956 et
407 4901 475 4955 de
502 4901 656 4971 Legis
677 4899 925 4969 operibus
963 4898 1257 4968 gloriantes
1288 4895 1410 4950 inde
1441 4896 1712 4950 convincit
1737 4936 1748 4958 ,
1778 4895 1922 4966 quod

339 4993 609 5047 Abraham
650 4993 806 5047 etiam
833 5001 958 5046 ante
999 4989 1458 5046 circumcisionem
1503 4987 1730 5042 credidit
1770 4989 1923 5057 Deo,

337 5097 388 5141 et
419 5093 720 5157 reputatnm
749 5094 830 5140 est
860 5084 933 5140 illi
962 5083 1030 5139 ad
1067 5084 1327 5154 justitiam
1372 5079 1571 5153 (Galat.
1604 5097 1689 5146 ιιι,
1720 5081 1753 5135 5
1773 5121 1786 5146 ,
1821 5080 1875 5151 6)
1907 5099 1920 5135 :

339 5179 577 5248 Denique
620 5193 742 5234 cum
789 5177 1044 5241 dixisset,
1082 5175 1278 5230 Memor
1297 5175 1392 5244 fuit
1425 5175 1478 5227 in
1503 5174 1744 5227 sarculum
1769 5182 1924 5228 testa-

339 5270 492 5323 menti
537 5269 649 5332 sui;
680 5267 820 5338 quod
862 5267 916 5322 in
968 5276 1226 5322 :eternum
1283 5263 1585 5334 intelligere
1634 5262 1922 5329 debemus,

338 5361 645 5418 testamenti
675 5361 881 5416 scilicet
905 5358 1300 5429 jusxiﬁeatiouis
1321 5366 1374 5412 et
1405 5354 1733 5411 haereditatis
1770 5366 1926 5410 aeter-

337 5472 418 5511 na:
442 5499 458 5522 ,
504 5469 664 5525 quam
715 5454 834 5508 ﬁdei
884 5453 1122 5522 promisit
1149 5452 1285 5506 Deus
1317 5469 1331 5504 :
1373 5449 1542 5518 Verbi,
1572 5450 1762 5520 inquit,
1792 5448 1928 5520 quod

338 5549 595 5603 mandavit
636 5549 687 5601 in
716 5546 855 5600 mille
895 5545 1255 5616 generationes.
1296 5541 1433 5612 Quid
1473 5551 1593 5607 est,
1625 5541 1928 5596 mandavit?

338 5641 491 5710 Quod
513 5642 656 5696 enim
688 5642 796 5704 ait,
831 5637 942 5692 Tibi
971 5636 1103 5691 dabo
1129 5645 1317 5688 terram
1341 5635 1608 5703 Chanaan,
1637 5650 1747 5690 non
1772 5650 1926 5690 man-
1969 5631 1976 5635 ”

338 5737 520 5791 datum
574 5734 808 5801 est,se(l
858 5733 1222 5804 promissum:
1267 5729 1576 5784 mandatum
1623 5737 1706 5786 est
1749 5737 1925 5786 autem

404 5850 431 5913 ‘_
449 5857 501 5901 In
520 5848 876 5912 antiquioribus
897 5853 1003 5895 Mss.
1024 5849 1305 5896 constanter
1328 5849 1420 5904 est,
1445 5841 1657 5894 Chanun.

1446 317 1837 382 ENABRATIO
1875 313 1942 371 IN
1982 313 2302 374 PSALMUM
2337 315 2462 378 CIV.

3438 319 3580 386 ιωι

1998 439 2138 508 quod
2191 440 2364 497 facere
2409 441 2700 511 debemus,
2759 447 3080 518 promissum
3123 450 3267 522 quod
3315 454 3581 526 accipere.

1999 529 2298 586 Mandatum
2351 549 2478 604 ergo
2529 535 2663 593 ﬁdes
2717 549 2837 605 est,
2893 550 2950 595 ut
2973 540 3150 611 justus
3197 558 3264 600 ex
3309 542 3414 600 ﬁde
3441 545 3586 602 vivat

2001 623 2177 694 (Rom.
2202 626 2372 699 [,17);
2405 636 2459 682 et
2486 628 2606 684 huic
2634 629 2753 687 ﬁdei
2784 632 3066 690 htereditas
3091 645 3290 692 (eterna
3319 638 3588 708 promitti-

2005 723 2110 770 tur.
2136 715 2284 773 Mille
2331 736 2454 791 ergo
2493 725 2839 793 generationes
2867 767 2880 790 ,
2912 736 3129 797 propter
3157 729 3362 785 numeri
3409 728 3588 803 perfe-

2003 809 2272 877 ctionem,
2305 828 2398 882 pro
2448 817 2693 872 omnibus
2741 819 3102 892 intelligentiae
3150 831 3308 890 sunt;
3366 824 3418 880 id
3467 835 3585 894 est,

2003 904 2255 973 quamdiu
2298 909 2571 977 generatio
2613 914 2942 980 generationi
2991 916 3267 987 sequendo
3314 919 3588 986 succedit,

2006 997 2206 1052 tamdiu
2257 999 2564 1056 mandatum
2597 1013 2679 1058 est
2706 1005 2988 1061 vivendum
3039 1024 3101 1064 ex
3132 1009 3254 1064 ﬁde.
3305 1010 3454 1078 Quod
3495 1015 3592 1068 oh—

2007 1099 2184 1145 servat
2231 1094 2455 1163 populus
2489 1095 2617 1189 Dei,
2651 1097 2742 1152 lilii
2780 1101 3152 1169 promissionis
3194 1105 3464 1160 nascendo
3506 1122 3592 1160 ve-

2007 1182 2245 1248 nientes,
2275 1194 2329 1241 et
2355 1182 2630 1243 moriendo
2661 1192 2916 1247 abeuntes
2939 1235 2952 1259 ,
2984 1194 3154 1251 donec
3205 1198 3379 1251 omnis
3432 1213 3588 1270 gene-

2009 1279 2146 1332 ratio
2184 1280 2417 1346 ﬁniatur;
2451 1283 2590 1352 quod
2644 1285 2941 1342 millenario
2972 1305 3196 1363 numero
3241 1293 3592 1363 signiﬁcatum

2010 1379 2128 1438 est,
2161 1372 2282 1442 quia
2309 1373 2516 1430 denarii
2565 1379 2769 1432 numeri
2797 1381 3023 1434 solidum
3054 1383 3368 1452 quadratum
3408 1387 3593 1444 decem

2013 1463 2212 1532 decies,
2237 1475 2289 1521 et
2335 1467 2436 1521 hoc
2479 1469 2684 1534 decies,
2711 1471 2776 1525 ad
2823 1473 2969 1529 mille
3011 1478 3271 1544 pervenit.
3305 1479 3452 1546 Quod
3494 1480 3598 1534 dis-

2015 1559 2200 1624 posuit,
2232 1559 2423 1629 inquit,
2457 1562 2526 1614 ad
2555 1561 2830 1630 Abraham,
2861 1575 2906 1618 et
2940 1567 3219 1638 juramenti
3234 1570 3314 1623 sui
3335 1572 3401 1623 ad
3423 1569 3596 1627 Isaac.

2015 1652 2084 1708 Et
2105 1657 2279 1709 statuit
2307 1657 2438 1710 illud
2456 1657 2635 1724 Iacob,
2668 1659 2716 1714 id
2739 1669 2822 1714 est
2852 1635 2953 1731 ipsi
2981 1635 3164 1726 Jacobi
3189 1664 3241 1718 in
3268 1677 3598 1737 praeceptum.

2014 1743 2118 1815 Ipsi
2148 1756 2271 1802 sunt
2319 1757 2428 1803 tres
2454 1750 2770 1820 patriarchae
2809 1768 3033 1823 quorum
3060 1757 3360 1824 specialiter
3391 1775 3449 1813 se
3474 1759 3602 1814 dicit

2020 1838 2205 1903 Deum,
2222 1855 2358 1910 quos
2385 1851 2438 1896 et
2467 1843 2721 1898 Dominus
2739 1845 2980 1900 nominat
3006 1847 3057 1900 in
3077 1847 3602 1918 TestamentoNovo,

2019 1931 2109 1986 ubi
2137 1930 2266 1986 dicit
2299 1951 2312 1987 :
2341 1932 2494 1986 Multi
2513 1936 2575 1989 ab
2621 1939 2808 1991 oriente
2843 1946 2890 1992 et
2931 1939 3185 1994 occidente
3222 1943 3434 2008 venient,
3466 1953 3512 1997 et
3533 1959 3606 1997 re-

2019 2024 2250 2078 cumbent
2279 2042 2395 2080 cum
2423 2027 2696 2095 Abraham,
2728 2039 2774 2084 et
2803 2029 2976 2098 Isaac,
3002 2041 3048 2086 et
3066 2033 3228 2088 Jacob
3249 2035 3300 2088 in
3321 2052 3472 2106 regno
3506 2052 3606 2091 cae-

2023 2113 2187 2168 lorum
2224 2116 2436 2185 (Matth.
2467 2135 2580 2184 Vill,
2615 2119 2724 2192 ll).
2772 2121 2875 2176 Ista
2925 2135 3009 2178 est
3054 2126 3340 2182 lizereditas
3383 2139 3603 2183 :eterua.

2022 2207 2151 2262 Nam
2178 2219 2230 2263 et
2256 2209 2363 2275 hic,
2398 2211 2483 2264 ubi
2512 2212 2620 2278 ait,
2651 2212 2842 2268 Statuit
2864 2216 2995 2270 illud
3017 2216 3177 2272 Jacob
3199 2219 3249 2272 in
3277 2232 3605 2292 tn'wceplum;

2023 2303 2328 2359 manifestat
2362 2316 2685 2377 praeceptum
2718 2324 2837 2365 esse
2886 2311 3006 2366 ﬁdei
3045 2328 3186 2367 :non
3213 2315 3355 2368 enim
3377 2317 3607 2386 promis-

2024 2409 2140 2449 sum
2163 2397 2457 2466 appellaret
2484 2409 2829 2470 prwceptnm.
2858 2402 2913 2458 Si
2951 2405 3090 2458 enim
3118 2420 3253 2476 opus
3281 2415 3359 2461 est
3392 2408 3443 2461 in
3471 2422 3608 2476 prae-

2025 2495 2202 2558 cepto,
2235 2505 2440 2545 merces
2471 2493 2523 2546 in
2564 2496 2826 2562 promisso
2851 2513 2864 2549 :
2902 2494 3013 2550 Hoc
3030 2506 3101 2550 est
3124 2513 3250 2568 Opus
3275 2497 3402 2563 Dei,
3429 2499 3611 2554 Domi-

2025 2596 2125 2636 nus
2155 2581 2260 2647 ait,
2290 2593 2342 2636 ut
2369 2585 2586 2638 credatis
2628 2587 2680 2640 in
2718 2604 2834 2642 eum
2859 2605 3002 2659 quem
3030 2589 3116 2644 ille
3147 2591 3282 2645 misit
3307 2591 3480 2663 (Joan.
3514 2608 3566 2648 Vl
3587 2633 3608 2660 ,

2025 2671 2139 2746 29).
2188 2673 2302 2730 Hoc
2347 2691 2476 2748 ergo
2517 2678 2737 2734 verbum
2786 2681 2926 2750 quod
2972 2682 3271 2748 mandavit,
3321 2701 3510 2739 memor
3556 2686 3614 2740 in

2026 2774 2270 2820 aeternum
2320 2769 2600 2825 testamenti
2644 2771 2741 2837 sui,
2773 2771 2874 2827 hoc
2907 2782 2990 2828 est
3013 2816 3027 2841 ,
3051 2774 3272 2830 verbum
3317 2774 3438 2832 ﬁdei
3468 2775 3612 2847 quod

2029 2858 2381 2928 prtedicamus
2424 2861 2596 2932 (Rom.
2647 2880 2710 2931 x,
2742 2865 2829 2935 8).
2861 2865 3034 2921 statuit
3058 2869 3190 2922 illud
3237 2870 3332 2938 ipsi
3356 2868 3518 2926 Iacob
3557 2872 3614 2926 in

2029 2959 2366 3020 praeceptum;
2399 2961 2444 3005 et
2471 2953 2570 3023 ipsi
2607 2952 2772 3009 Israel
2800 2957 2852 3010 in
2879 2966 3226 3013 testamentum
3251 2969 3492 3015 aeternum
3511 3003 3526 3027 ,
3559 2961 3614 3017 id

2027 3046 2129 3107 est,
2160 3041 2300 3110 quod
2332 3058 2397 3096 ex
2419 3043 2535 3112 ipso
2559 3047 2724 3102 verbo
2756 3057 2808 3102 et
2853 3058 3118 3119 praecepto
3147 3052 3366 3122 impleto
3393 3053 3617 3109 daturus

2028 3141 2172 3186 esset
2198 3133 2399 3202 aliquid
2423 3144 2703 3191 :eternum.
2737 3138 2939 3206 Dicens,
2981 3140 3089 3195 Tibi
3112 3143 3244 3196 dabo
3269 3154 3452 3198 terram
3476 3144 3624 3200 Cha?

2027 3239 2182 3288 naan,
2211 3226 2493 3294 funiculum
2516 3230 2822 3286 hwreditatis
2851 3242 3043 3288 vestrae.
3077 3234 3357 3302 Quomodo
3381 3253 3512 3308 ergo
3531 3247 3618 3295 est

2029 3315 2132 3369 hoc
2160 3325 2417 3371 aeternum
2442 3361 2454 3382 ,
2486 3320 2586 3374 nisi
2633 3321 2832 3392 aliquid
2884 3335 3141 3382 aeternum
3171 3329 3470 3399 signiﬁcet?
3497 3332 3615 3402 Ipsa

2029 3405 2170 3460 enim
2193 3405 2334 3462 dicta
2360 3418 2443 3463 est
2478 3420 2615 3466 terra
2647 3416 3015 3482 promissionis
3040 3461 3054 3485 ,
3087 3427 3226 3474 terra
3260 3419 3431 3476 ﬁuens
3459 3423 3538 3478 lac
3561 3434 3616 3478 et

2029 3498 2135 3553 mel
2159 3497 2354 3570 (Exod.
2378 3518 2456 3569 ιιι,
2484 3503 2536 3569 8,
2560 3505 2670 3574 l7).
2705 3506 2857 3572 Quod
2880 3518 3049 3565 totum
3074 3511 3338 3581 signiﬁcat
3367 3515 3614 3585 gratiam,

2029 3591 2085 3646 in
2127 3608 2229 3663 qua
2279 3604 2523 3664 gustatur
2575 3613 2734 3668 quam
2779 3602 2958 3657 suavis
3005 3613 3087 3658 est
3132 3605 3386 3662 Dominus
3443 3606 3616 3678 (Psal.

2029 3700 2216 3753 xxxnt,
2248 3686 2344 3758 8);
2378 3690 2443 3744 ad
2467 3707 2626 3759 quam
2655 3708 2759 3748 non
2804 3711 2991 3750 omnes
3021 3697 3266 3755 homines
3298 3701 3568 3770 pertinent
3597 3719 3614 3756 :

2031 3794 2137 3833 non
2161 3780 2303 3835 enim
2329 3782 2564 3837 omnium
2591 3795 2674 3840 est
2697 3784 2830 3841 ﬁdes
2860 3786 2924 3857 (Il
2946 3788 3125 3844 Thess.
3149 3807 3226 3855 ιιι,
3259 3791 3335 3862 2).
3373 3790 3496 3848 ldeo
3519 3791 3616 3847 ad-

2030 3875 2199 3944 didit,
2241 3877 2553 3934 Funiculum
2602 3881 2908 3937 heereditalis
2953 3893 3145 3939 vestrm.
3209 3885 3358 3942 Unde
3405 3888 3458 3942 in
3507 3888 3616 3943 alio

2031 3970 2259 4040 psalmo,
2282 3973 2448 4028 semel
2477 3973 2740 4040 Abrahae,
2772 3975 2912 4044 quod
2957 3986 3039 4031 est
3064 3977 3332 4045 Christus,
3366 3980 3620 4050 intelligi-

2033 4068 2120 4115 tur
2147 4061 2330 4132 loqui,
2364 4062 2452 4118 ubi
2478 4063 2606 4119 dicit
2635 4086 2648 4118 :
2679 4064 2851 4122 Funes
2893 4068 3179 4123 ceciderunt
3224 4070 3348 4124 mihi
3387 4071 3441 4124 in
3479 4087 3618 4140 prte-

2032 4151 2217 4219 claris;
2249 4155 2427 4208 etenim
2458 4157 2723 4212 hereditas
2750 4175 2859 4212 mea
2887 4161 3132 4227 pr'azclara
3179 4173 3254 4216 est
3282 4163 3405 4217 mihi
3441 4161 3614 4236 (Psal.

2033 4260 2126 4310 xv,
2157 4246 2235 4318 6).
2267 4247 2376 4302 Cur
2394 4258 2569 4303 autem
2601 4249 2740 4304 dicta
2780 4251 2851 4304 sit
2889 4260 3028 4306 terra
3055 4251 3328 4320 Chanaan,
3353 4255 3622 4326 interpre-

2033 4340 2163 4393 tatio
2191 4338 2350 4409 hujus
2378 4341 2608 4396 nominis
2629 4343 2826 4412 aperit;
2858 4342 3108 4399 Chanaan
3139 4345 3334 4416 quippe
3358 4347 3621 4419 interpre-

2033 4438 2176 4486 tatur
2202 4431 2448 4488 Humilis.
2472 4434 2625 4502 Quod
2657 4436 2700 4490 si
2729 4436 2795 4491 ad
2827 4437 2968 4491 illam
3010 4439 3270 4494 referatur
3295 4441 3620 4496 sententiam

2032 4523 2202 4578 sancti
2229 4523 2360 4591 Noe,
2385 4540 2489 4595 qua
2517 4526 2764 4582 eumdem
2791 4527 3041 4584 Chanaan
3082 4531 3216 4585 dixit
3244 4530 3476 4586 futurum
3507 4547 3620 4589 ser-

2033 4631 2158 4670 vum
2210 4616 2428 4672 fratrum
2475 4633 2694 4674 suorum
2745 4619 2898 4691 (Cen.
2931 4637 2981 4676 ix
3007 4663 3022 4688 ,
3044 4620 3169 4695 25),
3200 4623 3323 4680 hinc
3347 4634 3428 4679 est
3458 4625 3620 4680 etiam

2033 4708 2244 4762 servilis
2290 4709 2470 4764 timor.
2522 4709 2711 4766 Servus
2737 4722 2906 4766 autem
2951 4731 3051 4767 non
3082 4724 3251 4768 manet
3293 4716 3348 4769 in
3387 4716 3620 4771 domoin

2033 4810 2309 4868 internum;
2346 4803 2486 4870 ﬁlius
2523 4814 2690 4859 manet
2726 4805 2780 4858 in
2829 4815 3070 4860 teternum
3097 4806 3274 4876 (Joan.
3320 4823 3446 4874 vnt,
3502 4808 3617 4879 35).

2033 4895 2161 4951 ideo
2184 4896 2403 4951 excluso
2439 4895 2761 4962 Chananzeo,
2793 4900 2952 4953 datur
2981 4909 3117 4953 terra
3139 4900 3509 4969 promissionis
3537 4915 3624 4954 se-

2034 4987 2164 5042 mini
2192 4988 2440 5044 Abrahte.
2472 4989 2851 5044 Consummata
2882 4989 3024 5044 enim
3062 4989 3294 5044 charitas
3323 4989 3618 5043 forasmit-

2035 5081 2099 5136 tit
2120 5081 2362 5136 timorem
2387 5083 2404 5151 (
2430 5081 2620 5136 IJoan.
2642 5085 2717 5149 ιν,
2750 5083 2864 5153 l8),
2883 5091 2938 5136 ut
2967 5082 3104 5136 ﬁlius
3131 5092 3341 5138 maneat
3380 5099 3432 5136 ιιι
3458 5082 3620 5138 domo

2035 5176 2091 5231 in
2116 5183 2396 5231 aeternum.
2414 5175 2568 5234 Unde
2591 5178 2789 5233 dictum
2820 5188 2940 5246 est,
2971 5177 3038 5231 Et
3062 5177 3163 5248 ipsi
3185 5174 3350 5231 Israel
3377 5177 3430 5230 in
3467 5185 3622 5232 testa-

2034 5279 2258 5325 mentum
2283 5280 2544 5326 (sternam.

2105 5361 2159 5418 8.
2193 5361 2341 5437 [vers.
2388 5363 2500 5437 12.]
2531 5365 2790 5434 Deinceps
2817 5363 3122 5433 exsequitur
3148 5361 3421 5418 historiam
3444 5363 3496 5418 in
3525 5362 3620 5418 Li-

2032 5456 2251 5514 brorum
2289 5467 2594 5513 sanctorum
2639 5458 2860 5513 veritate
2907 5456 3257 5510 notissimam.
3287 5452 3414 5512 Cum
3461 5464 3621 5511 essent

2033 5565 2241 5604 numero
2262 5549 2413 5615 brevi,
2437 5551 2726 5620 paucissimi
2746 5557 2792 5602 et
2813 5549 2994 5602 incola:
3011 5549 3066 5602 in
3082 5565 3174 5602 ea:
3198 5548 3250 5603 id
3274 5559 3378 5617 est,
3401 5550 3455 5603 in
3479 5557 3621 5603 terra

1977 5706 1980 5711 _
2034 5643 2309 5700 Chanaan.
2334 5643 2555 5711 Quando
2593 5643 2663 5696 ibi
2693 5650 2870 5713 patres
2890 5641 3267 5699 habitaverunt
3305 5641 3576 5697 Abraham
3599 5681 3619 5703 .

2034 5737 2182 5793 Isaae
2202 5745 2255 5792 et
2269 5735 2453 5802 Iacob,
2474 5745 2756 5806 antequam
2771 5750 2888 5791 eam
2907 5736 3213 5807 acciperent
3229 5733 3619 5799 brereduatem,

2039 5832 2094 5891 in
2120 5829 2325 5888 semine
2353 5843 2451 5891 suo
2479 5828 2782 5900 paucissimi
2807 5838 2980 5898 erant,
2999 5828 3256 5885 etincola:
3279 5826 3332 5880 in
3365 5839 3447 5881 ea.
3473 5822 3622 5878 Non.
3665 5891 3668 5894 ἢ
