4090 6510
321 5163 388 5210 \-\

447 377 590 450 15$

440 509 577 568 nulli
603 511 784 564 autem
810 499 1023 562 cetllccs
1040 489 1398 562 habent,non,
1420 489 1709 564 paucissimi
1737 497 1782 542 et
1810 483 2029 548 incolae;

441 605 536 665 sed
557 647 574 672 ,
604 598 936 676 paucissimas
973 601 1020 650 et
1040 591 1254 649 incolas.
1284 589 1384 647 Ubi
1413 594 1635 658 apparet
1676 598 1769 642 eos
1798 580 1889 653 qui
1930 579 2028 634 ista

438 699 514 755 ita
545 689 872 765 interpretati
901 695 1044 754 sunt,
1076 695 1303 756 graecam
1330 677 1493 735 fuisse
1523 676 1846 732 locutionem
1874 685 2031 728 secu-

438 794 526 845 tos
552 832 566 854 ,
601 801 719 859 qua:
759 777 1033 840 transferri
1073 792 1178 832 non
1209 781 1383 846 potest
1410 772 1462 827 in
1488 770 1708 825 latinum
1734 809 1750 835 ,
1779 767 1877 822 nisi
1906 781 2028 850 cum

440 899 503 940 ea
535 855 879 942 absurditate,
907 887 1025 945 qua:
1055 869 1182 925 ferri
1212 867 1427 922 omnino
1454 879 1559 918 non
1593 862 1781 934 possit.
1805 855 1859 916 Si
1886 857 2028 912 enim

440 983 608 1030 totam
636 972 804 1042 ipsam
831 966 1151 1022 locutionem
1185 957 1475 1016 transferre
1516 963 1773 1010 ‘conemur
1796 994 1811 1018 ,
1835 946 2028 1005 dicturi

441 1078 658 1125 sumus,
683 1058 747 1114 In
771 1075 829 1114 eo
853 1073 960 1113 esse
1002 1055 1119 1110 illos
1154 1066 1361 1107 numero
1410 1047 1579 1112 brevi,
1611 1043 1939 1116 paucissimos
1983 1049 2030 1127 et

440 1156 637 1212 incolas
660 1154 716 1207 in
743 1169 802 1206 ea
828 1150 922 1221 (a).
949 1145 1100 1217 Quod
1125 1152 1301 1200 autem
1328 1142 1401 1196 ait
1424 1153 1649 1212 grmcus,
1668 1131 1736 1191 In
1754 1151 1813 1190 eo
1839 1151 1943 1189 esse
1963 1131 2028 1188 il-

443 1255 540 1316 los,
564 1245 666 1301 hoc
693 1251 774 1300 est
795 1242 979 1303 latine,
1007 1238 1133 1292 Cum
1161 1242 1322 1291 essent
1347 1249 1366 1288 :
1395 1231 1536 1304 quod
1563 1230 1782 1285 verbum
1805 1245 1909 1282 non
1933 1231 2032 1296 po-

443 1346 549 1395 test
577 1349 732 1392 casus
774 1332 1104 1390 accusativus
1148 1325 1339 1398 sequi,
1373 1323 1469 1380 sed
1501 1321 1874 1377 nominativus.
1901 1316 2060 1398 Quis:-

444 1431 587 1490 enim
613 1429 774 1495 dicat,
794 1427 925 1483 Cum
952 1431 1132 1480 essent
1151 1415 1541 1492 paucissimos?
1560 1413 1676 1480 sed,
1697 1411 1832 1468 Cum
1853 1392 2034 1466 esseni

444 1521 770 1595 paucissimi.
2031 1499 2034 1502 ί

518 1614 571 1672 9.
602 1612 770 1686 [cem
811 1605 1040 1682 1545.]
1072 1624 1091 1659 ι
1125 1603 1258 1660 Cum
1296 1619 1314 1654 ι
1348 1612 1476 1670 ergo
1513 1613 1537 1651 ‹
1581 1601 1764 1652 essent
1807 1601 2034 1649 numero

444 1707 638 1764 breves
661 1747 676 1772 ,
709 1723 729 1758 ι
762 1703 849 1760 vel
873 1745 888 1770 ,
922 1720 942 1754 ‹
973 1705 1198 1756 numero
1217 1694 1407 1760 brevi,
1432 1691 1736 1764 paucissimi
1765 1697 1819 1745 et
1844 1687 2033 1743 ineolm

443 1802 503 1858 in
532 1815 616 1865 ea;
651 1798 977 1855 transierunt
1003 1794 1069 1849 de
1095 1799 1251 1861 gente
1278 1789 1331 1843 in
1360 1793 1592 1858 gentem,
1615 1791 1668 1838 et
1689 1781 1756 1837 de
1785 1795 1951 1850 regno
1980 1777 2032 1834 in

444 1890 700 1964 populum
731 1890 971 1944 alterum.
1018 1901 1037 1937 ι
1064 1881 1329 1952 Repetitio
1363 1887 1444 1933 est
1465 1877 1580 1946 ejus
1610 1873 1754 1944 quod
1783 1873 1990 1927 dixerat
2015 1913 2030 1938 ,

452 2003 478 2039 ο
501 1986 572 2042 de
593 1994 754 2057 gente
792 1984 844 2037 in
881 1989 1114 2053 gentem.
1144 1975 1258 2030 Non
1289 1970 1493 2028 dimisit
1521 1967 1791 2023 hominem
1837 1971 2032 2019 nocere

443 2079 526 2136 eis
555 2097 570 2133 :
607 2056 630 2130 ἰ
664 2077 718 2132 id
741 2084 843 2142 est,
867 2088 971 2128 non
1001 2067 1263 2141 permisit.
1294 2063 1478 2120 Graeca
1505 2069 1680 2115 autem
1709 2056 1905 2113 locutio
1930 2063 2030 2119 εει,

443 2186 626 2228 nocere
646 2168 762 2222 illos
783 2181 803 2231 ,°
821 2165 986 2220 latina
1023 2176 1149 2217 vero
1173 2200 1188 2226 ,
1216 2172 1393 2212 nocere
1421 2154 1542 2208 illis.
1572 2147 1641 2207 It't
1667 2148 1912 2218 corripuit
1941 2163 2032 2218 pro

444 2267 518 2321 eis
547 2271 705 2335 reges.
737 2259 913 2314 Nolite
941 2300 954 2323 ,
985 2256 1178 2326 inquit,
1213 2261 1417 2323 tangere
1454 2247 1667 2303 chrisws
1688 2261 1824 2299 meos
1851 2286 1867 2311 ,
1892 2251 1942 2298 et
1981 2239 2033 2297 in

443 2354 705 2428 prophetis
728 2351 851 2406 meis
877 2348 1031 2403 nolite
1055 2345 1344 2416 malignari.
1374 2341 1547 2396 Verba
1580 2338 1713 2393 dixit
1739 2337 1829 2391 Dei
1859 2335 2034 2391 corri-

442 2445 638 2516 pientis
663 2442 748 2497 vel
769 2440 1040 2511 arguentis
1067 2450 1239 2506 reges,
1267 2448 1336 2488 ne
1361 2430 1619 2486 laederent
1648 2429 1664 2460 ¹
1693 2435 1907 2482 sanctos
1938 2439 2033 2493 pa-

442 2547 576 2603 tres,
609 2550 731 2591 cum
759 2541 939 2589 essent
969 2543 1192 2584 numero
1219 2527 1428 2588 breves,
1460 2533 1514 2578 et
1543 2520 1846 2592 paucissimi
1874 2523 2034 2587 atque

442 2628 630 2688 incolae
649 2628 702 2682 in
723 2634 864 2681 terra
888 2621 1161 2678 Chanaan.
1183 2617 1312 2684 Quae
1339 2614 1499 2670 verba
1520 2614 1645 2668 licet
1669 2611 1721 2664 in
1747 2607 1896 2664 libris
1922 2607 2037 2679 ejus

442 2719 682 2776 historia:
697 2731 801 2771 non
819 2715 1079 2784 legantur,
1094 2719 1268 2764 tamen
1281 2703 1617 2776 intelligenda
1632 2707 1755 2758 sunt
1769 2701 1853 2756 vel
1870 2700 2040 2754 laten-

443 2819 526 2868 ter
549 2810 711 2874 dicta,
734 2808 872 2862 sicut
898 2806 1037 2860 Deus
1053 2803 1108 2857 in
1137 2800 1410 2856 hominum
1427 2797 1678 2852 cordibus
1696 2793 1930 2865 loquitur
1947 2803 2038 2847 oc-

442 2904 604 2962 cultis
613 2911 668 2958 et
677 2900 954 2956 veraeibus
965 2895 1200 2961 visis,vel
1214 2893 1370 2949 etiam
1387 2890 1748 2962 perﬁngelum
1762 2899 2034 2957 espressa.

444 2995 577 3051 Nam
595 3004 647 3048 et
662 3008 756 3048 rex
773 2991 1028 3047 Gerarum
1043 2997 1098 3044 et
1114 3002 1207 3042 rex
1220 2985 1592 3055 Egyptiorum
1603 2979 1851 3036 divinitus
1864 2977 2042 3032 admo-

445 3086 544 3143 niti
573 3094 697 3141 sunt
723 3099 792 3140 ne
819 3089 1073 3138 nocerent
1097 3078 1324 3134 Abrahae
1353 3074 1504 3149 (Gen.
1531 3087 1626 3141 xu,
1658 3071 1835 3137 17-20;
1868 3075 1914 3125 et
1939 3085 2032 3136 xx,

443 3175 524 3250 5),
542 3186 595 3232 et
616 3193 708 3232 rex
739 3175 872 3230 alius
899 3189 964 3230 ne
982 3180 1198 3228 noceret
1221 3169 1364 3223 Isaac
1383 3165 1491 3236 (Id.
1513 3180 1660 3230 xxvr,
1677 3162 1858 3234 8-H),
1876 3170 1929 3216 et
1945 3160 2035 3216 alii

443 3287 518 3328 ne
543 3279 798 3326 nocerent
821 3268 988 3326 Jacob
1018 3265 1128 3339 (Μ.
1157 3259 1519 3332 xxxi-xxxiii);
1551 3273 1673 3313 cum
1700 3266 1880 3312 essent
1901 3267 2036 3325 pau-

444 3365 646 3422 cissimi
675 3374 728 3419 et
754 3361 1262 3429 incolm,antequam
1288 3356 1354 3410 ad
1378 3352 1708 3409 incolendam
1739 3347 2029 3421 Egyptu‘m

444 3474 568 3516 cum
591 3457 714 3512 filiis
739 3457 849 3512 suis
871 3454 1121 3510 transiret
1149 3449 1315 3506 Jacob
1339 3467 1352 3502 :
1379 3446 1521 3519 quod
1548 3445 1860 3516 intelligitur
1891 3445 1942 3498 in
1967 3459 2032 3498 eo

445 3555 921 3606 commemoratum
952 3583 971 3612 ,
997 3541 1138 3614 quod
1166 3541 1241 3596 ait
1263 3583 1278 3606 ,
1317 3537 1650 3593 Transierunt
1697 3535 1760 3588 de
1802 3539 1948 3606 gente
1984 3535 2038 3588 in

446 3650 665 3712 gentem,
687 3639 752 3692 de
775 3652 928 3708 regno
954 3637 1008 3689 in
1029 3635 1272 3706 populum
1297 3630 1533 3686 alterum.
1561 3627 1668 3684 Sed
1698 3629 1817 3698 quia
1846 3639 2037 3683 occur-

444 3733 600 3788 rebat
645 3743 889 3801 quaerere
912 3769 928 3795 ,
961 3736 1245 3796 antequam
1290 3723 1577 3779 transirent
1622 3727 1676 3777 et
1715 3721 1772 3776 in
1801 3719 2035 3791 Egyptu

445 3823 949 3893 multiplicarentur,
967 3813 1235 3891 quomodo
1251 3830 1474 3872 numero
1489 3816 1700 3881 breves,
1726 3809 2034 3884 paucissimi

449 3923 506 3972 et
530 3915 716 3971 incolae
736 3915 789 3969 in
817 3913 989 3968 aliena
1009 3920 1148 3966 terra
1174 3908 1462 3980 perdurare
1485 3911 1787 3976 potuerunt,
1819 3909 2038 3959 secutus

451 4007 718 4079 adjunxit,
739 4005 863 4062 Non
891 4004 1115 4077 permisit
1136 4003 1386 4058 hominem
1411 4013 1590 4055 nocere
1612 3997 1702 4066 eis,
1726 4007 1772 4052 et
1795 3997 2040 4067 corripuit

449 4117 544 4170 pro
569 4099 637 4154 eis
661 4115 823 4169 reges.
859 4095 1036 4150 Nolite
1075 4106 1280 4166 tangere
1323 4092 1536 4147 ehristos
1565 4103 1700 4144 meos
1727 4132 1742 4159 ,
1768 4097 1814 4143 et
1837 4089 1890 4143 in
1921 4103 2041 4160 pro-

452 4192 618 4264 phetis
644 4192 765 4246 meis
790 4189 944 4244 nolite
967 4186 1258 4258 malignari.

525 4284 613 4339 10.
647 4284 829 4338 Potest
856 4289 1034 4335 autem
1063 4278 1256 4334 merito
1283 4287 1498 4329 movere
1527 4270 1796 4344 quomodo
1839 4268 2038 4324 fuerint

451 4374 641 4432 christi
670 4373 943 4444 appellati,
969 4379 1252 4442 antequam
1283 4374 1426 4422 esset
1453 4364 1634 4419 unctio
1655 4405 1669 4428 ,
1701 4368 1773 4417 ex
1805 4371 1907 4431 qua
1935 4361 2037 4415 hoc

451 4481 650 4523 nomen
679 4465 984 4534 impositum
1027 4470 1110 4516 est
1134 4458 1351 4530 regibus
1381 4476 1392 4512 :
1426 4455 1566 4527 quod
1593 4471 1622 4509 a
1652 4453 1812 4510 Saﬁle
1837 4451 1997 4521 coepit
2021 4493 2036 4518 ,

452 4559 538 4618 cui
566 4555 730 4611 David
755 4555 1013 4610 successit
1033 4553 1086 4606 in
1110 4563 1296 4622 regno;
1327 4559 1488 4619 atque
1519 4547 1640 4601 inde
1667 4544 1847 4600 caueri
1872 4553 1926 4599 et
1947 4557 2036 4598 re-

452 4665 548 4722 ges
571 4649 723 4706 Judte
755 4657 811 4702 et
849 4649 1005 4716 reges
1043 4643 1208 4698 lsrael
1232 4641 1635 4698 continuatione
1660 4645 1881 4692 sacratae
1907 4649 2038 4690 con-

454 4741 751 4800 suetudinis
773 4738 1142 4810 unguebantur
1172 4754 1185 4789 :
1219 4735 1271 4788 in
1303 4749 1407 4804 qua
1435 4731 1684 4786 unctione
1720 4728 2044 4799 ﬁgurabatur

411 4819 593 4914 Eunus
620 4849 779 4889 verus
798 4831 1038 4886 Christus
1059 4867 1074 4893 ,
1105 4827 1190 4882 cui
1216 4825 1415 4880 dictum
1447 4832 1546 4888 est,
1575 4819 1732 4876 Unxit
1757 4829 1805 4873 te
1823 4860 1838 4886 ,
1869 4818 2038 4884 Deus,

425 4909 595 4981 :“Dcus
617 4935 732 4978 tuus
751 4922 865 4977 oleo
885 4917 1236 4976 multationis
1263 4931 1370 4985 pra:
1389 4911 1718 4985 participibus
1748 4909 1846 4965 tuis
1867 4909 2038 4982 (Psal.

426 4989 611 5109 ifxuv,
644 5016 724 5087 8).
748 5013 902 5071 Unde
941 5025 1069 5082 ergo
1090 5010 1162 5065 illi
1186 5009 1296 5078 jam
1337 5016 1464 5061 tunc
1487 5005 1672 5061 christi
1702 5003 2043 5074 appellaban-

456 5109 587 5164 tur?
616 5107 745 5161 Nam
775 5103 1062 5174 prophetas
1081 5113 1176 5156 eos
1199 5098 1378 5164 fuisse,
1402 5097 1628 5168 legimus
1656 5093 1724 5149 de
1750 5092 2040 5158 Abraham;

442 5202 514 5254 'et
542 5199 754 5268 utique,
783 5194 926 5266 quod
956 5193 1025 5250 de
1053 5191 1144 5246 illo
1170 5189 1454 5245 manifeste
1483 5187 1682 5242 dictum
1713 5194 1794 5240 est
1812 5223 1828 5251 ,
1860 5184 1963 5239 hoc
1989 5190 2046 5238 et

456 5291 524 5345 de
593 5289 696 5343 illis
749 5283 1142 5356 intelligendum
1195 5291 1297 5337 est.
1343 5282 1423 5334 An
1478 5279 1600 5333 ideo
1653 5277 1872 5342 Christi,
1921 5277 2044 5346 quia

456 5381 665 5440 etiamsi
695 5381 936 5444 latenter,
953 5377 1063 5447 jam
1091 5385 1266 5430 tamen
1297 5371 1570 5428 christiani
1591 5370 1615 5422 ?
1635 5369 1880 5438 quamvis
1903 5368 2045 5422 enim

455 5489 582 5531 caro
609 5469 806 5527 Christi
825 5485 895 5527 ex
921 5469 1056 5535 illis,
1081 5476 1260 5522 tamen
1286 5463 1529 5520 Christus
1556 5469 1680 5516 ante
1709 5459 1828 5513 illos
1860 5475 1872 5510 :
1901 5457 2043 5528 quod

457 5574 516 5623 et
537 5562 738 5621 Judaei:
761 5559 1057 5632 respondit,
1078 5557 1284 5623 dicens,
1306 5555 1587 5626 Antequam
1613 5550 1868 5607 Abraham
1883 5550 2045 5620 ﬁeret,

519 5721 545 5794 f
572 5722 646 5794 Sic
668 5728 769 5794 A_m.
791 5723 867 5770 Er.
894 5725 949 5772 et
969 5714 1139 5783 plures
1157 5722 1267 5767 Mss.
1302 5713 1389 5765 Alii
1425 5727 1546 5765 vero
1565 5726 1674 5765 cum
1697 5719 1830 5774 Lov.,
1866 5723 1926 5763 ne
1961 5723 2046 5764 ne-

459 5781 714 5918 ωῗιῗίεὲιῗ
735 5845 783 5898 ω
973 5847 1143 5898 σιω
1178 5837 1387 5894 nam
1422 5837 1658 5903 bracheis,
1693 5835 1948 5902 urgeam
1968 5833 2052 5886 kat

459 5896 718 5977 pa‘rbiltous
739 5896 798 5961 en
819 5896 946 5959 aue.

1657 364 1720 425 s.
1756 334 2125 419 Ausustmt
2165 345 2468 416 EPlSCOPl

3581 376 3725 440 1396

2139 499 2229 556 ego
2254 500 2386 539 sum.
2411 484 2690 572 Quomodo
2713 494 2907 574 autem
2926 487 3069 546 hunc
3090 479 3165 546 illi
3192 490 3524 566 ignorarent,
3543 503 3638 554 aut
3668 495 3723 560 in

2132 590 2254 631 eum
2289 593 2394 632 non
2424 575 2706 635 crederent
2735 596 2749 647 ;
2780 596 2900 635 cum
2930 589 3211 655 pr0pterea
3257 583 3529 654 propheta:
3568 585 3724 650 dice-

2131 673 2317 725 rentur
2345 664 2464 754 quia
2491 669 2614 730 licet
2638 675 2917 742 occultius,
2950 685 3124 732 tamen
3156 677 3436 736 Dominum
3466 659 3726 752 praenun-

2133 764 2370 820 tiabant?
2399 763 2551 823 Unde
2587 776 2767 838 aperte
2798 769 2910 839 ipse
2938 769 3100 824 dicit:
3130 769 3388 824 Abraham
3433 773 3726 844 concupiuit

2131 858 2309 946 videre
2326 859 2459 946 diem
2478 877 2662 928 meum,
2685 870 2730 914 et
2749 861 2890 930 vidit,
2907 871 2956 916 et
2975 862 3176 934 gavisus
3197 871 3269 942 est
3294 861 3473 934 (Joan.
3496 879 3614 931 vnt,
3634 865 3726 932 58,

2132 948 2246 1020 56).
2278 940 2392 1005 Non
2421 952 2560 1006 enim
2587 951 2866 1024 quisquam
2890 964 3083 1025 prteter
3118 939 3272 1008 istam
3303 953 3462 1010 fidem
3491 972 3616 1028 quin
3644 966 3730 1014 est

2132 1043 2186 1098 in
2223 1039 2436 1100 Christo
2472 1037 2604 1100 Jesu‘
2624 1087 2639 1110 ,
2668 1045 2780 1100 sive
2822 1055 2946 1100 ante
2970 1041 3084 1117 ejus
3113 1046 3534 1102 incarnationem
3559 1090 3574 1114 ,
3608 1049 3728 1106 sive

2133 1141 2314 1207 postea
2339 1178 2354 1202 ,
2386 1137 2758 1192 reconciliatus
2801 1147 2884 1218 est
2934 1137 3070 1204 Deo;
3103 1153 3222 1193 cum
3262 1139 3332 1194 sit
3364 1139 3430 1196 ab
3470 1142 3732 1210 Apostoio

2132 1228 2475 1284 veracissime
2505 1227 2782 1285 definitum
2807 1248 2822 1286 :
2859 1227 3001 1284 Unus
3027 1229 3159 1284 enim
3188 1229 3357 1297 Deus,
3382 1239 3430 1286 et
3457 1248 3590 1288 unus
3621 1250 3730 1286 me-

2135 1321 2300 1377 diator
2340 1319 2440 1376 Dei
2469 1331 2516 1378 et
2558 1324 2819 1380 hominum
2842 1366 2857 1394 ,
2882 1323 3030 1379 homo
3061 1322 3289 1381 Christus
3317 1325 3469 1381 Iesus
3500 1324 3564 1399 (l
3589 1324 3731 1381 Tim.

2133 1431 2191 1480 ιι,
2228 1415 2305 1488 5).

2144 1581 2146 1584 ι
2206 1505 2290 1562 ll.
2323 1499 2472 1582 [vers.
2521 1503 2634 1584 16.]
2656 1503 2862 1566 Deinde
2884 1509 2993 1582 jam
3016 1526 3235 1567 narrare
3257 1511 3439 1584 incipit
3459 1512 3732 1585 quomodo

2134 1600 2331 1656 factum
2383 1597 2452 1656 sit
2497 1611 2556 1658 ut
2603 1603 2893 1658 transirent
2921 1603 2988 1658 de
3028 1613 3189 1676 gente
3213 1603 3264 1657 in
3295 1613 3508 1674 gentem
3537 1645 3554 1672 ,
3579 1613 3635 1660 et
3661 1604 3730 1660 de

2138 1712 2306 1769 regno
2352 1695 2404 1753 in
2455 1691 2710 1769 pepulutn
2751 1699 2998 1754 alterum.
3032 1716 3050 1749 ι
3087 1699 3153 1756 Ει
3180 1699 3389 1754 vocavit
3412 1739 3426 1762 ,
3461 1718 3481 1752 ι
3517 1699 3730 1770 inquit,

2142 1787 2389 1844 (famem
2432 1806 2593 1872 super
2647 1801 2879 1856 terram;
2922 1806 3081 1846 omne
3133 1790 3524 1848 firmamentum
3578 1793 3733 1862 panis

2136 1883 2405 1938 contrivit.
2440 1883 2581 1938 Misit
2617 1893 2738 1939 ante
2767 1899 2859 1940 eos
2892 1883 3094 1951 virum;
3125 1884 3178 1939 in
3209 1900 3420 1941 servum
3448 1885 3732 1942 venunda-

2137 1985 2222 2030 tus
2250 1984 2335 2032 est
2357 1965 2578 2049 .ioseph.
2617 1995 2636 2028 ι
2666 1975 2765 2032 Per
2797 1975 2898 2032 hoc
2927 1975 3123 2032 factum
3157 1985 3240 2030 est
3267 1984 3324 2031 ut
3353 1977 3644 2032 transirent
3666 1976 3734 2034 de

2135 2081 2294 2142 gente
2324 2069 2375 2124 in
2405 2079 2617 2141 gentem
2643 2111 2657 2136 ,
2689 2068 2756 2124 de
2787 2084 2955 2140 regno
2984 2071 3034 2124 in
3068 2070 3319 2140 populum
3345 2071 3597 2125 alterum.
3625 2069 3732 2126 Sed

2137 2177 2245 2215 non
2275 2170 2398 2216 sunt
2423 2160 2750 2231 negligenter
2783 2161 3164 2234 prmtereuuda:
3191 2159 3584 2232 Scripturarum
3607 2176 3734 2218 san-

2138 2262 2346 2308 ctarum
2377 2252 2692 2308 locutiones.
2732 2251 2966 2319 Vocavit,
2997 2253 3205 2323 inquit,
3235 2253 3422 2323 famem
3445 2271 3598 2324 super
3625 2263 3735 2308 ter-

2138 2363 2248 2400 ram
2274 2345 2459 2418 :quasi
2491 2342 2658 2400 fames
2685 2345 2858 2415 aliqua
2891 2361 3114 2415 persona
3140 2346 3229 2412 sit,
3259 2345 3344 2401 vel
3372 2345 3585 2415 aliquod
3615 2345 3736 2400 ani-

2139 2447 2340 2492 malum
2372 2452 2585 2506 corpus,
2614 2431 2694 2492 vel
2724 2437 2914 2508 aliquis
2940 2437 3156 2508 spiritus
3186 2437 3275 2508 qui
3297 2437 3517 2492 obedire
3546 2446 3736 2508 posset

2141 2531 2372 2597 vocanti;
2404 2525 2521 2585 cum
2552 2530 2621 2584 sit
2649 2527 2815 2588 fames
2844 2546 2908 2586 ex
2942 2529 3114 2586 inedia
3142 2539 3412 2585 contracta
3445 2531 3735 2601 pernicies,

2141 2633 2299 2696 atque
2326 2617 2394 2677 ita
2424 2624 2492 2679 sit
2520 2623 2570 2677 in
2603 2625 2679 2678 eis
2705 2624 2792 2696 qui
2819 2639 2936 2678 eam
2967 2623 3256 2694 patiuntur,
3284 2634 3339 2683 ut
3367 2623 3558 2694 aliquis
3583 2640 3734 2679 mur-

2141 2716 2260 2771 bus.
2281 2715 2431 2796 Sicut
2453 2715 2594 2771 enim
2626 2715 2845 2771 morbus
2873 2725 3066 2774 utesse
3093 2715 3320 2780 desinat,
3347 2716 3404 2770 ﬁt
3422 2716 3738 2786 plerumque

2142 2823 2239 2880 per
2267 2807 2735 2874 medicamentum;
2753 2809 2829 2863 sic
2847 2818 2900 2862 et
2915 2807 3081 2862 fames
3111 2816 3326 2864 sanatur
3340 2807 3739 2878 quodammodo

2141 2917 2240 2971 per
2280 2899 2613 2956 alimentum.
2643 2899 2778 2972 Quid
2827 2908 2909 2956 est
2950 2913 3114 2970 ergo,
3157 2897 3360 2954 Vocavit
3404 2900 3737 2970 fautemI’An

2141 2993 2278 3049 forte
2309 2991 2407 3049 ista
2433 2993 2568 3048 mala
2599 3008 2717 3065 quae
2743 2993 3013 3064 patiuntur
3041 2991 3283 3047 homines
3301 3032 3314 3054 ,
3351 2990 3547 3048 habent
3575 3006 3739 3062 quos-

2141 3084 2264 3140 dam
2308 3079 2624 3156 prchositos
2669 3099 2796 3139 suos
2844 3088 3061 3154 angelos
3092 3083 3257 3138 malos
3290 3080 3434 3155 (nam
3465 3093 3519 3138 et
3545 3083 3598 3138 in
3627 3083 3734 3138 alio

2142 3176 2350 3247 psalmo
2379 3175 2508 3230 dicit
2534 3173 2862 3230 immissione
2890 3191 2985 3246 per
3013 3174 3227 3245 angelos
3249 3175 3417 3229 malos
3447 3174 3613 3230 Deum
3641 3174 3738 3232 h0-

2141 3271 2312 3325 miues
2343 3267 2597 3324 afﬂixisse
2615 3265 2786 3342 [PsaL
2811 3285 2878 3322 ιι
2891 3284 3015 3333 xvu,
3037 3266 3151 3340 49],
3179 3281 3285 3322 non
3312 3267 3492 3337 utique
3521 3275 3742 3324 errante

2137 3362 2400 3433 judicio),
2429 3369 2484 3416 et
2510 3359 2609 3415 hoc
2635 3370 2715 3416 est
2742 3357 2900 3427 forte,
2933 3357 3135 3413 Vocavit
3165 3360 3370 3428 (mnam,
3401 3359 3452 3413 id
3473 3367 3554 3414 est
3576 3375 3741 3430 ange-

2141 3455 2248 3509 lum
2282 3452 2611 3525 propositum
2654 3452 2839 3518 famis,
2873 3460 2927 3507 et
2956 3451 3072 3522 ejus
3095 3451 3172 3506 rei
3213 3451 3431 3505 nomine
3473 3450 3623 3521 cujus
3654 3461 3740 3507 est

2141 3545 2477 3618 pratpositus,
2497 3544 2861 3616 appellatum?
2890 3544 2964 3598 Ex
2992 3559 3094 3614 qua
3118 3543 3368 3614 opinione
3385 3543 3611 3599 Romani
3639 3560 3737 3600 ve-

2143 3647 2282 3693 teres
2313 3637 2568 3708 quosdam
2601 3635 2732 3692 deos
2776 3635 2910 3691 tales
2950 3644 3334 3692 consecrarunt
3357 3677 3372 3702 ,
3401 3637 3536 3692 sicut
3576 3637 3736 3694 deam

2140 3727 2389 3796 Febrem,
2419 3729 2686 3799 deumque
2714 3727 2997 3783 Pallorem.
3025 3719 3106 3782 An
3127 3727 3268 3797 quod
3294 3735 3376 3784 est
3403 3728 3737 3797 credibilius,

2151 3820 2358 3876 Vocavit
2379 3825 2586 3892 famem,
2621 3817 3020 3891 intelligendum
3050 3827 3132 3874 est
3155 3860 3170 3888 ,
3198 3819 3340 3875 Dixit
3365 3830 3422 3874 ut
3449 3817 3615 3876 fames
3643 3835 3738 3876 es-

2147 3921 2263 3980 set;
2293 3923 2351 3968 ut
2376 3911 2478 3968 hoc
2502 3911 2570 3967 sit
2597 3927 2811 3978 vocare,
2841 3911 2982 3981 quod
3011 3911 3310 3982 appellare;
3341 3910 3444 3972 hoc
3463 3911 3740 3982 appellare

2142 4007 2282 4080 quod
2311 4005 2522 4073 dicere;
2552 4006 2652 4061 hoc
2681 4005 2896 4074 dicere,
2928 4004 3070 4077 quod
3093 4005 3320 4076 jubere?
3348 4005 3480 4062 Nam
3514 4007 3602 4063 ille
3635 4021 3737 4062 vo-

2141 4098 2280 4154 cavit
2311 4097 2525 4164 famem,
2557 4097 2646 4168 qui
2670 4107 2811 4151 vocat
2835 4113 2893 4151 ea
2918 4113 3031 4168 qua:
3057 4115 3158 4152 non
3183 4107 3320 4162 sunt,
3355 4108 3595 4169 tanquam
3619 4114 3740 4170 quia

2142 4201 2258 4246 sunt
2289 4191 2325 4243 ⁸.
2353 4189 2463 4245 Nec
2491 4189 2560 4244 ibi
2589 4187 2879 4259 Apostolus
2909 4189 3078 4255 dixit,
3115 4190 3212 4256 Qui
3237 4202 3379 4248 vocat
3409 4208 3465 4246 ea
3490 4207 3606 4264 qua
3633 4209 3738 4248 non

2141 4295 2258 4340 sunt
2284 4328 2298 4353 ,
2330 4295 2386 4339 ut
2411 4285 2555 4350 sint;
2585 4281 2701 4350 sed,
2731 4295 2968 4353 tanquam
2995 4284 3094 4338 sint
3124 4285 3299 4353 (Rom.
3330 4301 3403 4352 tv,
3437 4286 3548 4357 Π).
3579 4285 3739 4355 Apud

2143 4379 2309 4432 Deum
2337 4376 2534 4447 quippe
2555 4376 2664 4447 jam
2710 4374 2907 4432 factum
2947 4384 3029 4431 ost
3071 4374 3211 4446 quod
3239 4375 3354 4446 ejus
3382 4376 3737 4446 dispositione

2143 4471 2376 4526 futurum
2419 4479 2536 4536 est;
2564 4470 2686 4540 quia
2730 4469 2797 4522 de
2829 4469 2919 4524 illo
2945 4469 3070 4524 alibi
3095 4469 3321 4535 dicitur,
3360 4470 3458 4537 Qui
3484 4471 3600 4542 fecit
3625 4486 3738 4539 qua

2142 4571 2315 4638 futura
2338 4574 2452 4621 sunt
2482 4563 2630 4638 (lsai.
2655 4580 2756 4618 ην
2776 4606 2792 4632 ,
2819 4565 2879 4618 Η
2911 4606 2926 4631 ,
2958 4580 3056 4618 sec.
3087 4561 3277 4634 LXX).
3307 4563 3375 4619 Et
3404 4563 3490 4618 hic
3525 4563 3740 4634 quando

2143 4659 2310 4713 fames
2336 4659 2468 4712 facta
2499 4664 2600 4722 est,
2631 4664 2759 4710 tunc
2784 4655 2922 4712 dicta
2952 4663 3034 4710 est
3054 4663 3262 4722 vocata,
3291 4655 3340 4710 id
3368 4665 3468 4720 est,
3499 4665 3557 4710 ut
3586 4655 3741 4710 ades-

2143 4759 2226 4807 set
2245 4767 2363 4822 qme
2384 4751 2490 4822 jam
2513 4747 2686 4804 fuerat
2708 4751 2760 4802 in
2781 4747 2895 4817 ejus
2921 4748 3126 4803 occulta
3149 4747 3533 4818 gubernatione
3559 4748 3741 4817 dispo-

2144 4845 2264 4902 sita.
2293 4843 2528 4913 Denique
2551 4841 2821 4916 quomodo
2841 4842 3109 4898 vocaverit
3131 4842 3344 4907 famem,
3366 4842 3542 4895 statim
3568 4858 3739 4912 expo-

2145 4935 2268 5001 suit,
2299 4933 2501 5001 dicens,
2529 4932 2690 4988 Omne
2705 4935 3080 5003 ﬁrmamentum
3103 4933 3249 5005 panis
3267 4933 3516 4987 contriuit.
3537 4933 3604 4988 Et
3627 4933 3742 4986 haec

2144 5027 2392 5082 inuisitata
2420 5024 2616 5080 locutio
2643 5032 2726 5080 est
2751 5041 2765 5079 :
2795 5023 3024 5078 contrivit
3045 5023 3186 5079 enim
3211 5023 3364 5091 dixit,
3395 5040 3490 5094 pro
3514 5040 3578 5080 eo
3601 5025 3741 5096 quod

2145 5129 2248 5190 est,
2289 5117 2637 5189 consumpsit.

2221 5209 2305 5267 12.
2348 5209 2498 5286 [vers.
2529 5205 2642 5282 17.]
2673 5203 2815 5260 Misit
2850 5215 2968 5265 ante
3001 5222 3086 5263 eos
3111 5205 3295 5264 virum.
3322 5206 3492 5284 Quem
3520 5208 3695 5265 virum
3720 5207 3742 5262 ?

2145 5304 2364 5375 Joseph.
2419 5298 2698 5372 Quomodo
2750 5297 3024 5353 misitHn
3071 5315 3269 5354 seruum
3312 5277 3626 5358 venundatus
3670 5310 3744 5354 est

2147 5396 2360 5469 Ioseph.
2408 5383 2611 5464 Nempe
2654 5390 2868 5462 quando
2909 5391 3102 5446 factum
3156 5401 3275 5458 est,
3302 5400 3574 5462 peceatum
3628 5403 3746 5448 erat

2149 5489 2370 5544 fratrum
2398 5526 2412 5552 ,
2443 5493 2496 5540 et
2538 5493 2715 5542 tamen
2756 5483 2895 5537 Deus
2938 5484 3082 5538 misit
3104 5483 3304 5554 Ioseph
3346 5484 3397 5539 in
3425 5483 3742 5557 Egyptian.

2149 5572 2406 5636 lutuenda
2463 5583 2547 5631 est
2609 5589 2737 5646 ergo
2785 5589 2874 5630 res
2923 5590 3110 5646 magna
3174 5584 3229 5631 et
3293 5577 3743 5646 pernecessaria,

2150 5669 2418 5745 quomodo
2465 5663 2603 5723 Deus
2645 5666 2782 5722 bene
2841 5676 3021 5722 utatur
3069 5668 3223 5724 malis
3273 5669 3524 5740 operibus
3570 5669 3744 5726 homi-

2215 5893 2234 5926 ι
2259 5896 2337 5941 Er.
2359 5896 2481 5940 ven.
2508 5869 2713 5950 cm,
2993 5888 3102 5940 sint.
3167 5896 3207 5940 tu
