4090 6478
336 371 476 428 1597

343 505 500 558 num,
532 477 672 548 sicut
706 487 783 548 illi
818 493 1007 550 contra
1046 475 1188 548 male
1227 495 1448 544 utuntur
1483 477 1641 543 bonis
1680 479 1930 556 operibus

331 581 458 644 Dei.
877 655 880 666 Ι
975 653 980 660 ι

405 676 498 732 i5.
547 675 697 751 (vers.
729 677 796 733 i8
819 719 835 744 ,
869 663 982 752 t9.]
1008 663 1256 734 Contexit
1284 675 1477 734 deinde
1525 677 1924 760 narrationem,

335 787 771 836 commemorans
818 791 935 848 quze
985 775 1260 846 pertulerit
1305 775 1506 848 Ioseph
1551 777 1602 831 in
1635 771 1928 833 humilitate

331 883 430 926 sua
453 908 471 930 ,
503 877 558 924 et
597 867 864 940 quomodo
895 867 1054 926 fuerit
1080 859 1412 928 sublimatus.
1441 859 1492 924 11
1500 867 1846 926 umiliaverunt
1875 872 1928 930 in

329 961 660 1032 compedibus
682 962 832 1034 pedes
859 964 1005 1034 ejus;
1026 965 1216 1038 Ierrum
1247 964 1532 1036 pertransiit
1553 963 1773 1018 animam
1796 961 1924 1036 eius,

331 1055 494 1110 donec
522 1054 708 1110 uertiret
729 1054 932 1112 verbum
953 1049 1080 1128 ejus.
1103 1051 1400 1130 Compedes
1419 1053 1632 1128 quidem
1659 1055 1928 1130 accepisse

331 1147 558 1220 Joscph,
585 1163 690 1204 non
717 1149 962 1222 legimus;
992 1147 1088 1206 sed
1121 1149 1312 1208 tactum
1345 1155 1484 1216 esse,
1517 1147 1733 1204 minime
1768 1145 1926 1204 dubi-

335 1243 552 1298 tandum
584 1252 686 1298 est.
716 1243 904 1313 Aliqua
933 1245 1073 1298 enim
1096 1244 1424 1312 praetermitti
1447 1252 1730 1314 potuerunt
1761 1243 1810 1297 in
1841 1231 1925 1298 illa

331 1334 556 1402 historia
583 1377 598 1400 ,
629 1351 748 1408 qua:
779 1344 954 1392 tamen
977 1335 1233 1406 Spiritum
1259 1347 1500 1391 sanctum
1533 1352 1636 1390 non
1675 1335 1922 1403 laterent,

329 1427 420 1498 qui
451 1428 508 1482 in
536 1427 620 1484 bis
647 1427 879 1502 loquitur
903 1428 1150 1484 Psalmis.
1184 1429 1404 1486 Ferrum
1432 1439 1606 1485 autem
1639 1429 1776 1500 quod
1801 1421 1926 1486 dicit

331 1523 688 1590 pertransisse
715 1523 945 1578 animam
975 1522 1112 1594 ejus,
1139 1523 1529 1578 tribulationem
1562 1522 1707 1578 dura:
1733 1540 1924 1579 neces-

329 1613 502 1666 sitatis
543 1615 832 1684 accipimus
875 1633 888 1668 :
930 1631 1032 1668 non
1092 1615 1232 1670 enim
1286 1630 1482 1686 corpus
1511 1658 1526 1682 ,
1560 1615 1651 1672 sed
1702 1617 1922 1670 animum

327 1703 484 1768 dixit,
515 1703 662 1762 Talis
689 1707 832 1762 enim
864 1706 1060 1762 locutio
1104 1715 1187 1762 cst
1230 1705 1472 1776 (prmium
1513 1707 1562 1761 in
1595 1707 1919 1778 Evangelia,

329 1800 418 1856 ubi
447 1799 668 1858 Simeon
699 1801 831 1856 dixit
857 1800 924 1858 ad
951 1801 1166 1858 Mariam
1203 1819 1216 1856 :
1253 1821 1270 1854 ι
1309 1801 1448 1858 Ecce
1479 1803 1678 1872 positus
1717 1811 1796 1856 cst
1837 1801 1923 1868 hic

327 1892 382 1948 in
411 1892 644 1958 ruinam,
675 1901 732 1948 et
755 1893 810 1950 in
837 1895 1285 1956 resurrectionem
1317 1895 1605 1952 multorum
1636 1896 1685 1950 in
1717 1895 1876 1952 Israel
1904 1937 1918 1960 ,

325 1995 384 2040 et
409 1985 464 2042 in
483 1984 690 2054 signum
711 1985 794 2042 cui
821 1985 1232 2052 contradicetur;
1252 1995 1304 2042 et
1329 1993 1470 2042 tuam
1499 1987 1661 2058 ipsius
1687 1987 1918 2042 animam

331 2080 646 2150 pertransiet
671 2079 912 2150 gladius,
943 2089 1004 2136 ut
1030 2081 1335 2162 reveletitur
1359 2096 1423 2138 ex
1457 2081 1636 2144 multis
1671 2080 1920 2162 cordibus

326 2172 678 2242 cogitationes
709 2171 876 2244 (Luc.
897 2188 955 2238 ιι,
985 2173 1074 2242 54,
1105 2157 1216 2244 '53).
1247 2172 1430 2230 Passio
1458 2174 1654 2244 quippe
1683 2157 1914 2243 Domini,

323 2281 446 2338 qua
486 2265 670 2330 multis
693 2269 848 2324 ruina
877 2266 974 2322 iuit
995 2307 1012 2334 ,
1037 2275 1092 2322 et
1133 2267 1184 2322 in
1215 2282 1316 2338 qua
1349 2268 1634 2324 multorum
1675 2257 1914 2324 cordium

323 2357 535 2414 occulta
573 2367 896 2430 patuerunt,
921 2358 1172 2432 quoniam
1201 2374 1512 2428 expressum
1557 2368 1640 2416 est
1683 2359 1808 2430 quid
1849 2357 1916 2418 de

323 2449 554 2506 Dentino
593 2451 933 2520 sentiebant,
961 2460 1016 2506 et
1043 2451 1212 2522 ipsam
1258 2453 1373 2522 ejus
1413 2460 1635 2508 matrem
1680 2451 1916 2522 graviter

322 2542 524 2602 carnali
569 2543 798 2600 orbitate
841 2557 1150 2614 percussam
1193 2544 1308 2600 sine
1352 2541 1512 2600 dubio
1559 2545 1909 2602 contristavit.

321 2635 378 2692 In
425 2636 514 2700 illa
561 2651 692 2694 vero
731 2637 1068 2694 tribulatione
1109 2636 1208 2694 fuit
1246 2635 1444 2710 Joscph
1475 2679 1488 2700 ,
1519 2637 1675 2692 donec
1727 2639 1914 2708 veniret

321 2727 526 2786 sorbum
595 2731 744 2801 ejus,
819 2743 926 2800 quo
985 2728 1156 2786 fuerat
1211 2729 1585 2800 interpretatus
1653 2729 1912 2784 veracitér

321 2821 528 2878 somnia
561 2837 576 2874 :
605 2821 746 2878 unde
769 2822 1178 2878 commendatus
1228 2831 1308 2878 cst
1357 2822 1464 2892 rogi
1491 2864 1504 2888 ,
1533 2831 1588 2876 ut
1631 2822 1788 2878 etiam
1836 2822 1908 2878 illi

321 2911 388 2970 de
405 2913 632 2970 somniis
651 2914 768 2983 ejus
791 2913 962 2970 futura
986 2914 1296 2983 praediceret
1321 2913 1470 2986 (Gen.
1493 2915 1618 2984 xu).
1649 2913 1751 2970 Sed
1775 2929 1908 2984 quo-

319 3009 462 3066 niam
491 3009 660 3076 dixit,
687 3009 845 3066 donec
879 3010 1062 3064 veniret
1087 3009 1288 3064 uerbum
1320 3011 1429 3082 ejus
1451 3051 1468 3074 ,
1489 3025 1556 3066 ne
1581 3009 1722 3064 omni
1751 3007 1909 3064 modo

317 3101 427 3169 ejus
489 3101 570 3156 sic
619 3100 1073 3171 intelligeremus,
1114 3107 1173 3156 ut
1208 3101 1486 3172 quisquam
1539 3116 1650 3156 rem
1706 3109 1905 3156 tantam

321 3191 526 3248 homini
554 3193 890 3250 tribuendam
937 3202 1184 3264 putaret;
1213 3196 1466 3250 continuo
1492 3193 1750 3264 subjecit,
1780 3185 1906 3250 Elo-

319 3287 490 3358 quium
537 3285 744 3344 Domini
785 3289 1116 3358 inﬂammavit
1155 3304 1268 3342 eum
1298 3304 1315 3341 :
1344 3288 1450 3354 vel,
1477 3288 1616 3358 quod
1649 3289 1816 3358 magis
1841 3289 1907 3344 de

316 3395 492 3450 graeco
517 3391 830 3450 expressum
857 3381 948 3436 alii
975 3381 1188 3438 codices
1220 3379 1418 3436 habent
1447 3419 1462 3448 ,
1497 3379 1766 3452 Eloquium
1793 3379 1904 3436 Do-

315 3473 438 3528 mini
465 3473 646 3544 igniuit
674 3491 788 3528 eum
805 3492 825 3540 ;
857 3481 914 3530 ut
947 3475 1110 3530 etiam
1140 3473 1252 3544 ipse
1281 3475 1418 3530 inter
1449 3487 1541 3530 eos
1570 3483 1906 3544 computare-

315 3573 400 3620 tur
423 3605 438 3630 ,
465 3564 658 3634 quibus
700 3564 900 3622 dictum
929 3573 1012 3622 est
1038 3605 1054 3634 ,
1083 3565 1386 3622 Laudamini
1413 3567 1466 3620 in
1494 3567 1692 3622 nomine
1730 3579 1904 3644 sancto

313 3659 444 3728 ejus.
489 3656 758 3728 Eloquium
805 3656 1007 3714 Donaini
1053 3659 1222 3730 ignivit
1265 3676 1400 3714 eum.
1445 3659 1631 3714 Merito
1675 3659 1903 3730 Spiritus

313 3759 530 3812 sanctus
555 3749 768 3820 quando
793 3766 824 3806 a
867 3750 1092 3806 Domino
1116 3751 1312 3806 missus
1340 3759 1424 3807 est
1447 3793 1462 3816 ,
1495 3751 1622 3808 visae
1651 3763 1770 3806 sunt
1801 3739 1902 3818 illis

313 3841 507 3912 lingua:
543 3841 728 3896 divisa:
768 3842 912 3897 velut
957 3842 1089 3912 ignis
1118 3841 1250 3912 (Aet.
1279 3859 1351 3908 ιι,
1381 3842 1436 3916 5)
1471 3860 1483 3898 :
1517 3851 1572 3900 et
1617 3829 1902 3916 Apostolus

311 3933 480 4002 dicit,
513 3933 714 4004 Spiritu
761 3939 1010 4006 {mentes
1044 3935 1219 4006 (Rom.
1247 3952 1350 4000 ιιι,
1389 3936 1498 4008 il).
1533 3937 1578 3994 A
1623 3953 1730 4006 quo
1783 3921 1902 4008 igne

311 4027 614 4096 discedunt,
637 4027 706 4084 de
731 4025 920 4100 quibus
945 4029 1140 4086 dicitur
1159 4047 1172 4086 :
1193 4029 1501 4102 Refrigescet
1521 4021 1744 4086 charitas
1765 4017 1902 4086 mut;

309 4131 478 4178 torum
499 4121 720 4194 (Matth.
750 4140 875 4184 xx"
897 4164 914 4190 ,
945 4123 1013 4182 12
1033 4123 1076 4196 ).

379 4217 470 4274 ﬂ.
499 4216 664 4289 [verm
695 4216 916 4291 ΝΛΞ-2.]
947 4217 1184 4290 Denique
1221 4218 1460 4290 sequitur
1485 4260 1500 4284 ,
1531 4217 1670 4276 Misit
1701 4237 1820 4286 rex,
1853 4231 1900 4276 et

309 4311 454 4366 solvit
485 4328 638 4378 eum;
677 4312 912 4384 princeps
953 4312 1276 4384 populorum,
1319 4321 1366 4367 et
1403 4313 1590 4370 dimisit
1615 4331 1748 4368 eum.
1781 4313 1900 4386 Ipse

309 4412 390 4459 est
441 4420 564 4472 rex,
589 4404 682 4474 qui
709 4405 941 4475 princeps
968 4406 1270 4476 populorum
1299 4421 1317 4462 :
1341 4406 1486 4460 solvit
1515 4407 1894 4478 compeditum,

309 4497 500 4552 diutisit
529 4497 812 4554 inclusum.
845 4497 1111 4552 Constituit
1135 4515 1250 4554 eum
1275 4498 1536 4554 dominum
1561 4499 1740 4556 domus
1767 4517 1894 4567 sum,

309 4601 356 4647 et
381 4593 660 4664 principem
689 4593 852 4648 omnis
882 4592 1206 4662 possessionis
1231 4608 1357 4648 sure.
1408 4592 1476 4650 Ut
1503 4595 1724 4650 erudiret
1751 4595 1896 4666 prin-

305 4685 444 4753 cipes
489 4686 600 4756 ejus
643 4684 772 4740 sicut
814 4686 1166 4755 semetipsum,
1195 4693 1242 4740 et
1267 4702 1410 4740 senes
1437 4688 1548 4754 ejus
1575 4686 1896 4756 prudentiam

305 4775 524 4830 doceret.
569 4774 790 4832 Grmeus
829 4775 1022 4842 habet,
1065 4775 1136 4830 Et
1181 4777 1400 4832 seniores
1441 4779 1552 4850 ejus
1595 4778 1895 4850 sapientiam

305 4868 524 4922 docent.
569 4867 722 4936 Quod
753 4865 1062 4924 omnimodo
1091 4867 1156 4922 ad
1183 4869 1402 4924 verbum
1434 4870 1504 4924 ita
1537 4869 1640 4924 dici
1671 4882 1850 4942 posset
1876 4888 1890 4925 :

305 4957 547 5014 Erudth
585 4959 840 5029 principes
877 4959 988 5030 ejus
1025 4958 1154 5014 sicut
1195 4959 1550 5030 semetipsum,
1581 4971 1626 5016 et
1673 4963 1894 5017 seniores

303 5053 412 5122 ejus
439 5053 694 5120 sapientes
719 5055 908 5122 Iaceret
941 5068 960 5106 :
999 5059 1328 5124 πριοϐυτὲρους
1357 5053 1496 5108 enim
1534 5052 1730 5122 habet,
1760 5069 1894 5128 quos

302 5145 484 5202 dicere
513 5146 750 5202 solemus
789 5146 1030 5204 seniores
1049 5183 1066 5214 ,
1093 5160 1202 5202 non
1227 5154 1440 5217 γέροντας
1461 5185 1476 5214 ,
1505 5145 1558 5202 id
1583 5157 1666 5204 est
1695 5162 1890 5215 senes;

301 5251 492 5312 οοφιςαι
515 5249 718 5306 autem,
741 5238 884 5309 quod
909 5253 1016 5296 uno
1038 5238 1202 5294 verbo
1229 5237 1394 5296 latine
1419 5239 1522 5296 dici
1555 5254 1659 5296 non
1692 5248 1890 5312 potest,

301 5347 334 5388 ι
359 5332 622 5403 sapientia
649 5333 852 5388 dictum
880 5341 962 5390 εει
983 5367 1000 5400 ο
1031 5347 1150 5404 qua;
1175 5343 1314 5404 σοφία.
1337 5347 1512 5402 ετωεε
1535 5331 1752 5398 dicitur,
1783 5349 1890 5410 non

303 5441 332 5480 a
361 5427 674 5496 prudentia,
715 5431 836 5496 quae
870 5433 1082 5497 φρδνησις
1111 5425 1430 5494 appellatur.
1471 5415 1652 5496 Neque
1682 5425 1784 5482 hoc
1811 5435 1894 5490 ta-

303 5533 428 5576 men
472 5517 706 5590 legimus
747 5517 802 5574 in
849 5517 940 5574 illa
981 5517 1308 5576 sublimitate
1347 5518 1580 5590 Josepb,
1615 5520 1754 5576 sicut
1794 5535 1894 5578 nec

301 5611 594 5682 compedes
621 5612 675 5668 in
717 5611 836 5681 eius
865 5609 1182 5672 humilitate.
1231 5611 1340 5668 Sed
1379 5612 1520 5676 unde
1557 5613 1672 5670 ﬁeri
1713 5621 1895 5686 posset

303 5713 362 5758 ut
385 5705 468 5758 vir
494 5712 692 5769 tantus,
725 5703 884 5759 unius
910 5704 1022 5760 veri
1053 5703 1148 5760 Dei
1175 5704 1370 5772 cultor,
1401 5705 1454 5760 in
1480 5704 1711 5777 {Egypto
1739 5707 1892 5762 alen-

303 5795 386 5850 dis
413 5794 786 5852 tantummodo
819 5795 1164 5866 corporibus,
1191 5805 1246 5852 et
1271 5796 1432 5852 rebus
1461 5807 1664 5854 tantum
1695 5813 1890 5872 corpo-

305 5887 504 5948 ralibus
532 5889 890 5963 gubernandis
914 5897 1058 5948 esset
1085 5890 1340 5962 intentus,
1361 5899 1417 5949 et
1443 5907 1548 5964 quo
1577 5907 1671 5952 eos
1698 5893 1883 5952 melio~
1949 5965 1952 5968 ,

1439 365 1834 428 ENARRATIO
1868 361 1940 423 1N
1974 351 2298 431 pannus:
2337 375 2470 436 CIV.

3485 399 3628 466 1398

2039 499 2126 541 res
2155 489 2420 560 redderet,
2455 501 2636 554 curam
2659 503 2764 557 non
2791 495 3004 576 gereret
3033 509 3334 572 animorum
3359 517 3384 572 t
3423 517 3531 577 Sed
3561 533 3624 580 es

2038 583 2339 674 conscripta
2367 597 2488 646 sunt
2519 593 2568 647 in
2593 593 2678 650 illa
2709 597 2947 666 historia,
2973 617 3093 672 quae
3121 610 3416 667 secundum
3451 615 3626 674 intem

2041 669 2266 777 tio-nem-
2291 681 2614 777 scribentis,
2669 687 2722 742 in
2771 699 2878 760 quo
2935 669 3050 749 erat
3102 699 3332 767 Spiritus
3382 669 3620 777 ssnctitii,‘

2032 767 2199 932 {opus
2241 769 2428 829 futuris
2475 771 2562 832 illa
2611 783 2918 840 narratione
2967 787 3328 859 significandis
3375 767 3623 860 sumcere

2059 867 2090 916 ti
2133 861 2266 920 icata
2295 875 2435 922 sunt.

2059 861 2266 920 ndicata
2295 875 2435 922 sunt.

2109 953 2195 1054 i5.
2226 957 2392 1032 [vers
2420 957 2544 1038 εδ]
2575 957 2642 1021 Et
2686 967 2884 1046 intrauit
2929 971 3098 1030 Israel
3137 978 3191 1034 in
3219 979 3543 1054 (Emptum,
3577 997 3624 1044 et

2033 1041 2194 1142 Iacob
2221 1055 2394 1110 accola
2422 1057 2520 1130 fuit
2559 1061 2608 1114 in
2638 1043 2770 1117 terra
2797 1061 2976 1121 Citam.
3017 1069 3168 1138 Quod
3197 1081 3279 1129 est
3298 1041 3488 1142 igiael,

2035 1153 2117 1204 est
2140 1147 2338 1217 .lacob;
2368 1153 2419 1206 et
2444 1156 2582 1223 quod
2614 1163 2695 1212 est
2721 1155 3000 1231 Egyptus,
3029 1161 3130 1220 hoc
3155 1173 3234 1222 est
3259 1177 3397 1224 terra
3427 1172 3618 1229 Citam.

2035 1233 2131 1326 llic
2165 1243 2304 1299 enim
2348 1247 2678 1315 apertissime
2709 1247 3130 1310 deruunstratum
3160 1267 3278 1326 est,
3311 1261 3378 1317 ‘de
3415 1266 3621 1320 sentlne

2033 1323 2200 1388 Cbam
2233 1333 2325 1390 lilii
2356 1335 2466 1392 Noe
2483 1361 2504 1406 ,ο
2525 1335 2672 1410 cujus
2703 1341 3003 1412 primitivus
3030 1345 3126 1402 fuit
3153 1323 3426 1419 Chanaan,
3459 1367 3616 1409 exor-

2033 1423 2138 1480 tam
2191 1425 2352 1484 fuisse
2400 1421 2555 1484 mium
2605 1433 2816 1504 gentem
2863 1433 3254 1510 Egyptiorum.
3304 1443 3534 1500 Proinde
3567 1449 3618 1499 in

2031 1519 2222 1590 quibus
2245 1513 2513 1578 codicibus
2545 1523 2644 1580 hoc
2677 1527 2793 1582 locu
2825 1530 3014 1600 legitur
3035 1532 3302 1600 Chanaan,
3327 1539 3618 1594 emendan-

2031 1609 2156 1667 dum
2185 1621 2283 1668 est.
2319 1607 2502 1673 Melius
2524 1629 2700 1674 autem
2735 1621 3138 1692 interpretatum
3167 1637 3269 1692 est,
3297 1629 3470 1684 accola
3497 1633 3613 1702 fuit,

2028 1719 2222 1780 quam,
2268 1707 2402 1764 sicut
2445 1709 2532 1766 alil
2577 1711 2786 1769 Codices
2832 1705 3049 1780 habent,
3100 1718 3394 1775 inhabitault
3421 1737 3442 1775 :
3471 1723 3612 1792 quod

2031 1801 2358 1856 tantumdem
2390 1813 2564 1868 esset,
2603 1805 2644 1858 si
2676 1815 2724 1860 ct
2762 1807 2929 1861 incola
2962 1807 3267 1876 diceretur;
3309 1811 3440 1867 nihil
3469 1815 3612 1869 sitim

2025 1883 2168 1950 aliud
2198 1885 2478 1968 signiticet.
2524 1887 2653 1951 Nam
2697 1893 2923 1969 ldipsunt
2967 1911 3049 1956 est
3077 1901 3300 1958 verbum
3345 1905 3398 1960 in
3439 1911 3614 1976 ενι-ιεεο

2026 1979 2129 2043 isto
2158 1989 2293 2058 loco,
2326 1989 2466 2062 quod
2494 1997 2576 2047 est
2602 1999 2654 2046 ει
2682 1995 2954 2063 superius,
2985 1995 3072 2051 ubi
3101 1995 3300 2052 dictum
3329 2006 3430 2066 est,
3465 1997 3612 2056 Pau-

2025 2079 2213 2136 cissimi
2242 2093 2284 2136 et
2315 2081 2493 2137 incon
2517 2085 2566 2137 in
2594 2099 2670 2139 ea.
2703 2083 2972 2141 Incolatns
3001 2099 3183 2158 porro,
3209 2089 3292 2145 rei
3319 2090 3607 2160 conlatus,

2023 2187 2129 2228 non
2159 2167 2457 2244 indigenam
2479 2217 2492 2240 ,
2528 2175 2621 2230 sed
2648 2173 2906 2232 advenam
2933 2179 3185 2234 ostendit.
3215 2179 3356 2237 Ecce
3379 2195 3608 2252 quomo-

2023 2263 2092 2320 do
2121 2267 2430 2320 transierunt
2459 2269 2520 2320 de
2547 2278 2691 2338 gente
2728 2267 2780 2322 in
2813 2279 3010 2340 gentem
3030 2311 3043 2335 ,
3071 2272 3135 2326 de
3176 2287 3332 2344 regno
3359 2273 3413 2329 in
3440 2289 3608 2347 pop»

2019 2358 2128 2413 lum
2153 2359 2387 2412 alterum.
2438 2349 2588 2428 Quod
2633 2357 2865 2417 breviter
2891 2363 3217 2435 prepositum
3257 2365 3448 2436 fuerat,
3479 2369 3606 2432 hru-

2018 2445 2156 2505 vitcr
2202 2449 2466 2506 narrando
2510 2451 2829 2522 explicatum
2877 2463 2978 2510 est.
3028 2455 3134 2514 Sed
3177 2455 3247 2514 de
3286 2469 3393 2530 quo
3439 2473 3606 2534 regno

2019 2541 2343 2598 transierunt
2373 2539 2428 2596 in
2455 2543 2702 2614 p0pulum
2725 2545 2972 2614 alterum,
3003 2547 3194 2603 merito
3217 2549 3384 2619 quani
3405 2559 3601 2620 potest.

2016 2633 2260 2692 Nondum
2291 2633 2432 2692 enim
2461 2637 2752 2709 regnabant
2779 2637 2830 2693 in
2863 2643 3002 2695 terra
3027 2639 3298 2708 Chanaan,
3321 2644 3444 2715 quia
3469 2659 3604 2710 non-

2016 2727 2142 2781 dum
2189 2719 2260 2782 ibi
2309 2725 2482 2786 fuerat
2523 2743 2742 2801 regnum
2794 2733 3141 2788 constitutum
3189 2735 3368 2806 populi
3417 2735 3600 2796 Israel.

2015 2817 2292 2888 Quomodo
2332 2835 2458 2892 ergo
2505 2829 2678 2892 potest
2715 2823 2957 2896 intelligi,
3001 2825 3102 2879 nisi
3133 2825 3270 2882 torte
3307 2827 3600 2884 secundum

2012 2913 2466 2984 anticipationem,
2495 2916 2615 2988 quia
2639 2915 2710 2972 ibi
2731 2931 2952 2988 regnum
2980 2917 3212 2974 futurum
3239 2929 3356 2976 erat
3378 2920 3602 2979 seminis

2010 3018 2196 3060 eorum
2225 3003 2250 3062 i

2084 3097 2172 3154 16.
2207 3095 2368 3170 [vers.
2393 3097 2510 3175 24.]
2543 3097 2801 3171 Deinceps
2829 3109 3110 3157 narrantur
3137 3115 3254 3174 qua
3285 3105 3338 3159 in
3364 3103 3599 3178 Egypto

2008 3201 2156 3264 gesta
2185 3199 2328 3246 sunt.
2363 3189 2430 3247 Et
2459 3195 2632 3262 auxit,
2663 3193 2828 3265 inquit
2847 3236 2859 3258 ,
2894 3196 3137 3266 paputum
3163 3211 3310 3252 suum
3337 3199 3600 3254 uehemen-

2011 3293 2118 3348 ter,
2150 3289 2198 3337 et
2241 3283 2459 3354 ﬁrmavit
2498 3301 2611 3339 eum
2656 3301 2807 3356 super
2846 3285 3076 3341 inimicos
3116 3289 3246 3358 ejus.
3292 3289 3466 3344 Etiam
3495 3289 3597 3346 huc

2013 3385 2178 3432 totum
2229 3377 2459 3432 breviter
2508 3377 2834 3449 prepositnm
2885 3389 2999 3446 est,
3046 3390 3104 3434 ut
3145 3381 3594 3451 quemadmodum

2009 3465 2204 3524 factum
2237 3469 2338 3538 sit,
2368 3467 2562 3528 deinde
2591 3481 2854 3527 narretur.
2885 3471 2998 3528 Non
3027 3469 3168 3529 enim
3203 3483 3326 3530 tttnc
3357 3475 3596 3532 firmatus

2009 3572 2093 3617 est
2119 3563 2346 3636 populus
2373 3563 2462 3619 Dei
2491 3581 2652 3634 super
2672 3563 2954 3637 Egyptlos
2983 3567 3224 3622 inimicos
3253 3581 3400 3634 suos,
3429 3577 3598 3638 quatt-

2007 3651 2078 3709 do
2109 3671 2292 3710 eorum
2325 3655 2600 3711 masculini
2640 3657 2776 3714 fetus
2809 3657 3166 3725 necabantur,
3193 3661 3275 3714 vel
3301 3657 3516 3731 qnando
3539 3662 3592 3718 in

2007 3743 2263 3814 faciendis
2315 3749 2564 3808 lateribus
2615 3741 3075 3818 conterebantttr;
3131 3753 3224 3810 sed
3279 3755 3492 3826 quando
3537 3757 3592 3812 in

2007 3831 2167 3894 manu
2201 3843 2434 3910 potenti,
2469 3860 2562 3913 per
2592 3845 2738 3914 signa
2772 3855 2825 3899 et
2855 3851 3094 3915 portenta
3125 3845 3334 3900 Domini
3363 3847 3458 3902 Dei
3485 3849 3588 3915 sui,

2007 3925 2276 3990 metuendi
2307 3947 2359 3989 ει
2399 3933 2692 3990 honorandi
2735 3937 2858 3990 facti
2898 3941 3058 4000 suut,
3089 3937 3262 3992 donec
3301 3935 3420 3992 duri
3451 3940 3590 4010 regis

2005 4027 2276 4081 contentio
2307 4025 2626 4094 vinceretur,
2661 4037 2714 4084 et
2744 4043 2890 4084 mare
2920 4029 3159 4084 Rubrum
3189 4039 3590 4100 persecutorem

2003 4135 2124 4176 cum
2155 4122 2390 4178 exercitu
2422 4121 2535 4192 ejus
2574 4119 2840 4177 obrderet.
3549 4165 3554 4174 .

2077 4205 2164 4268 17.
2207 4207 2368 4288 [εει-ε.
2401 4211 2516 4286 25.]
2556 4211 2708 4281 Quod
2757 4223 2883 4285 ergo
2933 4207 3166 4270 breviter
3207 4213 3440 4284 positum
3481 4219 3587 4283 est,

2005 4303 2252 4360 Firmavit
2294 4307 2539 4378 papulum
2585 4313 2730 4361 suum
2777 4319 2930 4376 super
2975 4295 3208 4360 inimicos
3249 4299 3397 4377 ejus,
3445 4307 3594 4362 velut

2003 4415 2368 4472 qumrercmus
2414 4397 2681 4472 quomodo
2733 4398 2929 4454 factum
2983 4395 3095 4466 ait;
3153 4400 3337 4470 incipit
3385 4399 3584 4466 dicere,

2003 4491 2175 4547 donec
2203 4493 2362 4547 etiam
2393 4487 2444 4548 id
2475 4491 2741 4548 narrando
2768 4491 3106 4550 determinet.
3141 4491 3210 4547 Et
3237 4494 3478 4550 conuertit
3505 4509 3590 4548 cor

2001 4602 2205 4652 eorum,
2235 4591 2290 4639 ut
2317 4585 2514 4638 odirent
2553 4585 2798 4656 populum
2827 4587 2970 4656 ejus,
3005 4593 3052 4640 et
3079 4585 3254 4640 datust
3291 4587 3510 4657 facerent
3537 4585 3591 4640 in

2000 4697 2166 4736 servos
2195 4681 2322 4752 ejus.
2359 4677 2750 4748 Numquidnam
2783 4678 3182 4750 intelligendum
3227 4687 3329 4745 est,
3361 4679 3444 4734 vel
3473 4693 3591 4734 cre-

2001 4771 2233 4830 dendum
2264 4771 2404 4841 quod
2441 4769 2578 4826 Deus
2616 4781 2709 4825 cor
2736 4769 2967 4826 hominis
2995 4769 3060 4825 ad
3099 4769 3338 4825 facienda
3375 4780 3588 4839 peccata

2000 4863 2316 4936 convertat?
2355 4878 2420 4916 an
2451 4869 2723 4932 peccatum
2753 4875 2858 4916 non
2890 4867 3003 4930 est,
3035 4861 3118 4916 vel
3149 4873 3368 4932 parvum
3399 4873 3588 4930 pecca-

2004 4966 2111 5010 tum
2139 4963 2239 5020 est,
2269 4951 2445 5009 odisse
2473 4951 2728 5024 populum
2759 4953 2874 5021 Dei,
2901 4962 2955 5008 et
2979 4953 3159 5008 dolum
3191 4953 3366 5008 facere
3393 4951 3446 5008 in
3472 4965 3586 5008 ser-

1997 5066 2094 5105 vos
2123 5051 2279 5120 ejus?
2322 5050 2450 5118 Quis
2479 5049 2582 5105 hoc
2610 5050 2845 5105 dixerit?
2889 5049 3156 5121 Numquid
3195 5065 3322 5120 ergo
3362 5049 3584 5104 istorum

2002 5154 2104 5200 tam
2133 5137 2371 5214 gravium
2398 5151 2734 5214 peccatorum
2761 5151 2948 5197 auctor
2973 5149 3056 5196 est
3081 5133 3241 5206 Deus,
3269 5141 3356 5210 qui
3385 5140 3585 5194 nullius

1999 5237 2078 5302 vel
2113 5235 2366 5290 levissimi
2397 5235 2600 5307 peccati
2629 5241 2816 5288 auctor
2844 5231 3143 5288 credendus
3171 5233 3293 5286 est?
3335 5229 3466 5298 Quis
3493 5245 3583 5286 sa-

2001 5330 2170 5402 piens,
2200 5337 2256 5384 et
2279 5329 2535 5400 intelliget
2565 5327 2680 5382 haec
2713 5325 2880 5398 (Psat.
2907 5341 3012 5392 cvi,
3037 5323 3178 5396 ιωι
3203 5323 3334 5378 Nam
3363 5323 3476 5393 ipsa
3503 5331 3588 5380 est

2002 5423 2092 5480 illa
2121 5421 2379 5480 mirabilis
2403 5421 2500 5477 Dei
2527 5419 2758 5486 bonitas,
2789 5433 2890 5489 qua
2919 5415 3058 5473 bene
3089 5419 3255 5471 utitur
3279 5415 3439 5472 etiam
3465 5429 3586 5472 ma-

1999 5515 2066 5570 lis
2088 5557 2100 5580 ,
2131 5515 2212 5570 vel
2243 5515 2470 5586 angelis,
2501 5513 2587 5569 vel
2624 5510 2947 5567 hominibus.
2978 5508 3112 5564 Cum
3139 5507 3284 5564 enim
3327 5508 3430 5579 ipsi
3455 5507 3586 5564 vitio

1998 5623 2096 5666 Suo
2129 5607 2250 5661 mali
2298 5607 2428 5672 sint,
2474 5603 2564 5660 ille
2591 5603 2659 5658 de
2699 5601 2841 5658 malo
2883 5615 3068 5656 eorum
3113 5601 3250 5654 bene
3291 5599 3434 5654 facit.
3463 5597 3586 5655 Non

1999 5701 2139 5756 enim
2171 5707 2454 5770 antequam
2503 5695 2744 5752 odissent
2789 5693 3040 5766 populum
3081 5691 3198 5762 ejus
3227 5691 3352 5748 boni
3387 5699 3582 5759 erant;

1997 5793 2091 5852 sed
2122 5791 2334 5864 maligni
2383 5799 2436 5847 et
2480 5789 2626 5860 impii
2657 5789 2790 5846 tales
2836 5797 3009 5857 erant,
3060 5785 3152 5859 qui
3197 5785 3350 5842 facile
3394 5781 3590 5840 incolis

2001 5891 2114 5950 suis
2157 5887 2404 5946 felicibus
2443 5883 2763 5945 inviderent.
2813 5881 2870 5940 lu
2911 5899 2978 5940 eo
3005 5897 3134 5950 erro
3159 5879 3302 5953 quod
3329 5872 3592 5954 populum
