4090 6504
520 362 664 422 isse
736 344 741 349 ’

521 496 680 541 suum
714 478 1101 551 multiplicavit,
1133 476 1236 532 hoc
1263 472 1525 531 beneficio
1552 486 1650 528 suo
1679 470 1848 527 malos
1876 471 1944 526 ad
1973 471 2109 526 invi-

519 575 757 633 dendum
785 570 1069 628 convertit.
1105 567 1302 623 Invidia
1333 574 1415 621 est
1453 566 1595 621 enim
1625 563 1802 619 odium
1842 562 2109 618 felicitatis

516 667 728 727 alienis.
775 664 865 719 Sic
893 678 1020 733 ergo
1049 659 1316 717 convertit
1342 674 1436 714 cor
1465 672 1648 712 eorum
1673 696 1690 723 ,
1736 664 1796 710 ut
1825 671 1919 725 per
1964 653 2107 710 invi-

518 761 752 817 dentiam
783 756 1025 812 odissent
1054 753 1306 825 populum
1338 750 1473 821 ejus,
1502 759 1552 804 et
1580 748 1762 803 dolum
1794 746 2030 803 facerent
2055 750 2108 801 in

517 868 704 911 servos
732 851 866 921 ejus.
897 848 1012 904 Non
1044 848 1218 916 itaque
1246 858 1340 899 cor
1370 843 1580 897 illorum
1610 843 1807 896 malum
1840 839 2105 904 faciendo,

519 946 616 1004 sed
668 942 860 1015 populo
909 954 1007 995 suo
1057 936 1472 1001 benefaciendo,
1522 950 1616 989 cor
1659 933 1871 988 illorum
1917 940 2107 1003 sponte

518 1037 717 1095 malum
766 1031 1027 1089 convertit
1070 1030 1136 1085 ad
1184 1028 1383 1084 odium.
1425 1026 1542 1083 Non
1592 1027 1736 1081 enim
1780 1034 1985 1080 rectum
2014 1038 2109 1079 cor

516 1128 797 1204 pervertit,
848 1126 941 1181 sed
990 1133 1180 1195 sponte
1226 1136 1534 1193 perversum
1577 1121 1642 1174 ad
1682 1118 1861 1174 odium
1902 1120 2103 1190 populi,

518 1223 609 1279 ubi
640 1237 706 1278 eo
735 1220 874 1275 malo
901 1219 1039 1273 bene
1066 1223 1331 1280 uteretur,
1364 1212 1665 1275 convertit;
1713 1225 1817 1264 non
1844 1209 1967 1264 illos
1997 1224 2109 1263 ma-

520 1331 597 1372 tOS
640 1312 884 1370 faciendo
908 1352 922 1377 ,
969 1309 1062 1365 sed
1109 1309 1223 1363 istis
1252 1308 1387 1362 bona
1415 1347 1430 1371 ,
1468 1305 1658 1374 quibus
1704 1304 1827 1358 mali
1861 1302 2109 1357 facillime

519 1416 741 1479 possent
770 1404 1010 1460 invidere
1030 1440 1053 1469 ν
1074 1399 1370 1471 largiendo.
1401 1398 1517 1466 Quo
1548 1398 1757 1451 illorum
1782 1394 1935 1461 odio,
1965 1402 2016 1447 et
2039 1392 2106 1448 ad

513 1500 957 1557 exercitationem
984 1496 1164 1568 populi
1193 1494 1296 1559 sui,
1325 1502 1378 1548 et
1403 1492 1467 1546 ad
1494 1490 1716 1562 gloriam
1744 1487 1976 1543 nominis
2001 1487 2102 1553 sui,

514 1611 632 1665 qutc
659 1592 813 1648 nobis
844 1600 922 1646 est
953 1590 1115 1655 utilis,
1145 1585 1414 1659 quomodo
1440 1587 1509 1638 sit
1538 1599 1685 1646 usus,
1716 1579 2103 1650 consequentia

514 1690 751 1745 docent:
796 1703 913 1758 qute
956 1686 1008 1741 in
1055 1683 1169 1754 ejus
1220 1681 1373 1736 laude
1419 1684 1938 1741 commemorantur,
1984 1690 2106 1730 cum

513 1789 760 1836 cantatur
788 1777 1031 1833 Alleluia.

587 1872 677 1927 l8.
722 1871 889 1944 [vet-s.
920 1865 1035 1940 26.]
1079 1864 1221 1921 Misit
1253 1862 1467 1934 Moysen
1493 1876 1686 1916 servum
1714 1874 1861 1914 suum
1881 1898 1897 1922 ,
1932 1857 2108 1911 Aaron

510 1981 657 2036 quem
681 1963 825 2034 elegit
856 1963 1039 2032 ipsum.
1088 1956 1400 2021 Sufﬁceret,
1432 1969 1576 2023 quem
1603 1952 1749 2022 elegit
1774 1965 1793 2015 ;
1838 1947 1932 2003 sed
1971 1945 2106 2002 nihil

506 2056 566 2113 in
591 2071 656 2111 eo
685 2052 1033 2125 qua-rendum
1061 2059 1160 2114 est,
1193 2048 1331 2118 quod
1361 2046 1598 2099 additum
1625 2052 1742 2107 est,
1771 2043 1957 2111 ipsum.
1994 2038 2102 2093 Lo-

508 2148 655 2202 cutio
679 2145 1071 2214 Scripturarum
1100 2150 1218 2207 est,
1248 2138 1402 2193 sicuti
1434 2146 1513 2193 est
1534 2178 1547 2201 ,
1575 2134 1641 2188 In
1680 2151 1779 2205 qua
1807 2132 2106 2186 habitabant

506 2243 564 2297 in
592 2259 650 2296 ea
695 2238 895 2312 (Num.
926 2252 1043 2298 xm,
1068 2235 1139 2290 20
1163 2252 1177 2299 ;
1208 2244 1252 2288 et
1284 2232 1441 2287 Leuit.
1469 2245 1626 2296 xvm,
1654 2230 1707 2293 ὅ,
1736 2243 1838 2282 sec.
1872 2224 2054 2296 LXX)
2086 2241 2100 2279 :

508 2348 614 2405 qua
645 2331 912 2387 locutione
937 2327 1131 2382 divina:
1163 2326 1368 2395 pagina:
1397 2324 1567 2393 plena:
1595 2330 1738 2376 sunt.

582 2426 670 2482 19.
713 2424 860 2498 [uers.
889 2418 1005 2494 27.]
1050 2420 1227 2473 Posuit
1258 2420 1309 2472 in
1339 2419 1408 2471 eis
1434 2417 1581 2471 verba
1610 2417 1870 2486 signoruni
1892 2429 2100 2468 suorum

504 2530 555 2577 et
585 2519 929 2592 prodigiorum
957 2517 1011 2569 in
1041 2525 1174 2567 terra
1204 2510 1380 2567 Clmm.
1411 2510 1527 2564 Non
1559 2508 1630 2562 ita
1660 2508 1917 2563 debemus
1955 2504 2099 2559 acci-

506 2626 658 2684 pere,
706 2608 852 2663 uerba
895 2608 1156 2677 signorum
1200 2613 1246 2657 et
1294 2601 1665 2673 prodigiorum,
1717 2597 1867 2668 quasi
1914 2595 2094 2661 verba,

504 2702 701 2775 quibus
725 2700 903 2756 verbis
945 2699 1131 2753 fierent
1159 2696 1305 2765 signa
1336 2704 1389 2749 et
1428 2692 1668 2763 prodigia
1688 2732 1703 2756 ,
1747 2689 1797 2744 id
1829 2697 1947 2754 est,
1978 2703 2097 2758 qua:

504 2796 747 2853 dicerent
773 2803 826 2848 ut
856 2791 1047 2847 fierent
1075 2791 1222 2859 signa
1250 2796 1304 2843 et
1327 2784 1586 2858 prodigia.
1615 2784 1773 2838 Multa
1805 2782 1946 2836 enim
1979 2780 2095 2834 sine

488 2889 684 2945 verbis
717 2885 851 2940 facta
891 2892 1046 2948 sunt,
1077 2882 1157 2937 vel
1199 2883 1346 2950 virga
1371 2921 1386 2943 ,
1429 2878 1509 2932 vel
1544 2892 1701 2930 manu
1744 2882 1977 2937 extenta,
2007 2872 2093 2925 vel

501 2979 679 3037 favilla
716 2978 767 3033 in
799 2977 991 3032 caelum
1020 2974 1202 3029 missa.
1235 2971 1340 3026 Sed
1370 2970 1491 3041 quia
1533 2968 1617 3022 illa
1661 2967 1773 3036 ipsa
1804 2980 1922 3035 quae
1952 2962 2091 3018 facta

501 3079 660 3135 sunt,
690 3083 797 3124 non
836 3073 989 3123 erant
1017 3062 1240 3133 alicujus
1281 3058 1680 3131 significationis
1709 3056 1883 3110 inania
1907 3096 1922 3121 ,
1953 3055 2093 3110 sicut

503 3173 562 3220 et
580 3163 741 3219 verba
764 3177 881 3231 qua:
908 3158 1201 3229 loquimur;
1232 3154 1352 3209 ideo
1379 3161 1431 3208 ct
1454 3153 1565 3222 ipsa
1594 3149 1733 3205 dicta
1759 3157 1883 3202 sunt
1905 3147 2086 3213 verba,

503 3272 613 3314 non
634 3269 824 3312 vocum
840 3263 1180 3317 etsonorum,
1202 3248 1295 3303 sed
1323 3248 1596 3319 signorum
1619 3251 1672 3299 et
1698 3242 2085 3313 prodigiorum.

498 3348 683 3405 Posuit
707 3348 762 3402 in
788 3347 888 3412 eis,
921 3344 973 3400 id
1002 3352 1103 3408 est,
1135 3341 1261 3397 fecit
1291 3356 1385 3411 per
1412 3352 1525 3393 eos.

478 3484 481 3491 .
569 3443 659 3497 20.
703 3439 870 3514 [uers.
899 3435 1015 3508 28.]
1058 3434 1199 3487 Misit
1244 3431 1471 3486 tenebras
1492 3470 1504 3493 ,
1540 3438 1584 3482 et
1611 3426 1910 3481 obscuravit.
1939 3424 2086 3481 Scri-

496 3541 648 3607 ptum
679 3540 761 3586 est
786 3539 839 3585 et
870 3533 971 3582 hoc
997 3528 1133 3580 inter
1160 3525 1340 3594 plagas
1367 3520 1558 3592 quibus
1580 3518 1816 3590 Egyptii
1849 3518 2085 3587 percussi

496 3634 643 3685 sunt.
688 3623 838 3692 Quod
889 3630 1065 3675 autem
1112 3616 1387 3687 sequitur,
1442 3614 1494 3667 in
1546 3612 1769 3667 diversis
1816 3609 2088 3665 codicibus

495 3717 644 3774 varie
674 3715 885 3785 legitur.
926 3710 1028 3765 Alii
1060 3722 1289 3777 namque
1318 3705 1546 3769 habent,
1574 3701 1644 3755 Et
1670 3702 2085 3756 exacerbaverunt

1760 356 1815 411 S.
1856 349 2224 411 AUGUSTlNl
2262 346 2559 405 EPISCOPl

3665 357 3806 417 “00

2213 468 2285 525 ibi
2314 477 2463 537 erat,
2491 483 2598 541 quo
2632 476 2872 539 tempore
2899 467 3091 524 fieret:
3123 485 3427 544 quanquam
3468 480 3523 529 et
3570 489 3667 546 per
3692 478 3805 531 Αη.

2213 562 2359 632 gelos
2383 602 2399 628 ,
2430 570 2485 617 et
2528 577 2622 632 per
2666 575 2850 617 servos
2891 576 3016 617 suos
3044 562 3260 635 Moysen
3307 574 3362 620 et
3389 566 3567 622 Aaron
3589 610 3604 635 ,
3637 569 3801 626 etiam

2216 661 2341 707 tunc
2386 651 2779 723 quodammodo
2825 652 2967 709 dixit
3013 662 3070 709 ut
3121 653 3316 726 fieret,
3365 659 3579 728 quando
3629 659 3803 717 fuerat

2212 746 2532 802 faciendum.

2284 837 2373 893 εδ.
2417 835 2587 910 [vers.
2636 836 2768 911 32.]
2806 838 2990 895 Posuit
3026 841 3223 912 pluuias
3268 857 3442 896 eorum
3478 847 3798 914 grandinem.

2214 929 2415 986 Similis
2457 930 2653 985 locutio
2695 940 2778 986 est
2822 932 2895 986 illi
2943 932 3033 987 ubi
3079 934 3184 999 ait,
3217 932 3371 989 Dedit
3411 945 3596 991 terram
3626 954 3805 992 eorum

2212 1041 2407 1090 ranas;
2456 1026 2554 1080 nisi
2584 1026 2725 1097 quod
2772 1027 2842 1082 ibi
2887 1042 2995 1083 non
3033 1027 3216 1097 utique
3245 1028 3298 1083 in
3331 1044 3487 1084 ranas
3518 1038 3627 1085 tota
3660 1041 3805 1087 terra

2211 1131 2469 1172 conversa
2506 1126 2625 1185 est,
2672 1118 2843 1188 pluvia
2884 1133 3013 1174 vero
3052 1120 3103 1174 in
3147 1102 3461 1190 grandinem
3491 1123 3652 1177 etiam
3691 1132 3804 1179 tota

2212 1210 2403 1281 potuit.
2432 1209 2460 1263 Ι
2467 1228 2613 1282 gnem
2639 1212 3003 1268 comburentem
3027 1213 3079 1267 in
3106 1222 3240 1268 terra
3264 1214 3492 1285 ipsorum
3516 1218 3809 1273 :subaudi-

2215 1310 2321 1369 tur,
2352 1303 2537 1372 posuit.

2206 1400 2209 1403 '
2283 1393 2373 1450 24.
2418 1393 2587 1467 [vers.
2616 1396 2729 1468 55.]
2768 1396 2836 1450 Et
2880 1399 3125 1469 percussit
3164 1399 3333 1453 uineas
3362 1415 3533 1454 eorum
3572 1410 3620 1455 et
3648 1401 3805 1471 ﬁcul-

2212 1503 2334 1542 neas
2361 1504 2565 1554 eorum,
2612 1498 2660 1543 et
2702 1490 2932 1543 contrivit
2976 1507 3122 1545 omne
3166 1491 3359 1563 lignum
3391 1492 3570 1562 [inium
3599 1509 3801 1546 eorum.

2214 1577 2328 1633 Hoc
2356 1580 2406 1634 vi
2434 1580 2706 1649 grandinis
2731 1590 2784 1636 et
2824 1580 3133 1638 fulminibus
3171 1581 3371 1638 factum
3411 1592 3531 1649 est;
3578 1584 3725 1640 unde
3751 1596 3805 1640 et

2212 1669 2379 1739 ignem
2406 1670 2537 1725 dixit
2566 1670 2951 1726 eomburentem.

2282 1761 2373 1816 25.
2414 1757 2584 1833 [uers.
2615 1760 2732 1834 '54.]
2772 1761 2951 1828 Dixit,
2983 1772 3030 1817 et
3060 1764 3189 1818 venit
3232 1763 3425 1819 locusta
3467 1774 3513 1820 et
3558 1766 3800 1837 bruchus,

2212 1855 2360 1925 cujus
2405 1871 2505 1910 non
2552 1865 2658 1909 erat
2705 1873 2963 1911 numerus.
3010 1856 3125 1913 Una
3174 1858 3321 1929 plaga
3357 1868 3440 1914 est
3485 1859 3704 1915 locusta:
3746 1870 3801 1916 et

2212 1943 2437 2011 bruchi;
2484 1948 2734 2017 quoniam
2764 1949 2927 2003 altera
2972 1957 3055 2004 est
3095 1963 3307 2019 parens,
3338 1951 3503 2006 altera
3534 1960 3617 2007 est
3642 1952 3800 2007 fetus.

2281 2038 2370 2093 26.
2414 2037 2579 2111 [uers.
2625 2039 2751 2113 '55.]
2790 2040 2860 2095 Et
2900 2044 3114 2097 comedit
3159 2061 3306 2098 omne
3347 2045 3519 2114 fenum
3564 2047 3619 2101 in
3666 2057 3802 2101 terra

2211 2145 2405 2195 eorum,
2454 2140 2501 2185 et
2544 2133 2756 2185 comedit
2800 2149 2997 2197 omne):
3041 2134 3261 2204 fructum
3304 2145 3451 2192 terra!
3492 2154 3682 2193 eorum.
3734 2139 3803 2195 Et

2209 2220 2389 2277 fenum
2436 2223 2638 2279 fructus
2679 2236 2796 2287 est,
2839 2226 2978 2282 sicut
3021 2227 3164 2298 loqui
3195 2227 3469 2300 Scriptura
3498 2233 3798 2297 consuevit,

2208 2330 2327 2385 qua:
2369 2314 2546 2371 fenum
2593 2319 2821 2387 appellat
2867 2320 3029 2375 etiam
3079 2330 3287 2391 segetes
3329 2322 3536 2394 frugum
3561 2366 3575 2390 ,
3616 2326 3711 2381 sed
3741 2336 3799 2381 ut

2206 2406 2313 2462 duo
2338 2408 2573 2477 diceret,
2606 2411 2812 2467 duobus
2858 2413 3087 2469 fortasse
3128 2416 3247 2484 quae
3293 2416 3532 2488 dixerat,
3574 2434 3799 2475 numero

2206 2500 2375 2554 voluit
2398 2516 2719 2569 consonare,
2758 2504 2808 2558 id
2840 2512 2943 2571 est,
2975 2506 3195 2561 locustae
3224 2517 3278 2563 et
3302 2508 3522 2565 bruclio.
3551 2510 3664 2566 Hoc
3694 2527 3799 2566 au-

2204 2602 2313 2649 tem
2347 2603 2513 2649 totum
2542 2597 2773 2665 pertinet
2801 2597 2866 2652 ad
2895 2598 3214 2656 elocutionis
3235 2602 3547 2659 varietatem
3575 2604 3797 2661 meden-

2202 2693 2310 2741 tem
2340 2684 2582 2752 fastidio,
2617 2703 2721 2744 non
2749 2689 2814 2744 ad
2846 2689 3211 2749 diversitatem
3238 2696 3647 2751 sententiarum.

2271 2780 2361 2835 27.
2406 2780 2575 2854 [vers.
2610 2781 2725 2856 56.]
2768 2783 2832 2837 Et
2863 2787 3109 2854 percussit
3149 2802 3295 2842 omne
3322 2788 3711 2861 primogenitum
3740 2791 3795 2846 in

2200 2883 2334 2927 terra
2359 2890 2550 2941 eorum,
2584 2876 2830 2942 primitias
2855 2878 3018 2931 omnis
3044 2875 3230 2932 laboris
3258 2895 3453 2932 eorum.
3489 2880 3611 2934 Haec
3637 2882 3792 2951 plaga

2198 2967 2489 3022 novissima
2516 2980 2617 3033 est,
2645 2979 2865 3038 excepta
2899 2978 3073 3024 morte
3100 2969 3152 3023 in
3193 2970 3325 3024 mari
3357 2970 3562 3027 Rubro.
3594 2972 3794 3027 Primi-

2197 3060 2299 3114 tias
2347 3075 2475 3115 vero
2519 3060 2759 3116 laborum
2786 3103 2801 3128 ,
2852 3072 3072 3133 propter
3118 3063 3465 3134 primogenita
3514 3080 3791 3135 pecorum,

2195 3150 2396 3208 dictum
2442 3152 2692 3207 arbitror.
2744 3152 2872 3221 Qum
2919 3154 3088 3225 plaga:
3134 3169 3253 3209 cum
3300 3155 3408 3210 sint
3447 3155 3656 3224 decem,
3688 3174 3794 3213 ncc

2195 3260 2383 3301 omnes
2427 3253 2858 3300 commemorata:
2902 3255 3047 3313 sunt,
3098 3261 3199 3302 nec
3236 3246 3425 3302 eodem
3465 3247 3654 3303 ordine
3680 3264 3792 3319 quo

2193 3336 2267 3393 ibi
2310 3336 2462 3391 facta:
2503 3338 2771 3407 leguntur.
2818 3337 3006 3393 Libera
3052 3340 3194 3393 enim
3224 3348 3308 3394 est
3348 3339 3579 3395 laudatio
3608 3356 3638 3396 a
3669 3342 3797 3415 leg;

2193 3428 2461 3482 narrantis
2508 3436 2563 3483 et
2611 3427 2840 3482 texoutis
2902 3427 3198 3485 historiam.
3252 3429 3415 3501 Cujus
3469 3431 3791 3489 laudationis

2195 3533 2380 3580 auctor
2408 3533 2463 3580 et
2488 3525 2661 3580 dictor
2688 3540 2808 3580 cum
2837 3525 2908 3580 sit
2936 3540 3030 3595 per
3058 3525 3380 3597 Pr0phetam
3411 3527 3639 3597 Spiritus
3662 3544 3792 3584 san-

2192 3626 2353 3684 ctus;
2403 3617 2590 3672 eadem
2638 3618 2822 3687 utique
2867 3619 3184 3675 auctoritate
3226 3635 3329 3691 qua
3373 3636 3469 3690 per
3509 3636 3634 3676 eum
3678 3623 3793 3693 egit

2192 3707 2465 3765 hominem
2495 3710 2585 3780 qui
2616 3710 2759 3764 illam
2787 3710 3002 3780 scripsit
3041 3712 3335 3778 historiam,
3367 3722 3422 3767 et
3446 3727 3787 3768 commemo-

494 3774 754 3869 sermone;
778 3810 928 3880 ejus;
966 3805 1054 3860 alii
1085 3774 1248 3867 vero,
1278 3800 1345 3855 Et
1390 3817 1489 3855 non
1519 3799 1935 3853 exacerbauerunt
1976 3812 2084 3850 ser-
2118 3774 2138 3856 ξ’
2160 3784 2277 3875 Erat
2301 3774 2732 3870 aliquid-factum
2776 3774 2919 3872 quod
2960 3802 3033 3857 ibi
3072 3819 3177 3857 non
3218 3774 3434 3875 legitur,
3464 3806 3684 3877 etquod
3710 3806 3786 3863 ibi

493 3921 668 3961 mones
696 3903 845 3972 ejus:
877 3898 970 3954 sed
998 3895 1139 3969 quod
1172 3895 1315 3963 prius
1344 3893 1449 3948 dixi
1477 3934 1491 3959 ,
1524 3892 1575 3946 in
1610 3890 1847 3961 pluribus
1873 3889 2085 3945 inveni-

2160 3898 2164 3905 ’
2190 3892 2385 3963 legitur
2409 3892 2664 3962 prmterit.

492 4013 655 4063 mus;
701 3994 790 4051 ubi
821 4001 994 4047 autem
1041 3988 1220 4044 addita
1248 3996 1331 4043 est
1377 3985 1617 4055 negativa
1662 3983 1920 4054 particula
1948 4026 1962 4050 ,
1995 3982 2083 4037 vix
2150 3990 2201 4057 ι’
2259 3984 2351 4040 28.
2393 3984 2543 4058 [uers.
2576 3984 2689 4057 37.]
2719 3985 2970 4056 Adjungit
3003 3994 3178 4041 autem
3206 3987 3368 4044 etiam
3393 3987 3496 4045 hoc
3527 3989 3786 4047 laudibus

493 4093 629 4150 duos
654 4089 865 4145 codices
905 4084 1174 4156 potuimus
1214 4080 1470 4149 reperire.
1517 4076 1622 4132 Sed
1652 4092 1719 4131 ne
1759 4074 1897 4130 forte
1925 4090 2102 4153 mena
2140 4066 2170 4160 If
2190 4077 2308 4147 Dei,
2340 4078 2481 4149 quod
2508 4088 2730 4149 argento
2760 4088 2814 4134 ει
2841 4094 2974 4133 ωηο
2993 4079 3190 4134 (malos
3210 4080 3479 4137 Ismenus
3506 4083 3690 4139 eduxi,
3713 4098 3783 4139 ex

493 4184 697 4241 dositas
727 4187 943 4250 propter
971 4189 1187 4231 sensum
1212 4170 1507 4226 faciliorem
1534 4167 1921 4232 abundaverit;
1952 4167 2077 4236 quid

494 4277 638 4333 enim
673 4272 879 4328 facilius
925 4267 1235 4336 intelligitur
1279 4278 1436 4334 quam
1484 4261 1536 4316 id
1572 4260 1713 4331 quod
1748 4259 1946 4314 dictum
1978 4269 2079 4321 est,

494 4368 565 4425 Et
592 4365 1009 4422 exacerbaverunt
1038 4374 1289 4415 sermones
1314 4358 1441 4428 ejus,
1472 4358 1655 4425 utique
1684 4354 2083 4409 contumacibus

492 4457 1003 4521 contradictionibus
1036 4454 1188 4509 suis?
1226 4452 1403 4507 conati
1435 4464 1618 4505 sumus
1644 4448 1937 4504 secundum
1982 4447 2081 4501 ali-

493 4572 653 4628 quam
703 4560 904 4608 rectam
949 4547 1266 4604 sententiam
1307 4545 1466 4600 etiam
1509 4542 1638 4597 illud
1678 4556 1988 4612 exponere:
2030 4548 2085 4594 et

494 4649 597 4703 hoc
646 4646 857 4701 interim
901 4640 1153 4701 occurrit,
1204 4636 1325 4691 Non
1362 4636 1783 4689 exacerbarerunt
1830 4648 2083 4686 sermones

494 4746 625 4817 ejus,
668 4740 721 4795 id
752 4746 853 4802 est,
886 4737 938 4791 in
967 4735 1148 4805 Moyse
1171 4741 1227 4786 et
1256 4733 1468 4794 Aaron;
1513 4727 1633 4797 quia
1660 4741 1753 4781 eos
1791 4724 1954 4780 etiam
1982 4723 2083 4778 du-

493 4836 735 4891 rissimos
763 4827 1145 4901 patientissime
1173 4822 1524 4895 pertulerunt,
1559 4819 1729 4874 donec
1756 4817 1933 4871 omnia
1962 4832 2082 4887 qua:

494 4928 633 4982 Deus
664 4925 718 4979 in
760 4923 839 4979 eis
884 4921 1058 4976 facere
1102 4916 1459 4986 disposuerat,
1505 4927 1571 4968 ex
1610 4910 1798 4966 ordine
1841 4909 2082 4982 comple-

593 5030 696 5074 lltr.

593 5036 696 5075 tur.

477 5036 653 5168 Iregl.
694 5109 866 5184 [rem
891 5104 960 5160 29
981 5147 996 5171 ,
1024 5100 1150 5174 50.]
1188 5095 1442 5155 Convertit
1470 5114 1627 5163 aquas
1657 5112 1832 5150 eorum
1873 5095 1927 5149 in
1965 5112 2085 5150 san-

493 5208 716 5278 guinem,
764 5212 809 5255 et
853 5198 1035 5253 occidit
1079 5197 1237 5267 pisces
1279 5207 1473 5245 eorum.
1518 5188 1668 5242 Dedit
1698 5198 1881 5241 terram
1911 5204 2084 5242 eorum

495 5314 647 5352 ranas
666 5338 680 5361 ,
727 5296 781 5347 in
826 5288 1158 5361 penetralibus
1183 5301 1391 5356 regnum
1422 5284 1647 5352 ipsorum
1675 5296 1693 5333 :
1724 5288 1971 5349 tanquam
1997 5280 2082 5335 di-

495 5398 661 5453 ceret,
696 5386 916 5441 Terram
948 5396 1132 5436 eorum
1162 5376 1425 5432 convertit
1452 5376 1501 5428 in
1534 5388 1712 5428 ranas.
1746 5372 1914 5427 Tanta
1938 5372 2083 5427 enim

498 5494 749 5536 ranarum
798 5477 969 5531 fuerat
997 5470 1301 5537 multitudo,
1332 5478 1389 5523 ut
1412 5468 1513 5522 hoc
1541 5482 1634 5537 per
1672 5472 1926 5538 ὑπιρϐολήν
1949 5479 2082 5522 con-

498 5570 776 5627 venienter
812 5568 1102 5622 diceretur.

570 5664 659 5717 22.
704 5660 853 5733 [uers.
886 5656 999 5731 51
1040 5657 1210 5720 Dixit,
1240 5663 1285 5711 et
1314 5654 1443 5709 venit
1467 5652 1731 5724 cynomyia
1761 5659 1808 5704 et
1833 5651 2085 5722 sciniphes

501 5761 553 5814 in
582 5757 808 5811 omnibus
836 5754 1017 5822 ﬁnibus
1042 5768 1235 5805 eorum.
1270 5748 1326 5803 Si
1353 5748 1608 5819 quaaritur
1634 5745 1847 5815 quando
1867 5745 2080 5812 dixerit,

442 5858 448 5865 ‘
500 5854 553 5908 in
576 5850 739 5909 verbo
764 5846 879 5918 ejus
920 5855 1037 5904 erat
1074 5855 1356 5915 antequam
1384 5841 1575 5910 ﬁeret;
1625 5838 1819 5896 etsiue
1847 5851 2086 5913 tempore

2189 4169 2456 4242 Egypto;
2488 4171 2610 4240 quia
2640 4178 2695 4225 et
2739 4170 2839 4241 ipsi
2885 4170 3014 4227 tales
3052 4179 3239 4239 erant,
3273 4173 3361 4243 qui
3388 4174 3621 4229 nondum
3651 4191 3783 4246 pos-

2189 4274 2310 4319 sent
2335 4272 2682 4320 contemnere
2720 4263 2962 4319 laborum
3000 4280 3219 4320 suorum
3249 4266 3374 4322 licet
3401 4270 3779 4339 temporalem,

2189 4364 2365 4410 tamen
2416 4355 2650 4411 debitam
2694 4357 2997 4428 justamque
3050 4358 3356 4414 mercedem
3399 4377 3411 4413 :
3456 4376 3557 4418 nec
3608 4363 3662 4417 in
3714 4378 3782 4419 eo

2189 4447 2329 4517 quod
2352 4446 2636 4518 Egyptios
2661 4447 3006 4517 deceperuut,
3052 4464 3081 4504 a
3112 4451 3302 4521 quibus
3324 4452 3423 4508 sibi
3449 4462 3506 4507 ut
3535 4469 3782 4512 commo-

2189 4540 2406 4594 daretur
2433 4555 2621 4594 aurum
2650 4549 3033 4613 argentumque
3060 4543 3382 4612 petiverunt,
3407 4547 3674 4617 putandus
3699 4558 3783 4603 est

2189 4631 2332 4687 Deus
2373 4631 2676 4701 lmjusmodi
2719 4632 2893 4701 dolos,
2926 4635 3004 4689 eis
3044 4635 3131 4706 qui
3178 4651 3388 4691 sursum
3437 4653 3533 4694 cor
3559 4639 3779 4707 habent,

2187 4725 2273 4779 vel
2293 4724 2516 4794 jubere,
2558 4725 2643 4779 vel
2664 4766 2679 4791 ,
2709 4725 2752 4779 si
2780 4724 3043 4793 fecerint,
3076 4728 3392 4798 approbare.
3424 4729 3591 4801 Magis
3633 4734 3777 4788 enim

2188 4831 2285 4887 per
2309 4816 2399 4871 illa
2432 4817 2523 4872 Dei
2554 4817 2737 4886 verba,
2765 4819 2948 4889 utique
2972 4820 3040 4875 ab
3068 4821 3158 4876 illo
3186 4822 3279 4891 qui
3307 4838 3401 4878 cor
3422 4839 3604 4880 eorum
3635 4826 3783 4882 vide.

2188 4910 2280 4965 bat
2320 4918 2376 4965 et
2417 4909 2734 4980 cupiditates
2763 4912 3131 4978 examinabat,
3163 4916 3409 4985 permissi
3449 4928 3574 4974 sunt
3600 4919 3777 4976 facere

2189 5003 2321 5070 ista,
2367 5019 2524 5074 quam
2563 5004 2698 5074 jussi
2744 5020 2890 5059 :non
2930 5014 3103 5061 tamen
3134 5007 3251 5062 sine
3292 5009 3470 5080 aliquo
3518 5022 3777 5082 provectu

2187 5099 2378 5153 animae
2417 5098 2666 5162 carnalis,
2712 5097 2855 5168 quod
2881 5106 2935 5153 et
2977 5098 3061 5153 his
3109 5099 3345 5155 fecerunt
3381 5103 3471 5173 qui
3514 5104 3635 5159 talia
3658 5105 3782 5175 jure

2189 5190 2329 5260 passi
2361 5198 2502 5255 sunt,
2532 5199 2588 5244 et
2606 5190 2847 5260 quamvis
2874 5204 2969 5259 per
2995 5188 3198 5257 dolum,
3230 5190 3299 5246 ab
3325 5192 3522 5263 iniquis
3543 5194 3782 5251 homini-

2188 5281 2289 5338 bus
2315 5292 2492 5337 tamen
2514 5280 2654 5352 quod
2686 5281 2785 5335 sibi
2827 5280 2978 5336 reddi
3011 5281 3215 5349 debuit,
3246 5283 3599 5341 abstulerunt.
3628 5288 3783 5344 Sicut

2189 5384 2368 5429 autem
2399 5373 2774 5444 IEgyptiorum
2821 5372 3133 5443 iniquitate,
3160 5374 3237 5430 sic
3276 5375 3497 5431 istorum
3548 5378 3782 5436 inﬁrmi-

2189 5476 2329 5532 tate,
2359 5465 2425 5520 ad
2465 5465 2516 5520 id
2542 5464 2685 5535 quod
2711 5478 2846 5534 opus
2870 5474 2988 5520 erat
3030 5465 3133 5520 illis
3161 5465 3316 5527 factis
3354 5467 3689 5537 ﬁgurandum
3726 5481 3784 5529 et

2190 5555 2650 5630 pmnuntiandum
2703 5556 2881 5612 divine
2920 5572 3047 5613 usus
3071 5567 3154 5612 est
3181 5558 3340 5613 Deus.
3369 5558 3436 5613 Et
3482 5560 3659 5616 eduxit
3701 5580 3785 5619 eos

2190 5654 2245 5708 in
2273 5660 2479 5723 argento
2508 5660 2555 5706 et
2581 5668 2726 5707 auro.
2759 5651 2826 5705 Et
2852 5651 2952 5707 ista
2994 5651 3193 5707 locutio
3238 5652 3632 5722 Scripturarum
3675 5668 3781 5714 est.

2189 5743 2296 5799 Pro
2345 5758 2411 5799 eo
2451 5743 2647 5813 quippe
2675 5742 2875 5797 dictum
2907 5752 3008 5809 est,
3037 5743 3090 5796 in
3129 5753 3337 5814 argento
3371 5754 3419 5798 et
3453 5762 3613 5812 auro,
3646 5763 3710 5803 ac
3735 5748 3781 5803 si

2196 5835 2480 5904 diceretur,
2514 5850 2635 5891 cum
2658 5845 2878 5906 argento
2905 5843 2958 5891 et
2984 5850 3139 5893 auro.
3171 5833 3239 5889 Et
3273 5851 3373 5890 non
3405 5845 3513 5891 erat
3541 5837 3595 5893 in
3626 5838 3784 5897 tribu-
