4090 6476
272 363 446 443 ttor'

273 506 365 562 bus
391 517 566 556 eorum
593 493 826 566 inﬁrmus
858 507 876 544 :
902 487 997 544 sed
1027 482 1269 555 corpore,
1315 492 1421 534 non
1451 475 1648 530 animo.
1677 467 1854 524 Etiam

274 561 377 656 hoc
403 561 660 665 magnum
681 587 772 643 Dei
803 580 1122 640 beneﬁcium
1147 576 1244 630 fuit
1264 615 1278 641 ,
1314 581 1372 627 ut
1401 571 1455 625 in
1479 567 1568 624 illa
1615 561 1852 621 accessio

275 703 382 749 tate
411 684 672 758 migrandi
700 681 875 737 nullus
896 683 1041 732 esset
1067 681 1316 743 :egrotus.

343 780 439 836 29.
471 753 622 852 [rem
646 772 761 846 38.]
793 771 986 826 Ltctata
1033 775 1105 819 est
1154 762 1414 833 ﬁgyptus
1457 757 1511 812 in
1554 753 1862 826 profectione

274 890 470 936 eorum,
514 874 632 942 quia
660 866 884 923 incubuit
926 863 1072 916 timor
1114 872 1287 912 eorum
1333 868 1483 924 super
1525 865 1628 908 eos.
1678 845 1862 902 Timor

273 972 458 1040 utique
485 939 831 1021 Hebraeorum
873 968 1032 1026 super
1061 950 1360 1022 Egyptios.
1383 944 1496 1000 Non
1526 941 1668 998 enim
1713 939 1864 992 timor

274 1034 472 1127 eorum,
516 1073 620 1128 quo
667 1051 924 1109 timebant
954 1045 1182 1108 Hebraei,
1223 1040 1314 1096 sed
1364 1051 1470 1108 quo
1519 1034 1859 1089 timebantur.

277 1157 425 1212 Dicet
455 1127 646 1221 aliquis
675 1168 688 1203 :
717 1142 995 1214 Quomodo
1020 1153 1148 1208 ergo
1168 1135 1419 1190 nolebant
1460 1144 1552 1183 eos
1595 1127 1862 1181 dimittere

275 1214 558 1318 Egyptiii
593 1236 861 1312 quomodo
906 1243 1155 1303 tanquam
1200 1226 1466 1283 redituros
1509 1214 1864 1275 dimiserunt?

278 1311 555 1413 quomodo
598 1311 848 1402 tanquam
897 1323 1148 1384 redituris
1174 1331 1226 1376 et
1267 1315 1554 1374 reddituris
1581 1311 1784 1364 aurum
1811 1314 1866 1361 et

278 1403 560 1501 argentum
603 1423 903 1496 petentibus
943 1413 1438 1473 commodaveruut,
1498 1405 1542 1459 si
1586 1403 1756 1456 laetata
1793 1404 1865 1452 est

280 1491 548 1594 igyptus
595 1491 649 1571 in
698 1511 1002 1587 profectione
1053 1504 1271 1561 eorum?
1322 1499 1426 1556 Sed
1467 1491 1866 1564 intelligendum

282 1589 558 1687 est,vast
603 1610 745 1665 illam
787 1606 1024 1660 ultimam
1076 1597 1446 1668 Egyptiorum
1495 1595 1719 1643 mortem
1747 1626 1762 1650 ,
1813 1589 1868 1636 et

283 1681 485 1764 tantam
534 1713 763 1772 stragem
813 1697 866 1752 in
918 1694 1049 1750 mari
1092 1691 1274 1746 Rubro
1317 1696 1420 1741 tam
1455 1681 1630 1752 magni
1677 1690 1865 1749 perse-

285 1799 498 1872 quentis
528 1767 814 1871 exercitus,
837 1785 1113 1858 Egyptios
1137 1780 1375 1836 timuisse
1396 1775 1637 1833 residuos
1654 1786 1719 1826 ne
1748 1767 1869 1822 red-

286 1863 425 1950 irent
471 1863 700 1948 Hebrtei,
743 1890 800 1939 et
843 1894 1026 1936 eorum
1080 1873 1333 1943 reliquias
1377 1881 1564 1938 magna
1618 1863 1869 1919 facilitate

286 1988 648 2039 contererent.
682 1975 832 2030 Tunc
862 1969 1136 2040 impletum
1167 1960 1408 2032 estquod
1436 1957 1680 2030 superius
1700 1996 1715 2021 ,
1746 1968 1868 2008 cum

291 2076 535 2138 dixisset,
568 2069 634 2124 Et
661 2067 802 2121 auxit
824 2063 1068 2136 populum
1093 2074 1240 2112 suum
1268 2054 1596 2112 uehementer,
1623 2061 1745 2102 mox
1770 2045 1866 2099 ad-

289 2165 445 2232 didit,
470 2163 535 2217 Et
561 2159 776 2232 firmavit
797 2172 908 2211 eum
941 2167 1093 2222 super
1123 2147 1351 2203 inimicos
1383 2145 1512 2216 ejus.
1543 2141 1690 2195 Hanc
1727 2137 1871 2193 enim

292 2257 613 2316 sententiam
641 2265 748 2306 uno
788 2245 1054 2304 versiculo
1081 2239 1404 2313 propositam
1454 2243 1510 2290 ut
1539 2232 1867 2302 explicaret,

293 2348 561 2424 quomodo
586 2346 638 2401 id
661 2345 857 2399 factum
891 2339 981 2405 sit,
1009 2333 1251 2405 adjunxit
1290 2337 1482 2384 caetera
1525 2339 1645 2395 quae
1689 2322 1742 2376 in
1776 2323 1874 2375 hac

295 2442 447 2499 laude
476 2438 645 2495 cladis
669 2436 688 2468 ί
717 2430 988 2496 narravit,
1015 2441 1185 2497 usque
1229 2422 1296 2476 ad
1341 2422 1496 2475 istum
1543 2417 1718 2470 locum
1740 2455 1755 2480 ,
1785 2413 1873 2468 ubi

294 2535 384 2600 ait,
416 2534 589 2586 lictata
616 2537 688 2582 est
713 2523 976 2596 ngyptus
994 2520 1046 2573 in
1070 2515 1378 2588 profectione
1415 2525 1588 2564 eorum
1606 2547 1622 2574 ,
1649 2506 1768 2578 quia
1791 2504 1875 2556 in-

297 2596 464 2681 rubuit
497 2625 647 2677 timor
671 2632 844 2675 eorum
887 2629 1038 2685 super
1064 2624 1181 2674 eos;
1220 2606 1367 2662 velut
1409 2602 1688 2672 assignans
1735 2596 1876 2669 quod

295 2723 678 2790 proposuerat,
724 2709 845 2782 quia
873 2703 1101 2762 ﬁrmavit
1127 2698 1379 2773 populum
1409 2708 1562 2750 suum
1589 2706 1749 2762 super
1772 2689 1876 2744 ini-

297 2814 460 2870 micos
487 2810 626 2880 ejus.

366 2903 456 2960 30.
498 2900 650 2974 [verm
681 2893 793 2967 39.]
818 2889 1049 2949 Proinde
1091 2886 1200 2958 jam
1245 2882 1375 2938 dicit
1414 2893 1534 2951 quae
1580 2881 1682 2932 lter
1717 2887 1881 2943 agen-

300 2997 436 3052 tibus
464 2967 520 3048 ni
549 3003 732 3046 eremo
759 2975 1020 3042 beneﬁcia
1046 2979 1222 3034 divina
1253 2974 1443 3030 collata
1487 2978 1629 3026 sunt.
1663 2967 1879 3035 Expon-

300 3089 370 3142 dit
390 3088 572 3140 nubem
600 3083 651 3135 in
692 3076 1046 3151 protectionem
1085 3084 1257 3126 eorum
1280 3109 1294 3132 ,
1322 3075 1369 3120 et
1396 3065 1563 3134 ignem
1605 3069 1660 3114 ut
1696 3059 1880 3112 luceret

301 3178 370 3235 eis
417 3193 508 3248 per
573 3182 788 3229 noctem.
839 3168 972 3224 Tum
1042 3174 1168 3220 sunt
1223 3161 1340 3216 haec
1391 3153 1674 3213 manifesta
1722 3163 1882 3222 quam

302 3281 444 3329 nota.

372 3363 460 3420 3|.
503 3358 654 3434 [oers.
696 3355 812 3430 40.]
860 3355 1118 3410 Petierunt
1141 3352 1185 3417 ',
1231 3357 1280 3403 et
1321 3345 1452 3401 venit
1484 3341 1735 3398 coturnix.
1767 3339 1885 3395 Non

307 3433 631 3511 coturnicem
661 3447 1112 3518 concupiverunt,
1147 3439 1242 3496 sed
1268 3451 1478 3494 carnes.
1502 3433 1636 3502 Quia
1674 3445 1805 3486 vero
1832 3438 1887 3484 et

309 3545 550 3604 coturnix
579 3557 706 3600 caro
733 3551 815 3596 est
833 3582 848 3605 ,
891 3547 945 3594 et
968 3538 1022 3592 in
1053 3537 1154 3589 isto
1188 3530 1393 3604 psalmo
1419 3542 1528 3582 non
1564 3524 1796 3596 loquitur
1819 3520 1888 3577 de

308 3636 685 3696 amaricatione
709 3634 919 3688 illorum
956 3630 1008 3684 in
1037 3626 1225 3697 quibus
1252 3637 1359 3678 non
1384 3628 1467 3676 est
1500 3615 1887 3687 beneplacitum

311 3731 442 3796 Deo,
472 3727 567 3783 sed
612 3726 679 3781 de
705 3723 808 3779 ﬁde
849 3723 1138 3777 electorum
1158 3759 1172 3781 ,
1204 3713 1344 3786 quod
1375 3720 1458 3768 est
1495 3722 1678 3764 verum
1705 3720 1887 3761 semen

310 3823 572 3881 Abrahae;
596 3819 695 3890 ipsi
718 3811 1043 3884 intelligendi
1071 3817 1195 3865 sunt
1218 3806 1414 3877 petisse
1439 3812 1500 3857 ut
1525 3802 1731 3857 veniret
1752 3797 1893 3854 unde

311 3911 713 3969 amaricantium
762 3921 1004 3962 murmur
1046 3902 1454 3973 opprimeretur.
1507 3894 1624 3950 Jam
1655 3893 1708 3947 in
1734 3905 1894 3946 versu

313 4007 401 4078 qui
433 4004 692 4074 sequitur,
715 3999 784 4054 Et
813 4014 943 4069 pane
980 3995 1093 4051 cteli
1117 3990 1359 4047 saturavit
1389 4004 1505 4052 eos,
1536 3998 1728 4040 manna
1774 3982 1896 4052 qui-

314 4073 435 4155 dem
463 4073 566 4152 non
597 4091 909 4159 nominavit,
937 4087 1031 4145 sed
1062 4084 1193 4141 nulli
1235 4083 1520 4138 obscurum
1545 4084 1626 4133 est
1649 4073 1741 4146 qui
1780 4073 1898 4128 illas

315 4189 520 4245 litteras
543 4186 687 4256 legit.
1366 4169 1375 4177 ’

301 4300 308 4310 °
388 4279 480 4336 52.
523 4278 672 4352 [uers.
693 4274 808 4348 41.]
840 4271 1069 4343 Disrupit
1099 4278 1325 4341 petram,
1359 4270 1406 4316 et
1429 4262 1686 4332 ﬂuxmnt
1723 4269 1899 4326 aqua;

319 4347 547 4430 abierunt
570 4373 623 4427 in
661 4371 792 4425 sicco
821 4363 1148 4438 ﬂumina.Et
1188 4359 1290 4415 hoc
1316 4355 1516 4412 factum
1559 4360 1668 4407 tam
1691 4349 1799 4404 cito
1821 4347 1901 4402 in-

267 4508 274 4514 .
319 4466 595 4537 telligitur,
618 4477 775 4533 quam
805 4459 1017 4529 legitur.

393 4530 483 4614 53.
526 4530 697 4630 [νώ.
751 4548 961 4623 ιλιι]
999 4547 1094 4604 His
1133 4553 1310 4600 autem
1345 4538 1592 4596 omnibus
1634 4530 1906 4589 beneﬁciis

324 4651 456 4718 suis,
508 4622 651 4704 Deus
691 4622 1032 4701 commendat
1087 4637 1139 4692 in
1167 4633 1436 4690 Abraham
1482 4628 1727 4684 meritum
1759 4622 1904 4678 fidei.
1988 4681 1996 4687 _

325 4713 576 4813 Sequitur
601 4737 742 4794 enim
769 4743 825 4791 et
851 4733 980 4789 dicit
1013 4749 1028 4785 :
1065 4747 1084 4782 ‹
1113 4726 1371 4793 Quoniam
1403 4734 1610 4778 memor
1638 4716 1736 4772 fuit
1761 4713 1910 4771 verbi

327 4833 492 4890 sancti
520 4830 602 4885 sui
624 4869 642 4896 ,
669 4826 808 4899 quod
839 4823 1021 4880 habuit
1065 4819 1130 4875 ad
1157 4816 1422 4874 Abraham
1466 4825 1685 4884 puerum
1731 4822 1906 4862 suum.

327 4925 393 4980 Et
425 4923 612 4980 eduxit
638 4919 892 4991 populum
921 4928 1074 4970 suum
1113 4911 1165 4965 in
1207 4905 1588 4968 exsultatione,
1616 4910 1672 4956 et
1712 4899 1912 4954 electos

327 5033 450 5072 suos
477 5017 529 5071 in
561 5012 762 5070 laetitia.
801 5029 821 5063 s
850 5006 1002 5076 Quod
1033 5005 1124 5067 ait,
1159 4999 1406 5073 populum
1430 5010 1609 5057 suum;
1634 4991 1735 5045 hoc
1755 5003 1915 5059 repe-

329 5112 478 5177 tivit,
528 5107 712 5162 electos
736 5119 852 5160 suos
883 5109 976 5156 :et
1009 5096 1152 5169 quod
1177 5095 1270 5160 ait,
1311 5093 1364 5146 in
1406 5087 1774 5148 exsultatione;
1814 5082 1916 5136 hoc

329 5199 596 5270 repetivit,
640 5199 694 5251 in
723 5189 915 5250 latitia.
942 5190 1010 5245 Et
1036 5187 1174 5244 dedit
1200 5186 1303 5240 illis
1339 5181 1566 5254 regiones
1589 5177 1840 5249 gentium,
1871 5181 1918 5226 et

331 5267 526 5347 laliores
570 5288 877 5361 populorum
925 5281 1268 5355 possederunt.
1311 5273 1464 5342 Quod
1504 5279 1660 5336 sunt,
1691 5267 1918 5337 regiones

332 5357 591 5458 gentium,‘
635 5357 738 5436 hoc
772 5386 930 5442 sunt,
963 5376 1157 5430 labores
1185 5369 1490 5442 populorum
1517 5380 1537 5418 :
1566 5371 1621 5418 et
1662 5358 1803 5431 quod
1831 5357 1918 5413 di-

332 5453 476 5533 ctum
521 5484 638 5542 est,
683 5472 821 5528 dedit
861 5469 997 5536 illis;
1037 5467 1138 5523 boc
1179 5463 1466 5535 repetitum
1514 5465 1631 5527 est,
1683 5453 1920 5527 possede-
1974 5521 1978 5526 ι

333 5585 449 5626 runt
455 5610 470 5626 ο

407 5664 497 5718 54.
528 5658 693 5735 [νοτε.
717 5654 844 5731 45.]
882 5653 950 5712 Et
971 5661 1222 5723 tauquam
1255 5659 1614 5720 quaereremus
1659 5641 1745 5699 cui
1782 5639 1923 5696 bono

407 5819 426 5851 ι
452 5825 574 5876 Vox,
603 5813 776 5876 cladis,
795 5814 936 5863 abest
949 5824 974 5859 a
993 5817 1101 5861 uas.

409 5883 431 5915 ³
454 5865 588 5944 addi,
608 5865 858 5931 iretiet‘uut
877 5887 1062 5927 carnes.
1093 5879 1210 5933 Vox,
1234 5872 1420 5929 carnes,
1448 5865 1590 5918 abest
1610 5875 1638 5916 a
1660 5869 1766 5914 Mss.

1401 348 1793 412 ENARRA'I'IO
1832 345 1896 401 IN
1936 345 2256 404 PSALMUM
2281 345 2414 403 CIV.

3400 342 3539 402 “0‘3

1961 464 2060 519 ista
2084 463 2207 519 data
2232 471 2390 529 sunt,
2420 477 2488 518 ne
2514 460 2616 518 hoc
2641 462 2813 533 ipsum
2841 468 3113 532 putaretur
3140 474 3406 518 summum
3436 461 3535 518 bo-

1959 575 2110 626 num,
2137 559 2276 629 quod
2315 559 2414 614 ista
2452 557 2675 614 felicitas
2694 571 2876 628 rerum
2923 556 3290 626 temporalium
3334 556 3526 626 pOpttlo

1961 653 2056 709 Dei
2084 652 2203 710 data
2235 662 2349 718 est;
2379 652 2633 708 continuo
2660 667 2779 707 eam
2800 647 2869 705 ad
2887 649 3029 704 aliud
3048 649 3245 714 retulit,
3272 649 3359 705 ubi
3385 664 3533 704 sum-

1961 764 2106 803 mum
2137 748 2334 802 bonum
2364 755 2574 816 oportet
2603 745 2798 816 inquiri
2831 763 2844 799 :
2877 743 2945 800 Ut
2984 743 3306 810 custodiant,
3333 742 3535 813 inquit,

1952 839 2344 911 justi/icationes
2361 839 2470 908 ejus
2488 879 2502 902 ,
2529 847 2575 891 et
2602 838 2759 908 legem
2787 837 2896 908 ejus
2932 835 3205 906 requirant.
3245 833 3344 890 Ubi
3379 834 3542 890 intel-

1963 932 2232 1004 ligendum
2256 941 2340 987 est
2365 931 2458 986 Dei
2488 946 2670 986 servos
2693 939 2748 986 et
2774 931 2972 986 electos
3000 929 3135 984 ﬁlios
3151 928 3540 1000 promissionis,

1962 1041 2145 1082 verum
2166 1033 2222 1080 et
2246 1039 2557 1096 germanum
2585 1038 2768 1078 semen
2795 1023 3020 1078 Abrahae
3043 1062 3059 1088 ,
3085 1023 3351 1077 imitantes
3382 1020 3540 1076 fidem

1963 1119 2212 1184 Abrahae,
2244 1127 2523 1188 propterea
2551 1118 2653 1172 ista
2693 1116 2832 1172 bona
2863 1125 3070 1171 terrena
3098 1129 3307 1170 sumere
3335 1129 3364 1168 a
3393 1115 3500 1168 Deo
3524 1157 3536 1178 ,

1965 1220 2024 1266 ut
2053 1227 2157 1265 non
2188 1210 2240 1264 in
2262 1210 2340 1264 eis
2377 1208 2501 1263 luxu
2539 1207 2779 1262 dilﬂuant
2800 1247 2816 1272 ,
2847 1207 2959 1262 sive
2981 1221 3226 1276 perversa
3258 1206 3542 1261 securitate

1968 1310 2300 1372 torpescunt;
2330 1300 2424 1355 sed
2451 1299 2570 1355 ideo
2591 1300 2820 1354 habeant
2846 1299 3022 1376 divina
3049 1297 3406 1353 misericordia
3430 1296 3545 1352 hmc

1966 1397 2145 1451 omnia
2175 1403 2493 1465 praeparata,
2518 1392 2780 1462 inquibus
2805 1392 3103 1462 quzm‘endis
3127 1400 3342 1459 possent
3381 1405 3544 1460 nego-
3571 1441 3576 1446 .

1969 1489 2270 1546 tiosissimis
2300 1487 2568 1542 laboribus
2589 1485 2857 1556 occupari,
2889 1494 2944 1538 ut
2971 1483 3035 1539 ad
3065 1483 3164 1538 hoc
3186 1492 3372 1538 vacent
3399 1481 3536 1534 unde

1968 1585 2165 1640 bonum
2193 1592 2449 1638 aeternum
2475 1580 2641 1651 possit
2673 1580 2892 1650 acquiri,
2918 1577 3019 1632 hoc
3039 1588 3140 1642 est,
3167 1575 3234 1632 Ut
3260 1575 3543 1630 custodiant
3573 1637 3576 1640 ,

1957 1676 2348 1748 justi/icatioues
2389 1675 2519 1746 ejus,
2561 1683 2608 1727 et
2639 1673 2797 1744 legem
2826 1673 2935 1744 ejus
2971 1672 3243 1742 requirant.
3274 1661 3509 1748 Denique
3529 1711 3544 1736 ,
3569 1729 3576 1736 κ

1969 1768 2218 1838 quoniam
2246 1745 2426 1822 semen
2455 1765 2684 1821 Abraluc
2713 1765 2845 1819 tales
2872 1763 2959 1818 hic
2987 1763 3202 1831 intelligi
3229 1763 3426 1828 voluit,
3455 1745 3547 1831 qui

1967 1875 2096 1915 vere
2115 1870 2295 1915 essent
2321 1873 2502 1913 semen
2539 1855 2797 1919 Abrahae,
2824 1855 3007 1926 quales
3035 1854 3211 1923 utique
3246 1842 3349 1916 nec
3375 1845 3438 1906 in'
3459 1852 3551 1906 illo

1970 1952 2166 2024 populo
2189 1951 2474 2006 defuerunt
2507 1967 2521 2003 :
2549 1947 2690 2019 quod
2717 1948 2877 2004 etiam
2906 1946 3177 2016 apostolus
3203 1944 3396 2000 Paulus
3426 1945 3552 1997 satis

1971 2043 2231 2108 ostendit,
2252 2059 2372 2098 cum
2401 2042 2562 2105 dicit,
2595 2041 2700 2096 Sed
2725 2057 2824 2095 non
2853 2041 2904 2093 in
2935 2039 3162 2093 omnibus
3189 2038 3292 2092 illis
3321 2036 3554 2106 benepla-

1972 2137 2126 2190 citum
2174 2145 2247 2190 est
2291 2134 2400 2188 Deo
2440 2134 2480 2204 (I
2509 2133 2628 2188 Cor.
2657 2149 2712 2199 Χ,
2739 2130 2793 2202 5)
2817 2149 2832 2196 ;
2859 2131 2905 2185 si
2934 2131 3073 2185 enim
3102 2145 3203 2182 non
3226 2129 3277 2181 in
3302 2127 3551 2192 omnibus,

1972 2226 2211 2298 profecto
2249 2223 2470 2279 fuerunt
2498 2224 2569 2279 ibi
2609 2223 2821 2292 quidam
2855 2221 2906 2275 in
2955 2220 3146 2290 quibus
3189 2219 3552 2290 beneplacitum

1973 2329 2045 2374 est
2075 2318 2182 2374 Deo
2205 2332 2230 2371 .'
2259 2316 2381 2386 quia
2416 2331 2543 2385 ergo
2592 2315 2724 2368 tales
2772 2313 3007 2382 psalmus
3051 2312 3150 2366 iste
3193 2308 3551 2371 commendat,

1975 2412 2106 2468 nihil
2153 2411 2240 2467 hic
2262 2410 2396 2466 dixit
2440 2410 2508 2465 de
2555 2407 2919 2478 iniquitatibus
2970 2414 3023 2460 et
3068 2402 3454 2459 irritationibus
3502 2407 3557 2453 et

1974 2505 2351 2560 amaricatione
2395 2517 2577 2558 eorum
2620 2501 2672 2556 in
2698 2500 2887 2570 quibus
2913 2505 3128 2554 nonest
3167 2495 3552 2565 beneplacitum

1977 2599 2108 2655 Deo.
2129 2598 2234 2655 Sed
2255 2598 2376 2668 quia
2401 2605 2456 2652 et
2478 2595 2672 2666 iniquis
2691 2608 2796 2648 non
2814 2592 2926 2647 sola
2944 2590 3166 2661 justitia,
3186 2603 3367 2644 verum
3396 2587 3555 2643 etiam

1977 2689 2340 2746 misericordia
2373 2688 2464 2744 Dei
2495 2684 2875 2756 omnipotentis
2901 2690 2953 2738 et
2979 2681 3254 2737 clementis
3279 2679 3554 2749 apparuit;

1979 2781 2046 2837 de
2070 2782 2173 2836 illis
2215 2794 2444 2850 sequens
2485 2777 2722 2848 loquitur
2757 2775 2988 2845 psalmus
3014 2788 3134 2828 cum
3167 2769 3407 2825 laudibus
3440 2769 3555 2821 Dei.

1980 2875 2050 2932 Et
2075 2883 2254 2929 tamen
2299 2871 2509 2942 utrique
2555 2871 2610 2924 in
2653 2883 2760 2922 uno
2786 2866 2979 2938 populo
3021 2863 3260 2928 fuerunt,
3303 2875 3402 2916 nec
3431 2860 3561 2914 istos

1983 2967 2060 3022 illi
2093 2979 2309 3022 suarum
2348 2961 2683 3032 iniquitatum
2710 2957 3026 3026 contagione
3054 2955 3371 3026 polluerunt.
3404 2949 3563 3003 Novit

1983 3061 2124 3116 enim
2152 3057 2400 3113 Dominus
2431 3054 2518 3126 qui
2545 3063 2660 3109 sunt
2687 3053 2839 3123 ejus:
2869 3059 2922 3106 et
2950 3050 2992 3104 si
3023 3049 3075 3108 in
3104 3050 3204 3102 hoc
3235 3045 3430 3101 saeculo
3456 3059 3561 3098 non

1985 3159 2165 3223 potest
2187 3150 2254 3204 ab
2280 3147 2510 3218 iujustis,
2531 3144 2730 3200 recedat
2755 3144 2817 3203 ab
2835 3141 3086 3214 injustitia
3111 3139 3272 3194 omnis
3296 3137 3380 3209 qui
3404 3136 3568 3190 nomi-

1983 3254 2072 3301 nat
2096 3259 2277 3300 nomen
2301 3240 2507 3294 Domini
2535 3237 2611 3309 (ll
2636 3237 2767 3291 Tim.
2796 3251 2854 3302 tt,
2888 3232 2996 3306 l9).

2055 3335 2145 3391 55.
2175 3333 2245 3390 Ut
2265 3347 2392 3402 ergo
2419 3341 2668 3400 tanquam
2697 3328 2749 3382 in
2777 3339 3001 3396 Corpore
3031 3321 3217 3393 psalmi
3248 3320 3403 3391 hujus
3422 3317 3568 3373 velut

1986 3429 2239 3486 latentem
2268 3420 2662 3495 quodammodo
2703 3420 2820 3489 ejus
2853 3417 3082 3470 animam
3109 3411 3564 3475 commendemus,

1988 3521 2092 3576 hoc
2115 3526 2216 3582 est,
2243 3516 2295 3570 in
2321 3514 2498 3570 verbis
2523 3512 2672 3584 quasi
2699 3507 3052 3566 exterioribus
3083 3503 3388 3560 interiorem
3415 3501 3569 3556 intel-

1990 3611 2188 3666 lectum
2219 3625 2232 3662 :
2262 3606 2471 3662 videtur
2500 3603 2629 3659 mihi
2668 3599 2944 3658 admoneri
2983 3613 3166 3652 semen
3191 3593 3454 3659 Abrahae,
3482 3591 3571 3662 qui

1992 3709 2121 3758 sunt
2149 3714 2340 3757 omnes
2366 3698 2460 3752 filii
2487 3693 2856 3768 promissionis
2882 3691 3204 3762 pertinentes
3228 3686 3294 3741 ad
3319 3693 3572 3740 aeternam

1993 3791 2356 3848 haereditatem
2413 3787 2711 3844 testamenti
2760 3782 2982 3846 aeterni,
3017 3791 3073 3835 ut
3113 3789 3360 3849 tanquam
3405 3777 3571 3847 ipsam

1994 3882 2366 3940 hzereditatem
2393 3879 2492 3934 sibi
2519 3878 2716 3948 eligant
2744 3875 2932 3939 Deum,
2961 3879 3014 3926 et
3037 3886 3157 3925 eum
3185 3869 3349 3940 gratis
3375 3866 3573 3932 colant,

1995 3975 2050 4032 id
2077 3983 2191 4040 est,
2229 3981 2447 4045 propter
2488 3972 2660 4040 ipsum
2683 4008 2700 4034 ,
2731 3981 2837 4022 non
2882 3975 3099 4034 propter
3126 3958 3338 4030 aliquod
3365 3957 3576 4013 emolu-

1996 4076 2236 4125 mentum
2287 4061 2551 4120 mercedis
2581 4069 2732 4115 extra
2774 4058 2988 4129 ipsum;
3020 4053 3198 4108 ethoc
3236 4050 3433 4104 faciant
3459 4048 3577 4102 lau-

1999 4160 2189 4216 dantes
2208 4199 2224 4225 ,
2252 4157 2559 4230 invocantes
2577 4193 2593 4219 ,
2623 4150 3000 4230 annuntiantes
3021 4187 3035 4212 ,
3061 4161 3161 4200 nec
3185 4145 3236 4198 in
3268 4157 3418 4198 suam
3439 4182 3453 4207 ,
3486 4139 3578 4195 sed

2002 4252 2056 4306 in
2083 4249 2199 4320 ejus
2222 4246 2447 4318 gloriam
2478 4259 2572 4313 per
2616 4240 2773 4295 ﬁdem
2802 4239 2940 4293 bene
2981 4243 3263 4306 operantes
3285 4272 3303 4300 ,
3334 4245 3428 4300 spe
3451 4243 3578 4301 gau-

2001 4319 2220 4405 dentes,
2253 4336 2514 4393 cbaritate
2555 4332 2827 4388 ferventes
2854 4327 3028 4400 (Rom.
3059 4341 3163 4391 xu,
3190 4324 3250 4378 11
3275 4364 3291 4388 ,
3319 4320 3439 4392 12).
3474 4319 3585 4375 Hoc

2005 4438 2175 4486 totum
2201 4433 2356 4482 sonat
2397 4423 2478 4478 bis
2502 4421 2744 4477 versibus
2770 4435 2782 4471 :
2825 4436 2845 4470 ‹
2875 4411 3214 4471 Conﬁtemini
3242 4409 3468 4465 Domino
3490 4449 3504 4474 ,
3532 4415 3586 4462 et

1993 4524 2250 4599 invocata
2286 4533 2480 4574 nomen
2526 4515 2641 4584 ejus
2664 4555 2680 4580 ,
2724 4509 3034 4566 annuntiate
3060 4507 3111 4560 in
3150 4503 3399 4576 gentibus
3426 4513 3587 4570 opera

2008 4619 2144 4687 ejus.
2175 4612 2397 4668 Cantate
2428 4609 2474 4664 ei
2495 4649 2508 4671 ,
2540 4616 2596 4662 et
2623 4604 2831 4675 psallite
2859 4601 2906 4656 ei
2930 4641 2945 4665 ,
2976 4607 3188 4653 narrate
3212 4595 3388 4649 omnia
3425 4590 3590 4646 mira-

2008 4686 2136 4766 bilia
2164 4707 2299 4776 ejus.
2331 4699 2648 4758 Laudamini
2675 4699 2729 4752 in
2756 4695 2972 4751 nomine
2993 4699 3179 4746 sancto
3208 4687 3357 4758 ejus;
3385 4686 3594 4741 laetetur

2011 4817 2106 4857 cor
2153 4797 2505 4870 quaerentium
2555 4790 2860 4846 Dominum.
2907 4783 3137 4852 Qumrite
3183 4776 3499 4842 Dominum,
3540 4782 3596 4828 et

2012 4886 2439 4951 conﬁrmamini;
2481 4881 2702 4954 quaerite
2727 4879 2916 4934 faciem
2943 4876 3059 4944 ejus
3086 4885 3318 4940 semper.
3353 4886 3374 4920 ι

2086 4981 2174 5058 56.
2225 4977 2424 5034 Deinde
2467 4974 2533 5030 ad
2579 4971 2920 5044 parvulorum
2970 4965 3130 5022 corda
3176 4957 3490 5024 nutrienda,
3538 4965 3598 5010 ut

2015 5074 2337 5131 roborentur
2363 5069 2414 5124 in
2443 5065 2566 5131 ﬁde,
2589 5065 2657 5120 de
2682 5058 3001 5118 Patriarchis
3026 5059 3393 5127 proponuntur
3417 5062 3599 5103 exem-

2017 5169 2103 5241 pla
2130 5177 2182 5223 et
2211 5166 2419 5220 illorum
2447 5160 2569 5215 fidei
2599 5166 2654 5213 et
2684 5150 3051 5228 promissionis
3076 5147 3168 5202 Dei
3191 5147 3232 5211 ¹,
3259 5152 3316 5198 ιιι
3340 5138 3598 5197 imitando

2018 5270 2073 5318 et
2096 5257 2364 5332 sperando
2391 5254 2556 5310 simus
2582 5265 2765 5307 semen
2791 5247 3000 5302 illorum
3023 5283 3038 5309 ,
3069 5253 3176 5295 non
3205 5236 3274 5292 de
3303 5235 3414 5290 sola
3443 5239 3602 5302 gente

2019 5326 2362 5411 Hebraeorum
2387 5390 2404 5415 ,
2434 5346 2529 5402 sed
2567 5349 2826 5415 quotquot
2867 5339 3021 5393 istam
3051 5331 3272 5403 gratiam
3311 5326 3605 5397 suscipiunt

2021 5449 2076 5504 in
2103 5446 2249 5503 omni
2281 5455 2444 5500 terra.
2489 5437 2642 5507 Quod
2672 5445 2839 5501 totum
2869 5430 2953 5486 his
2980 5425 3224 5482 versibus
3250 5422 3555 5477 continetur
3586 5433 3602 5472 :

2032 5560 2052 5595 ι
2085 5540 2405 5595 Mementote
2451 5529 2772 5587 mirabilinm
2823 5523 2938 5593 ejus
2985 5535 3102 5591 qua:
3152 5515 3308 5580 fecit,
3368 5511 3604 5584 prodigia

2024 5631 2140 5703 ejus
2164 5641 2218 5686 et
2240 5626 2434 5700 judicia
2461 5623 2570 5679 oris
2595 5619 2730 5691 ejus.
2772 5615 2966 5672 Semen
2998 5608 3266 5668 Abraham
3297 5605 3436 5662 servi
3467 5603 3601 5672 ejus,

2027 5790 2357 5908 male???
2378 5791 2507 5843 uss,
2531 5778 2856 5844 proponuntur
2875 5776 2920 5823 et
2940 5767 3136 5825 illam
3170 5762 3294 5834 ﬁda
3324 5765 3372 5813 et
3406 5752 3612 5825 promit-
