4090 6478
511 362 647 426 14⁸υὸ
678 378 681 381 ‘

506 488 599 552 lilii
627 476 790 547 Jacob
815 478 972 544 electi
1010 482 1148 555 ejus.
1180 469 1297 550 ipse
1322 472 1580 531 Dominus
1604 467 1745 525 Deus
1776 473 1963 523 noster
1986 502 2003 534 ,
2033 465 2089 519 la

504 584 651 645 onmi
674 591 813 638 terra
836 572 1033 651 judicia
1054 572 1188 645 ejus.
1217 566 1419 625 Memor
1440 565 1539 623 fuit
1565 562 1620 619 in
1648 561 1902 618 sarculum
1928 566 2091 615 testa-

509 678 673 737 menti
717 675 835 739 sui,
869 669 1013 725 verbi
1053 664 1193 735 quod
1223 660 1491 719 mandavit
1521 659 1574 714 in
1616 657 1761 711 mille
1788 653 2090 726 generatio-

509 788 623 829 nes.
670 765 824 836 Quod
868 758 1126 832 disposuit
1168 756 1234 811 ad
1260 751 1527 810 Abraham
1551 792 1566 815 ,
1606 756 1661 805 et
1692 744 1979 819 juramenti
2006 747 2089 802 sui

511 866 576 922 ad
608 864 771 920 Isaac.
819 850 887 913 Et
918 851 1099 910 statuit
1142 844 1271 906 illud
1300 843 1398 917 ipsi
1441 844 1606 900 Jacob
1641 843 1694 898 in
1724 848 2085 913 preceptum;

508 965 563 1014 et
590 954 686 1026 ipsi
718 940 880 1006 lsra‘el
905 944 958 1002 in
983 940 1363 1000 testamentum
1388 945 1649 993 aeternum
1670 976 1684 1001 ,
1725 934 1943 1001 dicens,
1970 932 2090 989 Tibi

507 1049 644 1106 dabo
670 1050 862 1101 terram
876 1030 1170 1101 Chanaam,
1190 1032 1481 1089 funiculum
1503 1028 1829 1085 litereditatls
1840 1035 2083 1082 vestram

508 1143 636 1209 Quce
666 1134 841 1193 omnia
864 1176 877 1200 ,
910 1146 1007 1204 pro
1044 1122 1258 1183 modulo
1286 1136 1408 1179 meo
1429 1165 1444 1191 ,
1471 1119 1917 1193 quemadmodum
1943 1117 2088 1174 acci-

508 1230 699 1306 pienda
730 1234 939 1293 essent,
967 1218 1209 1294 exposui.

580 1323 667 1380 '57.
708 1320 805 1377 Hic
830 1316 1145 1375 occurrebat
1172 1310 1350 1367 animo
1378 1306 1609 1379 parvula!
1650 1304 1770 1360 ﬁdei
1809 1320 1823 1359 :
1868 1302 1923 1360 Si
1962 1312 2092 1375 ergo

507 1418 647 1473 Deus
669 1413 832 1486 gratis
856 1417 938 1467 est
962 1405 1215 1463 colendus
1235 1447 1249 1471 ,
1277 1410 1331 1459 et
1371 1399 1671 1456 testamenti
1697 1397 1881 1453 teternl
1922 1397 2094 1451 haere-

509 1509 648 1565 ditas
698 1508 813 1577 ipse
856 1517 883 1557 a
931 1500 1108 1570 seipso
1156 1493 1557 1568 requirendus;
1610 1488 1883 1545 mortalem
1936 1490 2090 1543 istam

509 1600 673 1656 vitam
703 1597 1055 1668 quaerentium
1083 1602 1202 1645 eum
1224 1628 1239 1654 ,
1281 1594 1335 1641 et
1373 1582 1693 1654 temporales
1720 1580 2087 1645 necessitates,

510 1708 578 1749 an
623 1698 678 1747 et
720 1688 837 1759 ipsa
879 1699 989 1741 sum
1030 1677 1411 1737 misericordize
1446 1677 1462 1708 ¹
1508 1673 1945 1743 multiplicatione
1986 1684 2093 1725 non

512 1780 758 1841 deserit?
787 1777 920 1835 Nam
947 1778 1151 1833 intente
1176 1769 1355 1827 audite
1380 1768 1505 1840 quid
1533 1766 1835 1838 prmstiterit
1858 1765 2095 1835 patribus

509 1876 747 1941 nostris,
776 1874 859 1929 vel
904 1872 956 1926 in
1001 1868 1191 1941 quibus
1230 1864 1352 1919 lich
1394 1862 1639 1931 exempla
1687 1859 1982 1924 constituit,
2010 1858 2094 1912 vel

510 1971 601 2042 qui
631 1985 694 2025 ex
725 1964 934 2021 illorum
980 1974 1145 2017 carne
1187 1954 1456 2030 prOpagati
1497 1955 1656 2009 etiam
1706 1951 1862 2006 fidem
1906 1950 2097 2004 imitati

513 2070 657 2118 sunt.
690 2058 817 2114 Cum
848 2064 1006 2111 essent
1036 2051 1134 2124 ipsi
1164 2062 1371 2105 numero
1413 2047 1572 2113 brevi,
1607 2043 1898 2114 paucissimi
1925 2051 1975 2096 et
2011 2042 2095 2095 ἰη-

511 2154 637 2209 colae
656 2152 707 2206 in
731 2168 791 2205 ea
814 2166 831 2203 :
857 2147 909 2203 id
935 2155 1035 2211 eSt,
1065 2146 1279 2199 interra
1301 2140 1576 2195 Chanaan.
1611 2132 1673 2189 Et
1699 2135 2101 2205 pertransierunt

512 2247 574 2299 de
598 2252 740 2316 gente
768 2242 821 2296 in
859 2248 1082 2312 gentem,
1114 2244 1161 2291 et
1201 2233 1263 2288 de
1291 2246 1445 2301 regno
1486 2230 1539 2283 in
1578 2227 1821 2300 populum
1860 2227 2094 2280 alterum.

513 2337 635 2393 Non
679 2334 877 2404 reliquit
925 2330 1178 2385 hominem
1218 2339 1394 2380 nocere
1436 2322 1541 2389 eis,
1586 2322 1633 2375 ei
1674 2319 1842 2390 arguit
1890 2332 1981 2389 pro
2027 2321 2101 2373 eis

510 2445 672 2503 reges.
722 2425 897 2481 Nolite
943 2410 1146 2493 tangere
1191 2418 1404 2473 christos
1449 2428 1606 2480 meos,
1654 2421 1701 2468 et
1741 2413 1797 2467 in
1844 2408 2099 2484 prOpltetis

512 2521 634 2577 meis
663 2517 819 2574 nolite
846 2512 1138 2585 mulignari.

583 2613 671 2669 38.
713 2608 767 2667 Si
812 2617 993 2664 autem
1035 2603 1271 2677 qttteritis
1316 2600 1585 2672 quomodo
1615 2619 1635 2653 ι
1667 2599 1996 2655 transierunt
2030 2597 2101 2652 de

512 2713 671 2777 gente
697 2703 1009 2774 ingentem,
1038 2696 1185 2752 etde
1212 2709 1375 2766 regno
1414 2692 1465 2748 lh
1502 2692 1753 2764 populum
1792 2691 2038 2755 alterum,
2074 2698 2094 2742 ι

512 2797 731 2854 audite:
772 2814 789 2847 ‹
820 2792 885 2849 Ει
910 2792 1115 2846 vocavit
1151 2788 1344 2844 famem
1372 2800 1530 2857 super
1556 2795 1783 2852 terram,
1809 2796 1969 2839 omne
2006 2782 2098 2837 llr.

516 2897 839 2946 mamentum
887 2885 1034 2956 panis
1079 2880 1347 2938 contrivit.
1397 2876 1537 2935 Misit
1578 2884 1703 2933 ante
1751 2882 1845 2933 eos
1885 2877 2095 2941 virum;

517 2985 569 3040 in
613 2986 822 3037 servom
850 2978 1184 3033 venundatus
1228 2983 1309 3030 est
1346 2970 1564 3042 Josepli.
1598 2969 2017 3025 Humiliaverunt
2046 2966 2100 3022 in

515 3070 861 3144 compedibus
904 3068 1068 3140 pedes
1095 3065 1251 3136 ejus;
1296 3063 1496 3119 ferrum
1530 3059 2099 3133 pertransilt'animam

516 3162 632 3237 ejus
657 3207 670 3229 ,
703 3163 875 3219 donec
902 3161 1103 3215 veniret
1129 3157 1350 3213 verbum
1393 3152 1527 3227 ejus.
1570 3152 1849 3223 Eloquium
1890 3150 2099 3206 Domini

517 3255 705 3328 iguivit
730 3270 850 3309 eum
885 3270 897 3306 :
926 3251 1069 3306 misit
1112 3262 1226 3313 rex,
1252 3258 1304 3303 et
1344 3246 1501 3302 solvit
1532 3258 1689 3310 eum;
1730 3244 1977 3314 princeps
2004 3254 2100 3312 poa

516 3349 796 3419 palorum,
824 3353 880 3424 et
911 3336 1109 3399 dimisit
1146 3354 1289 3396 eum.
1330 3337 1621 3395 Constituit
1661 3348 1784 3391 eum
1824 3335 2099 3390 dominum

516 3438 707 3494 domus
750 3451 891 3501 suae,
929 3430 983 3490 et
1020 3433 1314 3505 principem
1355 3433 1529 3486 omnis
1569 3428 1926 3499 possessionis
1966 3434 2098 3481 suae.

517 3518 588 3589 Ut
607 3526 843 3587 erudirct
868 3530 1140 3601 principes
1161 3525 1276 3597 ejus
1296 3524 1432 3578 sicut
1451 3522 1796 3591 semetipsum
1814 3560 1828 3584 ,
1854 3521 1909 3574 et
1927 3518 2103 3573 senio-

518 3636 607 3680 res
652 3622 767 3694 ejus
812 3619 1146 3693 prudentiam
1186 3612 1422 3671 doceret.
1475 3608 1541 3667 Et
1583 3611 1799 3665 intravit
1840 3609 1999 3664 lsrael
2048 3609 2101 3663 in

519 3712 829 3789 Egyptum,
858 3721 912 3768 et
932 3711 1097 3768 Jacob
1118 3704 1296 3764 accola
1336 3704 1431 3761 luit
1462 3704 1677 3760 interra
1699 3696 1885 3760 Cham.
1919 3716 1938 3754 ι
1967 3701 2103 3757 Ecce

519 3808 787 3883 quomodo
819 3828 836 3860 ‹
873 3805 1297 3879 pertransierunt
1323 3800 1389 3855 de
1415 3804 1573 3870 gente
1601 3798 1652 3852 in
1684 3806 1925 3869 gentem,
1958 3795 2103 3852 etde

519 3920 686 3975 regno
712 3904 763 3958 in
794 3901 1043 3973 populum
1084 3897 1331 3952 alterum.
1360 3915 1379 3948 ›

591 3996 679 4053 59.
722 3995 790 4050 Et
819 3995 958 4050 auxit
1000 3992 1242 4063 papulum
1273 3998 1416 4043 suum
1446 3986 1785 4051 vehentenler,
1814 3984 1859 4037 et
1884 3981 2103 4051 ﬁrmavit

503 4075 632 4147 eum
657 4107 809 4161 super
842 4087 1072 4141 inimicos
1109 4085 1235 4158 ejus.
1279 4080 1337 4137 Si
1380 4088 1555 4135 autem
1597 4078 1735 4133 scire
1776 4075 1935 4130 Vultis
1975 4087 2108 4145 quo-

524 4179 686 4238 modo
728 4196 847 4235 eum
892 4176 1181 4232 lirmavcrit
1217 4184 1377 4245 Super
1418 4166 1662 4226 inimicos
1706 4166 1853 4237 ejus,
1881 4164 2103 4223 audite:

532 4293 550 4327 ι
584 4271 863 4327 Convertit
895 4284 990 4322 cor
1013 4281 1229 4333 corum,
1258 4274 1317 4319 ut
1355 4263 1563 4319 odirent
1598 4256 1851 4332 populum
1891 4259 2027 4328 ejus,
2052 4267 2108 4314 et

529 4364 707 4422 dolum
739 4363 975 4417 facerent
1003 4359 1053 4414 in
1083 4373 1267 4413 servos
1293 4354 1426 4426 ejus.
1461 4350 1600 4409 Misit
1638 4351 1852 4425 Moysen
1893 4360 2103 4405 servum

528 4470 710 4521 suum,
742 4455 917 4509 Aaron
939 4466 1097 4522 quem
1120 4448 1276 4519 elegit
1302 4447 1495 4518 ipsum.
1542 4446 1722 4499 Posuit
1757 4438 1808 4498 in
1845 4444 1923 4498 eis
1946 4442 2105 4498 verba

527 4548 800 4617 signorum
843 4558 1057 4599 suorum
1084 4584 1098 4608 ,
1145 4550 1198 4596 et
1243 4540 1597 4612 prodigiorum
1639 4539 1688 4591 in
1732 4546 1870 4591 terra
1913 4534 2102 4592 Cham.

527 4639 667 4697 Misit
694 4636 969 4701 tenebras,
998 4644 1052 4690 et
1086 4632 1407 4696 obscuravit,
1433 4640 1487 4686 et
1513 4628 1966 4685 exacerba‘verunt
1989 4642 2101 4685 ser.

532 4748 720 4789 mones
759 4730 893 4802 ejus.
942 4727 1217 4784 Convertit
1256 4739 1419 4794 aquas
1459 4737 1645 4778 eorum
1681 4720 1733 4777 in
1774 4720 2106 4793 sanguinem,

532 4835 587 4882 et
610 4826 799 4882 occidit
837 4826 1007 4895 pisces
1046 4838 1249 4880 eorum.
1276 4816 1432 4877 Dedit
1471 4828 1664 4873 terram
1706 4833 1887 4872 eorum
1928 4824 2104 4885 ranas,

532 4920 582 4975 in
625 4906 985 4989 penetralibus
1031 4930 1214 4987 regum
1276 4911 1531 4985 ipsorum.
1576 4906 1736 4974 Dixit,
1767 4917 1819 4964 et
1854 4910 1997 4964 venit
2020 4924 2110 4980 cy-

533 5013 744 5083 nomyia
766 5019 822 5066 et
842 5010 1110 5080 sciniphes
1135 5009 1184 5083 in
1210 5002 1677 5079 omnibuslﬁnibus
1699 5019 1901 5059 eorum.
1930 5002 2112 5059 Posuit

534 5079 737 5175 pluvias
778 5079 1347 5171 eorumrgrandinem,
1392 5097 1567 5168 ignem
1609 5096 2011 5151 comburentem
2055 5092 2107 5148 lu

536 5206 674 5251 terra
724 5195 982 5265 ipsorum.
1031 5191 1098 5245 Et
1138 5186 1404 5263 percussit
1440 5187 1623 5242 vineas
1663 5200 1846 5241 eorum
1885 5194 1939 5241 et
1965 5183 2114 5240 ﬁcul-

536 5303 666 5344 neas
693 5302 899 5351 eorum,
930 5293 982 5340 et
1008 5281 1257 5338 contrivit
1284 5296 1441 5335 omne
1467 5278 1665 5349 lignum
1698 5276 1879 5331 [inium
1902 5288 2107 5331 eorum.

536 5384 697 5449 Dixit,
738 5388 794 5438 et
832 5380 981 5437 venit
1020 5377 1220 5434 locusta
1258 5384 1311 5430 et
1352 5370 1618 5439 bruchus,
1659 5371 1813 5440 eujus
1853 5380 1957 5424 non
1998 5378 2114 5424 erat

485 5449 488 5453 i
536 5487 810 5530 numerus.
858 5473 924 5527 Et
959 5467 1193 5526 comedit
1217 5482 1375 5521 omne
1414 5463 1592 5520 fenum
1631 5463 1684 5516 in
1725 5468 1865 5516 terra
1905 5472 2112 5528 eorum,

537 5576 593 5624 et
633 5564 866 5621 comedit
907 5578 1120 5619 omnem
1162 5556 1389 5613 fructum
1438 5561 1595 5611 terrae
1635 5567 1840 5609 eorum.
1886 5548 1955 5607 Et
1990 5562 2115 5622 per-

605 5743 621 5773 ¹
648 5741 722 5790 sic
743 5739 1038 5789 vetustiores
1062 5744 1166 5797 atas.
1195 5734 1415 5797 Aliivero
1438 5744 1545 5782 cum
1563 5729 1696 5789 de.,
1712 5723 2120 5797 mortglemistam

540 5788 791 5865 titantcur
828 5806 1021 5865 prastat
1044 5792 1366 5865 quwrentilgus
1390 5804 1514 5865 eum,
1537 5798 1583 5865 et
1611 5788 1896 5855 temporales
1916 5788 2121 5841 necessi-

540 5870 659 5919 tates
677 5864 700 5917 Σ)
716 5876 785 5915 .tn
805 5856 849 5915 αὶ
874 5863 1001 5929 ipsas
1023 5856 1122 5914 sua:
1138 5856 1501 5917 misericordiae,
1528 5862 1624 5905 etc.

1697 338 1755 407 s.
1795 340 2159 405 attonsum
2193 340 2500 401 EPISCOPI

3639 344 3667 400 ί
3678 342 3777 411 404

2194 464 2359 519 cussit
2382 474 2544 520 omne
2569 464 2979 536 primogenitum
3006 463 3059 519 in
3086 470 3226 521 terra
3268 476 3476 531 eorum,
3517 462 3780 533 primitias

2194 555 2371 610 omnis
2415 555 2616 610 laboris
2652 570 2859 615 eorum.
2905 554 2971 611 Et
3012 553 3198 610 eduxit
3237 569 3331 610 eos
3375 554 3427 609 in
3469 564 3687 625 argento
3730 544 3815 610 et-

2194 663 2343 713 auro,
2370 658 2422 702 et
2444 664 2547 703 non
2570 657 2685 704 erat
2710 649 2762 703 in
2796 648 3038 704 tribubus
3073 663 3261 704 eorum
3289 648 3551 705 inlirmus.
3577 648 3780 708 Lmtata

2194 748 2279 795 est
2316 739 2581 811 Egyptus
2626 741 2678 796 in
2733 740 3060 811 profectione
3108 756 3336 808 eorum,
3377 742 3502 815 quia
3542 742 3782 799 incubuit

2196 834 2356 887 timor
2393 840 2577 889 eorum
2617 850 2778 906 super
2818 851 2933 891 eos.
2978 854 2997 887 ι
3042 835 3181 892 Ecce
3219 835 3487 907 quomodo
3524 837 3781 909 populum

2196 940 2353 981 suum
2380 925 2612 981 ﬁrmavit
2647 940 2809 996 super
2850 928 3095 991 inimicos
3134 927 3269 998 ejus.

2266 1016 2357 1072 ‘0.
2398 1018 2530 1073 Cum
2566 1026 2742 1074 autem
2785 1019 3016 1075 inimicis
3052 1034 3238 1075 eorum
3286 1020 3385 1079 ista
3416 1021 3785 1091 malajustitia

2196 1108 2314 1176 ejus
2341 1109 2623 1175 indixerit;
2672 1126 2790 1181 qum
2842 1112 2971 1181 ipsis
3024 1112 3208 1183 largita
3249 1113 3317 1169 sit
3355 1115 3514 1173 etiam
3568 1102 3781 1183 tempe-

2196 1202 2328 1256 ralia
2350 1202 2713 1258 misericordia
2742 1204 2878 1273 ejus,
2907 1205 3168 1275 accipite:
3208 1223 3227 1255 t
3274 1205 3540 1274 Expendit
3582 1198 3789 1263 nubenti

2196 1294 2251 1349 in
2298 1294 2679 1364 protectionem
2710 1310 2917 1363 eorum,
2945 1305 2998 1352 et
3024 1296 3199 1367 ignem
3244 1306 3301 1357 ut
3329 1297 3529 1353 luceret
3558 1298 3636 1357 eis
3682 1313 3782 1368 per

2197 1398 2428 1444 noctem.
2470 1388 2769 1453 Petierunt,
2817 1398 2871 1444 et
2909 1390 3056 1445 venit
3103 1391 3371 1459 coturnix,
3403 1399 3458 1446 et
3503 1407 3639 1460 pane
3665 1390 3789 1447 coeli

2197 1481 2456 1535 saturavit
2484 1492 2598 1535 eos.
2646 1481 2883 1549 Disrupit
2931 1490 3162 1550 petram,
3189 1488 3243 1536 et
3284 1480 3554 1539 ﬂuxerunt
3597 1498 3782 1553 aqum;

2200 1571 2451 1627 abierunt
2480 1572 2532 1625 iu
2558 1572 2704 1627 sicco
2729 1572 2969 1627 llumiua.
2995 1572 3257 1639 Quoniam
3280 1589 3487 1641 memor
3518 1573 3614 1629 fuit
3642 1573 3784 1629 verbi

2199 1665 2370 1719 sancti
2400 1666 2506 1731 sui,
2529 1664 2669 1734 quod
2710 1665 2895 1721 habuit
2938 1666 3003 1721 ad
3046 1666 3312 1723 Abraham
3352 1683 3576 1739 puerum
3608 1674 3788 1724 snam.

2201 1756 2271 1811 Et
2294 1756 2477 1812 eduxit
2520 1759 2773 1827 populum
2814 1774 2968 1814 suum
3001 1761 3053 1814 in
3090 1761 3466 1827 exsultatione,
3506 1771 3561 1819 et.
3586 1746 3790 1821 electos

2200 1864 2327 1904 suos
2355 1849 2408 1904 in
2437 1850 2640 1906 laetitia.
2668 1851 2733 1906 Et
2759 1851 2907 1906 dedit
2934 1852 3039 1907 illis
3066 1840 3311 1922 regiones
3334 1855 3594 1932 gentium,
3624 1865 3682 1909 et
3708 1856 3790 1911 la-

2201 1940 2362 1995 bores
2390 1943 2710 2011 populorum
2740 1944 3116 2012 possederunt.
3152 1963 3173 1996 »
3206 1945 3323 2001 Non
3348 1954 3404 2000 ut
3437 1957 3655 2016 propter
3689 1948 3791 2003 ista

2202 2042 2325 2085 eam
2368 2031 2569 2099 colant,
2602 2033 2698 2088 sed
2747 2040 2894 2088 utea
2924 2050 3135 2104 quoque
3180 2034 3247 2093 ad
3295 2036 3492 2099 bonum
3530 2046 3807 2111 aeternum

2202 2124 2437 2180 referant
2475 2131 2634 2196 atque
2659 2136 3005 2192 convertant;
3052 2127 3104 2184 id
3132 2136 3234 2197 est,
3272 2128 3339 2195 Ut
3385 2130 3669 2199 custodiant
3691 2132 3791 2202 ju-

2203 2218 2533 2287 stiﬁcationes
2559 2221 2690 2289 ejus,
2718 2231 2767 2275 et
2796 2221 2953 2292 legem
2979 2221 3090 2283 eius
3118 2222 3394 2292 requirant.
3429 2204 3793 2295 Quaecumque

2205 2310 2369 2382 igitur
2389 2311 2493 2366 alia
2522 2312 2660 2368 bona
2689 2312 2781 2367 dat
2821 2312 2983 2379 Deus,
3012 2312 3291 2373 referenda
3318 2324 3443 2373 sunt
3485 2314 3553 2371 ad
3585 2316 3791 2384 gratui-

2205 2413 2315 2459 tum
2342 2405 2543 2459 cultant
2574 2404 2689 2475 ejus
2718 2422 2731 2459 :
2767 2405 2883 2475 ipse
2910 2414 3086 2465 autem
3118 2407 3292 2471 cultus
3314 2406 3432 2477 ejus
3467 2419 3676 2464 nonest
3707 2424 3795 2464 re-

2203 2496 2457 2551 ferendus
2486 2496 2551 2551 ad
2584 2498 2689 2552 alia
2717 2497 2878 2561 bona,
2903 2513 3021 2568 qua:
3041 2498 3135 2555 dat
3158 2498 3334 2564 Deus;
3367 2508 3493 2555 tunc
3522 2501 3662 2555 enim
3690 2500 3796 2555 erit

2203 2591 2485 2661 gratuitas.
2516 2590 2596 2645 Ad
2622 2591 2762 2661 quod
2789 2601 3063 2651 certamen
3092 2608 3389 2661 provocans
3422 2594 3609 2658 hostis,
3628 2610 3793 2653 ausus

2204 2690 2288 2736 est
2310 2680 2493 2736 dicere
2520 2682 2666 2737 Deo:
2701 2682 2965 2751 Numquid
2994 2682 3094 2739 Job
3130 2685 3291 2755 gratia
3327 2686 3445 2740 colit
3476 2685 3640 2742 Deum
3667 2688 3793 2759 (Job

2204 2789 2243 2839 ι,
2270 2770 2371 2843 9)?
2409 2773 2578 2828 Porro
2606 2775 2649 2828 si
2678 2775 2729 2828 in
2759 2790 2971 2830 servum
3001 2776 3333 2831 venundatus
3358 2777 3581 2849 Joseph,
3608 2789 3663 2835 et
3685 2777 3792 2836 bu-

2204 2866 2460 2932 rniliatus,
2480 2875 2534 2921 et
2558 2866 2844 2933 excitatus,
2864 2867 3036 2924 locum
3062 2868 3188 2925 fecit
3217 2869 3282 2923 ad
3308 2868 3622 2940 temporalia
3650 2870 3792 2927 bona

2205 2959 2401 3029 popqu
2426 2959 2538 3023 Dei,
2559 2969 2616 3014 ut
2638 2960 2943 3016 ﬁrmaretur
2962 2974 3123 3031 super
3143 2961 3389 3018 inimicos
3410 2963 3561 3034 ejus;
3589 2975 3795 3034 quanto

2206 3052 2374 3121 magis
2400 3050 2556 3106 Jesus
2576 3052 2913 3109 venundatus
2939 3064 2997 3109 et
3026 3054 3334 3111 humiliatus
3356 3071 3383 3109 a
3407 3054 3658 3113 fratribus
3677 3058 3795 3117 suis

2204 3143 2496 3199 secundum
2523 3158 2762 3211 carnem,-
2790 3155 2847 3199 et
2878 3146 3142 3201 caaltatus
3168 3146 3219 3201 iu
3255 3147 3429 3213 cmlis,
3458 3147 3632 3213 locum
3666 3148 3796 3213 facit

2204 3237 2271 3291 ad
2308 3246 2505 3291 aeterna
2548 3238 2685 3292 bona
2730 3238 2926 3307 p0pulo
2960 3238 3070 3304 Dei,
3113 3239 3456 3309 triumphanti
3485 3239 3555 3295 de
3577 3240 3794 3303 diabolo

2207 3336 2263 3383 et
2286 3329 2487 3399 angelis
2516 3329 2673 3397 ejus!
2719 3329 2857 3385 Audi
2888 3344 3037 3400 ergo,
3078 3345 3264 3389 semen
3316 3331 3564 3399 Abrahae,
3589 3348 3697 3389 non
3724 3332 3796 3390 de

2204 3432 2366 3477 carne
2388 3422 2651 3491 glorians,
2674 3422 2768 3477 sed
2803 3422 3017 3479 imitans
3041 3423 3238 3488 ﬁdem;
3284 3423 3484 3489 audite,
3508 3425 3647 3479 servi
3672 3424 3791 3495 Dei,

2204 3522 2263 3570 at
2302 3515 2458 3570 electi
2486 3515 2599 3579 Dei,
2636 3515 3044 3584 promissionem
3078 3514 3337 3571 habentes
3360 3516 3481 3570 vitae
3509 3516 3796 3586 praesentis

2205 3616 2263 3663 et
2294 3606 2483 3661 totum
2510 3606 2563 3675 (Ι
2591 3606 2727 3660 Tim.
2761 3623 2834 3673 iv,
2860 3607 2936 3677 8).
2970 3606 3027 3662 Si
3058 3607 3377 3664 tontationes
3404 3606 3552 3663 dum
3587 3616 3713 3662 sunt
3740 3609 3796 3663 in

2211 3705 2316 3757 hoc
2343 3701 2559 3768 smculo,
2590 3699 2792 3771 Josaph
2818 3701 2871 3757 in
2902 3715 3143 3767 carcere,
3164 3700 3344 3757 Jesum
3371 3700 3424 3755 in
3462 3715 3622 3756 cruce
3643 3701 3796 3771 cogi-

2152 3810 2155 3813 ν
2210 3801 2336 3848 tate.
2367 3792 2424 3847 Si
2453 3806 2633 3846 rerum
2665 3792 3036 3861 temporalium
3064 3792 3387 3862 prosperitas
3425 3791 3651 3860 adjacet,
3683 3807 3795 3847 non

2208 3892 2427 3952 propter
2457 3882 2625 3951 ipsam
2658 3882 2789 3946 Deo,
2812 3882 2907 3938 sed
2939 3882 3051 3954 ipsa
3080 3882 3289 3937 utimini
3332 3891 3549 3952 propter
3585 3883 3792 3939 Deum:

2208 3988 2310 4031 nec
2349 3989 2473 4029 eum
2509 3974 2828 4029 existimetis
2875 3983 3095 4043 propter
3120 3974 3241 4029 vitat
3283 3972 3439 4045 hujus
3491 3976 3797 4031 necessaria

2207 4064 2311 4121 coli
2333 4080 2363 4120 a
2389 4064 2682 4120 cultoribus
2717 4064 2883 4132 suis‘,
2915 4078 3034 4135 quae
3070 4064 3235 4121 donat
3267 4074 3322 4121 et
3347 4065 3797 4136 blaSphematori-

2210 4160 2311 4215 b‘us
2336 4158 2482 4223 suis;
2526 4156 2623 4213 sed
2660 4157 2885 4228 quazrite
2916 4157 3144 4226 primum
3184 4172 3403 4227 regnum
3433 4157 3526 4214 Dei
3556 4169 3609 4215 et
3632 4157 3797 4229 justi-

2212 4253 2340 4307 tiam
2366 4250 2504 4322 ejus,
2531 4260 2587 4306 et
2623 4249 2741 4313 bare
2785 4248 2965 4305 omnia
3009 4259 3347 4322 appeuentur
3374 4250 3531 4306 vobis
3575 4249 3796 4323 (Matth.

2212 4357 2286 4408 vi,
2310 4342 2425 4415 55).

2214 4470 3796 4495 _____—_———-—a——-—-_——.o-——u

2668 4548 2750 4612 IN
2791 4548 3172 4613 PSALMUM
3226 4549 3332 4614 CV

2797 4668 2929 4726 ENA
2940 4662 3214 4730 RRATlO.

2287 4790 2340 4845 i.
2383 4788 2624 4844 Psalmus
2652 4788 2978 4845 centesimus
3000 4788 3215 4858 quintus
3242 4788 3403 4845 etiam
3444 4788 3557 4859 ipse
3587 4804 3800 4859 praeno-

2214 4890 2377 4947 tatur,
2403 4880 2624 4935 Alleluia
2646 4896 2665 4935 :
2691 4889 2744 4936 et
2783 4879 2883 4936 hoc
2913 4878 3213 4949 dupliciter.
3243 4880 3345 4937 Sed
3373 4866 3588 4951 quidam
3618 4882 3801 4938 dicunt

2216 4990 2379 5037 utiqu
2412 4974 2636 5031 Alleluia
2667 4973 2933 5043 pertinere
2961 4972 3027 5029 ad
3060 4972 3217 5030 ﬁnem
3261 4971 3449 5047 psalmi
3480 4976 3799 5047 superioris,

2216 5067 2441 5122 alterum
2467 5065 2534 5121 ad
2562 5065 2718 5135 hujus
2759 5064 3095 5135 principium.
3138 5064 3206 5143 Et
3234 5064 3334 5121 hoc
3363 5052 3610 5122 asserunt
3651 5068 3796 5137 quod

2218 5173 2407 5215 omnes
2454 5157 2773 5213 Alleluiatici
2849 5156 3037 5227 psalmi
3112 5156 3341 5229 habeant
3405 5158 3458 5213 in
3536 5158 3642 5213 line
3706 5160 3803 5214 Al—

2223 5252 2398 5321 leluia,
2427 5266 2534 5309 non
2561 5264 2749 5307 omnes
2776 5249 2826 5303 in
2865 5250 3038 5318 capite
3068 5267 3081 5305 :
3110 5249 3253 5305 unde
3294 5250 3616 5320 quicumque
3666 5251 3809 5322 psal-

2221 5362 2341 5402 mus
2368 5360 2477 5400 non
2509 5341 2669 5399 habet
2711 5341 2765 5396 in
2794 5340 2897 5396 line
2935 5332 3180 5405 Alleluia,
3212 5356 3312 5398 nec
3342 5340 3394 5399 in
3425 5342 3595 5411 capite
3622 5344 3811 5398 volunt

2220 5454 2343 5496 eum
2372 5438 2600 5502 habere;
2632 5435 2774 5506 quod
2811 5443 2989 5491 autem
3015 5435 3065 5490 in
3093 5434 3210 5506 ejus
3234 5434 3406 5507 capite
3435 5434 3644 5490 videtur
3665 5451 3813 5506 esse,

2221 5532 2288 5587 ad
2315 5532 2471 5586 linem
2502 5529 2791 5599 superioris
2817 5526 3101 5596 pertinere.
3132 5527 3238 5583 Sed
3275 5541 3371 5580 nos
3402 5541 3681 5596 quousque
3710 5543 3813 5580 no-

2222 5624 2304 5681 bis
2328 5623 2592 5695 aliquibus
2628 5620 2789 5678 oertis
2831 5618 3168 5675 documentis
3206 5618 3258 5673 id
3304 5633 3486 5673 verum
3530 5631 3651 5672 esse
3684 5633 3813 5687 per—

2290 5784 2307 5814 ι
2335 5781 2557 5843 Plerique
2582 5786 2710 5838 Mss,
2725 5783 2934 5851 propter
2958 5775 3102 5843 lituus
3126 5775 3236 5832 vita:
3277 5774 3566 5839 necessaria,
3590 5787 3815 5829 necem.

2262 5844 2357 5897 ium
2378 5842 2638 5897 cultoribus
2660 5852 2778 5897 una.

2226 5858 2357 5897 rrum
2378 5858 2638 5897 αιιιοηοασ
2660 5858 2778 5897 sua.
