4070 6500
287 381 426 451 “08

291 499 570 584 euadunt,
617 513 910 573 multorum
954 509 1398 572 consuetudinem
1440 510 1733 582 sequimur,
1781 505 1872 579 qui

285 604 612 683 ubicunique
639 601 824 682 legunt
846 601 1093 676 Alleluia,
1116 607 1292 666 eidem
1319 606 1523 679 psalmo
1552 597 1866 669 attribuunt,

284 706 336 759 in
364 704 520 774 cujus
550 701 652 760 hoc
680 701 854 773 capite
876 697 1169 756 inveniant.
1213 697 1522 754 Paucissimi
1554 697 1694 753 enim
1720 693 1867 751 eodi-

283 812 370 852 ces
417 805 546 851 sunt
590 794 754 868 (quod
781 793 994 874 quidem
1045 793 1096 874 in_
1143 791 1289 855 nullo
1333 793 1629 861 graecorum
1669 785 1865 858 reperi,

280 897 413 959 quos
458 865 730 960 inspicere
773 865 978 956 potui),
1008 865 1099 954 qui
1137 879 1366 938 habeant
1402 879 1625 937 Alleluia
1670 881 1722 936 in
1764 879 1868 935 line

279 977 558 1034 centesimi
588 987 639 1032 et
668 976 1089 1048 quinquagesimi
1121 975 1377 1046 psalmi‘;
1421 975 1540 1044 post
1565 985 1722 1045 quem
1755 972 1865 1042 jam

280 1068 457 1125 nullus
488 1065 684 1140 estqui
713 1068 778 1123 ad
807 1065 1054 1124 eumdem
1083 1076 1342 1122 canonem
1368 1064 1616 1138 pertinet.
1645 1063 1750 1120 Sed
1775 1075 1866 1119 ne-

279 1179 380 1236 que
425 1154 532 1219 hoc
584 1168 764 1235 posset
809 1163 1154 1234 prmscribere
1205 1161 1606 1230 consuetudini,
1656 1162 1864 1217 etiamsi

278 1270 465 1311 omnes
509 1255 724 1311 codices
772 1255 824 1310 id
874 1255 1151 1311 haberent.
1211 1254 1352 1310 Fieri
1399 1255 1539 1312 enim
1589 1254 1760 1324 potuit
1807 1263 1866 1310 ut

276 1348 450 1419 aliqua
479 1349 692 1404 ratione
721 1347 1039 1403 laudationis
1064 1348 1154 1403 Dei
1178 1357 1318 1403 tctus
1341 1347 1672 1403 Psalmorum
1702 1347 1861 1416 liber,

274 1444 359 1512 qui
392 1439 548 1497 libris
578 1441 812 1512 quinque
835 1449 1084 1496 constare
1108 1439 1419 1513 perhibetur
1447 1441 1602 1514 (nam
1625 1437 1709 1497 ubi
1732 1439 1865 1498 scri-

279 1542 420 1604 ptum
453 1541 560 1599 est,
600 1529 742 1599 Fiat,
775 1534 885 1603 ﬂat,
920 1533 992 1588 ibi
1028 1533 1160 1589 lines
1190 1533 1447 1588 librorum
1478 1545 1598 1588 esse
1627 1531 1856 1605 dicunt),

271 1634 384 1697 post
415 1625 598 1679 omnia
641 1635 758 1695 qua:
787 1633 996 1680 cantata
1041 1623 1190 1692 sunt,
1220 1623 1410 1682 ultimo
1451 1623 1674 1680 Alleluia
1709 1625 1860 1680 clau-

275 1715 493 1772 derettlr
521 1733 535 1770 :
575 1723 674 1772 nec
714 1717 930 1787 propter
959 1716 1118 1772 linem
1148 1718 1423 1773 centesimi
1451 1728 1504 1773 et
1531 1717 1858 1788 quinquage-

270 1809 386 1864 simi
413 1805 614 1881 psalmi
647 1821 866 1867 necesse
893 1823 1014 1867 esse
1039 1807 1216 1877 video,
1242 1816 1298 1866 ut
1326 1823 1513 1867 omnes
1541 1805 1858 1871 Alleluiatici

267 1899 455 1971 psalmi
489 1903 541 1957 in
584 1901 689 1957 ﬂne
717 1900 943 1959 habeant
971 1899 1216 1959 Alleluia.
1251 1903 1381 1959 Cum
1423 1917 1551 1959 vero
1594 1905 1646 1959 in
1687 1905 1858 1974 capite

267 1994 457 2064 psalmi
499 1995 801 2066 geminatur
843 1993 1089 2061 Alleluia,
1132 2005 1228 2050 cur
1272 1991 1531 2051 Durniuus
1574 1995 1858 2067 aliquando

266 2081 450 2151 semel,
504 2079 792 2158 aliquando
835 2085 918 2142 bis
960 2085 1090 2142 dicit
1134 2087 1311 2152 Amen,
1343 2091 1396 2143 et
1436 2104 1501 2143 eo
1549 2088 1709 2144 modo
1748 2102 1852 2143 non

266 2179 432 2249 possit
472 2178 761 2250 aliquando
791 2181 980 2246 semel,
1013 2181 1298 2250 aliquando
1339 2181 1418 2237 bis
1465 2179 1685 2236 Alleluia
1723 2181 1848 2248 dici,

264 2271 447 2326 nescio
491 2287 506 2326 :
555 2273 853 2342 prmsertim
905 2275 1025 2344 quia
1079 2281 1200 2343 post
1252 2275 1458 2330 numeri
1500 2284 1698 2342 notam,
1749 2289 1854 2348 quo

264 2363 500 2432 psalmus
520 2361 830 2418 inscribitur
860 2375 1052 2436 quotus
1080 2366 1168 2431 sit,
1201 2366 1358 2420 veluti
1399 2366 1498 2422 iste
1527 2367 1852 2423 centesimus

263 2457 502 2528 quintus,
543 2463 828 2530 utrumque
867 2457 1089 2514 Alleluia
1133 2459 1358 2530 positum
1390 2463 1488 2515 est.
1536 2457 1726 2516 Debuit
1754 2475 1852 2515 au-

266 2553 364 2604 tem
396 2559 571 2605 unum
616 2551 736 2620 poni
776 2560 898 2606 ante
940 2551 1111 2621 ipsum
1159 2565 1458 2616 numerum,
1504 2551 1547 2606 si
1587 2549 1653 2607 ad
1693 2554 1849 2608 linem

261 2641 496 2710 pertinet
535 2642 864 2712 superioris;
910 2650 964 2698 et
996 2652 1115 2710 post
1145 2657 1423 2698 numerum
1463 2641 1657 2699 Psalmi
1689 2642 1848 2700 scribi

256 2733 486 2788 alterum
538 2731 786 2798 Alleluia,
818 2735 958 2805 quod
1006 2733 1070 2790 ad
1118 2731 1382 2790 Psalmum
1431 2735 1596 2806 ipsius
1641 2739 1849 2793 numeri

255 2826 511 2895 pertinet.
557 2824 663 2881 Sed
710 2825 934 2882 fortasse
976 2831 1031 2882 ct
1075 2823 1126 2882 in
1158 2827 1260 2884 hoc
1300 2829 1542 2899 imperita
1576 2829 1848 2899 praevaluit

255 2913 627 2985 consuetudo,
679 2923 732 2972 et
776 2918 972 2990 aliquid
1013 2916 1189 2974 aﬂ‘erri
1238 2929 1448 2990 potest,
1490 2921 1628 2992 quod
1674 2921 1846 2978 adhuc

255 3007 594 3077 ignoramus,
627 3009 768 3065 unde
799 3023 896 3065 nos
937 3012 1104 3082 magis
1133 3010 1327 3067 docere
1369 3013 1563 3068 debeat
1585 3013 1844 3084 judicium

253 3099 517 3165 veritatis,
547 3114 706 3170 quam
737 3101 1104 3174 prmjudicium
1131 3104 1550 3160 consuetudinis.
1589 3105 1736 3160 Nunc
1767 3113 1846 3161 ta-

253 3201 371 3247 men
394 3197 688 3263 antequam
717 3191 817 3249 hoc
846 3185 1232 3265 perdiscamus,
1254 3195 1571 3266 ubicumque
1601 3207 1720 3268 post
1749 3213 1819 3252 nu

256 3295 461 3339 merum
501 3281 713 3355 psalmi,
748 3283 860 3340 sive
890 3285 1075 3353 semel,
1106 3287 1217 3342 sive
1247 3287 1328 3342 bis
1357 3289 1714 3358 conscriptum
1759 3290 1834 3344 in-

255 3378 501 3433 venimus
527 3377 776 3445 Alleluia,
803 3379 1096 3434 secundum
1141 3380 1545 3436 celeberrimam
1592 3381 1844 3439 Ecclesia:

253 3465 720 3538 consuetudinem,
744 3470 790 3525 ei
824 3469 1028 3541 psalmo
1055 3471 1358 3541 tribuimus,
1386 3473 1475 3544 qui
1507 3473 1694 3529 eodem
1738 3473 1854 3546 nu-i

253 3569 802 3629 mero‘praanotatur;
854 3561 1171 3618 conﬁtentes
1221 3577 1318 3618 nos
1364 3577 1557 3619 arcana
1601 3549 1853 3640 omniumi

253 3649 532 3705 titulorum
563 3649 652 3721 qui
682 3661 805 3707 sunt
833 3652 882 3706 in
930 3648 1177 3721 Psalmis,
1207 3663 1259 3710 et
1288 3651 1490 3710 ordinis
1531 3641 1853 3734 eorumdcmf

262 3739 615 3809 Psalmorum,
641 3752 696 3800 et
721 3759 906 3816 magna
926 3760 1045 3802 esse
1074 3745 1314 3816 credere,
1350 3748 1672 3818 etnondum,
1706 3751 1841 3807 sicut

254 3831 521 3901 volumus,
555 3846 838 3906 penetrare
870 3840 1124 3909 potuisse.

317 3927 371 3984 2.
416 3927 585 4001 [vei-3.
617 3927 696 4002 1.]
733 3927 904 3986 Video
930 3941 1106 3988 autem
1146 3931 1277 3988 istos
1323 3932 1458 3988 duos
1487 3934 1838 3990 centesimum

252 4029 499 4091 quartum
529 4029 583 4076 et
607 4022 959 4078 centesimum
991 4026 1233 4096 quintum
1264 4025 1332 4080 ita
1364 4025 1502 4082 inter
1530 4039 1589 4083 se
1616 4028 1840 4098 conjun-

251 4121 384 4181 ctos,
420 4123 478 4169 ut
512 4114 564 4170 in
609 4124 714 4170 uno
743 4125 951 4186 eorum,
991 4118 1080 4188 qui
1129 4117 1402 4189 praecedit,
1432 4117 1839 4177 commendetur

253 4205 478 4276 populus
514 4196 606 4261 Del
650 4207 700 4261 in
733 4207 917 4263 electis
943 4208 1076 4280 ejus,
1109 4206 1176 4265 de
1201 4208 1389 4280 quibus
1432 4211 1577 4265 nulla
1619 4214 1836 4282 querela

250 4294 322 4358 lit,
353 4310 492 4367 quos
521 4312 621 4367 ego
650 4299 880 4355 arbitror
907 4299 976 4355 ibi
1007 4297 1168 4357 fuisse
1207 4301 1259 4356 in
1299 4301 1489 4372 quibus
1529 4301 1836 4373 beneplaci~

249 4391 358 4442 tum
400 4397 487 4443 est
519 4387 630 4443 Deo
663 4387 713 4460 (l
742 4389 860 4446 Cor.
893 4409 946 4460 χ,
977 4391 1034 4463 5)
1059 4409 1074 4446 :
1103 4389 1158 4448 in
1196 4393 1301 4449 isto
1325 4403 1502 4448 autem
1533 4395 1624 4466 qui
1652 4397 1834 4466 sequi;

249 4485 348 4550 tur,
372 4495 469 4537 eos
497 4489 947 4541 commemoratos
970 4487 1059 4557 qui
1090 4485 1142 4542 in
1169 4487 1358 4542 eodem
1401 4489 1595 4560 populo
1633 4491 1833 4544 amari-

248 4583 535 4641 caverunt;
569 4591 668 4632 nec
700 4584 875 4633 tamen
926 4580 1085 4633 etiam
1116 4579 1247 4650 ipsis
1289 4581 1380 4635 Del
1409 4581 1831 4637 misericordiam

248 4665 499 4724 defuisse.
533 4665 791 4724 Dicuntur
827 4679 1007 4725 autem
1040 4671 1137 4725 ista
1167 4685 1232 4726 ex
1275 4686 1456 4726 eorum
1490 4685 1714 4742 persona
1742 4659 1840 4744 qui

249 4763 454 4817 veniam
487 4765 732 4818 conversi
761 4771 1080 4836 precantur;
1123 4774 1177 4822 et
1214 4767 1457 4835 exempla
1501 4757 1842 4838 commemo-§

246 4862 432 4908 rantur
469 4855 682 4909 illorum
717 4857 769 4910 in
799 4871 933 4928 quos
961 4857 1120 4912 etiam
1161 4867 1471 4928 peccatores
1496 4860 1643 4916 dives
1670 4850 1843 4931 appa-'

245 4947 343 4998 ruit
378 4945 751 5001 misericordia
798 4941 909 5003 Dei.
957 4945 1145 5018 incipit
1172 4961 1299 5020 ergo
1337 4951 1496 5005 etiam
1542 4951 1642 5007 iste
1679 4953 1828 5024 psal-

245 5052 354 5089 mus
377 5038 522 5091 sicut
550 5031 675 5092 ille:
707 5037 1028 5107 Con/itemini
1065 5039 1301 5094 Domino.
1331 5032 1436 5096 Sed
1467 5041 1536 5097 lbi
1566 5044 1824 5112 sequitur,

247 5123 558 5185 Elinuocate
587 5145 766 5185 nomen
815 5134 961 5204 ejus;
1006 5132 1093 5189 hic
1136 5145 1333 5202 autem,
1361 5135 1612 5203 Quoniam
1646 5137 1823 5208 bonus,

241 5223 500 5290 quoniam.
536 5223 591 5276 in
635 5222 872 5277 secutum
917 5225 1260 5280 misericordia
1313 5227 1444 5300 ejus.
1491 5227 1828 5298 Quapropter

242 5322 412 5382 potest
432 5312 520 5370 hic
535 5313 748 5387 quidem
769 5315 990 5389 intelligi
1006 5318 1164 5373 etiam
1183 5319 1444 5375 confessio
1461 5329 1821 5391 peccatorum;

241 5415 357 5460 nam
389 5415 440 5462 et
472 5417 594 5478 post
622 5423 817 5478 paucos
845 5425 1032 5483 versus
1069 5411 1328 5483 Sequitur,
1354 5412 1683 5469 Peccavimus
1707 5423 1825 5470 cum

241 5499 466 5568 patribus
503 5503 712 5569 nostris,
754 5502 940 5571 injuste
978 5505 1190 5576 egimus,
1225 5505 1537 5574 iniquitatem
1579 5508 1824 5578 fecimus:

240 5589 328 5646 sed
353 5594 404 5648 in
431 5608 497 5649 eo
523 5591 670 5665 quod
701 5595 850 5663 dicit,
886 5593 1138 5662 Quoniam
1168 5598 1348 5664 bonus,
1376 5599 1612 5670 quoniam
1641 5599 1692 5652 in
1722 5582 1831 5654 σας-ι’

238 5686 404 5740 culum
435 5685 787 5744 misericordia
808 5688 918 5744 eius
967 5690 1082 5745 laus
1113 5691 1293 5734 ιιιίτοήο
1329 5691 1420 5746 Dei
1446 5701 1548 5752 est.
1578 5701 1738 5748 atque
1765 5691 1821 5747 in

300 5830 414 5900 {sic
427 5829 675 5900 meliores
690 5831 1034 5900 ligauit“,
1057 5837 1234 5897 prater
1259 5829 1503 5892 centesimi
1521 5836 1567 5888 el
1589 5828 1824 5898 quinqua-

237 5891 400 5954 σεείηιί
420 5887 604 5961 ῇδαιτηί
626 5887 988 5947 eonléxlioiiem.

1393 370 1792 446 auaritiam
1823 369 1894 443 ut
1926 368 2249 450 esst-imit
2281 382 2394 451 av.

3420 398 3564 465 Im

1973 510 2092 581 ejus
2113 513 2270 570 laude
2291 511 2578 572 conlocato.
2601 511 2913 590 manuum
2946 506 3261 576 eumeum
3287 527 3382 577 sua
3411 526 3558 594 quisa

1973 617 2080 676 que
2121 607 2406 666 confitetur
2450 611 2702 682 peccati,
2780 621 2906 668 cum
2968 613 3064 669 Dei
3111 613 3272 672 laude
3315 615 3557 673 conﬁteri

1972 696 2165 765 debet;
2214 715 2314 757 nee
2339 701 2496 759 aliter
2519 703 2604 774 pia
2655 711 2736 761 est
2761 704 3030 782 confessio
3069 713 3406 777 peccatorum
3451 697 3555 764 nisi

1972 803 2080 846 non
2106 789 2417 862 desperans,
2448 801 2503 850 et
2530 807 2759 865 poscens
2785 798 3205 854 misericordiam
3231 799 3344 855 Dei.
3375 799 3547 857 liabet

1971 899 2101 955 ergo
2139 886 2256 956 ejus
2297 887 2528 955 tandem,
2570 892 2684 946 sive
2727 893 2889 948 etiam
2928 893 2982 948 in
3025 893 3224 961 verbis,
3256 905 3380 950 cum
3423 905 3550 951 eum

1971 976 2170 1033 bonum
2196 985 2252 1034 et
2274 979 2672 1037 misericordem
2701 983 2866 1051 dicit;
2918 987 3032 1042 sive
3073 987 3127 1042 in
3171 986 3296 1044 solo
3336 987 3550 1058 eiecta,

1973 1083 2096 1125 cum
2130 1070 2230 1126 hoc
2256 1071 2446 1127 credit.
2489 1073 2620 1129 Nam
2647 1083 2705 1130 et
2743 1076 2835 1132 ille
2869 1077 3179 1147 publicanus
3199 1119 3216 1144 ,
3244 1079 3400 1150 cujus
3439 1079 3551 1137 sola

1971 1162 2060 1218 illa
2083 1164 2242 1219 verba
2275 1167 2690 1222 commemorata
2728 1178 2874 1234 sunt,
2901 1168 3136 1236 Domine,
3166 1173 3418 1243 propitius
3445 1181 3551 1228 em

1969 1255 2095 1308 mihi
2140 1257 2391 1325 peccaturi
2433 1256 2585 1328 (Luc.
2623 1274 2737 1327 xw,
2765 1276 2912 1329 xvm,
2948 1259 3062 1334 15),
3103 1265 3202 1319 etsi
3247 1275 3354 1319 non
3395 1265 3548 1331 dixit,

1969 1347 2231 1414 Quoniam
2273 1347 2447 1403 bonus
2471 1351 2526 1407 et
2564 1351 2875 1408 misericors
2910 1365 2990 1420 es,
3022 1353 3107 1409 vel
3133 1355 3331 1426 aliquid
3360 1353 3551 1427 hujus-

1967 1439 2147 1505 modi;
2196 1453 2306 1495 non
2346 1451 2523 1497 tamen
2565 1443 2694 1498 illud
2731 1443 2954 1510 diceret,
2979 1446 3084 1501 nisi
3129 1446 3235 1504 hoc
3270 1448 3545 1514 crederet;

1965 1533 2217 1602 quoniam
2247 1547 2371 1588 cum
2399 1547 2496 1604 spe
2525 1537 2719 1604 oravit,
2741 1551 2862 1607 qua:
2889 1538 3005 1593 sine
3031 1538 3119 1594 illa
3149 1539 3257 1596 ilde
3283 1554 3404 1596 esse
3439 1551 3546 1596 non

1965 1629 2166 1697 posset.
2197 1625 2378 1682 Potest
2402 1643 2532 1698 ergo
2553 1641 2674 1684 esse
2695 1629 2813 1684 laus
2844 1630 2937 1685 Dei
2963 1644 3088 1687 vera
3115 1640 3170 1688 et
3198 1634 3304 1704 pia,
3323 1632 3411 1688 ubi
3439 1647 3546 1688 non

1963 1717 2036 1772 sit
2057 1718 2326 1773 confessio
2355 1728 2731 1788 peccatorum;
2773 1735 2897 1792 qum
2939 1719 3056 1777 laus
3101 1723 3270 1778 multo
3305 1723 3546 1780 crebrius

1964 1809 2018 1864 in
2050 1809 2164 1866 Seri
2173 1811 2341 1880 pturis
2364 1810 2632 1868 curiamin
2655 1821 2910 1868 vocatur:
2939 1811 3089 1868 nulla
3115 1823 3198 1870 est
3223 1821 3400 1869 autem
3422 1828 3546 1885 pec—

1961 1908 2208 1957 catorum
2247 1900 2518 1957 confessio
2553 1902 2640 1972 pia
2680 1912 2736 1959 et
2776 1903 2953 1968 utilis,
2999 1903 3088 1960 ubi
3135 1918 3248 1960 non
3297 1903 3546 1960 laudatur

1964 1991 2126 2059 Deus,
2146 1993 2258 2048 sive
2276 1993 2458 2058 corde,
2477 1993 2590 2048 sive
2613 1993 2774 2048 etiam
2794 2007 2893 2051 ore
2916 2002 3076 2065 atque
3101 2009 3369 2050 sermone.
3387 1995 3541 2061 Quod

1960 2092 2140 2140 autem
2152 2084 2348 2141 habent
2360 2085 2450 2140 alii
2468 2086 2700 2152 codices,
2723 2087 2975 2154 Quoniam
2993 2086 3154 2143 bona:
3170 2103 3192 2153 δ
3211 2087 3299 2143 alii
3320 2087 3540 2155 habent,

1963 2176 2214 2244 Quoniam
2231 2178 2397 2234 suauia
2418 2193 2440 2233 ι
2464 2179 2537 2233 ita
2564 2193 2730 2233 unum
2748 2179 2966 2234 verbum
3004 2193 3260 2250 graecum,
3287 2179 3427 2250 quod
3457 2179 3543 2234 di-

1958 2270 2097 2323 citur
2123 2271 2342 2339 κρησέρὸς,
2390 2268 2600 2324 diversa
2645 2270 3011 2340 interpretatio
3053 2279 3236 2326 secuta
3263 2278 3365 2326 est.
3409 2271 3540 2326 item

1957 2360 2102 2431 quod
2137 2359 2338 2416 dictum
2377 2368 2482 2424 est,
2515 2360 2770 2428 Quoniam
2815 2361 2869 2415 in
2910 2361 3152 2417 malum
3198 2362 3541 2416 misericordia

1958 2454 2104 2525 ejus;
2143 2467 2348 2523 gratetur
2374 2452 2537 2508 habet
2564 2464 2629 2516 εις
2656 2463 2736 2508 τὸν
2762 2463 2946 2521 «tum,
2975 2453 3120 2524 quod
3161 2462 3336 2524 potest
3377 2455 3539 2509 etiam

1955 2546 2011 2600 in
2034 2554 2278 2600 «(eruunt
2307 2539 2666 2614 interpretari.
2697 2544 2928 2601 Proinde
2954 2546 3002 2602 si
3047 2547 3134 2602 illa
3174 2546 3540 2602 misericordia

1956 2635 2045 2692 hic
2071 2636 2405 2706 intelligitur,
2422 2653 2526 2707 qua
2555 2651 2715 2692 nemo
2733 2637 2848 2692 sine
2865 2636 2975 2692 Deo
2994 2637 3312 2692 boatuseue
3333 2645 3537 2706 potest;

1954 2729 2146 2784 melius
2173 2729 2465 2798 accipimus
2501 2730 2555 2783 in
2588 2737 2866 2784 internum:
2896 2731 2942 2784 si
2983 2735 3162 2785 autem
3205 2728 3294 2783 illa
3323 2738 3406 2782 est
3433 2728 3538 2782 mi-

1953 2822 2245 2878 sericordia
2276 2838 2396 2892 quas
2425 2822 2638 2878 miseris
2658 2821 2963 2888 exhibetur,
2990 2829 3050 2876 ut
3074 2821 3158 2876 vel
3192 2821 3535 2876 consolentur

1952 2918 2007 2972 in
2051 2916 2287 2981 miseria,
2320 2916 2406 2970 vel
2435 2915 2504 2971 ab
2543 2914 2635 2970 illa
2677 2914 2840 2970 etiam
2884 2914 3211 2979 liberentur;
3262 2913 3455 2968 melius
3483 2913 3536 2967 in

1951 3009 2216 3073 amulum,
2250 3007 2352 3064 hoc
2377 3017 2481 3074 est,
2514 3021 2682 3076 usque
2707 3008 2762 3062 in
2787 3005 2948 3062 linem
2979 3005 3184 3072 saeculi,
3215 3006 3266 3061 in
3293 3020 3402 3076 quo
3430 3019 3535 3060 non

1949 3101 2178 3158 deerunt
2207 3101 2388 3157 miseri
2419 3099 2615 3170 quibus
2641 3097 3008 3156 misericordia
3058 3097 3374 3168 prasbeatur.
3421 3096 3534 3152 Nisi

1950 3191 2086 3248 forte
2111 3192 2231 3262 quis
2279 3192 2473 3248 audeat
2508 3191 2708 3256 dicere,
2748 3190 2911 3246 etiam
2955 3188 3038 3244 his
3068 3189 3158 3258 qui
3200 3187 3534 3244 damnabun-

1949 3293 2037 3340 tur
2061 3299 2182 3339 cum
2217 3283 2428 3339 diabolo
2454 3291 2510 3339 et
2549 3283 2754 3353 angelis
2793 3281 2932 3352 ejus,
2963 3281 3194 3352 aliquam
3225 3281 3532 3335 misericor,

1948 3375 2090 3431 diam
2127 3375 2216 3429 Dei
2249 3373 2469 3430 minime
2496 3372 2796 3430 defuturam
2820 3389 2837 3439 ;
2887 3386 2994 3427 non
3020 3385 3124 3442 qua
3149 3386 3216 3425 ex
3260 3370 3348 3425 illa
3376 3369 3532 3424 dam-

1947 3467 2163 3522 natione
2193 3465 2506 3532 liberentur,
2532 3464 2625 3520 sed
2656 3471 2717 3520 ut
2742 3464 2822 3520 eis
2845 3463 3182 3534 aliquatenus
3221 3462 3527 3532 mitigetur:

1946 3570 2108 3631 atque
2133 3561 2206 3617 ita
2233 3569 2488 3618 aeternam
2522 3574 2681 3632 posse
2707 3559 2930 3629 intelligi
2975 3558 3070 3614 Dei
3107 3557 3530 3614 misericordiam

1946 3669 2110 3723 super
2133 3652 2343 3708 illorum
2374 3661 2628 3707 internum
2655 3650 2946 3706 miseriam.
2977 3649 3084 3706 Sed
3113 3647 3529 3705 tolerabiliorem

1943 3745 2206 3818 quosdam
2261 3751 2580 3813 excepturos
2625 3741 3024 3797 damnationem
3070 3741 3122 3796 in
3174 3738 3527 3810 quorumdam

1839 3851 1846 3886 ε
1943 3837 2344 3909 comparatione
2383 3837 2646 3907 legimus;
2689 3834 2917 3904 alicujus
2961 3847 3090 3890 vero
3135 3832 3366 3902 mitigari
3411 3845 3530 3888 eam

1943 3933 2030 3989 cui
2071 3941 2155 3988 est
2201 3930 2426 3988 traditus
2475 3943 2709 3998 pinnam,
2741 3928 2826 3982 vel
2871 3925 3186 3997 quibusdam
3238 3925 3528 3985 intervallis

1944 4023 2144 4080 habere
2171 4022 2400 4099 aliquam
2433 4033 2674 4091 pausam,
2699 4017 2820 4088 quis
2846 4015 3097 4073 audacter
3121 4015 3334 4081 dixerit,
3358 4030 3526 4085 quan-

1939 4113 2227 4184 doquidem
2265 4125 2424 4167 unam
2470 4109 2664 4166 atillam
2705 4108 2853 4164 dives
2890 4108 2979 4164 ille
3013 4122 3125 4169 non
3176 4106 3371 4162 meruit
3410 4105 3526 4178 (Id.

1933 4223 2056 4274 .xvt,
2104 4204 2349 4276 24-9.6)?
2399 4202 2506 4260 Sed
2555 4203 2625 4260 de
2667 4202 2768 4258 hac
2810 4209 2954 4258 tanta
2999 4215 3060 4258 re
3111 4199 3415 4270 diligentius
3458 4214 3524 4258 cx

1931 4296 2056 4359 lotio
2099 4297 2468 4356 disserendum
2515 4305 2636 4360 est;
2680 4309 2824 4351 nunc
2863 4292 3006 4363 quod
3048 4291 3115 4348 ad
3163 4291 3320 4346 istum
3373 4291 3520 4361 paul.

1939 4406 2085 4449 mum
2115 4391 2330 4456 attinet,
2357 4388 2614 4444 hactenus
2633 4386 2702 4444 de
2721 4385 2810 4442 illa
2829 4384 3028 4440 dictum
3052 4398 3172 4440 esse
3199 4381 3487 4440 suiiecerit.

2011 4488 2064 4543 ὅ.
2106 4483 2263 4558 [verm
2295 4481 2376 4554 2.]
2419 4480 2547 4549 Quis
2571 4479 2796 4548 loquetur
2833 4478 3079 4550 potentias
3123 4475 3373 4532 Domini?
3414 4475 3524 4532 im.

1939 4581 2117 4654 pictus
2144 4575 2572 4634 consideratione
2607 4571 2908 4628 divinorum
2952 4584 3194 4640 operum,
3221 4567 3312 4637 qui
3359 4567 3524 4623 mise-

1935 4672 2222 4732 ricordiam
2250 4669 2364 4741 ejus
2391 4666 2652 4737 exposcit,
2685 4665 2831 4733 Quis,
2869 4663 3059 4734 inquit,
3089 4662 3318 4731 loquetur
3348 4671 3523 4729 poteno

1935 4768 2032 4823 tias
2061 4765 2285 4828 Domini,
2313 4761 2514 4816 auditas
2548 4759 2700 4830 faciet
2724 4773 2896 4813 autne:
2921 4755 3098 4812 laudet
3127 4755 3275 4825 eius?
3313 4753 3519 4810 Subau-

1936 4859 2192 4917 diendum
2237 4865 2321 4912 est
2362 4853 2505 4926 quod
2551 4867 2709 4922 supra
2757 4851 2958 4906 dictum
2987 4857 3090 4914 est,
3124 4856 3182 4902 ut
3221 4845 3380 4901 etiam
3423 4845 3519 4899 ista

1935 4951 2201 5010 sententia
2231 4949 2303 5004 ita
2327 4946 2399 5003 sit
2429 4945 2608 5016 plena.
2644 4943 2776 5012 Quis
2802 4942 3008 4996 auditas
3035 4940 3187 5010 faciet
3215 4953 3384 4992 omnes
3411 4936 3519 4990 lau-

1934 5043 2023 5102 des
2067 5039 2218 5114 ejus?
2265 5037 2317 5094 id
2366 5045 2468 5103 est,
2524 5034 2770 5106 quisnam
2816 5031 3046 5087 sufliciat
3090 5027 3296 5084 auditas
3342 5023 3518 5082 facere

1929 5126 2120 5204 fomites
2142 5130 2326 5190 laudes
2343 5129 2495 5200 ejus?
2510 5128 2726 5182 Audita:
2747 5125 2916 5198 faciet,
2933 5121 3085 5187 dixit,
3110 5117 3159 5174 id
3175 5126 3258 5174 est
3273 5116 3447 5178 faciet,
3463 5125 3516 5172 ut

1927 5219 2249 5292 audiantur;
2296 5221 2589 5280 ostendens
2631 5219 2702 5275 ita
2751 5214 3044 5288 loquendas
3090 5209 3355 5282 potentias
3407 5207 3514 5262 Do-

1931 5319 2063 5378 mini
2088 5327 2144 5374 et
2166 5316 2349 5378 laudes
2373 5314 2510 5385 ejus,
2541 5321 2599 5369 ut
2635 5309 2992 5382 praedicentur
3019 5297 3375 5359 audientibus.
3405 5297 3512 5354 Sed

1929 5413 2051 5486 quis
2079 5418 2256 5481 potest
2280 5405 2504 5465 omnes?
2537 5406 2617 5458 An
2646 5401 2784 5458 forte
2820 5397 2942 5469 quia
2969 5392 3230 5486 sequitur,
3261 5388 3403 5486 Beati
3430 5389 3514 5460 qui

1930 5483 2218 5562 custodiunt
2238 5499 2512 5582 judicium,
2537 5505 2583 5551 et
2619 5493 2814 5566 faciunt
2842 5486 3098 5561 justitiam
3126 5484 3178 5540 in
3215 5483 3353 5572 cntni
3382 5491 3510 5537 tem-

1930 5611 2072 5671 pore,
2100 5610 2193 5651 eas
2221 5577 2353 5649 dixit
2391 5589 2574 5645 Iaudes
2615 5585 2752 5654 ejus,
2777 5596 2895 5654 quae
2940 5577 3306 5671 intelliguntur
3352 5587 3512 5671 opera

1928 5667 2045 5763 ejus
2071 5689 2124 5745 in
2163 5683 2441 5758 praeceptis
2468 5679 2621 5751 ejus?
2652 5676 2788 5731 Deus
2811 5683 2884 5729 est
2917 5671 3070 5737 enim,
3098 5669 3172 5724 ait
3202 5667 3508 5763 Aposmlus,

1927 5760 2017 5861 4..-
2039 5790 2278 5856 operatur
2302 5780 2358 5834 in
2394 5775 2548 5832 vobis.
2580 5772 2650 5828 Et
2678 5770 2878 5861 dictum
2903 5779 2986 5861 est
3025 5764 3213 5861 semini
3257 5760 3506 5861 Abrahm.

1931 5853 2142 5940 dentata
2165 5874 2233 5945 ei,
2253 5881 2300 5930 et
2323 5868 2526 5944 psallite
2550 5866 2595 5924 ei
2612 5860 2789 5938 :quod
2813 5859 3171 5922 intelleximus
3195 5857 3265 5914 ita
3288 5853 3510 5938 dictum,
