4090 6476
542 340 576 402 !
584 345 690 403 407

548 472 615 515 ac
640 461 686 517 si
728 460 1013 530 diceretur,
1045 465 1188 521 Bona
1217 466 1272 522 in
1298 466 1416 537 ejus
1453 464 1663 522 laudem
1689 475 1742 523 et
1766 466 1948 533 dicite,
1976 473 2031 520 et
2058 464 2136 519 l‘a-

551 552 677 609 cite.
707 553 912 622 Quibus
949 557 1158 614 duobus
1185 559 1383 625 verbis,
1412 560 1465 617 id
1503 570 1604 627 est,
1632 564 1878 618 cantandi
1910 572 1965 620 et
1989 564 2134 635 psal-

550 642 715 709 lendi.
745 652 1035 707 convenire
1073 652 1208 709 duos
1235 666 1624 726 consequentes
1664 673 1867 727 versus,
1906 670 1966 716 ut
1992 660 2136 733 quod

549 738 745 795 dictum
795 752 896 809 est,
940 743 1163 800 Narrate
1208 750 1379 804 omnia
1419 752 1671 807 mirabilia
1711 756 1856 823 eius;
1900 757 2001 814 hoc
2044 759 2133 825 sit,

550 832 762 889 Cantate
785 837 867 889 ei:
906 839 1046 907 quod
1075 855 1200 895 vero
1229 842 1428 899 dietum
1459 856 1561 912 est,
1598 846 1908 904 Laudamini
1947 852 2001 905 in
2038 869 2135 906 no-

550 928 683 981 mine
708 939 882 983 sancto
909 934 1019 1000 ejus
1053 933 1220 1004 (Psal.
1245 952 1348 1002 etv,
1376 939 1429 1003 Ξ,
1461 940 1549 1011 5);
1584 941 1688 996 hoc
1711 943 1800 1010 sit,
1834 944 2049 999 Psallite
2067 947 2132 1001 ei.

553 1020 687 1076 Huic
711 1023 903 1092 quippe
949 1026 1139 1081 semini
1168 1030 1327 1084 etiam
1373 1032 1484 1101 ipse
1514 1034 1775 1090 Dominus
1817 1037 1943 1092 dicit
1971 1056 1983 1091 :
2023 1038 2133 1093 Lu-

549 1123 691 1167 ceant
720 1130 875 1185 Opera
909 1127 1070 1171 vestra
1114 1135 1284 1175 coram
1325 1125 1628 1193 hominibus,
1671 1136 1725 1180 ut
1763 1128 1963 1183 videant
2003 1130 2136 1184 bona

547 1208 684 1275 facta
713 1218 895 1277 vestra,
922 1220 968 1264 et
1004 1212 1289 1283 gloriﬁcent
1326 1216 1535 1273 Patrem
1560 1230 1774 1275 vestrum
1798 1224 1885 1292 qui
1923 1225 1975 1277 in
2000 1226 2135 1280 cwlis

546 1306 619 1352 est
650 1299 669 1370 (
689 1298 876 1357 Matth.
905 1320 957 1367 v,
991 1304 1100 1370 16).
1137 1307 1232 1363 llic
1260 1324 1389 1380 ergo
1426 1312 1538 1380 ipsa
1572 1313 1666 1368 Dei
1698 1326 1959 1385 praecepta
2002 1333 2134 1373 con-

551 1390 816 1457 siderans,
856 1412 1079 1465 quorum
1136 1413 1521 1472 prmceptorum
1571 1422 1733 1475 opera
1780 1408 1966 1463 laudes
2013 1421 2136 1465 sunt

548 1481 665 1551 ejus
694 1485 782 1554 qui
812 1498 1062 1556 operatur
1093 1491 1143 1545 in
1170 1494 1302 1555 suis.
1332 1495 1425 1558 ait,
1461 1496 1588 1563 Quis
1631 1498 1860 1568 loquetur
1889 1502 2134 1569 potentias

558 1572 807 1631 Domini?
845 1581 1093 1647 quoniam
1142 1582 1258 1638 haec
1300 1585 1639 1644 ineﬁ‘abiliter
1684 1601 1955 1660 operatur.
2005 1593 2134 1662 Quis

552 1668 755 1722 auditas
769 1672 918 1741 faciet
939 1690 1111 1729 ontnes
1129 1674 1304 1731 laudes
1333 1680 1440 1748 ejus
1458 1680 1482 1732 ?
1506 1680 1557 1735 id
1573 1692 1654 1736 est
1669 1684 1786 1753 quis
1807 1699 1927 1739 cum
1952 1685 2135 1741 audie-

554 1759 641 1826 rit,
674 1760 799 1816 facit
826 1780 1013 1821 omnes
1042 1767 1225 1824 laudes
1266 1770 1419 1839 ejus?
1446 1789 1565 1843 quae
1591 1784 1716 1829 sunt
1745 1793 1902 1845 opera
1935 1793 2135 1847 praece-

550 1860 763 1921 ptorum
792 1856 926 1924 ejus.
960 1859 1090 1926 Quia
1122 1860 1174 1915 in
1206 1874 1461 1933 quantum
1495 1866 1645 1934 ﬁunt,
1679 1870 1779 1924 etsi
1822 1886 1929 1925 non
1956 1874 2133 1928 omnia

548 1956 669 2011 quae
706 1945 881 1999 audita
913 1958 1035 2003 sunt
1066 1950 1216 2014 ﬁunt,
1253 1954 1340 2009 ille
1372 1956 1664 2013 laudandus
1692 1968 1793 2027 est,
1825 1962 1909 2032 qui
1949 1980 2132 2034 apera-

550 2041 631 2086 tur
650 2036 702 2088 in
726 2039 868 2092 nobis
896 2049 943 2094 et
967 2041 1093 2096 velle
1115 2052 1163 2097 et
1186 2049 1405 2115 aperari,
1435 2066 1528 2118 pro
1554 2052 1685 2105 bona
1712 2054 2135 2125 volnntate(PIti-

550 2122 676 2194 lipp.
705 2142 766 2194 ιι,
806 2128 917 2201 15).
967 2132 1091 2188 ideo
1129 2150 1250 2190 cum
1297 2148 1476 2208 posset
1505 2142 1703 2209 dicere,
1747 2145 1937 2201 Omnia
1978 2122 2132 2204 man-

554 2215 673 2271 data
702 2219 836 2289 ejus,
865 2224 971 2291 vel,
1004 2228 1181 2282 omnia
1213 2245 1374 2299 opera
1419 2235 1790 2293 mandatorum
1821 2239 1968 2310 ejus;
2018 2257 2134 2297 ma-

548 2310 648 2366 luit
677 2312 875 2383 dicere,
903 2318 1076 2375 laudes
1101 2323 1211 2393 ejus
1234 2340 1254 2378 :
1282 2326 1425 2395 quia,
1455 2338 1514 2383 ut
1537 2331 1735 2386 dictum
1767 2341 1868 2396 est,
1888 2334 1943 2389 in
1961 2352 2133 2406 quan-

548 2412 660 2459 tum
709 2405 860 2473 ﬁunt,
891 2412 1003 2481 ipse
1036 2414 1329 2474 laudandus
1368 2431 1470 2476 εει.
1516 2424 1658 2492 Quas
1706 2435 1882 2483 tamen
1928 2405 2131 2499 laudes,

547 2496 791 2566 quisnam
824 2503 1027 2561 sufﬁcit
1069 2509 1277 2565 auditas
1304 2512 1521 2571 facere?
1569 2517 1623 2572 id
1649 2529 1750 2585 est,
1783 2538 1902 2578 cum
1941 2496 2134 2582 auditze

547 2584 765 2658 fuerint,
797 2592 976 2652 facere
998 2614 1185 2657 omnes
1210 2605 1330 2673 quis
1356 2616 1439 2662 est
1468 2609 1731 2668 idoneus?

617 2684 672 2739 4.
716 2684 884 2758 [vers.
917 2691 1013 2765 5.]
1052 2693 1198 2750 Beati
1224 2700 1311 2769 qui
1342 2703 1630 2759 custodiunt
1656 2708 1910 2777 judicium
1930 2753 1945 2778 ,
1976 2720 2023 2765 et
2048 2717 2133 2783 fa-

546 2774 683 2829 ciunt
703 2778 957 2847 justitiam
984 2785 1035 2838 in
1059 2790 1195 2842 omni
1225 2798 1446 2862 tempore
1472 2811 1490 2849 :
1521 2774 1701 2867 utique
1724 2816 1788 2855 ex
1817 2818 1923 2872 quo
1950 2774 2134 2873 inci-pi-

549 2875 646 2921 unt
678 2877 732 2924 et
769 2872 952 2928 vivunt
992 2877 1043 2931 in
1086 2886 1345 2950 tempore.
1390 2885 1491 2954 Qui
1533 2889 1673 2944 enim
1716 2872 2137 2961 perseveraverit

546 2974 717 3031 usque
749 2964 800 3018 in
831 2966 987 3023 finem
1014 3012 1027 3035 ,
1064 2971 1145 3028 hic
1174 2976 1350 3030 salvus
1380 2978 1482 3034 erit
1514 2979 1738 3051 (Matth.
1764 3002 1795 3039 ι
1828 3029 1842 3052 ,
1870 2987 1940 3041 22
1960 2988 1997 3056 ).
2028 2990 2133 3044 Po-

551 3058 660 3107 test
704 3065 880 3113 autem
927 3061 1093 3117 videri
1134 3065 1372 3135 ejusdem
1414 3075 1694 3129 sententiae
1741 3081 2022 3147 repetitio,
2076 3091 2134 3137 ut

552 3142 655 3202 hoc
684 3149 753 3203 sit
782 3150 954 3209 facere
975 3156 1233 3225 justitiam
1254 3205 1269 3230 ,
1289 3166 1427 3233 quod
1447 3178 1528 3222 est
1549 3172 1819 3227 custodire
1834 3174 2090 3243 judicium
2118 3197 2129 3232 :

550 3240 797 3296 utetiam
845 3244 896 3299 in
940 3251 1214 3319 superiore
1257 3270 1417 3312 versu
1463 3261 1843 3332 subaudiatur,
1894 3269 1949 3322 in
1997 3273 2133 3325 omni

550 3338 807 3399 tempore;
856 3338 993 3394 sicut
1038 3340 1091 3396 in
1135 3349 1433 3413 posteriore
1472 3353 1824 3423 subauditur,
1870 3360 2041 3426 beati;
2080 3372 2134 3418 et

550 3425 772 3482 redditis
822 3445 943 3501 qum
985 3434 1412 3508 subaudiuntur,
1454 3444 1525 3499 ita
1559 3446 1803 3514 dicatur,
1854 3451 1999 3507 Beati
2046 3457 2133 3524 qui

543 3516 830 3572 custodiunt
851 3521 1103 3588 judicium
1135 3527 1185 3581 in
1228 3534 1370 3584 omni
1416 3542 1655 3605 tempore
1678 3580 1693 3605 ,
1735 3539 1878 3595 beati
1917 3544 2003 3612 qui
2046 3516 2130 3615 ja-

543 3606 681 3661 ciunt
697 3609 947 3679 justitiam
976 3615 1029 3668 in
1058 3620 1195 3672 omni
1222 3632 1458 3692 tempore.
1477 3624 1583 3682 Sed
1612 3630 1708 3684 nisi
1739 3606 1947 3703 aliquid
1963 3606 2128 3691 inter-

542 3707 686 3797 esset
732 3700 872 3757 inter
903 3704 1159 3774 judicium
1188 3720 1239 3766 et
1265 3712 1521 3781 justitiam
1546 3761 1561 3785 ,
1587 3736 1689 3775 non
1718 3726 1769 3777 in
1800 3700 1903 3779 alio
1923 3729 2129 3797 psalmo

543 3779 847 3860 diceretur,
890 3796 1161 3871 Quousque
1189 3805 1391 3871 justitia
1428 3823 1743 3869 convertatur
1786 3818 1840 3871 in
1872 3779 2127 3890 jtidicium

543 3882 739 3977 (rPsal.
766 3903 891 3944 xcnt
917 3930 932 3956 ,
962 3892 1030 3947 15
1056 3891 1097 3963 ).
1128 3898 1286 3951 Amat
1313 3900 1523 3969 quidem
1551 3904 1819 3977 Scriptura
1846 3882 1991 3977 ,vista
2020 3914 2126 3971 duo

541 3976 701 4032 simul
733 3994 929 4048 ponere
962 4001 977 4038 :
1008 3983 1161 4040 sicuti
1188 3998 1270 4043 est
1297 4032 1311 4056 ,
1339 3989 1550 4047 Iustitia
1567 4006 1616 4049 et
1629 3976 1883 4067 judicium
1919 4003 2125 4059 dircctio

539 4070 673 4125 sedis
713 4074 821 4143 ejus
865 4074 1053 4149 (Psal.
1104 4095 1268 4149 xcvr,
1298 4084 1417 4155 2);
1466 4096 1519 4142 et
1563 4089 1691 4145 illttd
1716 4135 1728 4157 ,
1771 4112 1790 4146 ι
1826 4094 1893 4150 Ει
1933 4097 2125 4154 educet

540 4164 675 4219 sicut
704 4166 882 4223 lumen
913 4171 1170 4238 justitiam
1204 4186 1343 4231 tuam
1370 4220 1383 4240 ,
1414 4189 1470 4234 et
1508 4181 1763 4249 judicium
1804 4195 1952 4243 tuum
1989 4191 2125 4246 sicut

539 4257 814 4313 meridiem
842 4280 860 4312 ι
893 4260 1082 4333 (Psal.
1112 4282 1275 4322 xxxvr
1298 4311 1313 4336 ,
1358 4272 1432 4341 6)
1458 4289 1472 4336 ;
1518 4288 1637 4329 cum
1665 4286 1717 4331 et
1748 4278 1855 4334 illic
1884 4280 2119 4349 ejusdem

540 4351 821 4404 sententiae
844 4356 1090 4421 repetitio
1111 4358 1373 4415 videatur.
1403 4362 1468 4417 Et
1494 4363 1723 4424 fortasse
1748 4380 1965 4440 propter
1992 4374 2123 4429 viei-

542 4443 762 4498 nitatem
789 4445 1191 4517 signiﬁcationis
1219 4454 1377 4508 etiam
1405 4456 1631 4514 alterum
1670 4476 1766 4530 pro
1804 4463 1972 4519 altero
1995 4468 2121 4535 poni

538 4548 754 4603 potest,
812 4542 890 4592 vel
938 4542 1192 4610 judicium
1236 4562 1332 4615 pro
1367 4549 1569 4617 justitia
1596 4594 1609 4619 ,
1654 4555 1739 4609 vel
1776 4556 1977 4625 justitia
2024 4574 2122 4628 pro

531 4628 734 4699 judicio
762 4650 775 4685 :
809 4640 982 4688 tamen
1011 4641 1053 4689 si
1089 4640 1299 4707 proprie
1330 4640 1575 4698 dicantur
1596 4686 1612 4712 ,
1640 4646 1834 4717 aliquid
1862 4648 2120 4706 interesse

536 4736 641 4776 non
671 4723 855 4778 dubito
878 4767 893 4792 ,
925 4736 981 4780 ut
1005 4728 1261 4797 judicium
1293 4734 1563 4791 custodire
1592 4738 1799 4792 dicatur
1844 4743 1934 4810 qui
1975 4752 2119 4798 recte

531 4811 771 4881 judicat,
816 4818 1072 4885 jnsﬁtiam
1117 4838 1245 4876 vero
1285 4824 1460 4881 facere
1506 4830 1593 4897 qui
1642 4840 1788 4886 recte
1834 4832 1961 4903 agit.
2008 4834 2119 4892 Nec

532 4907 764 4965 absurde
792 4912 1044 4968 existimo
1093 4915 1313 4987 intelligi
1358 4920 1651 4975 secundum
1695 4923 1822 4976 illud
1857 4925 1999 4994 quod
2033 4926 2117 4980 di-

533 5007 675 5054 ctum
708 5012 828 5070 est,
863 5004 1130 5076 Quousque
1149 5010 1352 5080 justitia
1385 5021 1700 5067 convertatur
1739 5015 1792 5069 in
1819 5016 2074 5085 judicium
2098 5059 2113 5085 ,

531 5094 689 5151 etiam
718 5095 804 5152 hic
826 5113 919 5153 eos
959 5100 1129 5155 dictos
1164 5103 1350 5159 beatos
1390 5106 1478 5175 qui
1508 5106 1766 5177 judicium
1810 5110 2119 5167 custodiunt

532 5187 583 5240 in
613 5187 715 5243 ﬁde
742 5230 755 5254 ,
779 5190 1037 5261 justitiam
1067 5193 1266 5250 faciunt
1291 5197 1344 5251 in
1371 5211 1552 5267 opere.
1582 5198 1773 5256 Veniet
1807 5203 1951 5257 enim
1979 5212 2117 5259 tem-

533 5300 628 5351 ptts
659 5298 711 5338 ut
736 5288 991 5353 judicium
1018 5291 1159 5360 quod
1192 5293 1351 5347 modo
1375 5294 1671 5349 custoditur
1700 5295 1752 5351 in
1783 5297 1887 5353 ﬁde
1911 5338 1927 5365 ,
1950 5299 2112 5354 etiam

528 5387 840 5433 exerceatur
871 5380 922 5435 in
951 5397 1112 5452 opere
1135 5425 1149 5449 ,
1183 5399 1302 5439 cum
1329 5385 1530 5454 justitia
1570 5402 1825 5443 conversa
1856 5388 2015 5444 fuerit
2055 5390 2113 5447 in

524 5466 820 5541 judicium,
863 5471 916 5526 id
959 5482 1079 5538 est,
1119 5488 1239 5529 cum
1283 5478 1586 5545 acceperint
1618 5477 1744 5547 justi
1792 5489 2110 5549 potestatem

523 5557 794 5629 judicaudi
824 5576 916 5617 eos
943 5574 1086 5618 recte
1108 5606 1122 5631 ,
1152 5580 1179 5618 a
1210 5566 1403 5637 quibus
1434 5566 1591 5621 modo
1639 5582 1743 5621 non
1781 5580 1925 5624 recte
1965 5570 2108 5639 judi-

526 5663 731 5709 cantur.
765 5654 917 5710 Unde
950 5658 1073 5712 alibi
1112 5659 1282 5729 ipsum
1325 5674 1519 5731 corpus
1561 5659 1758 5715 Christi
1794 5662 2107 5733 intelligitur

526 5749 703 5806 dicere
729 5794 743 5819 ,
778 5750 902 5805 Cum
931 5769 1167 5823 accepero
1207 5764 1401 5826 tempus
1428 5796 1442 5822 ,
1482 5771 1572 5825 ego
1606 5755 1836 5826 justitias
1861 5757 2109 5827 judicabo

520 5844 544 5918 (
569 5845 713 5901 Psal.
748 5864 931 5915 Lxxiv,
965 5851 998 5904 5
1023 5850 1061 5920 }.
1096 5850 1245 5919 Quod
1274 5850 1494 5908 \erbum
1524 5850 1740 5908 everbo
1772 5854 1941 5925 magis
1960 5852 2110 5914 ἀίω-

1724 404 1727 407 ,
1784 345 1849 403 s;
1876 324 2252 399 ’AucusrtNt
2287 336 2596 401 EPISCOPI

3688 362 3834 424 “08

2238 468 2425 528 retur,
2451 461 2752 535 Αὲἒιιιιίιιιιεε
2783 467 3052 538 judicabo.
3101 471 3218 530 Non
3257 485 3440 534 autem
3486 478 3660 551 dixit,
3691 481 3831 540 Cum

2240 565 2497 622 accepero
2521 563 2748 628 tempus,
2758 560 3014 631 justitiam
3037 562 3257 633 faciam;
3280 570 3403 640 quia
3415 571 3558 626 omni
3584 582 3834 642 tempore

2244 642 2483 701 facienda
2512 658 2595 704 est
2616 692 2631 716 ,
2660 652 2798 707 sicut
2825 655 2984 710 etiam
3015 656 3101 712 hic
3131 658 3258 716 dicit
3284 702 3299 728 ,
3333 661 3432 728 Qui
3455 664 3650 734 faciunt
3664 668 3835 738 justi-

2244 736 2367 791 tiam
2386 739 2440 793 in
2461 744 2597 796 omni
2622 752 2862 817 tempore.
3461 777 3469 781 ν

2313 831 2367 886 5.
2408 829 2580 904 [vers.
2604 836 2639 891 4
2662 880 2676 901 ,
2710 839 2763 893 5.
2792 838 2813 913 ]
2855 840 3054 898 Deinde
3078 886 3093 910 ,
3135 846 3256 916 quia
3284 847 3424 904 Deus
3450 850 3708 919 justiﬁcat
3730 894 3747 919 ,
3782 853 3836 910 id

2242 930 2325 977 est
2348 965 2363 990 ,
2388 924 2564 993 justos
2593 927 2717 984 facit
2741 972 2757 997 ,
2787 934 3023 988 sanando
3048 950 3140 991 eos
3175 938 3243 993 ab
3283 922 3646 1010 iniquitatibus
3672 945 3792 998 suis
3816 985 3833 1013 ,

2240 1020 2483 1087 sequitur
2511 1022 2680 1076 oratio
2704 1065 2717 1089 ,
2750 1024 3003 1080 Memento
3037 1030 3234 1094 nostri,
3278 1030 3496 1087 Domine
3517 1075 3533 1101 ,
3576 1036 3631 1089 in
3676 1037 3835 1090 bene-

2220 1110 2429 1180 ‘placito
2455 1110 2628 1183 populi
2651 1115 2768 1170 tui:
2800 1118 2850 1172 id
2876 1128 2958 1173 est
2981 1161 2995 1185 ,
3032 1131 3087 1175 ut
3118 1123 3170 1175 in
3210 1123 3289 1177 eis
3331 1124 3496 1179 simus
3541 1127 3592 1180 in
3633 1130 3836 1197 quibus

2240 1204 2631 1275 beneplacitum
2659 1220 2740 1265 est
2768 1213 2858 1267 tibi
2885 1230 2899 1277 ;
2928 1215 3049 1285 quia
3077 1231 3183 1271 non
3216 1218 3266 1272 in
3294 1221 3541 1275 omnibus
3582 1222 3687 1276 illis
3735 1222 3833 1277 be-

2240 1298 2563 1367 neplacitum
2592 1311 2674 1357 est
2695 1302 2824 1359 Deo.
2865 1304 3025 1359 Visita
3053 1324 3144 1361 nos
3166 1309 3216 1364 in
3237 1311 3448 1364 salutari
3471 1322 3574 1367 tuo.
3607 1312 3728 1383 lpse
3754 1324 3837 1369 εει

2240 1391 2383 1446 enim
2414 1391 2659 1448 Salvator
2683 1435 2697 1459 ,
2729 1398 2780 1449 in
2806 1413 2911 1466 quo
2937 1409 3152 1467 peccata
3184 1401 3520 1458 dimittuntur
3543 1445 3557 1469 ,
3607 1416 3662 1460 et
3712 1407 3833 1460 ani-

2239 1498 2341 1537 mae
2371 1497 2624 1540 sanantur
2652 1528 2665 1552 ,
2694 1498 2753 1543 ut
2783 1492 2988 1558 possint
3021 1494 3291 1550 custodire
3321 1495 3577 1563 judicium
3604 1537 3619 1559 ,
3661 1505 3721 1552 et
3758 1496 3831 1551 fa.

2238 1589 2362 1631 cere
2400 1577 2699 1646 justitiam;
2740 1597 2874 1652 quos
2912 1599 3031 1638 cum
3073 1585 3257 1641 beatos
3308 1602 3426 1642 esse
3474 1588 3835 1659 intelligerent

2238 1668 2328 1737 qui
2376 1668 2488 1723 haec
2528 1670 2854 1741 loquuntur,
2902 1674 3002 1729 hoc
3049 1676 3147 1731 sibi
3193 1690 3581 1748 consequenter
3624 1681 3835 1736 orando

2237 1768 2445 1830 petunt.
2476 1760 2556 1818 De
2586 1763 2689 1817 isto
2717 1765 2937 1820 salutari
2964 1767 3089 1821 alibi
3112 1768 3307 1824 dicitur
3331 1811 3346 1837 ,
3376 1770 3442 1825 Ut
3464 1788 3835 1842 cognoscamus
3912 1818 3915 1819 ν

2236 1850 2293 1904 in
2343 1862 2476 1906 terra
2525 1856 2655 1908 viam
2696 1866 2874 1912 tuam:
2915 1869 2971 1915 et
3016 1862 3166 1930 quasi
3213 1877 3578 1932 qutereremus
3626 1866 3677 1919 in
3727 1882 3832 1936 qua

2244 1952 2386 1998 terra
2411 1988 2426 2012 ,
2472 1956 2684 2003 secutus
2728 1959 2848 2017 est,
2890 1950 2957 2007 In
2992 1954 3219 2009 omnibus
3260 1956 3530 2027 gentibus;
3573 1974 3789 2013 rursum
3814 2001 3830 2027 ,

2248 2037 2399 2106 quasi
2430 2054 2791 2107 quaereremus
2810 2059 2966 2111 quam
2990 2046 3127 2099 viam
3155 2088 3168 2111 ,
3199 2057 3415 2102 secutus
3440 2058 3525 2103 est
3546 2092 3561 2116 ,
3587 2050 3835 2107 Salutare

2241 2136 2382 2181 tuum
2415 2129 2603 2201 (Psal.
2638 2149 2753 2187 Lm
2780 2176 2795 2199 ,
2828 2135 2861 2187 5
2888 2139 2924 2203 ).
2958 2136 3030 2191 De
3064 2138 3154 2193 illo
3199 2142 3391 2210 quippe
3435 2142 3569 2195 dixit
3611 2143 3834 2200 Simeon

2239 2233 2440 2284 senex,
2504 2221 2755 2288 Quoniam
2813 2227 3039 2281 viderunt
3087 2231 3219 2283 oculi
3272 2233 3370 2286 mei
3417 2235 3640 2287 salutare
3689 2244 3834 2289 luunt

2240 2310 2411 2383 (Luc.
2461 2329 2535 2379 ιι,
2565 2316 2633 2370 '50
2662 2317 2700 2385 );
2755 2317 2845 2386 qui
2890 2318 2958 2373 de
3001 2321 3178 2391 seipso
3222 2322 3394 2391 dixit,
3442 2324 3555 2396 Ego
3595 2343 3710 2381 sum
3754 2328 3835 2381 via

2240 2402 2439 2474 (Joan.
2470 2421 2578 2471 xw,
2613 2407 2710 2479 6).
2752 2407 2909 2463 Visita
2941 2425 3069 2481 ergo
3110 2429 3199 2467 nos
3228 2415 3281 2467 in
3318 2415 3531 2470 salutari
3574 2427 3658 2471 tuo
3682 2459 3698 2483 ,
3730 2419 3835 2475 hoc

2241 2504 2359 2559 est,
2393 2497 2447 2551 in
2474 2497 2687 2553 Christo
2718 2508 2829 2554 tuo.
2854 2502 2934 2555 Ad
2953 2502 3222 2558 videndum
3242 2508 3294 2559 in
3320 2505 3538 2562 bonitate
3558 2509 3833 2563 electorum

2240 2598 2441 2642 tuorum
2467 2631 2481 2654 ,
2517 2592 2584 2642 ad
2608 2592 2887 2647 laetandum
2912 2595 2963 2648 in
2988 2595 3161 2650 lwtitia
3185 2600 3346 2669 gentis
3366 2610 3466 2655 tute
3488 2617 3506 2655 :
3536 2602 3588 2657 id
3614 2613 3695 2658 est
3715 2646 3731 2668 ,
3763 2605 3831 2660 ad

2239 2677 2341 2734 hoc
2372 2696 2469 2734 nos
2497 2681 2649 2736 visita
2683 2684 2735 2736 in
2766 2685 2983 2741 salutari
3012 2696 3101 2741 tuo
3124 2728 3140 2754 ,
3173 2698 3232 2743 ut
3258 2691 3533 2748 videamns
3578 2696 3630 2749 in
3674 2696 3833 2752 boni-

2241 2780 2347 2827 tate
2373 2774 2664 2829 electorum
2692 2785 2899 2830 tuorum
2925 2818 2940 2843 ,
2973 2786 3027 2833 et
3051 2779 3292 2836 laetemur
3330 2784 3382 2837 in
3432 2783 3613 2839 laetitia
3650 2788 3831 2856 gentis

2241 2872 2364 2918 tuae.
2397 2865 2549 2933 Quod
2577 2878 2755 2922 autem
2788 2867 2871 2922 hic
2914 2871 3141 2939 positum
3181 2881 3303 2940 est,
3342 2875 3395 2928 in
3434 2876 3698 2947 bonitate;
3741 2879 3831 2933 alii

2239 2957 2450 3011 codices
2477 2958 2713 3028 habent,
2757 2961 2811 3015 in
2844 2965 3089 3018 suavitate
3114 2982 3133 3018 :
3178 2967 3316 3022 sicut
3358 2968 3484 3023 illud
3510 3010 3524 3034 ,
3575 2971 3831 3037 Quoniam

2238 3048 2395 3104 bonus
2419 3064 2439 3113 ;
2464 3050 2555 3105 alii
2586 3051 2816 3119 habent,
2853 3053 3103 3120 Quoniam
3141 3062 3325 3115 suavis.
3374 3059 3605 3130 ldipsum
3646 3074 3829 3120 autem

2238 3142 2461 3196 verbum
2489 3143 2541 3197 in
2568 3159 2743 3214 grtcco
2767 3154 2850 3201 est
2871 3187 2887 3213 ,
2915 3147 3055 3217 quod
3081 3159 3135 3203 et
3162 3149 3288 3204 alibi
3318 3150 3508 3221 legitur
3529 3195 3545 3220 ,
3578 3152 3830 3210 Dominus

2237 3234 2375 3287 dabit
2395 3236 2685 3290 suavitatem
2715 3235 2907 3307 (Psal.
2943 3254 3160 3306 Lxmv,
3182 3242 3291 3313 15)
3322 3259 3336 3295 :
3368 3258 3524 3314 quam
3567 3252 3621 3303 et
3663 3246 3831 3315 aliqui

2236 3331 2568 3398 interpretati
2597 3338 2723 3384 sunt
2748 3330 3042 3387 bonitatem
3062 3375 3077 3399 ,
3105 3334 3265 3405 aliqui
3288 3335 3691 3407 benignitatem.
3720 3339 3829 3395 Sed

2236 3419 2362 3489 quid
2394 3431 2475 3475 est
2500 3462 2514 3487 ,
2554 3420 2714 3476 Visita
2741 3439 2833 3495 nos
2854 3465 2868 3489 ,
2892 3434 2947 3477 ut
2968 3425 3222 3483 videamus
3241 3428 3295 3482 in
3316 3429 3534 3485 bonitate
3553 3433 3829 3485 electorum

2236 3521 2437 3566 tuorum
2459 3556 2476 3581 ,
2504 3514 2557 3569 id
2580 3523 2663 3569 est
2685 3557 2700 3581 ,
2733 3516 2785 3570 in
2813 3532 2873 3571 ea
2906 3515 3139 3573 bonitate
3182 3535 3341 3590 quam
3376 3532 3596 3591 praestas
3638 3524 3828 3579 electis

2235 3604 2378 3670 tuis;
2411 3605 2512 3660 nisi
2545 3614 2603 3661 ut
2630 3621 2734 3662 non
2770 3623 3142 3665 remaneamus
3168 3613 3296 3667 caeci
3319 3652 3334 3678 ,
3366 3613 3501 3668 sicut
3527 3613 3600 3668 illi
3627 3616 3827 3685 quibus

2231 3697 2434 3753 dictum
2459 3708 2541 3754 est
2571 3719 2584 3756 :
2614 3699 2766 3755 Nunc
2791 3712 2959 3756 autem
2983 3704 3177 3769 dicitis,
3205 3704 3338 3771 Quia
3358 3705 3619 3770 videmus;
3644 3722 3828 3777 pecca-

2233 3798 2337 3843 tum
2383 3801 2600 3845 vestrum
2639 3803 2804 3846 manet
2842 3792 3042 3865 (Joan.
3077 3810 3135 3849 ix
3162 3836 3179 3862 ,
3209 3796 3270 3849 41
3298 3793 3345 3868 )?
3384 3794 3637 3851 Dominus
3677 3798 3824 3853 enim

2231 3881 2486 3936 illuminat
2509 3899 2666 3939 cwcos
2695 3884 2713 3957 (
2738 3884 2882 3939 Psat.
2906 3900 3069 3953 σειν,
3097 3885 3199 3955 8),
3227 3902 3331 3942 non
3354 3889 3559 3943 meritis
3589 3903 3779 3946 eorum
3805 3932 3821 3955 ,

2230 3974 2325 4031 sed
2355 3977 2407 4029 in
2434 3977 2651 4031 bonitate
2669 3978 2937 4032 electorum
2965 3995 3172 4033 suorum
3196 4020 3211 4047 ,
3245 3979 3296 4034 id
3326 3989 3409 4035 est
3431 4019 3447 4046 ,
3478 3996 3635 4050 quam
3663 3982 3822 4037 exhi-

2231 4067 2324 4123 bet
2349 4068 2432 4123 vel
2462 4069 2625 4124 donat
2649 4070 2836 4125 electis
2881 4071 3036 4126 suis:
3084 4075 3221 4125 sicut
3268 4071 3427 4126 Salus
3471 4071 3634 4126 vultus
3681 4073 3821 4141 mei,

2230 4176 2337 4216 non
2361 4178 2391 4217 a
2418 4164 2625 4231 meipso
2649 4205 2663 4231 ,
2711 4164 2803 4218 sed
2846 4162 2985 4219 Deus
3018 4181 3158 4219 meus
3195 4164 3388 4238 (Psal.
3435 4182 3542 4228 xui
3568 4208 3583 4233 ,
3621 4165 3717 4239 5);
3768 4178 3825 4223 et

2229 4275 2411 4329 panem
2435 4268 2661 4312 nostrum
2681 4257 2908 4313 dicimus
2931 4260 3283 4328 quotidianum
3305 4301 3321 4327 ,
3346 4260 3440 4315 sed
3465 4269 3641 4315 tamen
3668 4260 3823 4315 addi-

2228 4369 2348 4408 mus
2370 4395 2385 4419 ,
2418 4353 2485 4407 da
2506 4353 2649 4407 nobis
2676 4351 2696 4424 (
2722 4351 2906 4405 Matth.
2939 4368 2994 4407 vt
3017 4393 3032 4418 ,
3062 4354 3123 4408 11
3159 4352 3198 4423 ).
3258 4352 3415 4406 Visita
3460 4368 3590 4424 ergo
3632 4370 3725 4407 nos
3767 4358 3823 4408 ia

2226 4449 2441 4504 salutari
2468 4459 2595 4512 tuo,
2624 4447 2693 4500 ad
2732 4446 3038 4513 videndum,
3078 4445 3132 4500 id
3174 4453 3258 4501 est
3299 4453 3359 4499 ut
3400 4444 3713 4510 videamus,
3767 4446 3822 4499 iu

2227 4539 2447 4594 bonitate
2472 4540 2741 4593 electorum
2784 4548 3017 4603 tuorum;
3059 4537 3127 4590 ad
3172 4536 3446 4591 (artandum
3473 4578 3486 4601 ,
3533 4537 3584 4591 id
3631 4546 3714 4599 est
3764 4545 3820 4591 ut

2227 4632 2471 4689 lmtemur
2492 4673 2508 4699 ,
2540 4634 2592 4687 in
2618 4632 2791 4687 ltetitia
2818 4631 2978 4702 gentis
3005 4640 3122 4685 tuae.
3159 4629 3329 4686 Unam
3359 4640 3572 4699 gentem
3611 4630 3704 4685 Dei
3733 4630 3817 4683 iu-

2227 4727 2469 4796 telligere
2507 4720 2767 4779 debemus
2814 4724 3122 4778 universum
3164 4738 3347 4777 semen
3399 4721 3672 4786 Abrahae;
3722 4722 3817 4778 sed

2226 4820 2364 4875 ﬁlios
2392 4818 2800 4889 promissionis,
2843 4833 2950 4871 non
2998 4816 3195 4871 carnis.
3259 4816 3322 4870 lli
3369 4831 3535 4885 ergo,
3588 4830 3817 4885 quorum

2226 4926 2331 4967 vox
2358 4921 2441 4965 est
2465 4952 2479 4976 ,
2511 4919 2699 4980 optant
2725 4908 2966 4980 ejusdem
3006 4908 3179 4979 gentis
3224 4906 3419 4962 habere
3459 4907 3716 4962 laetitiam.
3750 4906 3814 4963 Et

2224 5021 2342 5077 qua:
2373 5004 2529 5075 hujus
2552 5005 2727 5075 gentis
2752 5005 2933 5060 laetitia
2960 5046 2974 5070 ,
3000 5003 3100 5058 nisi
3128 5003 3270 5057 Deus
3296 5001 3452 5072 ejus?
3475 5000 3569 5077 Cui
3596 5002 3815 5065 dicitur,

2228 5116 2248 5151 ‹
2287 5099 2584 5154 Exsultatio
2612 5112 2731 5152 mea
2752 5138 2767 5162 ,
2800 5096 3004 5151 redime
3028 5110 3115 5150 me
3144 5113 3164 5147 ι
3196 5095 3215 5166 (
3240 5093 3387 5149 Psal.
3414 5111 3543 5149 xxxx
3570 5135 3586 5161 ,
3616 5096 3647 5149 7
3674 5094 3694 5166 )
3722 5114 3735 5148 :
3763 5103 3817 5150 et

2222 5193 2308 5247 cui
2337 5190 2531 5246 dicitur
2553 5232 2569 5255 ,
2606 5207 2627 5242 t
2658 5189 2934 5258 Signatum
2962 5194 3045 5242 est
3070 5201 3232 5257 super
3264 5201 3365 5241 nos
3408 5187 3593 5242 lumen
3634 5187 3817 5243 vultus

2222 5284 2297 5340 tui
2327 5324 2341 5350 ,
2371 5282 2632 5346 Domine;
2662 5279 2855 5335 dedisti
2883 5278 3119 5333 laetitiam
3143 5278 3198 5333 in
3236 5292 3331 5333 cor
3376 5293 3555 5333 meum
3590 5276 3639 5352 ι(
3667 5277 3811 5333 Psal.

2219 5391 2291 5440 tv,
2321 5376 2352 5430 7
2379 5376 2420 5445 );
2448 5387 2657 5428 summo
2686 5372 2929 5435 scilicet,
2957 5386 3086 5426 vero
3106 5413 3120 5436 ,
3152 5371 3574 5426 incommutabili
3606 5380 3661 5426 et
3687 5372 3814 5428 beao

2172 5502 2181 5509 -
2221 5469 2363 5524 tiﬁco
2395 5467 2534 5521 bono
2556 5507 2572 5532 ,
2604 5465 2747 5537 quod
2771 5466 2884 5535 ipse
2913 5465 3055 5520 Deus
3083 5473 3183 5519 est.
3219 5464 3285 5519 Ut
3311 5465 3532 5519 lauderis
3557 5482 3673 5519 cum
3701 5466 3810 5519 ha:-

2220 5559 2429 5612 ieditate
2455 5566 2561 5610 tua.
2590 5555 2752 5609 Miror
2782 5556 2939 5610 istum
2965 5571 3182 5610 versum
3216 5557 3292 5612 sic
3320 5557 3732 5625 interpretatum
3756 5556 3808 5609 in

2218 5652 2401 5710 multis
2428 5666 2548 5707 esse
2571 5650 2846 5706 codicibus
2870 5690 2884 5715 ,
2916 5667 3035 5705 cum
3065 5651 3135 5705 sit
3179 5666 3281 5705 una
3320 5658 3480 5720 atque
3519 5648 3708 5705 eadem
3753 5649 3807 5705 in

2220 5747 2386 5801 tribus
2417 5744 2499 5798 his
2536 5744 2780 5799 versibus
2822 5758 2993 5814 graaea
3035 5743 3232 5797 locutio
3260 5784 3275 5807 ,
3318 5752 3376 5796 ut
3417 5742 3462 5796 si
3510 5741 3615 5796 hoc
3656 5751 3807 5797 recte

2214 5846 2416 5905 dictum
2441 5848 2524 5898 est
2546 5835 2691 5914 quod
2718 5836 2910 5909 legitur
2931 5875 2947 5903 ,
2983 5852 3001 5888 t
3032 5834 3101 5894 Ut
3124 5833 3360 5895 lauderis
3399 5848 3524 5891 etun
3571 5831 3812 5901 luendi-
