4090 6496
288 386 434 447 1409

290 512 398 557 tate
426 511 552 570 tua;
591 519 611 555 ι
644 507 825 572 posset
851 507 998 557 recte
1026 499 1131 557 dici
1159 543 1174 570 ,
1205 519 1226 554 ι
1255 499 1326 559 Ut
1349 499 1534 557 videas
1568 501 1621 557 in
1650 498 1888 556 bonitate

287 594 585 649 electorum
613 603 822 650 tuorum
846 636 861 663 ,
891 601 945 650 et
965 594 1160 651 laeteris
1189 595 1243 650 in
1272 595 1456 651 laetitia
1481 595 1654 666 gentis
1683 603 1786 649 tuae
1815 611 1828 646 :
1863 611 1883 647 s

287 694 402 742 toto
429 689 552 758 ipso
581 703 743 743 sensu
771 689 842 742 ita
872 695 1124 744 contexto
1151 729 1166 754 ,
1212 706 1232 741 ι
1266 689 1434 743 Visita
1463 703 1558 743 nos
1587 687 1640 743 in
1669 687 1887 742 salutari

286 787 378 834 tuo
402 821 417 844 ,
450 789 510 834 ut
538 779 722 835 videas
746 779 800 834 in
832 780 1069 836 bonitate
1098 780 1392 836 electorum
1422 789 1632 836 tuorum
1660 822 1674 845 ,
1706 789 1766 835 ut
1791 779 1887 834 la!-

284 874 412 928 teris
440 874 496 928 in
527 873 710 928 laetitia
735 875 909 945 gentis
931 883 1034 929 tuas
1056 917 1072 943 ,
1100 883 1150 931 ει
1174 875 1406 931 lauderis
1432 891 1552 931 cum
1577 875 1888 930 bmreditate

285 977 393 1023 tua.
432 985 453 1018 ι
487 967 793 1023 Secundum
836 968 936 1023 hoc
972 977 1149 1024 autem
1188 968 1330 1040 quod
1368 969 1600 1025 diximus
1624 1011 1639 1034 ,
1671 987 1690 1020 s
1721 967 1887 1023 Visita

283 1077 381 1117 nos
409 1105 423 1128 ,
457 1071 515 1115 ut
545 1061 820 1117 videamus
846 1064 897 1116 in
929 1061 1165 1118 bonitate
1207 1063 1504 1118 electorum
1545 1071 1760 1118 tuorum
1787 1104 1802 1128 ,
1833 1070 1890 1117 et

282 1154 530 1208 betemur
553 1154 606 1208 in
634 1154 813 1208 laetitia
840 1155 1016 1225 gentis
1042 1163 1183 1221 tute;
1214 1173 1233 1206 ι
1274 1163 1667 1225 consequenter
1707 1164 1761 1210 et
1799 1155 1889 1211 hic

282 1247 385 1301 dici
428 1246 653 1311 debuit,
702 1266 722 1299 ι
753 1247 821 1304 Ut
862 1247 1141 1303 laudemur
1182 1264 1302 1304 cum
1347 1249 1658 1304 haereditate
1703 1257 1826 1302 tua:
1861 1267 1881 1302 ι

281 1341 366 1395 cui
418 1341 718 1397 haereditati
767 1341 967 1396 dictum
998 1351 1118 1407 est,
1167 1361 1187 1394 ‹
1215 1342 1529 1397 Landamini
1577 1343 1628 1397 in
1669 1342 1887 1398 nomine

283 1441 474 1488 sancto
517 1433 653 1502 ejus.
693 1452 712 1485 ι
757 1433 923 1490 Porro
961 1442 1136 1489 autem
1184 1436 1436 1505 quoniam
1484 1434 1599 1490 haec
1637 1434 1886 1505 ambigua

283 1523 498 1579 videtur
529 1526 764 1592 locutio;
799 1526 842 1580 si
877 1541 1032 1581 verus
1063 1533 1147 1581 est
1177 1525 1278 1582 iste
1308 1541 1500 1581 sensus
1535 1541 1640 1597 quo
1685 1527 1887 1580 malue-

281 1625 406 1670 runt
438 1616 762 1686 interpretes
787 1616 967 1672 dicere
996 1658 1010 1683 ,
1058 1636 1078 1668 ι
1112 1616 1182 1672 Ut
1214 1617 1483 1682 lauderis;
1515 1636 1534 1670 ι
1578 1617 1736 1673 etiam
1779 1616 1886 1672 duo

287 1723 482 1764 versus
511 1709 820 1778 superiores
843 1710 911 1763 ita
937 1708 1266 1779 intelligendi
1290 1720 1448 1776 sunt,
1471 1709 1591 1780 quia
1616 1749 1632 1776 ,
1657 1719 1715 1763 ιιι
1735 1707 1845 1764 dixi
1865 1747 1882 1770 .

289 1817 392 1857 una
424 1811 508 1857 est
538 1803 589 1856 in
623 1802 703 1856 his
735 1802 902 1856 tribus
930 1801 1174 1856 versibus
1203 1816 1376 1871 graeca
1407 1801 1606 1856 locutio
1636 1818 1648 1854 :
1684 1809 1742 1854 ut
1783 1799 1885 1857 hoc

287 1905 461 1952 totum
491 1897 565 1950 ita
591 1895 790 1950 dictum
817 1894 1110 1964 accipiatur
1133 1935 1147 1960 ,
1202 1913 1221 1946 ι
1254 1893 1421 1948 Visita
1454 1909 1551 1948 nos
1579 1893 1631 1947 in
1663 1892 1884 1948 salutari

283 1999 377 2043 tuo
403 2030 420 2056 ,
449 1997 507 2042 ut
547 1986 731 2042 videas
771 1987 825 2040 in
865 1985 1106 2041 bonitate
1150 1985 1443 2040 electorum
1491 1994 1700 2040 tuorum
1726 2026 1742 2049 ,
1775 2004 1794 2037 ι
1831 1983 1882 2039 id

283 2090 373 2136 est
394 2121 411 2146 ,
442 2078 507 2134 ad
532 2079 634 2134 hoc
664 2093 765 2134 nos
788 2078 943 2132 visita
968 2119 984 2145 ,
1032 2087 1088 2130 ut
1133 2076 1242 2131 illic
1287 2091 1386 2131 nos
1429 2090 1548 2131 esse
1593 2075 1760 2131 facias
1784 2117 1799 2142 ,
1828 2083 1884 2130 et

284 2170 398 2225 illic
425 2185 523 2224 nos
552 2169 773 2234 videas;
813 2187 832 2221 ι
863 2177 920 2223 ιιι
950 2166 1149 2222 laeteris
1178 2167 1230 2222 in
1264 2167 1445 2221 laetitia
1475 2165 1647 2237 gentis
1679 2173 1782 2220 tuae
1803 2207 1818 2230 ,
1855 2185 1874 2219 ι

286 2263 342 2318 id
372 2272 457 2318 est
481 2304 497 2330 ,
531 2271 587 2318 tu
632 2262 829 2318 dicaris
870 2261 1036 2318 laetari
1063 2302 1079 2328 ,
1119 2276 1240 2316 cum
1283 2261 1355 2315 illi
1399 2261 1645 2316 hetantur
1685 2275 1748 2316 ex
1787 2268 1878 2326 te;

293 2374 314 2409 ι
346 2363 408 2410 ιιι
435 2354 669 2410 lauderis
696 2369 818 2409 cum
850 2352 1160 2408 haereditate
1189 2362 1278 2408 tua
1303 2394 1317 2416 ,
1353 2371 1373 2406 ι
1421 2352 1473 2407 id
1517 2360 1600 2408 εει
1613 2393 1637 2433 1,
1666 2367 1786 2409 cum
1817 2367 1879 2408 ea

285 2446 519 2503 lauderis
545 2490 558 2512 ,
589 2447 835 2518 quoniam
865 2462 970 2501 nou
1003 2445 1250 2500 laudatur
1274 2445 1374 2500 nisi
1409 2453 1625 2515 propter
1651 2454 1723 2501 te.
1751 2444 1878 2500 Sive

286 2555 414 2610 ergo
467 2540 596 2607 illo,
647 2539 763 2595 sive
807 2539 912 2594 isto
956 2537 1116 2593 modo
1167 2537 1573 2607 intelligendum
1619 2538 1691 2593 sit
1736 2536 1878 2606 quod

281 2633 481 2688 dictum
513 2641 636 2700 εει,
664 2651 682 2684 ι
711 2632 778 2687 ad
817 2631 1103 2687 videndum
1127 2674 1142 2698 ,
1187 2630 1252 2685 ad
1291 2619 1576 2686 laetandum
1603 2673 1618 2698 ,
1650 2630 1718 2685 ad
1759 2630 1877 2685 lau-

283 2725 514 2779 dandum
541 2742 555 2790 ;
590 2743 609 2777 ι
643 2724 763 2779 ideo
792 2739 850 2779 se
885 2731 1071 2793 optant
1099 2722 1301 2777 visitari
1329 2723 1380 2777 in
1408 2723 1628 2778 salutari
1657 2723 1750 2778 Dei
1775 2765 1790 2789 ,
1823 2723 1876 2778 id

283 2828 365 2874 est
388 2819 440 2873 in
470 2817 686 2875 Christo
708 2817 825 2887 ejus
847 2858 864 2883 ,
893 2826 950 2870 ιιι
979 2831 1086 2870 non
1107 2814 1408 2869 alienentur
1435 2829 1464 2868 a
1492 2814 1688 2884 populo
1716 2814 1831 2884 ejus
1857 2854 1874 2881 ,

280 2922 334 2967 et
362 2911 432 2967 ab
452 2911 534 2966 eis
561 2911 612 2964 in
641 2909 835 2981 quibus
861 2908 1250 2979 beneplacitum
1283 2917 1365 2963 est
1395 2907 1528 2962 Deo.

349 3004 403 3061 6.
432 3003 606 3077 [νει-ε.
636 3003 667 3059 6
694 3046 707 3067 ,
733 3001 828 3076 7.]
853 3001 987 3071 Quid
1010 3012 1186 3056 autem
1210 3001 1461 3071 deinceps
1483 3001 1871 3070 confiteantur,

278 3097 593 3153 audiamus:
628 3115 648 3148 ‹
676 3094 1021 3152 Peccavimus
1061 3108 1182 3149 cum
1227 3092 1467 3163 patribus
1509 3091 1709 3148 nostris
1733 3134 1747 3156 ,
1786 3092 1872 3146 in-

275 3191 417 3262 juste
486 3189 732 3261 egimus,
801 3187 1135 3259 iniquitatem
1200 3185 1492 3242 fecimus.»
1543 3184 1679 3253 Quid
1752 3193 1872 3253 est,

275 3301 403 3339 eum
431 3283 660 3356 patribus
690 3282 920 3338 nostris?
947 3283 1027 3336 An
1056 3282 1191 3336 sicut
1221 3280 1378 3335 habet
1407 3278 1639 3349 Epistola
1667 3279 1731 3334 ad
1764 3278 1872 3335 He-

278 3379 452 3433 brteos
477 3419 492 3442 ,
521 3377 644 3447 quia
671 3383 726 3430 et
762 3374 890 3430 Levi
939 3388 1059 3429 cum
1100 3370 1367 3427 Abraham
1409 3371 1704 3426 decimatus
1749 3378 1869 3438 est,

277 3472 531 3541 quoniam
563 3468 618 3523 in
652 3467 846 3522 lumbis
876 3465 993 3536 ejus
1032 3463 1173 3528 fuit,
1203 3462 1417 3533 quando
1457 3461 1693 3516 decimas
1727 3460 1874 3517 dedit

278 3561 541 3616 sacerdoti
571 3559 926 3615 Melchisedec
957 3557 975 3630 (
1001 3555 1159 3610 Hebr.
1186 3570 1296 3621 vn,
1325 3553 1457 3610 1-10
1478 3553 1523 3624 );
1566 3553 1643 3608 sic
1689 3563 1743 3608 et
1784 3551 1873 3608 isti

275 3662 634 3726 peccaverunt
673 3669 791 3708 cum
829 3652 1067 3722 patrihus
1109 3649 1219 3704 suis
1244 3691 1259 3715 ,
1311 3649 1364 3702 in
1408 3663 1636 3718 quorum
1677 3647 1872 3702 lumbis

276 3755 432 3802 erant
450 3744 665 3816 quando
692 3743 764 3797 illi
798 3744 849 3797 in
883 3742 1114 3814 Egypto
1153 3739 1410 3796 fuerunt?
1444 3738 1577 3794 Nam
1617 3738 1708 3810 qui
1757 3737 1875 3793 fne-

276 3846 403 3891 runt
429 3851 496 3891 eo
530 3845 768 3904 tempore
796 3874 810 3898 ,
842 3848 961 3888 cum
993 3832 1226 3901 psalmus
1257 3830 1356 3884 iste
1382 3829 1720 3898 conscriptus
1746 3837 1829 3884 est
1852 3871 1868 3896 ,

276 3927 619 3997 maximeque
645 3925 844 3996 posteri
874 3939 1062 3978 eorum
1093 3922 1257 3994 (quia
1280 3921 1363 3976 vel
1389 3921 1456 3976 ab
1492 3920 1569 3975 eis
1610 3920 1700 3990 qui
1746 3929 1871 3975 tunc

276 4027 430 4074 erant
449 4017 595 4084 dici,
642 4017 723 4070 vel
767 4016 833 4071 de
877 4022 1002 4086 post
1046 4013 1241 4069 futuris
1283 4012 1455 4082 potuit
1499 4010 1867 4081 prophetari),

275 4110 436 4182 longe
461 4109 684 4165 aberant
707 4108 772 4162 ab
801 4116 957 4162 aetate
983 4107 1194 4162 illorum
1223 4105 1312 4176 qui
1339 4105 1389 4160 in
1422 4105 1656 4176 Egypto
1680 4119 1870 4175 pecca-

275 4211 511 4268 verunt,
557 4215 662 4255 non
701 4198 1058 4270 intelligentes
1092 4197 1352 4253 mirabilia
1401 4196 1517 4252 Dei.
1573 4195 1686 4251 Hoc
1723 4195 1866 4252 enim

275 4293 520 4364 sequitur
542 4334 558 4358 ,
587 4291 904 4362 exponendo
935 4289 1202 4360 quomodo
1244 4297 1599 4359 peccaverunt
1629 4302 1750 4344 cum
1776 4303 1870 4359 pa-

276 4387 450 4442 tribus
489 4386 600 4440 suis
642 4403 656 4440 :
701 4384 881 4439 Patres
929 4383 1086 4438 nostri
1109 4424 1122 4448 ,
1157 4382 1365 4453 inquit,
1402 4383 1458 4436 in
1492 4381 1725 4454 IEgypto
1765 4397 1869 4436 non

275 4479 630 4533 intellexerunt
652 4477 906 4531 mirabilia
927 4485 1012 4530 tua
1033 4491 1052 4542 ;
1077 4483 1132 4531 et
1159 4484 1350 4531 czetera
1377 4515 1392 4541 ,
1433 4488 1552 4545 qua:
1585 4475 1653 4530 de
1682 4490 1872 4545 pecca-

273 4572 342 4627 tis
379 4587 572 4627 corum
617 4571 783 4625 multa
823 4575 1227 4625 commemorat.
1272 4567 1353 4622 An
1385 4567 1464 4622 sic
1510 4567 1684 4638 potius
1727 4568 1873 4625 acci-

273 4663 528 4734 piendum
556 4669 639 4716 est
668 4660 808 4730 quod
844 4661 960 4728 ait,
1002 4659 1325 4713 Peccavimus
1357 4675 1473 4713 cum
1507 4659 1736 4729 patribus
1774 4676 1868 4714 no-

275 4760 390 4812 stris
412 4799 428 4823 ,
461 4769 711 4826 tanquam
738 4754 980 4820 diceret,
1011 4753 1355 4808 Peccavimus
1394 4752 1530 4806 sicut
1561 4763 1740 4823 patres
1769 4767 1865 4807 no-

275 4853 364 4906 stri
394 4893 408 4916 ,
441 4865 629 4906 eorum
655 4848 904 4904 videlicet
937 4844 1192 4901 imitando
1219 4844 1475 4915 peccata?
1515 4843 1669 4912 Quod
1711 4845 1758 4898 si
1793 4845 1864 4899 ita

273 4955 390 5012 est,
445 4943 792 4999 astruendum
841 4949 925 4997 εει
979 4939 1158 5010 aliquo
1215 4936 1516 5008 bujusmodi
1580 4936 1864 4992 locutionis

273 5037 560 5107 exemplo:
611 5033 751 5107 quod
795 5049 916 5090 cum
962 5033 1014 5087 in
1058 5029 1340 5102 praesentia
1385 5043 1718 5099 quaererem,
1757 5044 1863 5085 non

273 5129 547 5195 occurrit,
601 5136 660 5182 ut
701 5141 822 5183 cum
868 5125 961 5180 illo
1009 5137 1068 5180 se
1115 5123 1395 5194 quisquam
1441 5134 1729 5191 peccasse,
1776 5120 1862 5175 vel

273 5238 390 5276 cum
443 5221 540 5276 ilio
583 5235 643 5276 se
686 5217 885 5290 aliquid
930 5215 1122 5273 fecisse
1168 5213 1346 5279 dicat,
1395 5227 1554 5282 quem
1601 5211 1656 5267 in
1701 5210 1862 5266 simili

272 5317 409 5372 facto
439 5315 600 5370 etiam
631 5320 754 5386 post
781 5311 1004 5367 multum
1030 5308 1285 5379 temporis
1316 5305 1476 5362 fuerit
1503 5305 1756 5360 imitatus.

341 5411 393 5464 7.
435 5407 576 5490 Quid
602 5417 683 5463 εει
720 5422 848 5477 ergo
872 5445 888 5472 ,
933 5403 1116 5460 Patres
1159 5402 1318 5458 nostri
1365 5417 1467 5456 non
1505 5398 1862 5454 intellexerunt

273 5501 526 5555 mirabilia
567 5509 696 5566 tua;
733 5498 834 5554 nisi
859 5539 874 5564 ,
916 5511 1023 5552 non
1064 5503 1426 5567 cognoverunt
1461 5491 1588 5564 quid
1628 5506 1724 5562 per
1769 5490 1859 5546 illa

271 5594 533 5649 mirabilia
580 5593 658 5648 eis
705 5601 958 5663 prrestare
1006 5587 1278 5643 volueris?
1331 5584 1466 5652 Quid
1520 5585 1700 5655 utique
1757 5582 1858 5638 nisi

269 5690 429 5743 vitam
455 5697 709 5742 aeternam
738 5729 752 5754 ,
779 5693 833 5741 et
858 5699 961 5739 non
984 5683 1280 5752 temporale
1302 5681 1394 5736 sed
1423 5679 1857 5734 incommutabile

268 5783 464 5838 bonum
490 5826 507 5852 ,
537 5782 679 5854 quod
709 5798 802 5853 per
828 5780 1138 5852 patientiam
1173 5776 1554 5847 exspectatur?
1592 5775 1718 5830 Ideo
1754 5773 1855 5828 im-

270 5876 534 5953 patienter
557 5881 1022 5934 murmuraverunt
1046 5913 1062 5939 ,
1089 5877 1144 5928 et
1171 5870 1593 5926 amaricaverunt
1613 5905 1631 5936 ,
1668 5879 1723 5922 et
1765 5867 1857 5923 bo-

1436 378 1833 444 ENARRATIO
1869 375 1938 440 IN
1975 382 2298 448 PSALMUM
2329 391 2443 451 CV.

3444 405 3586 464 mo

1999 501 2080 556 nis
2111 507 2460 574 praesentibus
2485 505 2767 566 fallacibus
2803 518 2962 584 atque
2997 510 3273 586 fugacibus
3311 517 3494 577 beatos
3527 539 3587 579 se

1995 593 2110 651 fieri
2157 601 2500 669 quaesierunt.
2548 602 2669 658 Non
2711 607 2918 677 fuerunt
2960 624 3204 665 memores
3249 612 3586 670 multitudinis

1994 688 2354 747 misericordia:
2376 702 2496 749 tuae.
2522 695 2586 750 Et
2616 696 2940 754 intellectum
2963 700 3234 773 redarguit
3258 744 3272 767 ,
3301 714 3353 759 et
3379 721 3585 762 memo-

1992 778 2148 834 riam.
2190 780 2464 840 lntellectu
2493 787 2688 857 quippe
2726 803 2860 858 opus
2895 800 3051 857 erat,
3092 802 3151 848 ut
3190 796 3485 866 cogitarent
3521 798 3588 853 ad

1992 885 2219 940 quorum
2266 875 2527 931 bonorum
2575 881 2927 937 aeternitatem
2983 899 3079 954 per
3131 886 3222 942 illa
3275 889 3589 958 temporalia

1993 974 2208 1020 vocaret
2236 966 2375 1022 Deus
2401 987 2414 1022 :
2447 973 2702 1026 memoria
2736 989 2867 1029 vero
2893 1017 2906 1041 ,
2937 987 2995 1032 ut
3022 979 3210 1034 saltem
3237 997 3356 1052 qua:
3381 991 3587 1054 tempo-

1992 1056 2176 1112 raliter
2227 1060 2489 1116 mirabilia
2544 1063 2680 1120 facta
2730 1078 2892 1135 sunt,
2948 1086 3054 1125 non
3100 1073 3582 1146 obliviscerentur,

1992 1147 2326 1222 ﬁdeliterque
2353 1168 2738 1223 przesumerent
2759 1160 2898 1229 quod
2922 1162 3110 1218 eadem
3132 1175 3398 1234 potestate
3425 1185 3582 1239 quam

1992 1240 2202 1298 fuerant
2226 1245 2338 1316 jam
2366 1250 2572 1318 experti
2597 1290 2612 1315 ,
2642 1251 2782 1306 Deus
2812 1254 2930 1309 illos
2956 1256 3024 1311 ab
3046 1258 3378 1315 inimicorum
3404 1278 3581 1331 perse-

1991 1335 2206 1392 cutione
2249 1337 2540 1407 liberaret;
2605 1343 2753 1398 obliti
2800 1355 2924 1401 sunt
2983 1357 3160 1404 autem
3222 1353 3345 1422 quid
3392 1355 3470 1417 eis
3531 1356 3585 1411 in

1990 1425 2223 1499 Egypto
2274 1430 2340 1485 ad
2387 1431 2631 1487 inimicos
2674 1450 2859 1492 eorum
2900 1442 3254 1498 conterendos
3299 1461 3392 1514 per
3441 1458 3584 1503 tanta

1990 1523 2230 1594 prodigia
2267 1527 2622 1594 praestitisset.
2665 1529 2730 1582 Et
2769 1531 3118 1598 irritaverant,
3161 1538 3485 1594 ascendentes
3527 1543 3580 1597 in

1989 1617 2120 1669 mari
2143 1617 2182 1682 ⁸,
2209 1634 2348 1673 mare
2370 1618 2622 1674 Rubrum.
2653 1623 2831 1679 Codex
2863 1640 3020 1694 quem
3047 1628 3291 1683 intuebar
3313 1672 3328 1696 ,
3373 1631 3450 1686 sic
3483 1632 3581 1686 ha-

1989 1704 2188 1762 bebati
2234 1718 2287 1765 et
2326 1709 2410 1764 his
2450 1712 2663 1782 quidem
2704 1715 2912 1770 duobus
2948 1718 3126 1773 verbis
3161 1721 3362 1776 ultimis
3385 1764 3401 1788 ,
3437 1723 3580 1791 quod

1988 1797 2188 1853 dictum
2216 1810 2298 1855 est
2321 1841 2336 1868 ,
2365 1819 2504 1857 mare
2527 1802 2796 1870 Rubrum,
2843 1807 2992 1861 stella
3030 1807 3206 1864 fuerat
3248 1822 3577 1881 praenotata;

1989 1903 2093 1958 qua
2122 1890 2494 1960 significantur
2518 1909 2636 1963 qua:
2666 1895 2718 1949 in
2759 1896 2974 1951 hebrzeo
3021 1909 3180 1964 sunt,
3224 1911 3279 1955 et
3317 1902 3370 1955 in
3413 1903 3580 1958 inter-

1987 1983 2293 2050 pretatione
2317 1981 2660 2055 Septuaginta
2691 2003 2793 2043 non
2823 1997 2964 2043 sunt.
3008 1989 3196 2046 Plures
3221 2002 3400 2048 autem
3430 1994 3580 2050 codi-

1985 2086 2112 2137 ces,
2144 2087 2279 2143 quos
2307 2074 2570 2144 inSpicere
2601 2079 2745 2146 potui
2773 2120 2788 2144 ,
2820 2087 2874 2133 et
2900 2080 3060 2148 graeci
3088 2091 3144 2136 ει
3189 2082 3336 2137 latini
3371 2085 3450 2139 sic
3482 2085 3577 2138 ha-

1984 2163 2115 2221 bent
2139 2183 2152 2220 :
2185 2165 2254 2220 Et
2277 2167 2602 2223 irritaverant
2625 2211 2638 2235 ,
2668 2171 2747 2226 vel
2770 2213 2785 2236 ,
2815 2171 2955 2241 quod
2983 2175 3286 2242 expressius
3311 2174 3378 2230 de
3401 2191 3577 2247 graeco

1985 2265 2068 2312 est
2092 2297 2107 2323 ,
2140 2256 2208 2311 Et
2226 2259 2626 2314 amaricaverunt
2651 2301 2664 2325 ,
2689 2263 3010 2316 ascendentes
3029 2264 3081 2315 in
3102 2264 3282 2318 Rubro
3304 2267 3450 2319 mari.
3474 2267 3575 2335 Qui

1984 2349 2130 2404 illam
2161 2349 2288 2421 legit
2315 2350 2590 2406 historiam
2617 2395 2632 2419 ,
2671 2352 2884 2423 quando
2911 2353 3172 2410 ‘exierunt
3207 2357 3274 2410 de
3306 2356 3571 2429 Egypto,

1982 2449 2038 2496 et
2065 2455 2164 2512 per
2188 2457 2336 2498 mare
2361 2442 2598 2498 Rubrum
2623 2445 2982 2510 transierunt,
3008 2445 3157 2502 dolet
3184 2462 3368 2502 eorum
3395 2449 3574 2506 infide-

1981 2533 2181 2590 litatem
2206 2576 2223 2603 ,
2257 2536 2309 2590 in
2339 2545 2532 2606 quanta
2565 2538 2916 2608 trepidatione
2958 2549 3011 2594 et
3049 2540 3421 2610 desperatione
3461 2543 3572 2600 fue-

1980 2627 2126 2695 rint,
2161 2638 2281 2698 post
2306 2631 2541 2685 recentia
2575 2640 2649 2686 tot
2677 2639 2732 2686 et
2763 2641 2906 2685 tanta
2939 2632 3191 2687 miracula
3221 2634 3272 2687 in
3298 2633 3568 2706 Egypto;

1979 2721 2134 2792 cujus
2178 2722 2527 2779 multitudinis
2565 2724 2943 2780 misericordiae
2983 2722 3084 2781 Dei
3119 2742 3225 2781 non
3273 2711 3367 2783 eos
3407 2729 3571 2786 fuisse

1979 2828 2246 2869 memores
2272 2815 2420 2870 dicit.
2446 2815 2792 2871 Ascenderunt
2813 2825 2991 2893 autem
3018 2859 3032 2884 ,
3066 2829 3343 2890 pr0pterea
3369 2821 3570 2879 dictum

1977 2919 2062 2965 est
2088 2951 2103 2976 ,
2135 2911 2257 2980 quia
2281 2911 2353 2965 ita
2377 2921 2461 2965 est
2491 2920 2646 2966 terra:
2676 2912 2868 2981 positio
2892 2952 2908 2978 ,
2951 2921 3009 2967 ut
3050 2911 3330 2969 descensio
3362 2914 3572 2972 dicatur

1977 3001 2034 3057 in
2085 3001 2376 3074 Egyptum
2421 3003 2487 3058 de
2533 3013 2672 3058 terra
2722 2987 3010 3070 Chanaan,
3061 3013 3115 3059 et
3156 3004 3208 3058 in
3253 3020 3371 3060 eam
3425 3006 3570 3062 illinc

1976 3095 2242 3149 ascensio.
2267 3094 2572 3150 Notandum
2602 3103 2684 3150 est
2707 3109 2836 3150 sane
2855 3095 3304 3165 quemadmodum
3330 3096 3569 3168 Scriptu-

1975 3202 2034 3241 ra
2065 3186 2282 3256 culpare
2311 3187 2538 3242 voluerit
2564 3229 2580 3254 ,
2609 3203 2717 3242 non
2746 3187 3042 3258 intelligere
3082 3188 3222 3258 quod
3265 3188 3566 3259 intelligen-

1976 3277 2102 3332 dum
2134 3288 2216 3333 est
2243 3320 2256 3342 ,
2287 3286 2341 3332 ει
2370 3294 2474 3332 non
2505 3277 2834 3333 meminisse-
2857 3278 2997 3348 quod
3038 3280 3294 3333 memoria
3335 3281 3568 3336 retinen-

1977 3370 2108 3426 dum
2139 3380 2223 3426 cst
2253 3389 2265 3425 :
2294 3369 2436 3441 quod
2466 3370 2708 3424 homines
2733 3386 2846 3424 suae
2869 3370 3038 3439 culpae
3067 3370 3311 3440 deputari
3341 3371 3565 3440 nolunt,

1974 3462 2041 3517 ad
2069 3462 2201 3517 nihil
2246 3463 2389 3516 aliud
2434 3461 2537 3516 nisi
2581 3469 2639 3516 ut
2681 3461 2857 3516 minus
2900 3461 3240 3530 supplicent,
3285 3464 3568 3534 minusque

1975 3554 2084 3608 sint
2126 3554 2356 3609 humiles
2392 3554 2538 3619 Deo,
2587 3553 2642 3608 in
2683 3553 2839 3623 cujus
2879 3563 3167 3622 conspectu
3212 3557 3569 3612 confiteantur

1979 3645 2118 3716 quod
2146 3655 2308 3710 sunt,
2362 3653 2522 3715 atque
2569 3645 2852 3714 impetrato
2891 3643 3155 3714 adjutorio
3203 3647 3408 3714 possint
3447 3660 3566 3702 esse

1975 3737 2248 3808 quodnon
2291 3746 2434 3791 sunt.
2481 3737 2613 3792 Nam
2660 3737 2820 3791 etiam
2860 3746 3077 3806 peccata
3125 3738 3436 3807 ignorantiae
3483 3740 3566 3796 vel

1975 3831 2310 3901 negligentiae
2338 3829 2528 3883 melius
2556 3837 2876 3883 accusantur
2905 3838 2963 3882 ut
2993 3838 3214 3898 pereant
3238 3870 3254 3895 ,
3280 3845 3438 3899 quam
3467 3846 3567 3885 ex-

1973 3931 2226 3978 cusantur
2256 3932 2312 3977 ut
2339 3931 2627 3984 maneant;
2657 3923 2953 3991 meliusque
2991 3931 3282 3991 purgantur
3317 3922 3564 3981 invocato

1973 4017 2087 4073 Deo
2108 4057 2124 4083 ,
2155 4029 2312 4086 quam
2343 4017 2621 4069 firmantur
2652 4015 2858 4068 irritato
2884 4015 2928 4066 ’.

2045 4109 2096 4165 8.
2131 4107 2280 4182 [vers.
2311 4106 2389 4181 8.]
2419 4107 2672 4177 Adjungit
2697 4115 2874 4161 tamen
2902 4120 3006 4160 non
3050 4105 3342 4161 secundum
3371 4122 3561 4164 eorum

1973 4201 2337 4257 infidelitatem
2359 4201 2523 4255 Deum
2543 4198 2755 4255 fecisse.
2778 4197 2845 4252 Et
2869 4199 3200 4264 salvaviteos,
3233 4200 3420 4269 inquit,
3446 4217 3564 4270 pro-

1973 4303 2085 4366 pter
2108 4309 2287 4348 nomen
2323 4309 2503 4360 suum,
2530 4301 2591 4345 ut
2624 4300 2796 4344 notam
2839 4293 3025 4362 faceret
3067 4293 3338 4361 potentiam
3373 4309 3515 4347 suam
3540 4309 3562 4349 :

1971 4402 2078 4442 non
2107 4395 2325 4458 propter
2355 4385 2458 4439 ulla
2489 4384 2624 4439 bona
2655 4384 2842 4438 merita
2869 4398 3078 4437 eorum.

2043 4479 2094 4534 9.
2129 4477 2278 4552 [vers.
2303 4475 2382 4550 9.]
2411 4474 2478 4530 Et
2501 4475 2779 4546 increpavit
2810 4491 2948 4528 mare
2991 4474 3242 4540 Rubrum,
3266 4484 3313 4527 et
3335 4473 3557 4530 exsicca-

1971 4583 2078 4627 tum
2098 4581 2189 4626 est.
2217 4568 2586 4640 Non'legimus
2616 4569 2776 4623 ullam
2796 4609 2809 4631 ,
2841 4583 2942 4637 qua
2973 4567 3340 4637 increparetur
3370 4585 3517 4624 mare
3541 4612 3554 4631 ,

1971 4667 2221 4723 emissam
2251 4664 2462 4719 caelitus
2489 4676 2709 4727 vocem;
2742 4660 2835 4716 sed
2878 4662 3168 4730 potentiam
3195 4660 3428 4715 divinam
3457 4678 3557 4732 qua

1971 4758 2024 4813 id
2075 4757 2268 4812 factum
2315 4765 2428 4822 est,
2467 4754 2888 4824 increpationem
2935 4754 3220 4825 appellavit
3250 4771 3263 4806 :
3288 4754 3386 4808 nisi
3425 4755 3559 4810 forte

1969 4848 2089 4919 quis
2133 4848 2274 4903 dicat
2312 4848 2541 4903 latenter
2581 4847 2909 4915 increpatum
2932 4888 2946 4909 ,
2979 4846 3057 4900 sic
3093 4855 3150 4899 ut
3187 4861 3323 4915 aqua
3376 4857 3554 4914 posset

1969 4941 2188 5008 audire,
2218 4949 2273 4996 et
2315 4940 2559 4995 homines
2604 4954 2710 4994 non
2757 4947 2993 5008 possent.
3040 4936 3211 4992 Valde
3253 4940 3459 4991 occulta
3505 4949 3552 4990 et

1967 5034 2213 5089 abstrusa
2253 5033 2334 5087 vis
2368 5041 2450 5087 est
2501 5047 2604 5102 qua
2658 5031 2797 5086 Deus
2841 5031 2966 5102 agit,
3001 5038 3058 5085 ut
3101 5030 3260 5084 etiam
3306 5027 3396 5081 illa
3437 5043 3553 5097 qua:

1967 5141 2133 5182 sensu
2160 5135 2366 5192 carent,
2396 5123 2677 5181 confestim
2723 5125 2839 5196 ejus
2881 5119 3551 5190 obtemperentvoluntati.

1965 5219 2036 5275 Et
2062 5223 2235 5277 eduxit
2255 5239 2339 5277 eos
2361 5221 2416 5276 in
2435 5219 2650 5292 abyssis,
2680 5218 2810 5273 sicut
2830 5218 2885 5271 in
2917 5216 3133 5270 deserto.
3158 5215 3398 5284 Abyssos
3424 5212 3555 5266 dixit

1967 5318 2356 5378 multitudinem
2385 5328 2661 5387 aquarum.
2706 5310 2837 5365 Nam
2865 5307 3080 5379 quidam
3118 5305 3363 5360 volentes
3391 5303 3553 5358 istum

1967 5413 2289 5470 versiculum
2319 5419 2485 5463 totum
2509 5402 2872 5474 interpretari,
2903 5395 3251 5462 dixerunt,Et
3276 5395 3448 5452 eduxit
3472 5413 3554 5452 eos

1965 5507 2020 5562 in
2047 5505 2190 5570 aquis
2219 5501 2410 5556 multis.
2440 5497 2576 5567 Quid
2608 5503 2691 5550 est
2718 5509 2846 5564 ergo
2866 5531 2882 5557 ,
2905 5492 2957 5544 in
2988 5489 3182 5561 abyssis
3200 5531 3216 5558 ,
3237 5489 3368 5545 sicut
3394 5489 3446 5543 in
3467 5489 3555 5542 dc-

1965 5608 2120 5655 serto.
2151 5595 2251 5651 nisi
2279 5594 2399 5664 quia
2427 5590 2624 5645 faetum
2650 5595 2764 5642 erat
2800 5582 3040 5638 siccitate
3062 5582 3206 5637 velut
3241 5581 3551 5649 desertum,

1967 5689 2056 5745 ubi
2081 5690 2287 5743 fuerant
2317 5682 2494 5756 abyssi
2521 5677 2824 5749 aquarum?

2028 5807 2042 5834 '
2071 5805 2145 5855 sic
2170 5811 2273 5857 mss.
2300 5807 2355 5850 At
2373 5797 2504 5859 Fdd.,
2529 5793 2746 5847 tumore.

2028 5872 2051 5903 ⁸
2073 5874 2204 5929 '85.,
2221 5863 2360 5918 irato.
