4070 6472
430 383 440 395 ·
528 350 663 413 N11

601 467 688 523 10.
718 464 870 539 [verm
901 461 1017 537 10.]
1048 460 1113 517 Et
1155 458 1367 517 salvavit
1394 472 1477 514 eos
1516 456 1581 513 de
1616 470 1774 509 manu
1807 453 2104 509 odientium.

530 561 682 621 Hunc
708 572 920 619 versum
948 571 1043 625 per
1064 554 1346 619 circuitum
1368 550 1581 622 quidam
1611 548 1940 619 interpretati
1964 556 2108 613 ειιηι.

530 653 692 711 verba
732 653 908 711 minus
949 649 1108 715 latina
1150 649 1377 707 vitantes
1413 663 1425 698 :
1466 644 1530 701 Et
1565 644 1731 711 salvos
1764 642 1883 714 fecit
1925 656 2009 701 eos
2046 639 2111 699 de

526 764 683 804 manu
722 762 892 807 eorum
916 745 1001 815 qui
1027 743 1237 805 oderant
1274 757 1376 807 eos.
1404 740 1471 797 Et
1506 738 1715 807 redemit
1746 753 1829 793 eos
1856 736 1919 791 de
1957 750 2111 797 manu

528 843 741 899 inimici.
770 840 910 908 Quid
954 838 1107 908 pretii
1152 836 1333 893 datum
1361 841 1445 893 est
1485 833 1538 891 in
1566 832 1668 891 liae
1706 827 2111 899 redemptione?

526 942 605 995 An
634 936 910 1009 praphetia
937 943 1035 999 est,
1070 931 1210 1004 quod
1240 931 1292 985 in
1316 930 1483 999 ﬁgura
1509 925 1762 998 Baptismi
1789 925 1892 981 hoc
1911 922 2110 979 factum

525 1042 627 1097 est,
658 1030 743 1084 ubi
772 1027 1083 1084 redimimur
1123 1024 1191 1079 de
1234 1037 1391 1079 manu
1433 1019 1631 1077 diaboli
1672 1032 1866 1086 magno
1897 1016 2069 1085 pretio
2090 1053 2107 1081 ,

527 1124 669 1195 quod
701 1122 914 1191 sanguis
942 1128 1024 1179 est
1049 1118 1291 1173 Christi?
1320 1114 1473 1173 Unde
1503 1129 1610 1171 non
1630 1124 1966 1183 quocumque
1996 1124 2109 1164 ma-

526 1219 591 1283 ri,
621 1216 714 1271 sed
759 1216 891 1270 mari
925 1214 1105 1268 Rubro
1133 1212 1185 1266 id
1225 1208 1631 1266 convenientius
1670 1208 1953 1278 ﬁguratum
1979 1212 2106 1261 est:

524 1309 739 1378 sanguis
764 1307 905 1363 enim
937 1306 1157 1360 rubrum
1181 1303 1416 1357 colorem
1446 1301 1624 1360 liabet.

598 1402 685 1457 11.
716 1398 865 1471 [vers.
908 1395 1020 1468 11.]
1053 1394 1119 1451 Et
1149 1395 1343 1464 operuit
1364 1410 1498 1463 aqua
1521 1390 1815 1448 tribulantes
1836 1405 1953 1456 eos;
1978 1404 2111 1465 unus

528 1510 592 1547 ea:
618 1494 690 1547 eis
717 1509 817 1545 non
862 1488 1102 1544 remansit
1126 1503 1143 1541 :
1186 1502 1291 1542 non
1336 1501 1399 1541 ex
1430 1485 1675 1543 omnibus
1698 1482 1986 1553 Egyptiis,
2014 1478 2111 1545 sed

531 1602 598 1641 ex
633 1586 711 1641 eis
739 1583 827 1653 qui
877 1580 1339 1653 persequebantur
1378 1575 1680 1648 profectos,
1709 1572 2112 1645 apprehendere

526 1677 607 1731 vel
637 1676 944 1730 interimere
965 1672 1260 1741 cupientes.

604 1773 689 1827 12.
729 1770 882 1842 (vers.
926 1766 1039 1841 12.]
1072 1766 1133 1821 Et
1157 1765 1477 1821 crediderunt
1511 1764 1565 1819 in
1592 1761 1750 1817 verbis
1778 1762 1909 1833 ejus.
1939 1759 2111 1817 Ninus

530 1864 692 1918 latina
723 1862 931 1916 videtur
955 1859 1171 1921 locutio,
1194 1857 1318 1927 quia
1346 1871 1450 1910 non
1481 1856 1575 1919 ait,
1601 1854 1792 1910 Verbis
1814 1854 1932 1922 ejus
1954 1893 1968 1918 ,
1994 1851 2077 1917 vel
2094 1890 2110 1915 ,

532 1956 585 2010 in
614 1954 775 2010 verba
820 1953 936 2023 ejus
960 1991 974 2012 ,
1003 1950 1097 2006 sed
1123 1992 1137 2013 ,
1162 1951 1213 2003 in
1237 1948 1395 2002 verbis
1433 1948 1581 2018 ejus,-
1612 1956 1789 2001 tamen
1818 1941 2112 2012 Scripturis

529 2047 889 2103 usitatissima.
915 2044 978 2098 Et
993 2043 1321 2097 laudauerunt
1349 2040 1550 2095 laudent
1578 2041 1704 2110 ejus.
1730 2038 1888 2093 Tales
1906 2042 2029 2095 sunt
2043 2034 2115 2089 loc

527 2142 787 2204 cutiones,
819 2153 941 2192 cum
963 2136 1210 2199 dicimus,
1243 2134 1390 2189 lianc
1414 2132 1723 2187 servitutem
1748 2127 1968 2184 servivit
1990 2168 2005 2192 ,
2034 2134 2113 2185 ta-

527 2232 631 2286 lem
656 2230 818 2284 vitam
847 2228 994 2283 vixit.
1039 2226 1273 2280 Laudem
1303 2240 1465 2295 porro
1491 2223 1583 2277 Dei
1611 2221 1941 2277 notissimam
1969 2218 2113 2277 illam

526 2330 942 2386 commemorat,
976 2320 1065 2374 ubi
1101 2318 1295 2373 dicitur
1338 2334 1355 2371 :
1396 2315 1666 2371 Cantemus
1704 2312 1959 2375 Domino;
2001 2309 2115 2381 glo-

527 2414 661 2468 riose
686 2414 818 2467 enim
863 2411 1218 2483 magniﬁcatus
1242 2418 1315 2464 est
1344 2424 1363 2463 :
1382 2424 1566 2480 equum
1589 2415 1636 2461 et
1672 2405 1883 2476 equitem
1905 2402 2113 2477 projesit

526 2506 581 2559 in
608 2521 746 2559 mare
774 2504 967 2576 (Exod.
992 2520 1083 2571 xv,
1112 2502 1189 2573 1).

600 2602 687 2656 13.
730 2598 891 2673 [vers.
940 2596 1062 2670 13.]
1101 2596 1213 2651 Cito
1256 2600 1511 2667 fecerunt,
1552 2591 1695 2647 obliti
1734 2599 1851 2647 sunt
1897 2603 2115 2660 operum

539 2695 669 2766 ejus.
695 2692 795 2747 Alii
818 2690 1029 2746 codices
1050 2687 1435 2758 intelligibilius
1456 2685 1674 2749 habent,
1700 2681 2107 2747 Festinavsrttnt,

530 2785 671 2841 obliti
717 2792 832 2838 sunt
870 2799 1079 2851 operum
1120 2782 1231 2851 ejus
1281 2794 1299 2833 :
1336 2794 1438 2832 non
1461 2777 1802 2832 sustinuerunt
1847 2772 2113 2829 consilium

532 2878 663 2947 ejus.
703 2875 1011 2930 Debuerant
1055 2873 1197 2932 enim
1236 2871 1470 2941 cogitare
1506 2876 1652 2925 tanla
1682 2882 1805 2936 erga
1846 2879 1906 2921 se
1950 2877 2112 2935 opera

533 2969 626 3024 Dei
649 2985 752 3023 non
783 2983 902 3023 esse
928 2966 1101 3021 inania
1123 3006 1136 3031 ,
1167 2965 1259 3020 sed
1287 2977 1477 3018 vocare
1506 2961 1573 3016 ad
1592 2960 1822 3030 aliquam
1861 2958 1980 3019 sine
2008 2957 2112 3026 line

532 3062 843 3120 felicitatem
864 3099 878 3124 ,
911 3075 1029 3129 quae
1060 3074 1154 3128 per
1195 3056 1501 3126 patientiam
1531 3051 1838 3113 sustinenda
1866 3059 1986 3115 est;
2016 3047 2112 3109 sed

528 3154 913 3210 festinaverunt
958 3152 1100 3211 beati
1155 3150 1270 3204 lieri
1322 3146 1705 3217 temporalibus
1755 3144 1938 3210 rebus.
1990 3157 2110 3213 quin

527 3247 650 3303 ideo
697 3246 899 3302 nemini
932 3244 1215 3301 conferunt
1253 3256 1433 3297 veram
1462 3240 1800 3303 felicitatem,
1835 3238 1957 3308 quia
2002 3250 2111 3295 non

526 3339 871 3408 exstinguunt
895 3334 1249 3393 insatiabilem
1272 3331 1618 3402 cupiditatem
1643 3347 1658 3387 :
1683 3330 1785 3397 Qui
1811 3330 1952 3384 enim
1977 3327 2111 3384 bibe-

524 3431 613 3494 rit,
645 3430 834 3499 inquit,
867 3444 928 3481 ea:
956 3428 1050 3480 hac
1073 3443 1227 3496 aqua,
1247 3426 1377 3478 sitiet
1404 3424 1582 3478 iterum
1608 3421 1785 3495 (Joan.
1817 3437 1890 3486 tv.
1923 3420 2033 3490 13).

605 3521 691 3573 1i.
735 3518 885 3590 (vers.
915 3516 1028 3588 11.]
1069 3517 1326 3585 Denique,
1363 3515 1426 3569 Et
1465 3515 1823 3584 concupierunt
1861 3511 2107 3580 concupi-

528 3613 767 3669 scentiam
799 3613 850 3665 in
880 3611 1075 3665 deserto
1103 3651 1117 3676 ,
1139 3620 1187 3663 et
1217 3618 1531 3664 tentaverunt
1559 3607 1719 3662 Deum
1744 3608 1796 3663 in
1838 3607 2103 3677 inaquoso.

532 3704 685 3773 Quod
715 3713 820 3770 est,
850 3705 906 3757 in
932 3703 1163 3767 deserto;
1190 3701 1294 3761 hoc
1322 3701 1605 3771 repetitum
1632 3709 1731 3765 est,
1757 3700 1811 3753 in
1837 3700 2103 3769 inaquoso,

526 3798 579 3853 id
624 3806 738 3863 est,
760 3797 815 3851 in
856 3796 974 3851 loco
1012 3796 1129 3854 sine
1172 3808 1308 3865 aqua
1338 3812 1352 3847 :
1388 3791 1529 3862 qubd
1559 3807 1718 3857 vero,
1748 3791 2107 3862 concupierunt

525 3891 1018 3961 concupiscentiam;
1061 3889 1184 3954 hoc,
1216 3893 1524 3943 tmtaverunt
1566 3884 1752 3939 Deum.
1798 3883 1940 3938 Talis
1976 3896 2108 3941 sane

524 3983 720 4039 locutio
744 3991 827 4037 est
850 4022 864 4047 ,
895 3978 1270 4049 Concupicrunt
1299 3976 1789 4048 concupiscentiam;
1817 3973 1991 4045 qualis
2010 3988 2105 4029 su-

522 4078 723 4149 perior,
750 4074 1108 4129 Laudaverunt
1133 4071 1354 4126 laudem.

502 4232 505 4233 ν
595 4170 683 4226 15.
724 4168 891 4242 [vers.
932 4165 1054 4240 15.]
1094 4164 1159 4218 Et
1188 4164 1326 4218 dedit
1349 4163 1421 4218 eis
1454 4162 1741 4233 petitionem
1760 4161 2027 4231 ipsorum:
2053 4156 2106 4219 id

522 4269 625 4325 est,
653 4260 794 4329 quod
831 4258 1087 4329 petitione
1125 4256 1413 4325 petierunt.
1445 4253 1509 4308 Et
1538 4254 1671 4309 misit
1710 4253 2025 4309 saturitatem
2049 4249 2103 4304 in

522 4354 743 4405 animant
769 4367 959 4404 eorum.
1005 4348 1114 4403 Nec
1142 4346 1261 4402 ideo
1295 4346 1480 4401 beatos
1504 4345 1665 4411 fecit;
1709 4344 1830 4414 quia
1856 4357 1962 4399 non
1990 4350 2106 4399 erat

523 4445 608 4499 illa
638 4444 887 4498 saturitas
907 4441 975 4496 de
993 4452 1098 4510 qua
1110 4438 1330 4494 dicitur:
1356 4436 1500 4493 Beati
1525 4437 1610 4506 qui
1630 4436 1851 4493 esuriunt
1868 4445 1915 4489 et
1934 4434 2106 4489 sitiunt

524 4536 765 4602 iustitiam
776 4578 788 4599 ,
804 4534 1041 4604 quoniam
1054 4533 1153 4604 ipsi
1167 4530 1524 4586 saturabuntur
1540 4526 1750 4601 (Matth.
1766 4544 1818 4594 γ,
1833 4529 1910 4594 6).
1926 4528 2106 4596 Itaque

522 4630 624 4685 hoc
650 4631 767 4683 loco
810 4628 1043 4682 animam
1079 4640 1186 4681 non
1229 4623 1520 4680 secundum
1562 4622 1617 4678 id
1660 4621 1800 4693 quod
1830 4620 2106 4685 rationalis

521 4732 622 4789 est,
674 4722 845 4789 dixit,
880 4720 973 4776 sed
1017 4717 1311 4775 secundum
1354 4716 1409 4772 id
1452 4715 1594 4788 quod
1636 4715 1878 4771 animans
1912 4729 2105 4784 corpus

520 4816 715 4870 animal
737 4815 881 4870 facit.
927 4813 1006 4869 Ad
1034 4811 1187 4882 cujus
1221 4810 1468 4866 animalis
1512 4808 1951 4865 sustentationem
1979 4823 2105 4879 per-

522 4914 651 4965 tinet
669 4908 820 4965 cibus
841 4915 895 4963 et
919 4910 1110 4978 potus,
1133 4904 1427 4962 secundum
1453 4902 1556 4959 hoc
1577 4902 1717 4974 quod
1742 4903 1795 4958 in
1816 4901 2105 4972 Evangelio

520 5004 711 5055 dicitur
733 5042 746 5066 ,
782 4998 970 5053 Nonne
1016 4999 1186 5052 anima
1235 4999 1348 5067 plus
1389 5006 1460 5051 est
1487 5011 1639 5067 quam
1685 5011 1818 5061 esea,
1847 5004 1892 5050 et
1921 5010 2103 5064 corpus

522 5095 632 5163 plus
662 5109 814 5157 quam
854 5092 1200 5145 vestimentum
1226 5087 1338 5162 (Id.
1366 5104 1437 5155 vr,
1461 5086 1590 5159 25)?
1618 5097 1870 5158 tanquam
1894 5085 1960 5143 ad
1982 5086 2100 5145 ani-

523 5201 657 5238 mam
703 5184 962 5255 pertineat
1004 5183 1189 5247 vesci,
1218 5181 1287 5237 ad
1330 5195 1524 5251 corpus
1558 5180 1762 5237 vestiri.
1791 5179 2100 5238 Secundum

522 5275 623 5330 hac
652 5276 846 5331 dicitur
874 5274 1013 5345 apud
1040 5272 1227 5329 Isaiam
1262 5290 1275 5324 :
1309 5272 1446 5340 Quid
1471 5280 1545 5327 est
1565 5272 1701 5342 quod
1729 5271 2096 5342 jejunavinms,

523 5378 565 5423 et
594 5383 693 5421 non
719 5367 925 5431 vidisti;
954 5365 1368 5437 defraudavimus
1392 5365 1813 5421 anintas'nostras
1832 5402 1847 5431 ,
1872 5372 1919 5418 et
1944 5362 2105 5417 nesci-

523 5462 585 5515 sti
606 5459 739 5530 (lsai
765 5474 910 5527 Lvut,
938 5460 1035 5530 δη

595 5552 681 5606 16.
725 5550 873 5623 (vers.
924 5549 1036 5623 16.]
1070 5549 1134 5604 Et
1171 5550 1494 5605 irritaverant
1537 5547 1753 5621 Hoysen
1796 5549 1850 5604 in
1899 5550 2099 5617 castris,

526 5644 693 5697 Aaron
716 5652 942 5696 sanctum
973 5641 1200 5695 Domini.
1232 5644 1402 5707 Quam
1423 5641 1566 5697 dicat
1593 5641 1964 5708 irritationem,
1995 5642 2097 5706 vel,

519 5734 659 5792 sicut
684 5733 986 5804 expressius
1010 5734 1098 5789 alii
1120 5734 1450 5805 interpretati
1468 5742 1613 5804 sunt,
1645 5733 2100 5805 amaricationem,

521 5828 897 5902 consequentia
918 5828 1047 5885 satis
1074 5826 1328 5885 indicant.

1778 335 1837 405 S.
1877 318 2244 401 AUGUSTiNl
2280 332 2583 411 EPIBGOPi

2295 452 2382 513 17.
2410 452 2562 527 (vers.
2596 453 2708 528 17.]
2734 455 2922 527 Aperta
2949 464 3051 525 est,
3086 457 3275 533 inquit,
3304 469 3439 521 terra
3461 505 3475 529 ,
3506 472 3557 519 et
3578 465 3802 537 degluti-

2218 542 2288 601 vit
2309 542 2538 613 Dat/tan,
2561 556 2609 600 et
2635 551 2985 617 superoneruit
3014 568 3168 622 super
3208 557 3645 627 congregationem
3674 560 3802 621 Abi-

2217 650 2330 691 ron.
2360 637 2512 707 Quod
2540 648 2641 707 est,
2669 641 2928 711 deglutipit
2951 659 2971 707 ;
2994 642 3097 715 hoc
3125 655 3242 713 est,
3272 652 3639 722 superoperuit.
3669 655 3801 721 Δβιν

2217 724 2405 789 borum
2449 740 2623 787 autem
2650 772 2664 797 ,
2689 732 2741 789 id
2789 743 2869 790 est
2894 775 2908 801 ,
2940 735 3146 805 Datltan
3187 745 3241 799 ei
3265 740 3462 809 Abiron
3486 784 3504 810 .
3534 759 3642 805 una
3687 757 3806 811 erat

2214 834 2375 875 caiisa
2396 824 2763 892 superbissimi
2785 836 2838 882 et
2866 830 3111 909 sacrilegi
3137 832 3460 899 schismatis.

2292 913 2377 977 18.
2410 912 2565 986 [vers.
2601 916 2714 991 18.]
2749 918 2812 975 Et
2850 922 3038 981 exarsit
3068 924 3201 995 ignis
3228 926 3281 979 in
3309 944 3569 1001 synagoga
3591 947 3807 993 eorum;

2214 1004 2425 1073 ﬂamma
2459 1009 2726 1071 combussit
2765 1024 3066 1082 peccatores.
3099 1015 3214 1071 Non
3259 1026 3341 1073 est.
3368 1018 3471 1075 hoc
3514 1038 3708 1079 nomen
3752 1026 3805 1080 in

2214 1093 2504 1167 Scripturis
2526 1101 2779 1165 usitatum
2807 1119 3014 1173 eorum,
3034 1107 3125 1177 qui
3150 1107 3276 1163 licet
3299 1109 3443 1181 iuste
3472 1128 3534 1169 ac
3562 1114 3807 1171 laudabio

2214 1186 2337 1255 liter
2364 1190 2547 1249 vivant
2564 1234 2579 1261 ,
2611 1208 2717 1253 non
2744 1204 2867 1251 sunt
2896 1197 3013 1259 sine
3039 1208 3277 1268 peccato.
3306 1200 3471 1272 Magis
3498 1204 3639 1269 enim
3670 1208 3808 1273 sicut

2216 1280 2443 1347 interest
2474 1284 2613 1353 inter
2661 1287 2945 1349 irridentes
2990 1284 3045 1346 ei
3083 1293 3365 1361 irrisores,
3389 1295 3533 1353 inter
3561 1314 3807 1357 murinu-

2216 1383 2395 1449 rantes
2428 1386 2482 1432 et
2516 1390 2941 1438 nturmuratores
2968 1425 2984 1452 ,
3016 1385 3155 1440 inter
3176 1388 3476 1445 scribentes
3499 1398 3553 1451 et
3574 1391 3807 1461 scripto.-

2218 1483 2326 1534 rcs,
2360 1480 2415 1525 et
2445 1480 2636 1535 caetera
2680 1474 2915 1541 similia;
2945 1477 3017 1545 ita
3063 1477 3336 1549 Scriptura
3380 1490 3688 1551 peccatores
3708 1498 3807 1557 ap.-

2217 1564 2418 1637 pellare
2444 1569 2718 1631 consuevit
2745 1570 2897 1626 valde
2924 1572 3135 1643 iniquos
3160 1583 3217 1630 et
3256 1576 3548 1647 grandibus
3570 1579 3587 1610 ί
3613 1594 3805 1649 pecca-

2219 1666 2392 1723 torum
2420 1662 2643 1719 sarcinis
2673 1674 2949 1727 oneratos.

2292 1751 2376 1806 19.
2410 1750 2560 1825 [vers.
2593 1755 2680 1822 19,
2705 1756 2819 1829 20.]
2854 1777 2873 1810 ι
2912 1758 2977 1814 Et
2999 1757 3243 1817 fecerunt
3269 1761 3490 1817 vitulum
3519 1761 3572 1818 in
3603 1762 3805 1832 ﬂoreis;

2216 1853 2271 1903 et
2330 1846 2697 1903 adoraverunt
2756 1848 3025 1920 sculptile.
3073 1852 3140 1906 Et
3192 1861 3532 1910 mutaverunt
3580 1855 3808 1925 gloriam

2215 1951 2366 2001 suam
2393 1939 2444 1993 in
2474 1940 2823 1999 similitudine
2862 1942 3009 2003 vituli
3039 1943 3369 2011 comedentis
3394 1946 3594 2001 fenum.
3639 1966 3659 2000 ι
3687 1947 3809 2005 Non

2216 2029 2325 2093 ait,
2358 2030 2411 2084 in
2441 2031 2841 2091 similitudinem
2861 2073 2877 2099 ,
2909 2033 3027 2100 sed,
3060 2035 3113 2109 in
3148 2035 3500 2101 similitudine.
3549 2038 3692 2095 Talis
3724 2048 3809 2105 est

2216 2121 2434 2189 locutio,
2458 2124 2632 2192 qualis
2655 2124 2744 2180 illa
2766 2124 2853 2181 ubi
2875 2125 2965 2190 ait,
2988 2124 3056 2180 Et
3075 2127 3397 2189 crediderunt
3417 2129 3468 2184 in
3493 2130 3652 2185 verbis
3673 2132 3810 2204 ejus.

2218 2210 2502 2283 Eleganter
2529 2227 2658 2268 sane
2702 2229 2807 2277 non
2836 2215 2942 2284 ait,
2974 2217 3038 2288 Et
3062 2226 3408 2285 mutaverunt
3434 2221 3656 2290 gloriam
3688 2223 3809 2290 Dei.

2216 2319 2339 2369 cum
2363 2304 2465 2369 hoc
2493 2305 2751 2372 fecerint;
2777 2308 2916 2365 sicut
2940 2310 3101 2377 etiam
3126 2312 3416 2381 Apostolus
3437 2315 3677 2386 loquitur
3695 2357 3711 2382 ,
3741 2316 3811 2379 Et

2215 2395 2605 2461 immutaverunt
2632 2398 2849 2469 gloriam
2894 2399 3288 2472 incorruptibilis
3321 2403 3419 2471 Dei
3460 2404 3513 2459 in
3555 2405 3811 2475 simulitu-

2216 2489 2385 2557 dinem
2428 2490 2664 2561 imaginis
2708 2493 3050 2563 corruptibilis
3092 2495 3308 2559 hominis
3351 2496 3530 2567 (liam.
3578 2514 3629 2566 t,
3662 2498 3756 2570 25)
3797 2516 3810 2555 :

2214 2582 2312 2643 sed
2340 2581 2556 2653 gloriam
2579 2600 2726 2655 suam
2750 2584 2900 2649 dixit.
2934 2586 3075 2659 Deus
3095 2588 3235 2645 enim
3260 2599 3372 2649 erat
3399 2590 3564 2659 gloria
3591 2607 3809 2661 eorum,

2216 2676 2263 2741 si
2293 2675 2408 2745 ejus
2434 2678 2760 2741 sustinerent
2786 2680 3091 2744 consilium.
3120 2692 3175 2741 et
3201 2697 3305 2737 non
3334 2684 3649 2747 festinarent
3673 2703 3687 2752 ;
3717 2687 3811 2743 cui

2218 2769 2431 2836 dicitur,
2458 2771 2633 2833 Gloria
2659 2790 2788 2840 mea,
2815 2784 2863 2831 et
2883 2775 3113 2831 exultans
3155 2787 3307 2849 caput
3338 2794 3501 2833 meum
3521 2778 3693 2849 (Psal.
3722 2796 3811 2847 ιιι,

2218 2864 2296 2933 4).
2326 2864 2483 2918 Istam
2526 2866 2741 2936 gloriam
2774 2884 2921 2922 suam
2940 2908 2954 2933 ,
2984 2868 3035 2925 id
3067 2877 3151 2927 est
3180 2869 3379 2935 Deum,
3405 2880 3717 2937 mutaverunt
3752 2874 3811 2929 in

2217 2955 2545 3013 similitudine
2569 2958 2711 3015 vituli
2735 2959 3041 3021 comedentis
3066 2962 3256 3030 fenum,
3289 2969 3343 3014 ut
3367 2960 3434 3016 ab
3457 2976 3521 3016 eo
3547 2961 3812 3025 comede~

2214 3054 2439 3114 rentur,
2492 3062 2521 3103 a
2571 3063 2677 3117 quo
2721 3049 3078 3109 eomeduutur
3130 3054 3218 3122 qui
3260 3052 3470 3121 sapiunt
3508 3053 3813 3121 secundum

2216 3152 2432 3193 carnem
2460 3156 2472 3193 :
2508 3138 2685 3201 Omnis
2705 3141 2845 3197 enim
2866 3158 2985 3197 cara
3009 3142 3185 3212 fenum
3211 3141 3367 3219 (lsai.
3387 3159 3474 3211 ιι,
3506 3143 3585 3215 6),

2286 3229 2377 3286 20.
2402 3230 2551 3302 [vere
2578 3232 2669 3297 21,
2693 3231 2808 3305 22.]
2839 3232 2994 3293 Obliti
3022 3244 3138 3297 sunt
3167 3234 3333 3299 Deum
3356 3238 3439 3307 qui
3465 3237 3677 3303 saluauit
3696 3255 3815 3296 eos.

2215 3322 2494 3393 Quomodo
2524 3326 2745 3385 salvat-it
2768 3330 2901 3382 eos?
2924 3328 3022 3395 Qui
3051 3330 3169 3398 fecit
3197 3331 3453 3402 ntagnalia
3471 3331 3525 3387 in
3543 3330 3814 3411 gypto,

2213 3416 2466 3473 mirabilia
2494 3418 2547 3473 in
2572 3427 2706 3475 terra
2728 3418 2909 3491 Citam,
2938 3420 3179 3477 terribilia
3206 3421 3257 3476 in
3286 3424 3415 3487 mari
3447 3422 3642 3489 Rubro.
3670 3423 3815 3490 Qua:

2213 3514 2340 3567 sunt
2367 3508 2629 3567 mirabilia
2650 3549 2665 3573 ,
2690 3508 2803 3579 ipsa
2830 3518 2955 3565 sunt
2976 3510 3271 3577 terribilia;
3306 3512 3446 3573 nulla
3486 3514 3682 3583 quippe
3715 3513 3814 3571 ad-

2212 3601 2425 3658 miratio
2472 3611 2553 3656 est
2589 3602 2707 3657 sine
2760 3602 2985 3673 quadam
3033 3602 3316 3659 formidine
3353 3622 3367 3658 :
3410 3607 3652 3676 quamvis
3709 3607 3813 3673 ista

2212 3694 2372 3749 etiam
2408 3692 2531 3749 hinc
2553 3693 2807 3761 terribilia
2836 3694 2939 3750 dici
2968 3695 3257 3764 potuerint,
3290 3695 3430 3766 quod
3459 3696 3813 3763 adversarios

2212 3784 2519 3841 afﬂixerunt
2544 3825 2560 3851 ,
2605 3793 2660 3841 et
2690 3785 2804 3845 istis
2841 3784 2968 3855 quid
2994 3782 3253 3845 deberent
3286 3786 3496 3855 timere,
3526 3799 3812 3851 monstra.-

2210 3885 2354 3935 runt.

2280 3967 2372 4029 21.
2398 3965 2548 4038 (vers.
2572 3964 2688 4038 25.]
2730 3964 2797 4020 Et
2826 3966 2956 4022 dixit
2981 3976 3035 4021 ut
3064 3966 3373 4036 disperderet
3401 3985 3503 4025 eos.
3536 3970 3673 4039 Quia
3702 3972 3812 4041 ab,-

2210 4062 2289 4119 liti
2309 4071 2433 4124 sunt
2460 4076 2579 4127 eum
2601 4061 2691 4131 qui
2715 4061 2891 4117 salvos
2916 4061 3041 4123 fecit
3068 4076 3182 4130 eos,
3207 4062 3407 4123 iaciens
3435 4064 3728 4135 magnalia,
3754 4074 3812 4123 et

2212 4155 2450 4213 fecerunt
2475 4163 2530 4206 et
2549 4152 2906 4217 adoraverunt
2924 4153 3193 4226 sculptile,
3223 4155 3325 4213 hoc
3350 4155 3528 4226 utique
3557 4164 3665 4227 tam
3698 4159 3812 4219 im.-

2210 4246 2351 4303 mani
2389 4246 2594 4303 scelere
2633 4254 2689 4309 et
2718 4244 3016 4301 incredibili
3060 4246 3365 4315 impietate,
3393 4247 3535 4319 digni
3558 4230 3559 4233 η
3584 4248 3811 4319 fuerant

2208 4339 2300 4408 qui
2342 4338 2597 4408 perirent.
2653 4337 2799 4403 Dixit
2840 4353 2971 4408 ergo
3016 4348 3071 4393 ut
3113 4340 3423 4409 disperderet
3466 4357 3584 4408 eas;
3609 4343 3653 4407 si
3700 4360 3811 4417 non

2212 4431 2415 4502 Moyses
2434 4432 2621 4489 electus
2648 4432 2759 4502 ejus
2778 4432 2991 4491 stetisset
3012 4432 3063 4503 in
3088 4433 3432 4504 contractione
3457 4434 3511 4489 in
3530 4447 3815 4507 conspectu

2211 4524 2341 4595 ejus.
2374 4524 2490 4579 Non
2531 4526 2603 4589 ita
2646 4524 2779 4579 dixit
2808 4524 3022 4591 stetisse
3065 4526 3117 4579 in
3150 4528 3522 4597 confractione,
3547 4530 3705 4599 quasi
3751 4540 3815 4588 ut

2209 4615 2478 4687 frangeret
2501 4616 2630 4672 iram
2654 4617 2785 4682 Dei;
2809 4616 2904 4673 sed
2930 4618 2982 4677 in
3006 4618 3364 4693 confractione,
3394 4619 3447 4681 id
3468 4630 3569 4688 est,
3598 4621 3649 4676 in
3686 4624 3815 4693 pla-

2208 4724 2276 4780 ga
2303 4724 2403 4780 qua
2435 4718 2588 4765 erant
2615 4708 2695 4763 illi
2725 4708 2949 4766 feriendi
2980 4729 2993 4765 :
3024 4710 3075 4771 id
3106 4719 3189 4765 est
3212 4751 3226 4776 ,
3265 4713 3365 4773 nisi
3395 4713 3679 4784 objecisset
3711 4732 3810 4773 se-

2211 4802 2381 4871 ipsum
2407 4818 2502 4872 pro
2525 4801 2624 4869 eis,
2651 4802 2855 4868 dicens,
2886 4804 2945 4861 Si
2968 4803 3179 4863 dimittis
3200 4804 3301 4867 illis
3322 4816 3603 4877 peccatum,
3625 4807 3813 4862 dimit-

2209 4904 2293 4961 te;
2322 4895 2398 4951 sin
2426 4906 2625 4961 autent,
2652 4896 2763 4951 dele
2787 4913 2866 4951 me
2894 4896 2956 4951 de
2984 4897 3111 4952 libro
3140 4906 3224 4957 tuo
3251 4896 3443 4969 (Exod.
3473 4915 3639 4963 χχχιι,
3683 4901 3751 4956 51
3788 4942 3808 4966 ,

2208 4986 2336 5058 52).
2389 4987 2490 5044 Ubi
2542 4988 2961 5051 demonstratum
3011 4997 3093 5043 est
3136 4989 3445 5061 intercessio
3487 5000 3810 5046 sanctorum

2209 5088 2466 5149 quantum
2510 5094 2607 5148 pro
2644 5079 2967 5141 aliisvaleat
2995 5077 3134 5149 apud
3168 5079 3356 5145 Deum.
3390 5074 3620 5137 Securus
3649 5082 3810 5138 enim

2207 5173 2417 5245 Moyses
2446 5172 2513 5228 de
2545 5172 2749 5241 jttstitia
2783 5171 2875 5225 Dei
2900 5212 2915 5237 ,
2952 5187 3056 5241 qua
3083 5187 3203 5235 eum
3234 5171 3411 5245 delere
3440 5187 3544 5237 non
3570 5183 3766 5247 posset
3791 5216 3808 5239 ,

2212 5264 2516 5334 impetravit
2538 5262 2954 5325 misericordiam
2972 5304 2986 5331 ,
3014 5278 3081 5325 ne
3112 5263 3227 5329 illos
3256 5278 3391 5335 quas
3409 5264 3552 5334 iuste
3580 5276 3811 5334 posset,

2208 5357 2431 5415 deleret.
2463 5356 2537 5411 Ita
2565 5355 2712 5411 stetit
2738 5356 2790 5411 in
2816 5355 3157 5424 confractique
3188 5355 3238 5409 in
3273 5340 3541 5427 conspectu
3567 5357 3677 5428 ejus
3699 5397 3716 5425 ,
3753 5368 3814 5411 ut

2207 5458 2447 5507 averteret
2470 5449 2601 5503 iram
2629 5448 2757 5518 ejus,
2787 5463 2849 5501 ne
2877 5446 3183 5521 disperderet
3208 5462 3310 5502 eos.
3588 5440 3601 5467 ³

2278 5542 2370 5597 22.
2412 5539 2560 5614 [vers.
2587 5538 2704 5615 24.]
2744 5538 2811 5591 Et
2838 5555 2931 5610 pro
2959 5538 3117 5593 nihilo
3144 5538 3421 5607 habuerunt
3451 5548 3639 5605 terram
3663 5539 3814 5602 desi-

2208 5634 2502 5691 derabilem.
2524 5630 2629 5691 Sed
2652 5630 2906 5700 numquid
2928 5627 3170 5701 viderant
3193 5627 3347 5697 eam?
3367 5629 3644 5696 Quomodo
3664 5645 3812 5703 ergo

2209 5742 2307 5801 pro
2333 5724 2520 5791 nihilo,
2548 5738 2707 5796 quam
2739 5736 2848 5785 non
2871 5717 3135 5792 viderant,
3168 5720 3487 5793 habuerunt,
3523 5723 3624 5777 nisi
3651 5739 3809 5795 quo-

2270 5841 2290 5875 ¹
2313 5848 2495 5892 omnes
2514 5850 2667 5903 prope
2682 5843 2812 5901 Iss.,
2831 5835 3077 5902 grwibus.
