4090 6474
492 354 634 421 1415

494 472 820 545 signiﬁcatur
843 482 938 539 per
965 462 1016 521 id
1046 458 1188 534 quod
1201 456 1465 523 continet,
1495 454 1546 510 id
1577 452 1716 525 quod
1748 450 2073 514 continetur,

494 570 631 625 sicut
659 565 885 620 dicimus
908 560 1100 616 malam
1132 556 1369 618 domum,
1421 551 1474 606 in
1513 564 1615 620 qua
1648 547 1775 603 mali
1819 546 2080 610 habitant,

492 670 551 718 et
572 662 765 717 bonam
807 657 861 711 in
900 669 1002 725 qua
1045 650 1216 706 boni?
1259 646 1365 718 lpsi
1415 658 1645 715 namque
1693 640 2086 698 interﬁciebant

496 756 700 810 animas
725 765 847 807 suas
873 744 1196 803 immolando
1213 743 1351 798 ﬁlios
1376 755 1523 807 suos,
1542 747 1597 794 et
1620 736 1940 795 el'fundendo
1963 750 2085 791 san-

497 848 709 920 guinem
738 841 1076 914 parvulorum
1099 853 1128 892 a
1155 834 1508 891 consensione
1533 832 1676 887 illius
1705 828 1926 885 sceleris
1956 827 2087 882 alie-

497 955 686 999 norum
714 956 727 991 :
758 934 897 990 unde
924 933 1121 987 dictum
1149 939 1251 995 est,
1279 926 1583 994 E/fuderunt
1608 923 1907 994 sanguinem
1935 921 2087 975 inno-

500 1041 708 1088 centem.
761 1028 919 1096 Ergo,
964 1022 1239 1092 Interfccta
1266 1029 1337 1074 est
1363 1029 1496 1072 terra
1540 1017 1594 1070 in
1640 1013 1991 1087 sanguinibus,
2040 1019 2090 1065 et

499 1122 844 1178 contaminata
870 1125 939 1171 est
961 1117 1015 1169 in
1043 1112 1275 1186 operibus
1303 1127 1497 1174 eorum,
1537 1124 1657 1163 cum
1695 1106 1793 1176 ipsi
1827 1102 2088 1160 interfecti

501 1213 701 1271 suntin
733 1211 930 1274 anima,
958 1217 1011 1262 ct
1045 1202 1389 1260 contaminati
1439 1201 1493 1254 in
1532 1197 1787 1269 cperibus
1834 1194 1963 1250 suis.
2021 1190 2089 1247 Et

502 1305 737 1379 fornicati
766 1312 882 1358 sunt
909 1302 963 1355 in
990 1295 1426 1353 adinventionibus
1455 1293 1579 1347 suis.
1628 1290 1735 1346 Has
1771 1289 1899 1343 dicit
1939 1286 2091 1340 adin-

504 1399 800 1461 ventiones,
845 1408 977 1465 quas
1005 1390 1177 1447 Graeci
1218 1392 1578 1455 ἐπιτηδεύματα
1622 1382 1932 1452 appellant:
1964 1392 2089 1433 nam

506 1495 606 1547 hoc
631 1490 850 1544 verbum
875 1496 957 1541 est
986 1486 1039 1539 in
1088 1481 1361 1538 codicibus
1397 1477 1587 1549 graecis
1629 1484 1683 1529 et
1708 1474 1809 1529 hoc
1853 1473 1992 1537 loco,
2037 1477 2091 1525 et

505 1582 768 1652 superius,
801 1580 891 1634 ubi
921 1577 1119 1632 dictum
1147 1582 1247 1635 est,
1280 1570 1614 1625 Irritaverunt
1635 1582 1748 1621 eum
1773 1566 1825 1618 in
1853 1563 2093 1616 adiuven-

506 1677 720 1733 tionibus
742 1674 845 1729 suis
869 1689 887 1737 ;
917 1686 1035 1725 cum
1066 1679 1119 1723 et
1148 1666 1257 1722 illic
1282 1674 1334 1719 et
1364 1664 1451 1717 hic
1475 1677 1568 1717 eas
1593 1660 1735 1715 dicat
1760 1656 2093 1712 adinventio-

508 1783 623 1830 nes,
654 1767 705 1821 in
729 1764 919 1835 quibus
941 1761 1075 1815 alios
1101 1758 1291 1812 imitati
1318 1764 1460 1811 sunt.
1485 1753 1599 1808 Non
1622 1753 1800 1820 itaque
1819 1748 1896 1803 sic
1921 1746 2093 1801 dictas

508 1858 828 1913 arbitremur
853 1850 1277 1913 adinventiones,
1324 1846 1473 1915 quasi
1510 1844 1578 1898 ab
1624 1842 1753 1912 ipsis
1803 1840 2090 1903 institutas,

510 1951 657 2006 nullo
681 1949 733 2003 in
770 1948 889 2001 aliis
916 1944 1254 2015 prmcedente
1277 1940 1416 2011 quod
1447 1939 1785 1994 imitarentur
1823 1935 2090 2003 exemplo.

509 2041 663 2098 Unde
684 2040 772 2093 alii
800 2040 1117 2107 interpretes
1144 2033 1332 2097 nostri,
1386 2047 1492 2086 non
1522 2029 1948 2109 adinventiones,
1997 2023 2089 2081 sed

509 2134 681 2189 studia
706 2150 720 2199 ;
748 2131 835 2186 alii
862 2144 988 2184 vero
1008 2127 1339 2189 affectiones,
1370 2124 1457 2179 vel
1480 2120 1870 2184 aﬁectationes,
1891 2118 1976 2172 alii
2000 2132 2095 2171 vo-

511 2226 737 2295 luptates
764 2223 941 2278 dicere
968 2221 1268 2274 maluerunt
1296 2234 1309 2269 :
1339 2224 1394 2271 et
1416 2214 1575 2271 iidem
1606 2212 1705 2283 ipsi
1729 2212 1816 2283 qui
1845 2211 2097 2265 dixerunt

509 2318 933 2379 adinventiones,
965 2315 1070 2368 alio
1093 2313 1213 2367 loco
1240 2308 1411 2365 studia
1462 2316 1774 2379 posuerunt.
1822 2305 1932 2360 Hoc
1951 2319 2098 2358 com-

511 2425 811 2468 memorare
832 2407 995 2471 volui,
1032 2422 1102 2461 ne
1124 2404 1474 2475 quaestionem
1499 2400 1701 2456 faceret
1726 2414 1923 2454 nomen
1946 2397 2099 2452 adin-

510 2505 779 2561 ventionis
822 2505 872 2557 in
914 2516 977 2556 ea
1017 2516 1097 2564 re,
1146 2512 1304 2568 quam
1332 2512 1437 2551 non
1482 2509 1511 2549 a
1541 2494 1731 2563 seipsis
1759 2492 2096 2563 excogitave-

509 2608 654 2663 runt,
684 2596 775 2652 sed
795 2596 926 2650 alios
948 2593 1135 2648 imitati
1169 2599 1313 2646 sunt.

584 2692 672 2748 52.
697 2690 849 2763 [vers.
876 2688 965 2753 40,
998 2684 1113 2757 45.]
1146 2682 1215 2738 Et
1240 2685 1399 2737 iratus
1432 2691 1503 2736 est
1532 2685 1703 2752 furore
1748 2677 1997 2732 Dominus
2044 2675 2098 2731 in

515 2788 759 2857 populum
788 2798 956 2837 suum.
995 2779 1292 2834 Noluerunt
1320 2773 1531 2845 quidam
1564 2774 1881 2842 interpretes
1929 2768 2098 2824 nostri

511 2880 647 2934 iram
692 2889 909 2947 ponere,
954 2872 1007 2926 in
1044 2885 1111 2925 eo
1150 2868 1292 2938 quod
1342 2880 1549 2937 grmcus
1594 2864 1755 2918 habet
1793 2871 1971 2930 τυμὸςε
2003 2860 2098 2915 sed

514 2971 727 3040 quidam
759 2971 1049 3038 posuerunt
1073 2969 1334 3023 mentem;
1364 2959 1578 3030 quidam
1616 2972 1744 3012 vero
1784 2953 2101 3025 indignatio-

516 3079 664 3129 nem,
698 3060 911 3131 quidam
968 3057 1206 3110 animum
1258 3052 1588 3122 interpretati
1630 3060 1776 3106 sunt.
1808 3048 2095 3116 Quodlibet

514 3165 694 3212 autem
720 3154 909 3209 horum
938 3150 1162 3214 dicatur,
1181 3145 1510 3218 perturbatio
1537 3159 1642 3198 non
1663 3142 1803 3197 cadit
1830 3142 1881 3196 in
1896 3142 2097 3206 Deum;

518 3246 614 3303 sed
658 3245 727 3300 de
772 3240 1153 3297 consuetudine
1180 3237 1514 3299 translatum,
1550 3235 1781 3306 potentia
1798 3230 2098 3287 vindicandi

513 3338 616 3393 hoc
642 3350 837 3390 nomen
865 3332 1089 3401 accepit.

586 3429 676 3484 55.
734 3445 753 3478 ι
785 3424 860 3480 Et
892 3423 1228 3477 abominatus
1272 3428 1356 3475 est
1397 3418 1765 3474 hzereditatem
1806 3430 1978 3471 suam.
2034 3414 2103 3469 Et

513 3521 731 3579 tradidit
756 3535 849 3575 eos
875 3522 927 3572 in
958 3531 1147 3571 manus
1176 3514 1452 3577 Gentium,
1501 3521 1554 3567 et
1584 3510 1840 3567 dominati
1864 3518 1986 3564 sunt
2006 3523 2101 3563 eo-

514 3630 633 3671 rum
665 3613 751 3684 qui
785 3612 1011 3666 oderant
1065 3622 1158 3663 eos
1194 3625 1207 3660 :
1260 3616 1313 3661 et
1344 3603 1731 3659 tribulaverunt
1777 3616 1871 3658 eos
1901 3599 2101 3655 inimici

515 3722 724 3770 eorum,
743 3712 798 3759 et
822 3699 1083 3756 bumiliati
1114 3707 1238 3753 sunt
1258 3696 1357 3751 sub
1380 3695 1625 3750 manibus
1642 3709 1849 3749 eorum.
1880 3712 1898 3744 ι
1920 3691 2100 3760 Quan-

517 3800 588 3855 do
607 3814 701 3854 eos
724 3795 1085 3850 ha‘reditatem
1110 3791 1202 3845 Dei
1230 3789 1457 3854 vocavit,
1482 3786 1817 3841 manifestum
1846 3792 1930 3838 est
1959 3782 2101 3853 quod

515 3908 625 3948 non
653 3890 717 3945 ad
749 3888 1128 3960 perditionem,
1180 3883 1275 3938 sed
1298 3881 1364 3936 ad
1396 3880 1730 3950 disciplinam
1762 3894 1855 3935 eos
1890 3877 2101 3933 abomi-

517 3995 674 4042 natus
704 3992 806 4046 est,
841 3990 893 4035 et
921 3979 1135 4035 tradidit
1161 3976 1214 4031 in
1247 3988 1437 4030 manus
1466 3973 1829 4029 inimicorum.
1862 3970 2101 4042 Denique

516 4075 755 4145 sequitur
785 4091 797 4127 :
834 4071 985 4141 Swpe
1013 4067 1235 4123 liberavit
1257 4082 1361 4120 eos.

588 4168 675 4223 54.
708 4164 821 4236 Ipsi
859 4172 1025 4217 autem
1054 4160 1469 4215 exacerbaverunt
1514 4173 1629 4211 eum
1652 4156 1705 4211 in
1747 4154 1958 4210 consilio
1986 4170 2100 4211 suo.

515 4261 632 4317 Hoc
661 4268 744 4314 est
789 4255 928 4327 quod
961 4255 1204 4323 superius
1243 4252 1335 4319 ait,
1388 4250 1509 4306 Non
1560 4250 1904 4305 sustinuerunt
1936 4248 2103 4303 consi-

519 4354 644 4409 lium
674 4352 803 4421 ejus.
833 4347 1193 4403 Perniciosum
1223 4353 1397 4398 autem
1431 4352 1514 4398 est
1558 4342 1835 4398 consilium
1871 4340 2102 4396 hominis

517 4443 619 4513 ipsi
658 4440 882 4503 homini,
928 4453 1033 4508 quo
1063 4453 1123 4492 ea
1152 4436 1343 4506 quaerit
1370 4451 1489 4505 quae
1520 4449 1615 4489 sua
1660 4443 1803 4496 sunt,
1828 4448 1938 4488 non
1980 4446 2101 4504 quae

519 4536 615 4591 Dei
638 4543 761 4589 sunt
781 4531 1038 4602 (Philipp.
1069 4545 1128 4593 ιι,
1155 4527 1270 4599 2l).
1309 4526 1365 4581 ln
1393 4527 1545 4595 cujus
1576 4525 1907 4591 hrereditate,
1957 4524 2099 4595 quod

517 4626 635 4695 ipse
661 4623 816 4679 nobis
845 4628 948 4685 est,
993 4634 1110 4673 cum
1137 4617 1203 4673 ad
1226 4617 1505 4673 fruendum
1551 4632 1609 4671 se
1651 4616 1890 4686 prmbere
1915 4616 2102 4687 digna-

517 4725 625 4780 tur,
654 4715 828 4771 nullas
855 4713 1121 4783 patiemur
1139 4726 1261 4767 cum
1289 4711 1488 4766 sanctis
1515 4708 1784 4765 societatis
1806 4710 2095 4779 angustias,

517 4809 804 4867 dilectione
846 4807 926 4863 rei
966 4816 1165 4861 nostrae
1211 4804 1363 4876 quasi
1402 4804 1642 4874 privatae.
1702 4802 2099 4860 Gloriosissima

515 4903 712 4974 quippe
740 4899 829 4955 illa
857 4898 1045 4954 civitas
1066 4897 1255 4965 adepta
1290 4895 1603 4965 promissam
1628 4893 2015 4960 hcereditatem,
2045 4895 2097 4949 in

516 5011 618 5067 qua
642 4993 819 5050 nullus
839 4993 1119 5055 morietur,
1148 4990 1325 5043 nullus
1353 4990 1577 5053 orietur,
1627 5003 1735 5045 non
1775 4988 1989 5044 habebit
2017 4988 2099 5044 ci-

515 5102 606 5142 ves
629 5085 720 5157 qui
742 5084 933 5155 singuli
973 5081 1236 5152 gaudeant
1276 5081 1386 5135 suis
1425 5081 1604 5143 rebus,
1660 5081 1780 5149 quia
1821 5080 1960 5135 Deus
1998 5080 2100 5135 erit

515 5177 693 5233 omnia
719 5176 770 5231 in
797 5175 1041 5230 omnibus
1073 5171 1117 5243 (Ι
1142 5172 1259 5225 Cor.
1287 5186 1377 5233 xv,
1421 5170 1537 5241 28).
1580 5170 1740 5240 Cujus
1787 5171 2096 5227 societatem

515 5272 757 5343 quisquis
781 5270 834 5325 in
862 5269 963 5323 hac
1000 5265 1425 5337 peregrinatione
1471 5263 1699 5319 ﬁdeliter
1726 5273 1775 5319 et
1813 5263 2100 5335 ﬁagranter

516 5364 917 5428 desideraverit,
941 5360 1203 5416 assuescit
1239 5359 1460 5428 privatis
1491 5357 1743 5428 praeferre
1765 5360 2092 5427 communia,

516 5471 624 5512 non
672 5470 766 5511 sua
809 5453 1117 5525 quaerendo,
1144 5451 1239 5506 sed
1284 5467 1404 5521 quae
1447 5450 1576 5505 Jesu
1617 5449 1812 5515 Christi
1845 5469 1857 5504 :
1886 5467 1954 5506 ne
1996 5452 2098 5508 sibi

518 5548 731 5617 sapiens
759 5553 815 5601 et
846 5545 946 5600 sibi
976 5544 1280 5606 consulens,
1326 5541 1611 5597 exacerbet
1659 5541 1823 5596 Deum
1873 5543 2098 5598 consilio

516 5654 649 5706 suo;
679 5636 774 5693 sed
804 5652 1025 5709 sperans
1055 5634 1196 5705 quod
1226 5650 1332 5689 non
1360 5633 1522 5701 videt,
1547 5649 1651 5688 non
1684 5632 1898 5690 festinet
1917 5634 1983 5690 de
2014 5635 2098 5692 bis

516 5747 637 5802 qua:
659 5729 909 5785 videntur
936 5728 1049 5783 ﬁeri
1071 5727 1280 5793 beatus,
1308 5735 1467 5797 atque
1496 5725 1622 5781 illud
1670 5736 1928 5783 aeternum
1956 5730 2097 5799 quod

518 5839 625 5883 non
656 5820 863 5878 videtur
890 5820 1150 5894 patienter
1177 5827 1515 5894 exspectans,
1557 5817 1674 5891 ejus
1698 5818 1751 5873 in
1777 5820 2088 5891 promissio-

1722 338 1782 396 S.
1823 331 2185 395 AUGUSTINI
2224 330 2534 392 EPlSCOPl
2608 330 2613 337 ’

3615 328 3785 390 1418

2190 448 2346 503 nibus
2372 455 2626 519 sequatur
2649 446 2955 515 consilium,
2982 445 3135 517 cujus
3156 447 3209 503 in
3238 446 3626 503 tentationibus
3654 465 3784 520 prc—

2187 550 2339 596 catur
2365 541 2639 596 auxilium.
2688 542 2758 595 Ita
2788 541 2890 597 erit
2917 550 2970 596 et
2999 539 3215 595 humilis
3257 540 3309 596 in
3345 540 3782 598 confessionibus

2190 635 2324 699 suis,
2368 649 2437 690 ne
2464 636 2555 688 ﬁat
2580 634 2803 689 istorum
2844 633 3055 699 similis,
3107 633 3175 689 de
3203 633 3396 704 quibus
3441 633 3633 690 dicitur
3663 652 3676 689 :
3709 634 3784 689 Et

2189 725 2443 780 Itumiliati
2467 734 2584 780 sunt
2609 727 2662 781 in
2690 725 3031 797 iniquitatibus
3058 727 3183 781 suis.

2263 818 2352 874 55.
2381 816 2532 891 [vers.
2558 819 2646 886 44,
2674 816 2788 891 45.]
2818 820 2961 876 Deus
2978 827 3153 872 tamen
3174 818 3359 888 plenus
3376 819 3776 887 misericordia,

2190 925 2298 965 non
2326 910 2559 981 neglexit
2585 925 2681 966 eos
2709 926 2725 975 ;
2760 929 2778 962 ι
2816 910 2881 964 Ει
2909 909 3042 965 vidit
3068 925 3190 965 cum
3220 911 3622 977 tribularentur,
3655 925 3783 965 cum

2190 1002 2403 1058 audiret
2426 1003 2721 1059 orationem
2745 1018 2952 1061 eorum.
3002 1003 3071 1059 Et
3100 1019 3309 1060 memor
3334 1004 3432 1058 l‘uit
3471 1006 3787 1060 testamenti

2193 1095 2295 1159 sui,
2322 1106 2378 1151 et
2408 1097 2653 1166 pmnituit
2681 1112 2802 1152 eum
2830 1096 3122 1152 secundum
3164 1096 3563 1151 multitudinem
3614 1097 3789 1153 mise-

2192 1188 2439 1244 ricordiae
2487 1204 2618 1243 suae.
2658 1209 2676 1242 ι
2721 1189 2967 1244 Paenituit
3004 1189 3205 1245 dictum
3239 1198 3342 1255 est,
3391 1190 3512 1260 quia
3560 1196 3793 1244 mutavit

2193 1282 2332 1353 quod
2358 1298 2455 1338 eos
2472 1283 2776 1352 perditurus
2796 1284 3095 1339 videbatur.
3122 1283 3190 1338 Et
3215 1282 3351 1353 apud
3375 1284 3539 1338 Deum
3564 1283 3789 1354 quidem

2193 1376 2451 1447 disposita
2477 1386 2531 1431 et
2576 1376 2677 1431 lixa
2709 1385 2836 1432 sunt
2874 1378 3088 1441 omnia;
3136 1392 3236 1432 nec
3278 1377 3418 1431 aliud
3460 1377 3587 1432 facit
3626 1376 3787 1447 quasi

2194 1470 2420 1525 consilio
2449 1470 2755 1539 repentino,
2785 1470 2927 1541 quod
2964 1486 3073 1525 non
3102 1485 3167 1524 ex
3199 1471 3494 1525 aeternitate
3521 1485 3579 1526 se
3608 1469 3786 1524 factu-

2195 1580 2312 1619 rum
2357 1579 2476 1619 esse
2519 1566 2789 1633 praescivit
2821 1584 2834 1619 :
2864 1565 2960 1620 sed
3010 1567 3062 1619 in
3092 1576 3353 1621 creatura:
3393 1564 3790 1636 temporalibus

2196 1656 2449 1723 motibus,
2483 1673 2644 1727 quam
2672 1658 2934 1727 gubernat
2972 1659 3310 1724 mirabiliter,
3357 1658 3469 1729 ipse
3501 1674 3605 1713 non
3646 1667 3792 1713 tem-

2199 1749 2451 1816 poraliter
2500 1757 2706 1813 motus,
2749 1749 2900 1817 quasi
2958 1750 3234 1820 repentina
3280 1749 3553 1803 voluntate
3611 1750 3791 1805 lacere

2197 1839 2389 1894 dicitur
2418 1840 2557 1908 quod
2581 1840 2840 1895 ordinatis
2886 1856 3064 1896 rerum
3105 1841 3281 1897 causis
3310 1841 3517 1895 consilii
3569 1840 3650 1896 sui
3702 1857 3792 1897 se-

2196 1930 2482 1986 cretissimi
2516 1932 2945 1988 immutabilitate
2968 1930 3251 1998 disposuit,
3283 1947 3387 2002 qua
3425 1932 3537 1986 suis
3561 1947 3792 2003 quaeque

2199 2026 2528 2092 temporibus
2548 2024 2743 2094 agnita,
2767 2032 2821 2079 et
2847 2025 3125 2093 praesentia
3162 2024 3290 2078 facit
3319 2024 3359 2089 ί,
3389 2032 3443 2077 et
3476 2022 3650 2078 futura
3675 2024 3793 2092 jam

2199 2114 2342 2170 fecit.
2376 2115 2447 2169 Et
2469 2115 2535 2169 ad
2558 2115 2673 2169 haec
2697 2115 2815 2185 quis
2839 2114 3087 2170 idoneus?
3118 2113 3411 2170 Audiamus
3437 2115 3613 2184 itaque
3639 2113 3793 2169 Scri-

2200 2217 2432 2279 pturam,
2464 2207 2738 2263 humiliter
2760 2207 2970 2263 excelsa
2998 2207 3289 2273 dicentem,
3320 2224 3443 2262 cum
3474 2217 3527 2262 et
3555 2207 3793 2277 parvulis

2201 2299 2501 2356 nutriendis
2520 2301 2777 2356 sumenda
2807 2301 3048 2370 porrigit,
3074 2311 3127 2356 et
3148 2301 3439 2370 majoribus
3466 2300 3791 2357 exercendis

2202 2392 2587 2462 perscrutanda
2606 2394 2875 2465 proponit.
2906 2392 2976 2446 Et
3001 2394 3123 2447 vidit
3139 2410 3253 2446 cum
3280 2392 3658 2459 tribularentur,
3675 2410 3794 2446 cum

2201 2486 2399 2540 audiret
2422 2487 2698 2541 orationem
2725 2504 2896 2541 eorum
2917 2504 2936 2552 ;
2958 2496 3005 2540 et
3033 2503 3223 2540 memor
3243 2487 3339 2557 fuit
3364 2487 3642 2541 testamenti
3674 2487 3792 2542 sui:

2204 2578 2387 2647 utique
2415 2578 2717 2633 testamenti
2744 2577 2928 2633 mlerni
2957 2578 3091 2648 quod
3120 2578 3368 2649 disposuit
3414 2578 3483 2630 ad
3514 2578 3793 2644 Abraham,

2202 2685 2307 2724 non
2332 2670 2529 2725 veteris
2557 2669 2697 2740 quod
2738 2669 3000 2735 aboletur,
3054 2669 3150 2725 sed
3195 2670 3314 2725 novi
3348 2668 3487 2740 quod
3529 2670 3689 2725 etiam
3738 2670 3794 2727 in

2201 2771 2385 2818 vetere
2414 2760 2779 2817 absconditur.
2812 2760 2881 2815 Et
2901 2762 3133 2832 paenituit
3161 2778 3277 2815 eum
3307 2762 3581 2816 secundum
3620 2762 3794 2816 multi—

2204 2855 2429 2909 tudinem
2449 2853 2807 2909 misericordia:
2832 2870 2957 2908 sum.
2983 2853 3095 2907 Hoc
3115 2852 3243 2909 fecit
3268 2853 3411 2924 quod
3430 2853 3793 2923 disposuerat,

2203 2945 2297 3001 sed
2324 2946 2693 3002 contribulatis
2720 2955 2774 3000 et
2798 2945 3075 3000 orantibus
3100 2959 3158 3000 se
3189 2944 3241 2999 id
3263 2960 3641 3001 concessurum
3672 2960 3795 3002 esse

2206 3042 2582 3112 praesciverat;
2622 3039 2744 3110 quia
2772 3049 2826 3094 et
2851 3040 2965 3109 ipsa
2995 3040 3168 3094 oratio
3194 3054 3405 3111 eorum,
3460 3054 3579 3094 cum
3618 3040 3795 3096 adhuc

2204 3148 2311 3188 non
2341 3140 2504 3199 esset,
2537 3130 2634 3186 sed
2663 3130 2839 3189 futura
2865 3140 3028 3198 esset,
3079 3130 3246 3186 Deum
3291 3129 3473 3201 procul
3499 3129 3662 3185 dubio
3685 3123 3794 3186 non

2204 3226 2420 3281 latebat.
3168 3224 3181 3233 ”

2274 3318 2365 3375 56.
2406 3316 2554 3391 [vers.
2582 3315 2697 3391 46.]
2738 3317 2802 3371 Et
2833 3317 2970 3372 dedit
2997 3334 3082 3373 eos
3108 3316 3162 3372 in
3190 3318 3577 3373 misericordias.
3606 3318 3676 3375 Ut
3702 3334 3795 3374 es-

2204 3418 2323 3465 sent
2348 3423 2453 3463 nou
2480 3424 2606 3463 vasa
2633 3409 2726 3464 irae
2747 3450 2762 3475 ,
2790 3408 2884 3463 sed
2909 3424 3033 3463 vasa
3064 3409 3440 3466 misericordiae
3476 3416 3491 3483 (
3520 3409 3669 3465 Rom.
3700 3427 3755 3467 ιι
3773 3453 3794 3479 ,

2203 3502 2294 3567 22,
2325 3502 2438 3574 25).
2472 3502 2598 3558 ldeo
2626 3511 2804 3557 autem
2832 3510 2961 3572 puto
2988 3502 3262 3573 pluraliter
3293 3505 3687 3561 misericordias
3709 3504 3794 3560 di-

2204 3605 2318 3651 etas
2342 3638 2358 3662 ,
2403 3594 2455 3649 in
2486 3609 2619 3665 quas
2641 3610 2736 3650 eos
2761 3594 2945 3661 dedit,
2977 3595 3099 3665 quia
3130 3596 3493 3666 unusquisque
3519 3599 3794 3668 proprium

2204 3689 2402 3745 donum
2430 3689 2593 3744 habet
2619 3704 2649 3743 a
2673 3688 2803 3755 Deo,
2836 3687 2972 3742 alius
3000 3688 3097 3753 sic,
3130 3687 3265 3743 alius
3292 3697 3469 3745 autem
3498 3689 3576 3744 sic
3600 3689 3642 3760 (Ι
3670 3688 3794 3746 Cor.

2205 3789 2275 3836 vti
2298 3821 2314 3847 ,
2345 3780 2435 3852 7).
2470 3780 2618 3835 Dedit
2640 3796 2771 3851 ergo
2795 3797 2878 3835 eos
2917 3781 2971 3834 in
3013 3780 3412 3848 misericordias,
3441 3783 3493 3835 in
3523 3795 3796 3852 conspectu

2205 3876 2428 3931 omnium
2453 3874 2536 3943 qui
2566 3883 2800 3943 ceperant
2825 3889 2927 3928 cos.
2962 3873 3071 3943 Age
3100 3889 3241 3927 nunc
3259 3913 3273 3939 ,
3303 3874 3540 3944 quisquis
3568 3874 3685 3929 hcec
3712 3875 3794 3930 le-

2205 3966 2306 4037 gis,
2339 3975 2394 4021 et
2420 3966 2644 4037 gratiam
2674 3966 2787 4032 Dei,
2820 3980 2923 4036 qua
2951 3965 3002 4019 in
3033 3974 3287 4020 aeternam
3310 3965 3471 4021 vitam
3492 3981 3587 4036 per
3616 3967 3798 4021 Domi-

2206 4073 2333 4114 num
2365 4067 2605 4113 nOstrum
2633 4056 2812 4111 Jesum
2835 4056 3104 4112 Christum
3127 4057 3460 4123 redimimur,
3490 4058 3716 4129 legendo
3742 4059 3795 4114 in

2205 4150 2512 4221 apostolicis
2552 4149 2764 4205 Litteris
2786 4191 2801 4215 ,
2848 4149 2902 4204 in
2945 4149 3271 4220 pmpheticis
3299 4160 3475 4207 autem
3506 4153 3799 4209 scrutando

2205 4242 2506 4311 cognoscis,
2534 4250 2589 4298 et
2611 4241 2777 4296 Vetus
2800 4240 3196 4297 Testamentum
3225 4242 3276 4297 in
3303 4243 3451 4299 Novo
3476 4246 3793 4312 revelatum,

2205 4335 2259 4390 in
2288 4333 2484 4389 Vetere
2508 4332 2712 4387 Novum
2740 4332 2972 4387 velatum
2998 4334 3180 4399 vides;
3213 4335 3390 4391 recole
3416 4352 3573 4407 quem
3597 4337 3798 4394 dixerit

2204 4426 2480 4498 apostolus
2510 4426 2706 4481 Paulus
2736 4426 3029 4496 principem
3064 4430 3338 4496 potestatis
3367 4431 3527 4497 aeris,
3556 4432 3644 4500 qui
3670 4448 3796 4501 ope-

2204 4528 2350 4574 ratur
2371 4520 2424 4572 iu
2448 4518 2570 4587 ﬁliis
2589 4516 2904 4585 inﬁdelitatis
2932 4516 3146 4589 (Ephes.
3176 4536 3232 4581 ιι,
3262 4519 3341 4591 2),
3369 4532 3423 4576 et
3452 4521 3579 4576 illud
3609 4524 3698 4578 ubi
3722 4524 3797 4580 ait

2204 4611 2273 4668 de
2298 4610 2611 4682 quibusdam
2632 4652 2647 4677 ,
2679 4620 2733 4664 ut
2759 4612 3053 4681 resipiscant
3079 4612 3142 4666 de
3175 4613 3363 4668 diaboli
3388 4614 3596 4680 laqueis,
3626 4618 3795 4687 capti—

2204 4706 2308 4760 vati
2335 4704 2396 4759 ab
2425 4706 2538 4777 ipso
2564 4707 2836 4760 secundum
2864 4707 3023 4777 ipsius
3052 4709 3359 4765 voluntatem
3408 4712 3427 4784 (
3453 4712 3493 4767 ll
3536 4712 3671 4768 Tim.
3720 4732 3793 4783 ll,

2203 4796 2296 4862 26)
2324 4813 2337 4851 :
2363 4806 2418 4851 et
2442 4796 2602 4852 verba
2629 4796 2839 4851 Domini
2864 4796 2992 4853 Jesu
3014 4797 3229 4864 Christi,
3258 4802 3343 4857 ubi
3371 4817 3492 4857 eum
3518 4806 3796 4875 expellens

2204 4887 2274 4943 de
2304 4888 2539 4943 ﬁdelium
2567 4888 2816 4944 cordibus
2844 4891 2937 4954 ait.
2971 4889 3123 4945 Nunc
3151 4892 3382 4963 princeps
3425 4896 3579 4966 hujus
3615 4898 3794 4952 mundi

2204 4983 2385 5037 missus
2414 4991 2488 5037 est
2516 4985 2653 5054 foras
2676 4981 2852 5053 (Joan.
2877 4999 2973 5049 χιι,
3006 4984 3117 5054 5i);
3148 4994 3203 5040 et
3230 4986 3393 5055 ipsius
3420 4987 3599 5043 itidem
3651 4990 3796 5059 Apo-

2205 5076 2329 5131 stoli
2355 5075 2600 5139 dicentis,
2624 5075 2721 5143 Qui
2751 5076 2878 5130 eruit
2904 5092 2996 5130 nos
3015 5078 3079 5131 de
3105 5087 3346 5147 potestate
3377 5080 3711 5147 tenebrarum,
3747 5091 3795 5137 et

2205 5169 2463 5223 transtulit
2485 5170 2538 5223 in
2563 5185 2773 5239 regnum
2799 5166 2923 5221 Filii
2952 5170 3214 5225 alacritatis
3234 5188 3339 5226 sum
3362 5171 3579 5245 (Coloss.
3611 5191 3650 5240 ι,
3679 5174 3792 5247 15).

2208 5261 2332 5316 Hzec
2357 5272 2517 5331 atque
2545 5260 2849 5329 hujusmodi
2889 5261 3267 5327 ratiocinatus,
3302 5264 3516 5320 intende
3553 5267 3795 5325 animum

2206 5362 2261 5410 et
2290 5354 2341 5409 in
2372 5354 2574 5409 litteras
2602 5352 2809 5407 Veteris
2839 5352 3187 5419 Testamenti,
3220 5366 3275 5412 et
3301 5357 3421 5412 vide
3449 5359 3574 5429 quid
3604 5369 3795 5417 cante-

2206 5454 2292 5501 tur
2318 5446 2370 5500 in
2394 5460 2459 5499 eo
2486 5442 2690 5515 psalmo
2714 5443 2864 5514 cujus
2889 5454 2970 5501 est
2994 5446 3198 5512 titulus,
3226 5448 3441 5515 Quando
3467 5451 3646 5506 domus
3668 5453 3797 5506 cedi-

2206 5539 2454 5609 ficabatnr
2484 5548 2594 5610 post
2623 5537 2958 5608 captivitatem
2989 5556 3009 5594 :
3040 5539 3110 5595 ibi
3154 5541 3294 5595 enim
3325 5542 3541 5611 dicitur,
3583 5542 3799 5602 Caritate

2207 5632 2424 5686 Domino
2451 5631 2701 5685 canticum
2730 5648 2930 5685 novum.
2980 5631 3045 5685 Et
3083 5647 3151 5686 ne
3191 5633 3572 5689 existimes‘ad
3609 5633 3798 5690 Judas-

2206 5742 2358 5782 orum
2388 5725 2639 5795 populum
2677 5723 3044 5779 tantummodo
3082 5726 3349 5794 pertinere
3379 5746 3391 5781 :
3434 5726 3676 5795 Cantate,
3706 5728 3800 5786 in.

2272 5833 2289 5862 ¹
2317 5832 2389 5880 sic
2410 5837 2515 5878 uss.
2539 5835 2591 5878 At
2614 5828 2747 5888 Edd.,
2773 5826 2938 5891 agnita
2957 5826 3075 5890 agit,
3102 5826 3173 5878 ita
3194 5833 3239 5878 et
3262 5826 3519 5894 prwsentia
3532 5825 3668 5895 facit.
