4090 6470
332 378 469 442 im

327 504 463 574 quit,
497 500 735 571 Domino,
766 499 928 560 omnis
953 510 1124 573 terra;
1148 515 1347 562 cantate
1376 506 1613 576 Domino,
1642 508 1914 564 benedicite

327 612 509 650 nomen
536 596 664 668 ejus,
699 598 1014 663 annuntiote,
1047 600 1130 655 vel
1158 601 1355 671 potius,
1384 602 1504 656 bene
1529 602 1776 669 nuntiate,
1806 601 1916 658 imo

325 701 384 746 ut
412 691 586 761 ipsum
617 691 840 748 verbum
869 692 1011 764 quod
1043 693 1094 749 in
1121 709 1299 764 graeco
1329 695 1556 765 positum
1588 704 1703 761 est,
1737 703 1912 751 trans-

326 783 492 839 feram
518 827 531 850 ,
564 787 904 858 euangelisate
932 787 1064 841 diem
1105 804 1167 843 ea:
1194 787 1276 843 die
1301 830 1314 854 ,
1347 790 1570 844 salutare
1605 791 1731 861 ejus.
1778 789 1912 848 Hinc

324 879 465 934 enim
495 878 844 950 Evangelium
885 891 1244 952 nuncupatum
1271 890 1387 949 est,
1420 883 1470 937 in
1499 898 1605 955 quo
1630 884 1912 939 annuntia-

324 980 411 1024 tur
437 970 552 1027 dies
577 987 642 1027 ex
669 972 774 1037 die,
809 973 1064 1029 Dominus
1089 973 1349 1041 Christus,
1380 975 1560 1030 lumen
1591 992 1656 1031 ex
1687 975 1907 1043 lumine,

322 1062 490 1118 Filius
520 1080 588 1119 ex
621 1066 794 1123 Patre.
842 1066 953 1122 Hoc
991 1068 1133 1123 enim
1166 1076 1247 1123 est
1272 1076 1326 1123 et
1366 1069 1587 1125 salutare
1618 1071 1761 1141 ejus;
1787 1070 1908 1141 quia

321 1155 554 1211 salutare
597 1156 692 1211 Dei
737 1156 976 1213 Christus
1020 1168 1136 1224 est,
1168 1159 1304 1214 sicut
1332 1169 1387 1215 et
1414 1163 1657 1231 superius
1680 1161 1787 1231 jam
1815 1161 1909 1217 de-

320 1247 735 1303 monstravimus
766 1249 862 1321 (a).
901 1268 921 1302 ι
956 1252 1279 1307 Annuntiate
1306 1253 1357 1307 in
1395 1253 1639 1322 gentibus
1681 1253 1905 1324 gloriam

316 1337 456 1406 ejus,
487 1338 539 1391 in
567 1340 815 1394 omnibus
841 1342 1049 1413 populis
1072 1342 1333 1397 mirabilia
1355 1343 1488 1414 ejus.
1512 1343 1769 1410 Quoniam
1796 1360 1909 1399 ma-

318 1443 453 1500 gnus
480 1430 739 1486 Dominus
767 1440 820 1486 et
848 1432 1128 1488 laudabilis
1155 1433 1327 1499 valde,
1362 1435 1610 1490 terribilis
1636 1444 1720 1491 est
1744 1450 1907 1505 super

318 1539 505 1579 omnes
532 1525 662 1581 deos
693 1543 705 1580 :
737 1527 982 1597 quoniam
1011 1542 1198 1581 omnes
1221 1526 1292 1581 dii
1316 1525 1565 1582 Gentium
1587 1528 1845 1582 daemonia
1878 1547 1898 1582 ι

319 1614 491 1689 (Psat.
525 1631 653 1683 xcv,
685 1617 821 1689 l-S).
864 1617 953 1673 Isti
986 1634 1111 1690 ergo
1137 1617 1333 1674 inimici
1362 1634 1483 1673 cum
1515 1634 1640 1690 rege
1664 1634 1761 1675 suo
1786 1618 1904 1675 dia-

317 1706 441 1763 bolo
466 1712 732 1781 caplivum
772 1709 1024 1765 tenebant
1062 1712 1312 1783 populum
1341 1713 1455 1768 Dei.
1501 1712 1576 1768 De
1602 1728 1703 1783 qua
1733 1711 1901 1783 capti-

317 1801 480 1855 vitate
500 1816 623 1857 cum
657 1801 990 1869 redimimur,
1027 1811 1082 1858 et
1110 1803 1353 1873 princeps
1382 1803 1539 1872 hujus
1567 1803 1750 1859 mundi
1774 1804 1900 1858 mit-

318 1890 445 1947 titur
466 1891 631 1959 foras,
657 1893 952 1948 aediﬁcatur
974 1894 1162 1949 domus
1184 1904 1303 1965 post
1321 1896 1682 1965 captivitatem
1711 1914 1724 1950 :
1748 1895 1901 1967 cujus

314 1983 452 2056 lapis
478 1985 744 2056 angularis
774 1995 855 2040 est
878 1985 1142 2053 Christus,
1173 1988 1262 2058 qui
1290 1986 1424 2042 duos
1454 1987 1693 2043 condidit
1720 1987 1772 2041 in
1804 2002 1862 2043 se
1882 2031 1897 2056 ,

318 2074 375 2129 in
402 2091 559 2130 unum
587 2092 785 2131 novum
812 2075 1100 2141 hominem,
1126 2077 1324 2132 faciens
1346 2092 1529 2148 pacem
1554 2120 1569 2145 ,
1600 2093 1758 2149 quam
1784 2078 1901 2134 dies

314 2181 381 2221 ex
409 2168 496 2222 die
512 2168 732 2224 veniens
760 2169 1140 2240 evangelizavit
1162 2167 1240 2225 eis
1264 2171 1354 2241 qui
1374 2179 1527 2226 erant
1545 2186 1728 2243 prope,
1744 2180 1799 2226 et
1820 2172 1899 2227 eis

312 2259 401 2327 qui
431 2269 585 2315 erant
618 2261 793 2331 longe,
822 2260 1019 2316 faciens
1044 2270 1265 2333 utraque
1291 2279 1451 2318 unum
1480 2262 1692 2336 (Ep/tes.
1721 2281 1779 2331 ιι,
1810 2266 1900 2320 l5-

311 2350 436 2423 2‘2);
485 2360 540 2407 et
581 2351 850 2409 adducens
894 2354 1026 2409 alias
1052 2369 1181 2410 oves
1211 2371 1330 2425 qua:
1373 2370 1479 2410 non
1530 2368 1655 2410 sunt
1695 2356 1762 2412 de
1796 2356 1897 2412 hoc

310 2446 465 2507 ovili,
499 2454 560 2499 ut
587 2446 655 2500 sit
684 2462 819 2501 unus
848 2461 975 2518 grex
1002 2456 1057 2502 et
1097 2462 1234 2503 unus
1261 2456 1443 2517 pastor
1471 2447 1649 2518 (Joan.
1679 2464 1715 2503 x
1735 2491 1750 2517 ,
1783 2446 1895 2522 16).

312 2535 378 2591 Et
402 2538 472 2591 ita
502 2539 644 2594 Deus
672 2539 812 2593 dedit
836 2540 887 2594 in
918 2541 1287 2595 misericordias
1313 2541 1718 2611 praedestinatos
1738 2558 1892 2610 suos;

306 2630 427 2698 quia
454 2647 557 2684 non
582 2631 790 2685 uolentis
815 2648 974 2702 neque
996 2633 1265 2699 currentis,
1293 2632 1382 2686 sed
1407 2634 1685 2689 miserentis
1710 2642 1781 2690 est
1803 2634 1898 2690 Dei

309 2721 487 2792 (Rom.
518 2738 567 2776 lx
589 2763 604 2784 ,
640 2720 729 2795 16)
756 2739 769 2776 :
803 2723 854 2777 in
879 2733 1148 2795 conspectu
1172 2726 1397 2779 omnium
1422 2728 1506 2798 qui
1527 2735 1759 2796 ceperant
1787 2743 1892 2781 eos.

306 2810 370 2866 Ili
400 2828 529 2884 ergo
559 2813 777 2880 inimici,
812 2813 1055 2873 diabolus
1080 2823 1134 2871 et
1161 2817 1332 2887 angeli
1363 2816 1478 2886 ejus
1502 2818 1897 2888 captivaverant

304 2907 716 2977 przedestinatos
755 2908 807 2962 in
849 2908 946 2964 Dei
975 2924 1196 2981 regnum
1228 2919 1281 2965 et
1307 2910 1528 2981 gloriam
1560 2928 1574 2965 :
1606 2926 1637 2966 a
1662 2910 1897 2968 Redem-

306 3007 462 3069 ptore
489 3008 667 3056 autem
698 3009 881 3055 nostro
909 3000 1050 3056 foras
1077 3002 1227 3057 missi
1252 3002 1340 3072 qui
1367 3001 1630 3056 dominari
1662 3000 1893 3058 inﬁdeli-

303 3090 402 3146 bus
426 3092 669 3148 solebant
697 3094 1012 3149 intrinsecus
1030 3133 1046 3159 ,
1080 3094 1264 3149 ﬁdeles
1291 3103 1597 3166 oppugnant
1624 3097 1892 3152 extrinse-

300 3198 417 3239 cus.
446 3184 553 3240 Sed
583 3194 873 3257 oppugant,
906 3202 1013 3241 non
1043 3195 1348 3257 expugnant
1371 3201 1467 3243 eos
1486 3188 1574 3257 qui
1602 3188 1895 3258 apprehen-

301 3275 433 3331 duut
464 3286 663 3332 turrem
691 3277 1063 3333 fortitudinisa
1091 3276 1227 3334 facie
1254 3278 1451 3333 inimici
1484 3278 1654 3353 (Psal.
1688 3296 1775 3345 1.x,
1811 3280 1890 3352 4).

303 3368 371 3425 Ut
396 3380 578 3425 autem
609 3380 947 3442 oppugnent,
981 3371 1217 3426 sentiunt
1256 3371 1307 3425 in
1337 3371 1492 3426 nobis
1521 3386 1640 3426 esse
1668 3371 1893 3427 inﬁrmi-

300 3463 427 3519 tatis
467 3464 750 3535 reliquias,
781 3473 1000 3535 prepter
1028 3479 1158 3535 quas
1188 3464 1448 3529 dicimus,
1501 3463 1713 3519 Dimitte
1751 3464 1894 3519 nobis

297 3553 465 3607 debita
489 3566 698 3621 nostra;
728 3567 944 3625 pr0pter
968 3570 1100 3626 quas
1126 3556 1372 3622 dicimus,
1405 3553 1486 3609 Ne
1509 3572 1600 3610 nos
1626 3556 1815 3626 inferas
1838 3557 1893 3611 in

294 3648 622 3701 (certationem
642 3691 655 3713 ,
691 3648 779 3702 sed
804 3648 957 3701 libera
978 3665 1068 3701 nos
1094 3665 1127 3702 a
1150 3648 1285 3703 malo
1312 3646 1523 3719 (Matth.
1547 3664 1618 3714 γι,
1652 3648 1740 3713 12,
1773 3650 1887 3720 15).

302 3738 395 3793 llis
417 3739 600 3810 itaque
625 3740 855 3795 inimicis
885 3739 1091 3810 ejectis,
1126 3737 1349 3810 perfecit
1371 3739 1626 3795 Dominus
1647 3739 1890 3797 Christus

296 3834 552 3887 sanitates
584 3833 635 3887 in
665 3848 917 3902 corpore,
948 3832 1032 3888 cui
1062 3840 1223 3902 caput
1246 3840 1330 3887 est
1356 3832 1469 3901 ipse
1490 3831 1736 3888 Salvator
1764 3846 1889 3888 cor-

297 3927 441 3995 poris
470 3924 688 3999 (Ephes.
720 3943 772 3993 v,
798 3925 915 4000 25),
949 3935 1004 3981 ut
1036 3926 1090 3980 in
1123 3940 1188 3982 eo
1216 3925 1329 3995 ipso
1356 3939 1580 3994 corpore
1608 3940 1705 3981 suo
1732 3927 1885 3982 tertia

295 4028 717 4078 consummetur.
737 4018 825 4074 Sic
853 4019 995 4074 enim
1023 4018 1175 4085 dixit,
1201 4017 1331 4073 Ecce
1347 4017 1494 4088 ejicio
1523 4018 1805 4083 dtemonia,
1838 4026 1886 4073 et

294 4112 535 4166 sanitates
577 4112 782 4182 perﬁcio
829 4112 1069 4167 hodie'et
1109 4128 1250 4178 cras,
1300 4121 1345 4165 et
1376 4111 1523 4165 tertia
1564 4128 1884 4168 consummor

295 4202 443 4276 (Luc.
465 4219 579 4270 xm,
600 4202 689 4276 32)
710 4220 725 4270 ;
749 4203 799 4258 id
813 4212 915 4269 est,
939 4203 1205 4274 pcrﬁcior,
1221 4203 1621 4260 occurrentibus
1636 4205 1882 4261 omnibus

291 4296 447 4367 nobis
474 4297 527 4352 in
553 4297 724 4352 virum
758 4296 1070 4369 perfectum,
1099 4297 1151 4352 in
1182 4312 1489 4353 mensuram
1519 4297 1690 4352 mtatis
1710 4297 1882 4368 pleni-

290 4387 493 4444 tudinis
514 4388 707 4445 Christi
737 4389 755 4459 (
780 4388 969 4461 Ephes.
996 4406 1047 4443 tv
1074 4432 1085 4453 ,
1120 4388 1237 4459 I5).

359 4481 449 4538 57.
475 4479 646 4555 [θεῖε.
674 4482 741 4537 47
765 4524 779 4549 ,
799 4480 903 4555 48]
932 4482 1114 4552 Itaque
1142 4482 1327 4552 ejectis
1353 4481 1632 4538 daemoniis
1652 4524 1668 4551 ,
1698 4496 1727 4537 a
1757 4482 1877 4554 qui-

288 4572 387 4631 bus
438 4574 633 4647 captivi
678 4574 1025 4641 tenebamur,
1074 4574 1284 4644 perﬁcit
1325 4576 1599 4631 sanitates.
1652 4574 1774 4631 ldeo
1820 4584 1875 4631 et

287 4665 374 4722 hic
402 4683 523 4723 cum
549 4667 802 4734 dixisset,
826 4667 892 4721 Et
913 4668 1049 4722 dedit
1070 4684 1152 4724 eos
1172 4669 1224 4722 in
1251 4669 1645 4735 misericordias,
1677 4671 1730 4725 in
1752 4685 1874 4724 con-

286 4767 462 4831 spectu
484 4760 708 4815 omnium
737 4760 825 4833 qui
852 4767 1084 4831 ceperant
1114 4775 1234 4827 eos;
1266 4771 1515 4831 tanquam
1542 4760 1727 4833 ejectis
1757 4761 1868 4818 dte-

283 4855 479 4911 moniis
502 4856 593 4926 qui
622 4865 876 4926 ceperant
900 4898 915 4921 ,
947 4855 1005 4909 lit
1031 4855 1201 4910 oratio
1226 4863 1283 4909 ut
1322 4855 1565 4925 perﬁciat
1589 4856 1866 4914 sanitates.

285 4945 470 5003 Salvos
498 4958 592 5002 nos
617 4950 700 5020 [ac
724 4989 737 5014 ,
766 4945 986 5001 Domine
1007 4945 1146 5001 Deus
1176 4956 1344 5001 noster
1361 4989 1375 5013 ,
1409 4956 1457 5002 et
1498 4964 1747 5021 congrega
1776 4965 1868 5006 nos

282 5037 343 5093 de
365 5039 657 5094 nationibus
679 5081 694 5106 ,
724 5039 806 5095 vel
826 5080 841 5104 ,
865 5040 1000 5094 sicut
1025 5039 1113 5093 alii
1142 5037 1354 5094 codices
1384 5038 1616 5107 habent,
1641 5042 1704 5094 de
1730 5038 1865 5095 Gen-

279 5132 450 5199 tibus;
476 5141 535 5188 ut
560 5133 892 5203 conﬁteantur
928 5133 1119 5187 nomini
1147 5141 1322 5186 sancto
1355 5142 1438 5186 tuo
1464 5174 1477 5198 ,
1511 5141 1557 5187 et
1582 5133 1860 5205 gloriemur

276 5214 510 5279 infande
533 5234 640 5280 tua.
674 5224 874 5281 Deinde
898 5225 1132 5281 breviter
1159 5224 1385 5295 subjecit
1416 5224 1585 5296 ipsam
1618 5224 1823 5280 laudem
1843 5266 1861 5294 ,

278 5315 583 5373 Benedictus
619 5317 867 5373 Dominus
891 5316 1026 5373 Deus
1054 5317 1255 5385 Israel,
1280 5333 1312 5371 a
1340 5317 1524 5372 smcuio
1548 5326 1594 5373 et
1620 5334 1776 5391 usque
1810 5320 1863 5373 in

276 5410 519 5466 sarculum
554 5425 575 5467 :
610 5410 752 5482 quod
800 5411 1182 5482 intelligimus,
1230 5411 1297 5467 ab
1340 5420 1542 5467 mterno
1589 5426 1760 5482 usque
1806 5412 1861 5467 in

276 5511 574 5568 aeternum;
616 5504 737 5575 quia
768 5504 883 5559 sine
912 5503 1016 5560 ﬁne
1044 5503 1347 5559 laudabitur
1375 5504 1442 5559 ab
1470 5504 1549 5560 eis
1577 5503 1644 5559 de
1667 5505 1860 5576 quibus

275 5593 493 5662 dicitur,
524 5593 671 5650 Beati
690 5596 777 5666 qui
803 5596 1031 5650 habitant
1051 5597 1103 5651 in
1125 5594 1276 5651 domo
1312 5607 1398 5651 tua
1418 5638 1433 5662 ,
1458 5598 1512 5652 in
1540 5601 1726 5653 stecut'a
1763 5616 1861 5654 sat-

278 5701 510 5742 cmorum
538 5684 817 5743 laudabunt
848 5696 895 5742 te
918 5686 1100 5760 (Psal.
1121 5703 1318 5743 Lxxxm
1338 5729 1352 5752 ,
1380 5688 1470 5760 5).
1500 5688 1617 5760 Ipsa
1645 5700 1729 5746 est
1752 5700 1861 5747 ter-

280 5777 349 5834 tia
374 5782 769 5837 consummatio
784 5782 1026 5853 corporis
1046 5779 1264 5848 Christi,
1298 5780 1482 5853 ejectis
1502 5782 1782 5842 dzemoniis
1806 5793 1861 5843 et

333 5888 409 5955 (α)
432 5896 603 5957 Supra,
625 5905 678 5945 ιι.
698 5893 752 5945 5.

549 5978 780 6045 SANC’I‘.
824 5979 1089 6047 Auens'r
1151 5978 1261 6047 IV.

1424 380 1816 448 ENARRATIO
1856 390 1920 448 IN
1958 373 2278 456 PSALMUM
2314 392 2422 458 ev.

3470 422 3608 485 1418

2027 512 2275 581 perfectis
2305 510 2617 577 sauitatibu‘s
2639 563 2655 590 ,
2705 530 2872 596 usque
2899 520 2967 582 ad
2997 524 3162 599 ipsius
3208 536 3449 604 corporis
3492 542 3604 596 im-

2018 607 2413 676 mortalitatem,
2443 626 2663 684 regnum
2694 616 3076 688 sempiternum
3106 624 3345 694 perfecte
3382 628 3605 691 laudan-

2020 696 2171 766 tium,
2201 702 2321 772 quia
2343 704 2577 774 perfecte
2596 710 2919 768 amantium:
2960 715 3194 785 perfecte
3214 733 3392 779 autem
3415 740 3602 783 aman-

2018 789 2169 859 tium,
2188 795 2309 865 quia
2334 796 2464 854 facie
2483 800 2549 856 ad
2570 801 2757 859 faciem
2772 810 3264 880 eontemplantium.
3289 816 3436 873 Tunc
3457 823 3600 876 enim

2020 881 2323 950 perﬁcietur
2366 889 2507 956 quod
2552 891 2602 945 in
2643 895 2933 963 primordio
2956 902 3151 971 psalmi
3186 906 3341 974 hujus
3386 921 3598 968 oratum

2020 983 2142 1029 est:
2181 994 2199 1028 ι
2225 977 2490 1036 Memento
2520 986 2722 1051 nostri,
2769 988 3026 1058 Domine,
3060 995 3112 1048 in
3154 996 3484 1068 bencplacito
3508 1018 3601 1073 poo‘
3694 1042 3697 1043 ν

2012 1066 2125 1135 puli
2174 1069 2286 1135 tui;
2317 1072 2469 1128 visita
2503 1091 2600 1132 nos
2630 1078 2681 1132 in
2720 1082 2935 1153 salutari
2959 1094 3081 1152 tuo,
3115 1090 3180 1143 ad
3215 1066 3522 1149 vid—tendum-
3545 1098 3596 1150 in

2013 1155 2250 1215 bonitate
2276 1163 2567 1220 electorum
2612 1177 2857 1239 tuorum,
2887 1174 2951 1229 ad
2994 1178 3278 1236 laetandum
3319 1186 3371 1239 in
3419 1187 3595 1243 Letitia

2015 1252 2186 1320 gentis
2232 1263 2372 1324 ture,
2397 1266 2455 1312 ut
2498 1258 2729 1316 lauderis
2771 1280 2888 1320 cum
2939 1267 3249 1329 hwreditatc
3290 1289 3395 1331 tua.
3425 1299 3443 1331 ι
3477 1280 3595 1334 Non

2010 1344 2150 1398 enim
2180 1345 2245 1400 de
2272 1346 2533 1405 Gentibus
2563 1355 2577 1384 ³
2612 1354 2755 1408 Salas
2793 1372 3080 1431 congregat
3108 1380 3234 1420 oves
3262 1385 3378 1437 quae
3413 1372 3591 1440 peric-

2009 1443 2135 1490 runt
2172 1437 2363 1493 domus
2411 1442 2570 1499 Israel
2602 1444 2826 1516 (Matth.
2860 1467 2961 1518 xv,
2986 1452 3057 1508 24
3081 1454 3127 1525 ),
3163 1459 3254 1511 sed
3297 1437 3454 1515 etiam
3499 1479 3593 1516 cas

2008 1545 2125 1599 qua:
2152 1547 2256 1585 non
2289 1544 2412 1588 sunt
2439 1536 2506 1591 de
2553 1538 2641 1593 illo
2670 1541 2831 1607 ovili;
2867 1552 2922 1598 ut
2950 1546 3033 1619 sit]
3065 1562 3194 1618 grex
3228 1568 3391 1620 unus,
3422 1563 3480 1609 ut
3508 1555 3593 1609 di-

2007 1630 2149 1676 ctum
2181 1630 2294 1688 est,
2324 1636 2376 1681 et
2406 1642 2540 1682 unus
2570 1640 2769 1698 pastor.
2797 1632 2966 1689 Judaei
2996 1652 3123 1693 vero
3166 1656 3285 1696 cum
3315 1655 3498 1714 putant
3525 1647 3592 1702 ad

2006 1729 2159 1770 suum
2206 1732 2424 1788 regnum
2458 1722 2668 1778 visibile
2699 1725 2854 1781 istam
2904 1730 3173 1798 pertinere
3217 1736 3550 1806 prophetiam
3573 1781 3590 1805 ,

2005 1806 2128 1875 quia
2160 1823 2255 1878 spe
2286 1811 2628 1870 iuvisihilium
2666 1816 2927 1875 bonorum
2953 1823 3188 1893 gaudere
3227 1843 3334 1884 non
3363 1842 3591 1900 norunt;

2006 1899 2057 1954 in
2086 1900 2303 1971 laqueos
2332 1906 2471 1961 illius
2514 1911 2702 1965 ruituri
2731 1922 2887 1979 sunt,
2919 1916 2989 1971 de
3030 1933 3137 1989 quo
3167 1921 3426 1981 Dominus
3470 1927 3543 1982 ait

2010 2011 2030 2044 ι
2060 1992 2172 2065 Ego
2201 1998 2318 2052 veni
2345 2000 2398 2053 in
2424 2003 2639 2058 nomine
2669 2005 2837 2061 Patris
2871 2011 2977 2064 mei
3002 2053 3016 2078 ,
3046 2020 3099 2067 et
3127 2030 3234 2069 non
3278 2021 3590 2089 suscepistis

2005 2100 2120 2151 me;
2152 2088 2289 2143 alius
2316 2092 2492 2148 veniet
2539 2095 2591 2149 in
2643 2100 2857 2155 nomine
2901 2115 2998 2156 suo
3023 2144 3037 2166 ,
3071 2104 3209 2160 hunc
3230 2109 3531 2179 suscipietis
3561 2130 3584 2165 ι

2006 2178 2179 2247 (Joan.
2222 2197 2271 2245 ν,
2304 2183 2374 2237 45
2397 2187 2436 2253 ).
2467 2185 2540 2241 De
2559 2202 2667 2258 quo
2695 2193 2970 2258 apostolus
2992 2194 3189 2252 Paulus
3218 2178 3387 2268 dicit,
3410 2221 3429 2256 ι
3453 2204 3588 2272 Quia

2002 2272 2323 2328 revelabitur
2351 2276 2511 2331 homo
2542 2283 2774 2350 peccati,
2808 2284 2947 2342 illius
2975 2288 3243 2359 interitus,
3275 2296 3363 2364 qui
3390 2296 3585 2353 adver-

2001 2371 2148 2418 satur
2200 2375 2252 2421 et
2301 2373 2736 2439 superextollitnr
2784 2393 2945 2448 supra
2996 2398 3155 2439 omne
3203 2387 3345 2454 quod
3388 2389 3588 2446 dicitur

2006 2455 2178 2525 Deus,
2210 2468 2301 2513 ant
2325 2464 2465 2532 quod
2496 2467 2706 2530 colitur,
2742 2470 2810 2524 ita
2840 2480 2896 2526 ut
2936 2475 2985 2527 in
3017 2478 3217 2547 templo
3247 2480 3335 2534 Dci
3363 2482 3584 2552 sedeat,

2003 2549 2632 2627 ostendenssetanquam
2659 2562 2727 2615 sit
2754 2562 2911 2618 Deus.
2928 2585 2945 2618 ι
2970 2566 3037 2620 Et
3054 2571 3212 2638 paulo
3224 2584 3364 2641 post,
3398 2592 3418 2625 ι
3438 2549 3586 2631 Tune

2000 2643 2343 2714 revelabitur,
2375 2667 2394 2701 ι
2428 2649 2614 2721 inquit,
2651 2673 2671 2706 ι
2694 2654 2926 2726 iniquus,
2956 2675 3113 2730 quem
3148 2663 3404 2722 Dominus
3431 2670 3586 2725 Iesus

1998 2734 2280 2795 interﬁciat
2309 2744 2496 2812 spiritu
2527 2747 2635 2801 oris
2662 2750 2776 2815 sui,
2813 2760 2866 2807 et
2889 2756 3169 2812 evacuabit
3197 2760 3585 2819 illmninalione

1999 2834 2295 2899 praesentia:
2324 2849 2435 2891 sua:
2470 2852 2622 2905 eum,
2669 2842 2819 2912 cujus
2850 2854 2932 2900 est
2972 2852 3258 2917 praesentia
3288 2856 3583 2912 secundum

1997 2924 2363 2992 operationem
2391 2939 2612 2997 satautc,
2646 2932 2695 2985 in
2723 2936 2866 2990 omni
2897 2938 3089 2994 virtute
3118 2950 3173 2996 et
3198 2942 3363 3013 signis
3387 2956 3438 3000 et
3464 2963 3585 3017 pro-

1996 3011 2152 3085 digiis
2179 3018 2437 3075 mendacii
2458 3062 2474 3085 ,
2503 3031 2556 3077 et
2585 3022 2635 3077 in
2667 3026 2810 3081 omni
2840 3028 3152 3089 seductione
3179 3011 3479 3105 iniquitatis
3499 3040 3586 3098 his

1997 3106 2087 3177 qui
2118 3121 2379 3177 pereunt,
2422 3129 2520 3183 pro
2556 3130 2621 3171 eo
2668 3118 2807 3187 quod
2835 3120 3178 3181 dilectionem
3208 3130 3444 3187 veritatis
3474 3149 3584 3192 non

1998 3210 2345 3271 receperunt,
2372 3211 2430 3258 ut
2454 3207 2589 3260 salvi
2620 3210 2843 3277 ﬁerent;
2877 3222 2931 3269 et
2962 3216 3084 3272 ideo
3112 3219 3287 3275 mittet
3310 3224 3412 3277 illis
3438 3225 3582 3281 Deus

1997 3292 2361 3360 operationem
2392 3299 2626 3366 erroris,
2661 3310 2721 3355 ut
2748 3304 2969 3361 credant
3013 3310 3321 3378 mendacio,
3357 3324 3412 3369 et
3434 3315 3581 3385 judi-

1996 3391 2183 3439 centur
2205 3400 2393 3442 omnes
2422 3389 2513 3459 qui
2542 3406 2647 3445 non
2678 3394 3023 3453 crediderunt
3050 3404 3294 3470 veritati,
3324 3407 3417 3461 sed
3444 3425 3581 3465 con-

1996 3485 2281 3532 senserunt
2321 3479 2581 3565 iniquitati
2612 3501 2633 3535 ι
2668 3482 2734 3557 (ιι
2768 3485 2942 3541 Thess.
2966 3505 3024 3556 ιι,
3054 3492 3237 3565 5-H).
3270 3496 3373 3551 Per
3414 3499 3576 3556 istum

1996 3566 2233 3638 refugam
2256 3611 2270 3634 ,
2301 3562 2397 3640 per
2422 3573 2579 3628 istum
2604 3576 2693 3645 qui
2722 3591 2781 3634 se
2807 3581 3012 3636 extollit
3061 3562 3217 3656 supra
3254 3604 3412 3646 omne
3437 3594 3580 3663 quod

1996 3659 2190 3757 dicitur
2214 3663 2371 3731 Deus,
2406 3674 2498 3721 aut
2521 3669 2662 3739 quod
2692 3672 2906 3741 colitur,
2940 3676 3146 3735 videtur
3167 3682 3296 3738 mihi
3327 3659 3579 3757 populum

1994 3751 2351 3813 Israelitarum
2380 3762 2673 3819 carnalium
2703 3775 3003 3836 putaturum
3029 3771 3237 3843 impleri
3264 3751 3415 3833 istani
3444 3796 3578 3852 pro-

1994 3845 2229 3916 phetiam
2257 3866 2359 3920 qua
2385 3852 2585 3909 dictum
2611 3865 2728 3922 est,
2754 3858 2936 3915 Salvos
2957 3878 3048 3917 nos
3070 3867 3172 3935 fac,
3201 3866 3421 3925 Domine
3439 3845 3578 3929 Deus

1994 3951 2183 4009 noster,
2213 3954 2261 3997 et
2286 3961 2536 4018 congrege
2574 3967 2667 4005 nos
2704 3953 2768 4007 de
2794 3953 3073 4024 Gentibus;
3108 3962 3248 4031 quod
3280 3964 3368 4018 illo
3395 3965 3531 4022 duce
3550 4010 3570 4036 ,

1989 4040 2136 4096 velut
2182 4043 2234 4098 in
2278 4056 2567 4117 conspectu
2607 4049 2942 4108 inimicorum
2977 4069 3194 4111 suorum
3240 4059 3526 4117 visibilium
3552 4105 3571 4131 ,

1989 4133 2083 4203 qui
2109 4147 2204 4190 eos
2258 4137 2539 4194 visibiliter
2582 4143 3009 4212 captivaverant,
3038 4144 3268 4204 habituri
3312 4152 3572 4208 sintvisi-

1986 4224 2147 4282 bilem
2177 4229 2422 4299 gloriam.
2468 4232 2555 4288 Sic
2585 4235 2806 4291 credent
2830 4238 3109 4294 mendacio
3130 4282 3145 4308 ,
3174 4244 3294 4312 quia
3320 4244 3570 4300 dilectio-

1986 4335 2108 4376 nem
2134 4324 2371 4379 veritatis
2397 4340 2503 4380 non
2534 4338 2884 4398 receperunt,
2915 4340 2975 4386 ut
3004 4347 3109 4387 non
3140 4334 3277 4389 bona
3308 4337 3566 4404 carnalia,

1982 4413 2077 4470 sed
2102 4416 2396 4486 spiritualia
2421 4421 2880 4491 concupiscerent.
2909 4423 2998 4478 Sic
3022 4425 3165 4480 enim
3190 4439 3220 4479 a
3247 4426 3459 4483 diabolo
3480 4428 3570 4484 de-

1981 4510 2119 4580 cepti
2147 4520 2303 4577 sunt,
2335 4512 2391 4567 ut
2410 4513 2715 4570 occiderent
2732 4513 2999 4572 Christum
3022 4560 3035 4584 ,
3062 4519 3273 4589 quando
3295 4520 3563 4590 dixerunt,

1986 4619 2006 4654 ι
2035 4600 2093 4658 Si
2122 4602 2437 4660 dimittimus
2462 4622 2581 4661 cum
2608 4607 2722 4673 sic,
2751 4625 2939 4665 omnes
2967 4610 3190 4667 credent
3216 4612 3267 4667 iu
3310 4628 3430 4669 eum
3458 4654 3474 4679 ,
3508 4622 3567 4669 et

1978 4695 2192 4750 venient
2210 4696 2434 4753 Romani
2454 4740 2470 4767 ,
2503 4708 2556 4754 et
2583 4700 2770 4757 tollent
2799 4712 3039 4759 nostrum
3065 4712 3121 4761 et
3148 4706 3325 4762 locum
3352 4716 3407 4763 et
3428 4724 3559 4778 gen-

1978 4794 2083 4842 tem
2104 4804 2118 4840 :
2142 4806 2162 4842 ι
2196 4789 2407 4859 quando
2435 4808 2453 4842 ι
2472 4788 2700 4860 Caiphas
2720 4808 2857 4849 unus
2873 4809 2937 4850 ex
2952 4795 3100 4865 ipsis,
3118 4811 3238 4851 cum
3256 4807 3397 4852 esset
3426 4812 3564 4867 pon-

1976 4881 2100 4935 tifex
2126 4881 2251 4935 anni
2280 4882 2419 4937 illius
2439 4924 2454 4949 ,
2501 4882 2636 4939 dixit
2658 4885 2736 4940 eis
2760 4926 2775 4952 ,
2819 4885 2929 4943 Vos
2957 4889 3174 4944 nescitis
3223 4890 3510 4960 quidquam
3536 4932 3554 4957 ,

1975 4988 2075 5029 nec
2118 4974 2365 5045 cogitatis
2391 4975 2511 5046 quia
2542 4976 2758 5048 expedit
2794 4977 2951 5035 nobis
2977 4982 2998 5013 ²
3029 4988 3085 5035 ut
3122 4981 3379 5037 moriatur
3422 4997 3561 5039 unus

1974 5065 2136 5122 homo
2156 5082 2251 5137 pro
2268 5069 2483 5138 populo,
2502 5077 2671 5125 etnon
2689 5079 2796 5127 tota
2819 5088 2950 5144 gens
2965 5082 3167 5144 pereat.
3186 5075 3296 5129 lloc
3316 5082 3552 5141 autem,»

1972 5159 2108 5214 sicut
2133 5160 2469 5231 Evangelista
2495 5162 2789 5231 intellexit,
2821 5184 2840 5217 ι
2862 5180 2965 5220 non
2992 5180 3021 5218 a
3051 5165 3230 5236 seipso
3255 5166 3427 5234 dixit,
3459 5166 3558 5225 sed

1972 5267 2093 5307 cum
2122 5261 2265 5308 esset
2288 5254 2525 5323 pontifex
2552 5256 2677 5311 anni
2710 5256 2869 5323 illius,
2893 5255 3229 5327 prophetavit
3250 5260 3371 5328 quia
3397 5259 3555 5315 Jesus

1971 5346 2263 5400 moriturus
2288 5354 2405 5401 erat
2432 5360 2530 5418 pro
2554 5357 2740 5419 gente;
2769 5356 2822 5402 et
2851 5362 2953 5403 non
2978 5356 3181 5403 tantum
3206 5366 3302 5419 pro
3330 5360 3548 5422 gente”

1970 5435 2025 5492 id
2044 5446 2148 5501 est,
2162 5452 2258 5507 pro
2279 5437 2465 5494 ovibus
2486 5454 2605 5510 quae
2627 5439 2893 5510 perierant
2909 5438 3102 5494 domus
3117 5439 3302 5508 Israel,
3338 5462 3357 5495 ι
3376 5444 3467 5499 sed
3491 5452 3555 5499 ut

1969 5526 2106 5585 ﬁlios
2147 5528 2243 5585 Dei
2278 5530 2369 5601 qui
2412 5538 2568 5585 erant
2595 5529 2845 5600 dispersi,
2877 5541 3227 5601 congregaret
3252 5533 3303 5587 in
3341 5549 3501 5589 unum
3525 5551 3550 5587 ι

1970 5620 2163 5695 (Joan.
2218 5637 2305 5687 χι,
2358 5621 2580 5693 48-52).
2609 5621 2851 5677 Habebat
2894 5620 3039 5677 enim
3079 5623 3214 5679 alias
3253 5639 3383 5680 oves
3433 5639 3554 5696 qua:

1978 5808 1984 5834 ς
2032 5773 2176 5823 ιἈςω.
2201 5779 2254 5825 et
2272 5776 2407 5832 Lov.,
2427 5766 2491 5820 de
2511 5764 2715 5820 Judtu's.
2752 5766 2923 5821 Helius
2944 5774 3021 5820 Er.
3046 5776 3100 5822 et
3134 5776 3263 5834 κει,
3306 5770 3371 5823 de
3391 5776 3553 5823 Gentis

2032 5898 2205 5961 inid,
2229 5894 2371 5949 vobis.
2399 5900 2453 5945 At
2467 5899 2575 5945 Mss.
2603 5894 2741 5959 juxta
2762 5900 2932 5957 Grato,
2949 5894 3103 5949 nobis.

2686 5980 3298 6069 (Quurante-cinq.)
