4090 6566
263 523 292 580 1
305 519 398 580 iii

267 643 502 695 constat.
534 629 803 704 Quidquid
835 641 982 702 ergo,
1010 639 1131 684 cum
1155 624 1366 696 loquor,
1398 618 1679 691 agnoveris
1705 615 1757 670 in
1787 623 1860 682 te,

266 729 513 802 quisquis
544 735 797 798 expertus
823 738 882 778 es
901 764 915 785 ,
949 718 1059 775 noli
1088 715 1369 788 cogitando
1396 711 1544 784 quasi
1583 721 1863 764 remanere

265 797 323 880 in
355 797 446 890 te,
480 829 535 876 et
561 829 748 890 putare
776 815 917 888 quod
951 807 1008 870 in
1037 811 1154 867 solo
1185 821 1234 865 te
1261 805 1554 878 contingit;
1584 802 1678 858 sed
1704 797 1863 856 crede

267 915 369 970 ista
393 913 710 982 contingere
732 918 824 963 aut
850 908 900 961 in
927 903 1198 968 omnibus,
1227 909 1318 956 aut
1341 913 1507 970 prope
1533 896 1585 950 in
1613 891 1862 948 omnibus

267 1007 358 1077 qui
385 1005 606 1060 veniunt
633 1001 700 1057 ad
731 1001 872 1055 hunc
913 995 1202 1068 populum,
1232 999 1285 1047 et
1319 991 1387 1047 de
1415 1003 1576 1044 manu
1615 985 1862 1042 inimico-

267 1114 390 1154 rum
421 1097 660 1168 pretioso
687 1091 945 1164 sanguine
973 1089 1324 1145 redimuntur.

339 1191 396 1244 4.
441 1187 786 1258 Repetiturus
815 1193 897 1240 est
934 1183 1080 1238 enim
1120 1177 1334 1234 assidue
1363 1171 1507 1245 quod
1535 1168 1866 1227 cautavimus

267 1284 433 1341 modo
465 1302 481 1339 :
510 1281 859 1352 Conﬁteantur
893 1276 1114 1332 Domino
1148 1271 1492 1328 miserationes
1523 1267 1632 1338 ejus
1652 1307 1666 1332 ,
1695 1271 1741 1318 et
1766 1261 1865 1315 mi-

274 1377 460 1432 rabilia
488 1377 597 1447 ejus
628 1375 748 1445 ﬁliis
775 1371 1054 1427 hominum.
1087 1369 1223 1424 Istos
1249 1379 1463 1431 versus,
1493 1367 1746 1432 quantum
1776 1355 1870 1410 ad-

267 1478 485 1524 vertere
523 1465 704 1537 potui,
739 1463 881 1536 quod
921 1461 1144 1534 potestis
1171 1466 1227 1514 et
1255 1471 1380 1523 vos,
1411 1461 1598 1526 quater
1636 1447 1864 1520 repetit;

269 1561 323 1617 in
352 1571 460 1630 quo
491 1571 746 1622 numero,
776 1563 1032 1626 quantum
1063 1551 1294 1607 Domino
1325 1547 1614 1618 adjuvante
1642 1539 1867 1598 scrutari

267 1651 542 1707 valuimus
562 1693 576 1714 ,
605 1645 870 1718 signiﬁcat
899 1643 1055 1700 nobis
1082 1651 1308 1714 quatuor
1334 1637 1589 1709 quasdam
1619 1631 1870 1689 tentatio-

269 1759 396 1810 nes,
431 1759 500 1798 ex
529 1741 721 1813 quibus
747 1755 847 1796 nos
877 1739 1066 1793 liberat
1094 1737 1178 1790 cui
1207 1731 1530 1790 conﬁtentur
1559 1743 1670 1782 sum
1701 1726 1866 1781 mise-

269 1835 528 1892 rationes.
557 1831 664 1889 Fac
687 1831 831 1888 enim
861 1827 1132 1884 hominem
1156 1825 1328 1896 primo
1356 1819 1485 1877 nihil
1514 1824 1866 1890 quaerentem,

272 1925 568 1984 secundum
613 1925 772 1979 vitam
827 1931 1059 1977 veterem
1109 1913 1410 1973 seductoria
1461 1911 1746 1967 securitate
1793 1909 1871 1964 vi-

271 2033 518 2086 ventem,
546 2017 682 2075 nihil
725 2024 997 2088 putantem
1038 2009 1182 2069 aliud
1221 2024 1340 2065 esse
1383 2015 1502 2078 post
1539 2005 1678 2060 hanc
1707 2003 1868 2057 vitam

275 2113 594 2186 quandoque
632 2108 953 2174 ﬁniendam;
991 2104 1349 2175 negligentem
1379 2097 1662 2170 quemdam
1691 2101 1748 2150 et
1783 2107 1870 2148 so-

277 2207 495 2264 cordem
515 2248 530 2274 ,
557 2206 804 2261 obrutum
833 2216 926 2257 cor
959 2199 1244 2254 habentem
1276 2191 1544 2248 illecebris
1573 2185 1788 2252 mundi,
1818 2193 1873 2241 et

275 2297 569 2366 mortiferis
607 2291 1049 2351 delectationibus
1092 2286 1427 2356 consopitum
1466 2300 1478 2337 :
1517 2290 1576 2336 ut
1613 2279 1874 2335 excitetur

269 2389 380 2447 iste
408 2389 475 2444 ad
503 2387 842 2460 quaerendam
872 2382 1097 2455 gratiam
1133 2380 1232 2435 Dci
1251 2421 1264 2446 ,
1297 2385 1354 2432 ut
1381 2375 1472 2429 ﬁat
1498 2371 1788 2436 sollicitus,
1819 2377 1874 2425 et

281 2493 536 2556 tanquam
564 2484 631 2539 de
661 2495 850 2538 somno
876 2477 1107 2550 evigilet,
1137 2487 1316 2530 nonne
1341 2483 1531 2527 manus
1559 2466 1654 2522 Dei
1680 2465 1874 2520 excitat

278 2578 440 2634 eum?
471 2575 580 2633 Sed
611 2585 788 2630 tamen
815 2587 845 2627 a
871 2585 979 2642 quo
1008 2567 1077 2624 sit
1103 2565 1394 2631 excitatus,
1425 2563 1652 2634 ignorat.
1687 2557 1875 2629 incipit

283 2677 464 2724 autem
488 2681 607 2723 esse
632 2665 741 2737 jam
769 2663 862 2718 Dei
887 2663 926 2729 ί,
953 2675 1072 2715 cum
1095 2655 1403 2728 cognoverit
1425 2650 1665 2708 veritatis
1690 2647 1870 2705 ﬁdem.
1925 2653 1936 2668 ‘

277 2759 386 2818 Sed
414 2771 698 2831 antequam
729 2761 1040 2827 cognoscat,
1072 2749 1222 2806 dolet
1245 2761 1484 2804 errorem
1514 2757 1690 2799 suum.
1721 2739 1873 2798 luve-

281 2858 356 2912 nit
381 2857 528 2912 enim
555 2867 614 2908 se
640 2853 692 2906 in
717 2863 920 2914 errore,
944 2845 1058 2902 vult
1083 2855 1408 2916 cognoscere
1433 2829 1733 2904 veritatem,
1761 2835 1877 2905 pul-

282 2957 366 3004 sat
391 2946 480 3001 ubi
523 2951 730 3018 potest,
761 2948 929 2996 tentat
957 2935 1099 3009 quod
1131 2941 1340 3006 potest,
1377 2939 1598 3002 vagatur
1635 2943 1736 3000 qua
1769 2940 1874 3008 po-

281 3047 409 3106 test,
434 3037 629 3093 famem
654 3035 812 3092 etiarn
845 3032 1038 3104 patitur
1065 3027 1228 3100 ipsius
1252 3023 1516 3081 veritatis.
1545 3021 1722 3078 Prima
1749 3033 1877 3090 ergo

279 3131 507 3188 tentatio
533 3139 615 3186 est
641 3127 841 3183 erroris
868 3133 919 3180 et
947 3122 1121 3178 famis.
1141 3115 1249 3176 Ubi
1275 3119 1328 3174 in
1358 3118 1456 3171 hac
1483 3113 1775 3170 tentatione
1797 3109 1876 3166 fa-

281 3225 480 3297 tigatus
513 3219 894 3280 exclamaverit
933 3215 998 3272 ad
1039 3217 1247 3280 Deum,
1282 3209 1597 3292 perducitur
1632 3207 1699 3271 ad
1737 3207 1877 3262 viam

283 3317 430 3382 ﬁdei,
455 3315 603 3371 unde
631 3311 848 3384 incipiat
875 3323 1096 3382 pergere
1119 3305 1185 3360 ad
1210 3305 1481 3360 civitatem
1510 3299 1721 3372 quietis.
1750 3299 1879 3354 Per-

283 3413 498 3469 ducitur
535 3423 664 3479 ergo
706 3406 773 3461 ad
820 3403 1124 3466 Christum,
1161 3397 1250 3470 qui
1291 3397 1423 3452 dixit
1454 3413 1470 3450 :
1497 3392 1610 3466 Ego
1650 3410 1762 3454 sum
1799 3391 1879 3446 uia

288 3507 468 3582 (Joan.
500 3521 610 3569 xw,
638 3501 718 3572 6).

359 3601 414 3656 5.
446 3598 580 3652 Cum
610 3609 735 3666 ergo
765 3589 838 3647 ibi
864 3587 1060 3652 fuerit,
1092 3583 1199 3656 jam
1232 3583 1409 3637 sciens
1441 3577 1567 3650 quid
1597 3577 1882 3632 observare

283 3690 504 3756 debeat,
533 3697 913 3754 nonnunquam
942 3677 1166 3733 multum
1193 3673 1292 3730 sibi
1323 3669 1628 3737 tribuendo,
1656 3677 1708 3725 et
1729 3668 1882 3738 quasi

287 3783 359 3840 de
399 3783 509 3839 suis
546 3779 746 3834 viribus
785 3769 1191 3846 praesumendo,
1223 3767 1406 3836 incipit
1433 3763 1722 3832 confligere
1748 3761 1885 3817 velle

287 3885 474 3932 contra
507 3877 720 3944 peccata
741 3911 754 3938 ,
783 3877 837 3923 et
869 3873 1085 3938 propter
1111 3859 1410 3931 superbiam
1441 3855 1698 3930 superari.
1725 3851 1885 3912 Inve-

287 3970 372 4028 nit
396 3983 524 4040 ergo
551 3981 610 4021 se
635 3965 848 4035 ligatum
876 3953 1279 4015 difﬁcultatibus
1303 3949 1672 4020 cupiditatum,
1699 3955 1753 4004 et
1777 3961 1886 4002 non

289 4075 454 4134 posse
477 4059 616 4114 viam
647 4063 863 4127 propter
891 4047 1175 4120 compedes
1201 4045 1470 4102 ambulare
1494 4060 1509 4098 :
1537 4041 1798 4098 inclusum
1829 4053 1889 4098 se

290 4133 459 4212 sentit
485 4149 798 4208 difﬁcultate
825 4143 1074 4202 vitiorum
1099 4157 1115 4208 ;
1143 4147 1198 4196 et
1225 4147 1475 4208 tanquam
1507 4149 1660 4190 muro
1687 4133 1889 4204 impos-

291 4245 566 4305 sibilitatis
593 4249 794 4304 erecto,
823 4237 1095 4312 portisque
1123 4231 1335 4298 clausis,
1366 4243 1468 4299 qua
1498 4226 1688 4282 evadat
1715 4233 1771 4280 ut
1799 4239 1892 4280 re-

293 4345 380 4396 cte
409 4338 586 4400 vivat,
617 4347 724 4401 non
757 4327 982 4386 invenit.
1011 4325 1126 4380 Jam
1153 4322 1256 4378 scit
1283 4317 1551 4391 quomodo
1583 4317 1763 4371 vivere
1793 4315 1891 4371 de-

293 4427 466 4488 beat:
495 4426 642 4497 prius
668 4423 810 4480 enim
844 4420 899 4476 in
925 4430 1110 4474 errore
1151 4421 1290 4479 erat,
1324 4417 1381 4466 et
1417 4409 1608 4464 famem
1651 4405 1894 4462 veritatis

295 4519 631 4594 patiebatur;
661 4513 864 4584 accepit
889 4519 1063 4566 autem
1089 4507 1199 4578 jam
1226 4505 1402 4560 cibum
1429 4499 1688 4562 veritatis,
1722 4503 1775 4553 et
1801 4513 1895 4568 po-

299 4589 434 4670 situs
471 4619 556 4666 est
593 4609 646 4662 in
679 4607 766 4661 via
800 4623 814 4661 :
846 4601 1020 4670 audit,
1053 4599 1185 4655 Vive
1221 4597 1391 4661 bene,
1431 4591 1722 4649 secundum
1753 4589 1896 4661 quod

299 4704 478 4768 nosti;
511 4709 668 4756 antea
693 4697 834 4753 enim
865 4709 970 4748 non
1011 4705 1235 4747 noveras
1272 4683 1715 4758 quemadmodum
1745 4682 1896 4736 vive-

302 4813 410 4864 res,
443 4793 606 4850 modo
632 4789 880 4862 accepisﬁ
909 4795 962 4844 et
987 4785 1148 4840 nosti.
1179 4782 1434 4848 Conatur,
1461 4793 1570 4833 non
1599 4783 1804 4848 potest;
1827 4775 1899 4830 li-

304 4905 486 4972 gatum
509 4904 570 4946 se
590 4887 769 4950 sentit,
796 4882 1059 4939 exclamat
1084 4877 1150 4933 ad
1179 4875 1482 4930 Dominum.
1509 4869 1748 4928 Secunda
1775 4883 1901 4940 ergo

308 4961 533 5042 tentatio
563 4989 645 5037 est
681 4974 1006 5034 difficultatis
1045 4973 1100 5027 in
1139 4971 1274 5025 bene
1309 4963 1610 5038 operando,
1645 4963 1780 5018 sicut
1811 4961 1904 5016 illa

311 5079 482 5149 prima
511 5073 712 5131 erroris
741 5077 794 5126 et
822 5067 994 5123 famis.
1025 5063 1303 5119 Exclamat
1331 5065 1384 5113 et
1421 5058 1472 5112 in
1503 5055 1602 5110 hac
1632 5054 1696 5108 ad
1725 5053 1903 5107 Domi-

271 5223 278 5226 _
311 5143 440 5232 num
477 5187 492 5224 :
521 5167 712 5222 liberat
739 5161 996 5219 Dominus
1021 5158 1088 5213 de
1117 5149 1540 5212 necessitatibus,
1565 5145 1761 5214 rumpit
1789 5143 1902 5197 vin-

313 5263 434 5319 cula
459 5256 809 5322 difficultatis,
834 5249 1105 5309 constituit
1127 5247 1177 5302 in
1201 5242 1509 5314 operatione
1530 5235 1807 5309 a'quitatis.
1831 5233 1908 5289 ln-

315 5353 448 5426 cipit
475 5351 523 5407 ei
549 5349 657 5420 jam
689 5345 840 5401 facile
866 5357 985 5398 esse
1013 5335 1157 5410 quod
1185 5332 1398 5390 difﬁcile
1425 5329 1614 5395 fuerat,
1643 5325 1908 5381 abstinere

317 5465 346 5504 a
369 5417 565 5512 malis,
599 5456 707 5498 non
733 5437 1054 5502 adulterare,
1081 5447 1187 5488 non
1217 5428 1414 5484 furtum
1446 5423 1642 5488 facere,
1674 5433 1779 5474 non
1811 5417 1908 5473 ho-

319 5537 631 5604 micidium,
671 5549 780 5588 non
820 5527 1184 5600 sacrilegium,
1231 5537 1336 5578 non
1383 5519 1612 5574 alienum
1657 5511 1911 5582 concupi-

322 5649 478 5692 scere
506 5649 521 5686 :
551 5629 687 5684 facta
726 5633 808 5681 est
836 5621 1059 5679 facultas
1084 5631 1201 5687 quae
1230 5615 1401 5670 fuerat
1427 5619 1580 5665 antea
1607 5604 1910 5664 difﬁcultas.

322 5725 508 5786 Potuit
535 5723 640 5778 hoc
662 5719 922 5776 Dominus
947 5715 1061 5771 sine
1093 5707 1402 5766 difﬁcultate
1429 5711 1716 5774 przestare;
1746 5697 1839 5754 sed
1869 5696 1914 5753 si

325 5817 432 5874 hoc
457 5815 575 5871 sine
593 5811 904 5868 difﬁcultate
925 5803 1266 5866 haberemus,
1289 5796 1592 5868 largitorem
1615 5790 1773 5862 hujus
1789 5789 1914 5844 boni

397 5927 518 5990 Esto
537 5931 646 5974 ιιεε-
667 5927 843 5990 Αμιη-
867 5931 881 5969 =
901 5911 1094 5990 luctat
1108 5903 1920 5990 93‘9"}_£Ei.5'£‘1’§2‘€'29'§£?f€i

901 5961 1210 6051 nigrm,
1234 5967 1404 6034 Incipit
1432 5971 1590 6018 autem
1607 5961 1717 6015 esse
1733 5961 1854 6026 Dei;
1874 5965 1920 6012 et

331 6063 440 6115 qua
458 6045 737 6101 stuirt'tatem
755 6049 967 6110 gustare,
991 6045 1086 6090 etc.
1501 6055 1506 6058 -

1387 495 1776 560 manuario
1807 493 1878 550 1N
1919 489 2240 553 PSALMUM
2275 495 2408 556 ενι.

3412 507 3434 562 l
3447 509 3553 564 42‘]

1969 631 2074 672 non
2101 631 2527 688 agnosceremus.
2557 617 2612 676 Si
2633 617 2773 678 enim
2795 621 3060 704 primitus,
3084 639 3202 681 cum
3223 627 3401 696 vellet,
3434 650 3553 700 νος·
3625 687 3644 700 ,

1969 717 2070 776 set,
2096 717 2148 764 et
2173 725 2278 767 non
2305 715 2524 768 sentiret
2545 711 2797 770 adversus
2817 729 2877 770 se
2895 699 3196 776 obnitentes
3214 699 3551 791 cupiditates,
3623 699 3628 706 ’

1970 817 2070 859 nec
2101 805 2324 860 vinculis
2347 808 2457 862 suis
2491 817 2706 878 gravata
2734 810 2908 874 anima
2939 811 3305 882 collideretur;
3333 817 3444 872 suis
3469 817 3551 872 vi-

1969 897 2116 952 ribus
2143 898 2396 954 tribueret
2420 902 2559 970 quod
2585 917 2642 957 se
2665 917 2826 978 posse
2851 905 3091 972 sentiret,
3119 917 3174 962 et
3200 923 3308 963 non
3333 909 3552 968 conﬁte«

1969 997 2154 1044 rentur
2180 989 2404 1044 Domino
2431 991 2798 1049 miserationes
2826 993 2960 1066 ejus.

2043 1081 2094 1136 6.
2123 1081 2249 1138 Post
2277 1084 2372 1138 has
2396 1085 2523 1138 duas
2553 1087 2888 1154 tentationes,
2922 1089 3143 1158 primam
3173 1095 3371 1150 erroris
3395 1103 3555 1168 atque

1971 1173 2163 1278 inopia:
2185 1175 2438 1278 veritatis,
2459 1179 2745 1234 secundam
2768 1180 3094 1237 difficultatis
3119 1183 3255 1239 bene
3276 1171 3554 1258 operandi,

1971 1269 2126 1322 tertia
2169 1269 2388 1324 tentatio
2427 1271 2622 1340 excipit
2659 1271 2928 1328 hominem
2965 1293 2978 1330 :
3009 1277 3056 1330 ei
3097 1277 3284 1348 loquor
3321 1281 3408 1352 qui
3445 1281 3556 1352 jam

1972 1359 2183 1413 transiit
2208 1359 2302 1415 has
2327 1359 2478 1416 duas.
2507 1361 2640 1417 Nam
2667 1363 2779 1418 ista:
2804 1363 2942 1432 dua),
2973 1345 3374 1434 falcem—multis
3419 1345 3557 1434 uitta:

1973 1461 2115 1507 sunt.
2149 1453 2276 1520 Quis
2315 1455 2455 1509 enim
2501 1457 2672 1510 nescit
2715 1473 2774 1513 se
2810 1459 2876 1514 ab
2918 1458 3213 1530 ignorantia
3249 1465 3457 1521 venisse
3494 1469 3558 1522 ad

1973 1549 2248 1602 veritatem
2273 1591 2288 1616 ,
2317 1549 2382 1604 ab
2412 1565 2592 1606 errore
2625 1551 2690 1605 ad
2731 1551 2902 1618 viam,
2933 1569 2962 1608 a
3005 1551 3144 1610 fame
3181 1557 3453 1627 sapientia:
3493 1560 3557 1615 ad

1973 1641 2194 1694 verbum
2228 1641 2384 1696 fidei?
2411 1641 2613 1697 Deinde
2641 1643 2790 1698 multi
2825 1643 3092 1702 luctantur
3120 1665 3238 1703 cum
3273 1649 3554 1704 difﬁculta-

1977 1731 2115 1786 tibus
2147 1732 2391 1787 vitiorum
2423 1749 2650 1790 suorum
2671 1777 2686 1802 ,
2719 1745 2771 1791 et
2801 1736 2974 1792 adhuc
3002 1741 3382 1798 consuetudine
3410 1743 3551 1798 colli-

1975 1823 2078 1894 gati
2127 1833 2345 1894 gemunt
2397 1835 2644 1897 tanquam
2695 1829 2746 1882 in
2803 1829 3046 1890 clausura
3095 1841 3151 1888 et
3194 1835 3563 1906 compedibus.

1975 1917 2288 1988 Agnoscunt
2311 1930 2365 1975 et
2391 1919 2547 1976 istam
2580 1924 2946 1992 tentationcm,
2970 1928 3210 1995 quamvis
3229 1929 3339 1998 jam
3362 1929 3559 1998 dicant,

1976 2011 2021 2065 si
2049 2009 2183 2066 forte
2212 2012 2395 2066 dicunt
2423 2031 2434 2066 :
2467 2011 2659 2086 Infelix
2685 2030 2776 2085 ego
2805 2016 2976 2082 homo,
3008 2019 3120 2094 quis
3149 2035 3226 2072 me
3254 2021 3477 2076 liberabit
3503 2023 3564 2080 de

1975 2120 2184 2175 corpore
2210 2107 2386 2160 mortis
2412 2107 2565 2178 hujus
2591 2105 2765 2180 (Rom.
2793 2126 2882 2172 vn,
2910 2109 3003 2182 24)
3021 2111 3046 2164 ?
3067 2107 3198 2166 Nam
3229 2113 3348 2170 vide
3373 2119 3562 2172 arctis--

1976 2197 2109 2253 sima
2141 2199 2350 2254 vincula
2382 2217 2395 2254 :
2423 2199 2572 2265 Caro,
2601 2200 2788 2270 inquit,
2819 2205 3128 2273 concupiscit
3153 2205 3389 2264 adversus
3416 2211 3542 2281 spiri

1977 2297 2102 2354 tunc,
2131 2301 2178 2344 et
2205 2291 2412 2362 spiritus
2437 2292 2674 2348 adversus
2699 2309 2898 2348 carnem
2922 2311 2942 2360 ,'
2970 2306 3022 2350 ut
3048 2314 3148 2362 non
3175 2315 3232 2352 ea
3255 2315 3369 2368 quae
3392 2300 3564 2368 vultis,

1978 2379 2068 2434 illa
2097 2382 2296 2451 faciatis
2325 2379 2518 2454 (Galat.
2551 2400 2599 2450 ν,
2647 2383 2754 2456 l7).
2783 2383 3012 2441 Proinde
3042 2389 3130 2460 qui
3167 2391 3273 2460 jam
3304 2399 3382 2446 est
3411 2393 3564 2464 adju-

1979 2481 2062 2528 tus
2091 2473 2296 2544 spiritu,
2327 2485 2386 2530 ut
2405 2475 2859 2546 quemadmodum
2892 2453 3206 2538 noluit—esse
3231 2483 3458 2552 adulter,
3473 2453 3567 2544 ἐἷς

1978 2581 2084 2622 non
2113 2567 2212 2633 sit;
2245 2569 2511 2638 quomodo
2541 2570 2707 2624 noluit
2731 2586 2852 2626 esse
2883 2571 2982 2639 fur,
3012 2573 3088 2628 sic
3116 2589 3220 2629 non
3247 2575 3347 2643 sit;
3376 2587 3428 2632 et
3459 2593 3564 2634 ca:-

1981 2667 2090 2712 tera
2119 2657 2202 2712 illa
2225 2659 2420 2726 omnia,
2448 2675 2565 2731 quae
2597 2661 2782 2716 volunt
2809 2661 3053 2722 homines
3083 2666 3314 2731 vincere,
3343 2679 3395 2723 et
3423 2684 3567 2742 saepe

1978 2747 2156 2806 inflexi
2189 2762 2529 2824 superantur,
2564 2763 2620 2810 ut
2656 2755 2954 2810 exclament
2981 2757 3046 2814 ad
3075 2757 3259 2822 Deum,
3295 2770 3350 2816 ut
3379 2759 3445 2816 de
3471 2777 3567 2818 ne—

1979 2843 2314 2900 cessitatibus
2355 2861 2540 2901 eorum
2579 2856 2729 2902 eruat
2755 2862 2881 2914 eos,
2915 2858 2967 2904 et-
3007 2847 3130 2905 inde
3161 2849 3366 2906 liberati
3395 2853 3567 2906 conﬁ-

1980 2946 2192 2994 teautur
2211 2937 2440 2994 Domino
2465 2938 2833 2998 miserationes
2857 2939 2975 3010 ejus
2999 2959 3010 2994 :
3035 2941 3272 3012 quisquis
3298 2959 3423 3016 ergo
3449 2943 3570 3000 talis

1979 3040 2084 3097 est,
2112 3041 2167 3086 et
2192 3030 2316 3086 vicit
2342 3031 2456 3088 illas
2480 3030 2837 3100 difﬁcultates,
2865 3041 2917 3088 et
2941 3033 3286 3106 probabiliter
3309 3033 3420 3107 jam
3445 3053 3570 3092 con-

1981 3135 2224 3180 versatur
2263 3125 2400 3178 inter
2443 3123 2721 3194 homines,
2761 3127 2877 3184 sine
2914 3127 3016 3182 ulla
3055 3129 3272 3198 querela
3311 3132 3570 3186 malorum

1983 3231 2222 3282 morum,
2253 3215 2517 3288 excipitur
2545 3217 2836 3273 tentatione
2863 3217 3014 3274 tertia
3046 3219 3183 3274 tmdii
3213 3219 3487 3291 cujusdam
3519 3223 3572 3277 in

1984 3323 2132 3364 mura
2162 3307 2321 3378 hujus
2343 3307 2485 3378 vitae,
2515 3309 2586 3362 ita
2611 3318 2667 3363 ut
2691 3309 2975 3380 aliquando
3001 3327 3120 3366 eum
3149 3327 3247 3370 nec
3271 3313 3446 3385 legere
3473 3329 3575 3370 nec

1983 3418 2139 3460 orare
2165 3401 2414 3458 delectet.
2445 3401 2622 3458 Tertia
2649 3406 2871 3460 tentatio
2899 3405 3057 3476 priori
3085 3410 3348 3463 contraria
3381 3427 3395 3464 :
3427 3409 3575 3480 prius

1985 3496 2125 3551 enim
2149 3491 2548 3566 periclitabatur
2565 3497 2724 3564 fame,
2749 3507 2931 3570 postea
2953 3498 3181 3556 fastidio.
3203 3501 3354 3558 Unde
3374 3515 3427 3559 et
3453 3503 3574 3568 hoc,

1985 3587 2088 3643 nisi
2128 3587 2196 3643 de
2235 3588 2465 3660 quodam
2505 3589 2756 3661 languore
2794 3593 3024 3647 animae?
3051 3593 3166 3648 Jam
3195 3611 3304 3650 non
3342 3604 3392 3652 te
3429 3595 3577 3652 illicit

1985 3678 2326 3746 adulterium,
2356 3697 2454 3736 nec
2477 3693 2652 3738 tamen
2679 3683 2906 3740 delectat
2933 3683 3024 3739 Dei
3053 3685 3291 3741 verbum.
3314 3685 3432 3742 Jam
3459 3697 3581 3760 post

1986 3775 2282 3846 periculum
2303 3775 2580 3848 imperitiae
2601 3785 2654 3831 et
2676 3777 3139 3848 concupiscentia},
3163 3777 3230 3834 de
3246 3779 3436 3850 quibus
3456 3779 3582 3836 duo-

1987 3865 2090 3924 bus
2121 3877 2172 3922 te
2202 3868 2435 3923 evasisse
2465 3869 2659 3923 laetaris
2680 3911 2692 3933 ,
2722 3868 2841 3923 vide
2867 3884 2934 3924 ne
2962 3861 3172 3924 taedium
3205 3868 3582 3941 fastidiumque

1991 3966 2044 4016 te
2073 3969 2246 4014 necet.
2276 3958 2392 4014 Non
2423 3967 2506 4015 est
2531 3967 2585 4014 et
2613 3960 2709 4014 ista
2742 3959 2873 4015 levis
2904 3961 3123 4016 tentatio
3155 3980 3166 4014 :
3196 3977 3422 4034 agnosce
3449 3971 3500 4020 te
3528 3963 3580 4020 in

1992 4049 2078 4106 illa
2101 4093 2117 4120 ,
2156 4060 2212 4106 et
2253 4051 2490 4107 exclama
2527 4052 2592 4106 ad
2633 4051 2952 4122 Dominum,
2985 4063 3041 4108 ut
3077 4053 3144 4109 de
3178 4055 3584 4114 necessitatibus

1993 4144 2102 4200 tuis
2129 4144 2288 4206 etiam
2317 4143 2404 4200 hic
2431 4144 2621 4202 liberet
2649 4155 2738 4212 te;
2766 4152 2819 4200 et
2843 4145 2911 4201 de
2949 4145 3049 4202 hac
3078 4149 3366 4203 tentatione
3393 4149 3560 4205 libera

1993 4242 2080 4290 tus
2105 4249 2226 4290 cum
2253 4233 2437 4300 fueris,
2465 4236 2820 4294 conﬁteantur
2845 4236 2922 4292 illi
2947 4238 3316 4294 miserationes
3339 4237 3476 4310 ejus.

2067 4329 2120 4384 7.
2155 4327 2432 4385 Liberatus
2460 4337 2636 4385 autem
2669 4331 2737 4386 ab
2764 4345 2967 4399 errore,
2993 4331 3254 4388 liberatus
3294 4349 3322 4387 a
3355 4331 3586 4390 difﬁcul-

1998 4429 2106 4477 tate
2121 4421 2258 4478 bene
2284 4421 2560 4493 operandi,
2589 4421 2844 4478 liberatus
2859 4438 2889 4478 a
2909 4421 3068 4480 taedio
3094 4423 3410 4495 fastidioque
3429 4427 3586 4483 verbi

1997 4513 2118 4582 Dei,
2149 4512 2391 4569 fortassis
2435 4514 2626 4586 dignus
2651 4513 2759 4570 eris
2803 4515 2888 4570 cui
2931 4515 3155 4586 populus
3183 4517 3586 4586 committatur;

2001 4605 2341 4661 constitueris
2363 4606 2415 4661 in
2437 4607 2807 4678 gubernaculis
2828 4608 2998 4675 navis,
3016 4617 3261 4666 recturus
3275 4610 3588 4666 Ecclesium.

2003 4699 2078 4756 ibi
2095 4712 2279 4772 quarta
2293 4701 2534 4757 tentatio.
2551 4699 2918 4772 Tempestates
2931 4703 3091 4758 maris
3102 4703 3396 4774 quatientes
3407 4703 3592 4762 Eccle-

2005 4795 2160 4861 siam,
2190 4794 2403 4848 turbant
2429 4793 2858 4864 gubernatorem.
2879 4793 3120 4864 Denique
3144 4803 3252 4864 tres
3277 4795 3393 4850 illas
3416 4804 3590 4850 tenta-

2006 4889 2180 4945 tiones
2204 4889 2434 4960 experiri
2463 4895 2639 4958 potest
2655 4885 2830 4944 cunnis
2848 4886 2964 4958 pius
2983 4885 3154 4942 ﬁdelis
3173 4887 3222 4941 in
3249 4887 3440 4957 populo
3463 4887 3590 4954 Dei;

2007 4989 2194 5054 quarta
2227 4982 2326 5035 ista
2357 4987 2537 5034 nostra
2568 4986 2667 5034 est.
2693 4979 2902 5048 Quanto
2929 4979 3069 5036 enim
3095 4977 3215 5052 plus
3241 4978 3589 5047 honoramur,

2010 5085 2157 5134 tanto
2205 5073 2325 5144 plus
2371 5073 2752 5146 periclitamur.
2804 5071 3141 5128 Metuendum
3169 5082 3253 5129 est
3283 5089 3350 5127 ne
3391 5080 3596 5128 avertat

2009 5170 2241 5240 aliquem
2271 5175 2504 5222 vestrum
2545 5183 2575 5222 a
2611 5167 2833 5224 veritate
2882 5167 3171 5238 periculum
3216 5167 3450 5232 erroris;
3481 5183 3595 5222 me-

2014 5262 2266 5320 tuendum
2309 5270 2390 5318 est
2419 5277 2485 5316 nc
2511 5259 2687 5318 vincat
2727 5275 3154 5331 unumquemque
3177 5257 3437 5328 cupiditas
3464 5273 3557 5313 Sua
3578 5301 3596 5327 ,

2013 5366 2069 5414 et
2095 5357 2253 5428 eligat
2279 5371 2398 5412 eam
2425 5354 2598 5425 sequi,
2644 5368 2802 5424 quam
2829 5368 2894 5407 ex
2926 5351 3042 5422 ejus
3070 5349 3468 5406 difﬁcultatibus
3499 5367 3595 5405 ex-

2015 5451 2248 5507 clamare
2291 5447 2358 5506 ad
2386 5449 2664 5504 Dominum
2690 5463 2706 5512 ;
2733 5444 3076 5502 metuendum
3107 5451 3189 5499 est
3218 5460 3286 5499 ne
3317 5445 3600 5516 unicuique

2017 5551 2254 5600 vestrum
2282 5543 2454 5596 minus
2485 5539 2656 5610 sapiat
2684 5537 2902 5594 verbum
2929 5535 3040 5600 Dei,
3071 5541 3128 5591 et
3155 5535 3369 5590 fastidio
3399 5537 3598 5592 moria-

2021 5645 2148 5694 tur:
2180 5635 2396 5690 tentatio
2435 5647 2564 5688 vero
2602 5627 2952 5702 gubernandi,
2982 5627 3204 5684 tentatio
3245 5629 3600 5698 periculorum

2022 5731 2076 5786 in
2103 5728 2334 5801 regenda
2359 5727 2596 5782 Ecclesia
2625 5739 2722 5780 nos
2747 5723 3084 5796 potissimum
3111 5721 3294 5794 tangit.
3329 5721 3434 5778 Sed
3469 5739 3604 5793 quo-

2021 5823 2183 5879 modo
2209 5831 2260 5877 et
2289 5835 2384 5876 vos
2408 5819 2564 5876 alieni
2594 5817 2761 5884 eritis,
2791 5817 2836 5872 si
2865 5823 2972 5871 tota
2999 5815 3148 5872 navis
3179 5815 3608 5886 periclitabitur?

2024 5915 2176 5985 Quod
2199 5913 2320 5970 ideo
2347 5913 2476 5976 dixi,
2503 5927 2567 5966 ne
2597 5911 2652 5966 in
2680 5909 2780 5965 hac
2797 5917 2981 5980 quarta
3009 5909 3319 5974 tentatione,
3355 5915 3607 5976 tanquam

2029 6017 2206 6066 nostra
2253 6006 2462 6076 propria
2509 6005 2616 6076 (ιιιιῑ
2663 6018 2796 6074 opus
2831 6009 2997 6057 estut
3031 5997 3100 6056 ab
3142 5997 3477 6060 orationibus
3503 6016 3610 6060 non
