4090 6470
307 346 455 407 1ιῖ5

306 464 383 521 de
407 459 624 519 fastidio
651 459 941 515 morituros
970 473 985 511 :
1020 456 1087 511 Et
1111 458 1664 529 appropinquaverunr,
1692 452 1903 524 inquit,

310 572 473 629 usque
498 554 567 608 ad
599 563 773 626 portas
816 549 1009 606 mortis.
1044 550 1181 619 Quid
1206 565 1336 621 ergo
1360 548 1570 604 restat?
1592 544 1664 603 Ut
1688 545 1829 617 quod
1854 551 1908 599 te

312 650 546 707 delectat
572 648 794 703 verbum
841 645 957 710 Dei,
1004 661 1108 699 non
1156 645 1246 699 tibi
1291 643 1515 706 tribuas,
1565 656 1739 712 neque
1780 639 1909 694 hinc

313 744 493 813 aliqua
523 740 724 795 inﬂeris
751 737 1075 809 arrogantia,
1103 746 1156 792 et
1200 736 1386 791 avidus
1412 734 1537 797 cibi,
1585 734 1638 788 in
1683 748 1779 788 eos
1817 730 1910 802 qui

313 837 531 894 fastidio
556 834 927 906 periclitantur
954 832 1183 902 superbe
1202 830 1425 885 insilias.
1458 827 1701 898 lntellige
1744 827 1906 881 etiam

317 930 413 985 tibi
442 926 738 999 praestitum
762 940 883 980 esse
910 923 1031 989 hoc,
1066 938 1169 976 non
1198 938 1227 977 a
1256 931 1307 976 te
1331 920 1422 976 tibi
1446 936 1584 976 esse.
1607 917 1744 987 Quid
1767 916 1911 972 enim

316 1022 485 1077 habes
512 1017 654 1089 quod
686 1033 789 1072 non
818 1015 1064 1086 accepisti
1096 1013 1138 1088 (l
1167 1012 1376 1079 Cor.tv,
1400 1013 1497 1083 7)?
1526 1011 1640 1068 Hoc
1666 1025 1797 1083 ergo
1825 1010 1912 1064 in-

317 1112 587 1183 telligens,
627 1117 683 1164 et
710 1108 813 1162 hoc
838 1107 965 1161 vitio
988 1115 1148 1176 atque
1177 1106 1430 1175 languore
1460 1104 1794 1173 periclitans,
1830 1100 1915 1156 fac

318 1202 465 1276 quod
510 1201 752 1272 sequitur
783 1217 798 1254 :
829 1198 896 1253 Et
933 1197 1336 1252 exclamaverunt
1364 1195 1433 1250 ad
1459 1195 1754 1259 Dominum,
1799 1208 1917 1247 cum

321 1298 705 1361 tribularentur,
751 1303 797 1348 et
823 1293 884 1347 de
924 1290 1298 1347 necessitatibus
1337 1306 1509 1345 eorum
1548 1287 1774 1343 liberavit
1810 1302 1913 1341 eos.

322 1390 390 1447 Et
409 1390 528 1460 quia
555 1388 776 1457 languor
793 1392 910 1440 erat
929 1400 1035 1439 non
1056 1382 1309 1438 delectari
1330 1400 1343 1437 :
1365 1379 1507 1435 Misit
1523 1380 1726 1433 uerbum
1745 1394 1915 1444 suum,

323 1492 371 1536 et
398 1482 595 1536 sanavit
625 1495 726 1532 eos.
753 1475 888 1531 Vide
916 1474 1042 1546 quid
1074 1474 1199 1529 mali
1228 1472 1424 1527 habeat
1448 1470 1718 1526 fastidium
1744 1485 1760 1536 ;
1795 1469 1917 1523 vide

326 1573 467 1628 unde
517 1571 709 1625 liberat
750 1567 841 1623 ille
864 1608 880 1633 ,
910 1566 979 1622 ad
1007 1581 1168 1638 quem
1198 1565 1395 1620 clamat
1441 1562 1737 1618 fastidiens.
1782 1561 1921 1615 Misit

325 1666 532 1721 verbum
551 1679 720 1731 suum,
743 1672 790 1717 et
815 1661 1010 1716 sanavit
1035 1675 1118 1714 eos
1139 1673 1157 1713 :
1178 1667 1226 1714 et
1250 1657 1433 1727 eripuit
1461 1672 1563 1710 eos.
1598 1653 1785 1710 Unde?
1806 1652 1921 1707 Non

328 1757 396 1813 de
422 1771 628 1819 errore,
657 1770 761 1809 non
789 1754 857 1809 de
883 1752 1043 1818 fame,
1088 1766 1195 1805 non
1237 1749 1304 1805 de
1332 1747 1648 1804 difﬁcultate
1673 1744 1921 1801 vincendi

330 1858 568 1921 peccata,
598 1846 694 1902 sed
717 1847 778 1901 de
804 1844 1089 1915 corruptela
1114 1858 1306 1897 eorum.
1338 1838 1593 1906 Quaedam
1619 1837 1923 1909 corruptela

330 1941 529 1997 mentis
557 1948 659 2005 est,
705 1936 943 1993 fastidire
970 1934 1113 2005 quod
1139 1934 1295 1988 dulce
1322 1941 1424 1986 est.
1468 1930 1608 2001 Ergo
1634 1938 1689 1983 et
1727 1928 1794 1983 de
1823 1927 1927 1983 hoc

331 2034 609 2098 beneﬁcio,
641 2032 780 2087 sicut
817 2030 884 2085 de
909 2029 1120 2083 etcteris
1143 2024 1529 2097 superioribus,
1578 2020 1927 2091 Conﬁteantur

339 2127 555 2182 Domino
588 2125 931 2178 miserationes
967 2122 1096 2192 ejus,
1124 2130 1170 2173 et
1196 2116 1446 2172 mirabilia
1475 2116 1585 2187 ejus
1615 2114 1735 2184 ﬁliis
1760 2112 1928 2167 Itami-

335 2236 475 2274 num.
528 2216 593 2271 Et
630 2216 916 2285 sacriﬁcent
953 2211 1263 2281 sacriﬁcium
1302 2208 1491 2263 laudis.
1536 2206 1654 2262 Jam
1699 2204 1840 2260 enim
1872 2213 1931 2259 ut

335 2309 599 2373 laudetur,
631 2307 806 2362 suavis
835 2314 918 2361 est
944 2303 1221 2360 Dominus.
1255 2300 1323 2355 Et
1347 2299 1602 2355 enuntiem
1638 2313 1791 2367 opera
1820 2296 1931 2366 ejus

336 2404 389 2457 in
429 2399 764 2457 exsultatione
793 2414 811 2452 :
839 2412 943 2452 nou
982 2411 1103 2452 cum
1148 2392 1328 2460 taedio,
1360 2407 1465 2447 non
1504 2405 1626 2445 cum
1660 2402 1927 2455 mrore,

337 2511 444 2550 non
473 2510 597 2551 cum
626 2492 914 2561 anxietate,
947 2504 1055 2545 non
1080 2503 1201 2545 cum
1230 2485 1465 2554 fastidio,
1492 2484 1587 2540 sed
1614 2483 1667 2538 in
1708 2481 1934 2537 exsulta-

338 2587 502 2641 tione:

411 2677 499 2733 12.
533 2674 686 2750 [vers.
730 2671 950 2747 25-3L]
976 2673 1176 2739 Quarta
1199 2669 1291 2726 illa
1315 2675 1505 2734 restat,
1535 2666 1587 2721 in
1616 2681 1719 2737 qua
1748 2680 1934 2720 omnes

341 2770 725 2842 periclitamur.
754 2766 953 2823 Omnes
981 2764 1124 2820 enim
1160 2763 1215 2817 in
1259 2761 1378 2816 navi
1424 2775 1609 2815 sumus
1640 2776 1652 2811 :
1682 2758 1770 2812 alii
1799 2772 1931 2827 ope-

338 2873 547 2930 rantur,
579 2861 669 2915 alii
697 2870 1014 2932 portantur;
1044 2856 1203 2913 simul
1230 2864 1412 2910 tamen
1440 2867 1627 2909 omnes
1654 2860 1706 2906 et
1733 2851 1784 2904 in
1812 2859 1937 2905 tem-

339 2965 551 3027 pestate
576 2953 968 3024 periclitantur,
994 2959 1051 3006 et
1073 2950 1128 3004 in
1155 2957 1311 3019 portu
1343 2947 1636 3001 salvantur.
1667 2944 1795 2998 Post
1821 2942 1937 2997 haec

340 3047 484 3104 enim
510 3045 689 3100 omnia
715 3043 977 3113 sequitur,
1012 3041 1111 3109 Qui
1134 3038 1446 3094 descendunt
1470 3053 1609 3090 mare
1628 3036 1681 3089 in
1702 3034 1933 3102 navibus,

344 3142 581 3215 facientes
611 3138 953 3210 Operationem
976 3135 1029 3189 in
1051 3134 1195 3204 aquis
1223 3132 1397 3186 multis
1427 3145 1447 3185 :
1476 3130 1527 3184 id
1557 3137 1660 3196 est,
1690 3127 1742 3182 in
1771 3142 1941 3197 popu-

342 3234 410 3289 lis
436 3231 636 3287 multis.
668 3231 849 3300 Aquas
874 3227 1017 3283 enim
1060 3241 1203 3295 saepe
1243 3238 1343 3294 pro
1373 3222 1582 3293 populis
1612 3220 1757 3291 poni,
1791 3219 1939 3274 testis

343 3336 427 3384 est
470 3324 824 3396 Apocalypsis
874 3321 1130 3387 Joannis,
1176 3320 1265 3375 ubi
1321 3318 1656 3386 interrogans
1704 3314 1940 3369 Joannes

342 3418 469 3490 quid
498 3416 602 3471 illa:
641 3431 793 3486 aquae
824 3421 1023 3478 essent,
1055 3424 1371 3481 responsum
1398 3417 1479 3463 est
1507 3407 1577 3471 ei,
1605 3405 1795 3477 Papuli
1824 3414 1941 3460 sunt

344 3510 532 3581 (Apoc.
573 3524 703 3575 xvu,
746 3504 858 3578 15).
905 3505 1007 3574 Qui
1053 3518 1183 3574 ergo
1230 3502 1429 3556 faciunt
1473 3499 1838 3569 operationem
1884 3497 1937 3550 in

344 3604 498 3674 aquis
526 3601 727 3668 multis,
760 3600 859 3670 ipsi
888 3598 1119 3652 viderunt
1145 3611 1301 3666 opera
1345 3592 1574 3658 Domini,
1607 3600 1652 3644 et
1682 3588 1939 3644 mirabilia

346 3700 457 3768 ejus
481 3698 534 3750 in
564 3680 840 3767 profundo.
868 3691 1008 3759 Quid
1035 3690 1176 3746 enim
1208 3686 1521 3759 profundius
1550 3684 1799 3739 cordibus
1838 3683 1936 3737 hue

346 3789 556 3845 manis?
588 3786 712 3841 Inde
740 3786 1053 3856 plerumque
1082 3780 1225 3835 venti
1255 3785 1561 3846 erumpunt,
1596 3781 1942 3843 tempestates

346 3883 703 3941 seditionum,
737 3888 789 3934 et
818 3876 1211 3931 dissensionum
1257 3885 1447 3926 navem
1491 3866 1825 3938 perturbant.
1869 3865 1938 3919 Et

348 3974 474 4045 quid
502 3974 674 4045 agitur
704 3972 757 4025 in
776 3969 896 4024 his?
929 3968 1122 4021 Volens
1156 3966 1295 4019 Deus
1325 3972 1383 4017 ut
1409 3962 1475 4015 ad
1503 3974 1623 4015 eum
1651 3957 1946 4011 clamarent

349 4076 406 4122 et
448 4066 503 4120 bi
548 4064 638 4135 qui
686 4063 1017 4134 gubernant,
1049 4064 1105 4112 et
1148 4055 1202 4110 hi
1249 4052 1338 4124 qui
1370 4057 1670 4123 portantur,
1703 4046 1868 4112 Dixit,
1900 4054 1946 4100 et

351 4156 485 4213 stetit
521 4154 728 4225 spiritus
776 4150 1027 4219 procellae.
1073 4145 1211 4214 Quid
1255 4154 1357 4211 est,
1406 4141 1577 4197 stetit?
1604 4137 1943 4205 Permansit,

352 4248 702 4321 perduravit:
734 4244 908 4300 adhuc
952 4242 1149 4305 turbat,
1192 4238 1281 4294 diu
1306 4237 1492 4307 jactat,
1539 4232 1712 4300 szevit,
1755 4239 1811 4285 et
1838 4245 1947 4286 non

352 4345 569 4398 transit.
596 4338 738 4393 Dixit
765 4339 928 4401 enim,
960 4343 1007 4390 et
1031 4333 1163 4387 stetit
1205 4330 1411 4401 spiritus
1439 4327 1692 4397 procellae.
1725 4325 1793 4379 Et
1817 4324 1947 4395 quid

352 4435 462 4505 egit
488 4434 589 4487 iste
613 4429 829 4501 spiritus
851 4424 1137 4497 procellae?
1166 4420 1234 4475 Et
1255 4418 1460 4474 exaltati
1478 4426 1592 4471 sunt
1614 4418 1795 4487 ﬂuctus
1816 4416 1945 4487 ejus.

353 4524 648 4580 Ascendunt
675 4535 832 4589 usque
855 4517 923 4571 ad
951 4516 1121 4576 caelos,
1145 4509 1409 4567 audiendo
1431 4526 1445 4561 :
1464 4506 1769 4562 descendunt
1794 4520 1950 4575 usque

353 4618 409 4673 in
433 4618 658 4688 abyssos,
688 4609 944 4667 timendo.
979 4605 1265 4662 Ascendunt
1284 4617 1441 4673 usque
1464 4600 1518 4654 in
1544 4598 1714 4663 stelas,
1741 4597 1948 4651 descen-

355 4714 482 4768 dunt
529 4724 683 4780 usque
717 4708 772 4761 in
811 4704 1016 4775 abyssos
1044 4718 1061 4755 :
1090 4699 1217 4755 foris
1264 4710 1478 4768 pugnae,
1512 4694 1655 4747 intus
1700 4690 1946 4745 timores.

356 4805 542 4860 Anima
572 4815 742 4855 eorum
767 4799 821 4851 in
844 4794 991 4850 malis
1027 4789 1326 4847 tabescebat.
1357 4785 1568 4840 Turbati
1611 4792 1745 4849 sunt,
1766 4790 1811 4836 et
1829 4780 1951 4835 moti

355 4906 493 4959 sunt,
522 4894 650 4949 sicut
691 4890 876 4945 ebrius.
908 4885 1010 4954 Qui
1038 4882 1227 4939 sedent
1255 4879 1322 4935 ad
1348 4875 1732 4950 gubernacula,
1761 4882 1813 4928 et
1856 4872 1949 4943 qui

359 4988 588 5044 ﬁdeliter
617 4996 805 5038 navem
849 4986 1048 5041 amant,
1093 4972 1325 5029 sentiunt
1357 4968 1498 5040 quod
1541 4968 1661 5022 dico
1692 4985 1705 5020 :
1742 4964 1951 5019 Turbati

357 5090 494 5143 sunt,
524 5088 570 5131 et
589 5076 708 5129 moti
728 5073 988 5128 suntsicut
1011 5068 1196 5124 ebrius.
1223 5064 1382 5120 Certe
1405 5059 1617 5131 quando
1637 5058 1949 5128 loquuntur,

359 5171 573 5245 quando
599 5170 799 5239 legunt,
839 5162 1050 5235 quando
1078 5165 1327 5220 tractant,
1358 5154 1627 5225 sapientes
1653 5157 1948 5219 apparent:

360 5241 493 5320 vtes
540 5255 895 5328 tempestate!
928 5253 994 5307 Et
1023 5251 1204 5316 omnis,
1245 5246 1435 5318 inquit,
1481 5241 1732 5312 sapientia
1780 5255 1955 5293 eorum

360 5358 601 5425 absorpta
619 5359 712 5405 est.
744 5342 1039 5418 Aliquando
1066 5341 1321 5398 deﬁciunt
1359 5335 1537 5393 omnia
1563 5334 1795 5389 humana
1824 5345 1956 5385 con-

359 5447 475 5503 silia
509 5423 523 5493 i
563 5454 895 5514 quacumque
944 5450 1003 5492 se
1057 5434 1280 5505 quisque
1339 5426 1699 5493 converterit,
1763 5423 1955 5478 ﬂuctus

361 5538 618 5601 fremunt,
650 5539 940 5603 tempestas
961 5527 1130 5592 smvit,
1162 5522 1380 5579 brachia
1403 5519 1688 5585 deﬁciunt;
1713 5532 1817 5588 quo
1840 5531 1954 5586 pro-

362 5648 420 5689 ra
449 5631 796 5701 itnpingatur,
826 5623 913 5680 cui
956 5619 1139 5675 ﬁuctui
1181 5619 1319 5672 latus
1360 5612 1613 5678 nudetur,
1658 5626 1762 5682 quo
1804 5608 1954 5664 navis

364 5700 595 5795 impulsa
619 5721 934 5780 dimittatur,
966 5731 998 5769 a
1017 5712 1207 5784 quibus
1232 5708 1376 5765 saxis
1404 5722 1472 5761 ne
1498 5713 1682 5776 pereat
1708 5700 1952 5759 refrene-

366 5820 473 5885 tur,
505 5814 729 5877 omnino
754 5826 784 5867 a
814 5805 1113 5867 rectoribus
1139 5817 1245 5859 non
1271 5797 1500 5856 videtur.
1529 5795 1599 5853 Et
1618 5795 1741 5867 quid
1762 5799 1950 5860 restat,

1424 332 1823 394 ENARRATIO
1860 331 1930 390 IN
1964 332 2287 397 PSALMUM
2323 339 2461 399 CVI.

3466 350 3494 407 1
3505 350 3605 408 126

2012 456 2114 511 nisi
2135 460 2274 529 quod
2298 461 2582 533 sequitur?
2613 481 2634 518 ι
2662 462 2731 521 Ει
2750 466 3184 531 exclamaverunt
3202 468 3271 526 ad
3290 470 3599 542 Dominum,

2013 564 2135 606 cum
2163 554 2563 624 tribularentur,
2595 567 2653 615 et
2673 558 2741 615 de
2766 561 3179 617 necessitatibus
3204 578 3391 619 eorum
3417 562 3605 621 eduxit

2015 656 2130 698 eos.
2159 644 2226 700 Et
2254 646 2533 717 imperavit
2562 651 2830 721 procellae,
2860 661 2915 709 et
2937 653 3085 710 stetit
3113 653 3168 709 in
3193 669 3401 710 auram.
3432 676 3454 710 ι
3485 656 3605 715 Non

2016 740 2162 796 stetit
2190 740 2244 795 in
2272 750 2665 813 tempestatem,
2692 746 2789 803 sed
2815 747 2870 802 in
2894 764 3093 803 auram.
3129 747 3194 804 Et
3216 748 3467 807 siluerunt
3497 753 3604 822 ﬂu-

2016 842 2125 888 ctus
2168 836 2295 900 eius.
2328 834 2520 892 Audite
2549 840 2616 893 de
2651 840 2751 894 hac
2779 855 2838 897 re
2865 855 3053 896 vocem
3095 841 3373 911 cujusdam
3402 843 3606 915 guber-

2018 928 2220 983 natoris
2260 930 2567 1000 periclitati,
2616 931 2902 1003 humiliati,
2933 934 3139 991 liberati
3177 954 3190 991 :
3227 954 3246 988 ι
3283 935 3419 992 Nolo
3445 955 3493 1002 ι,
3521 937 3639 992 inn

2019 1022 2155 1093 quit,
2191 1042 2210 1076 ι
2244 1039 2339 1080 vos
2364 1026 2628 1097 ignorare,
2657 1027 2868 1097 fratres,
2893 1030 2959 1086 de
2986 1045 3235 1101 pressura
3262 1040 3466 1097 nostra,
3490 1048 3610 1102 qua:

2020 1115 2158 1172 facta
2184 1126 2269 1173 est
2307 1119 2357 1173 in
2385 1121 2531 1189 Asia,
2576 1123 2697 1192 quia
2727 1137 2889 1193 supra
2917 1125 3058 1181 vires
3081 1127 3285 1196 gravati
3314 1141 3520 1193 sumus,
3553 1134 3611 1181 et

2021 1226 2180 1282 supra
2209 1212 2448 1282 modum,
2485 1234 2506 1268 ι
2541 1215 2721 1286 (video
2763 1230 2977 1273 omnem
3022 1220 3339 1289 sapientiam
3367 1222 3484 1290 ejus
3510 1219 3608 1275 ab-

2022 1306 2311 1377 sorptam):
2336 1306 2406 1362 ita
2432 1317 2489 1363 ut
2512 1308 2734 1364 taederet
2755 1325 2877 1377 nos,
2910 1330 2931 1363 ι
2952 1311 3346 1381 inquit,setiam
3368 1313 3604 1369 vivere.»

2024 1397 2092 1453 Et
2119 1398 2291 1470 quid?
2321 1400 2411 1455 ille
2439 1401 2511 1456 ita
2540 1400 2850 1459 deﬁcientes
2876 1402 3198 1460 desereret?
3226 1415 3319 1461 aut
3341 1421 3448 1461 non
3480 1420 3608 1477 pro-

2024 1499 2206 1559 pterea
2236 1491 2313 1547 illi
2332 1492 2663 1559 deiecerunt,
2693 1505 2751 1548 ut
2771 1494 2859 1549 ille
2882 1496 3021 1566 apud
3041 1511 3137 1552 eos
3155 1498 3380 1568 gloriam
3406 1498 3613 1568 reperi-

2026 1584 2145 1638 ret?
2176 1584 2417 1656 Denique
2443 1586 2569 1657 quid
2598 1588 2880 1658 sequitur?
2915 1607 2933 1641 ι
2972 1588 3079 1645 Sed
3109 1590 3208 1661 ipsi
3238 1592 3289 1646 in
3319 1591 3617 1648 nobismet-

2027 1674 2155 1745 ipsis
2198 1692 2514 1747 responsum
2541 1680 2730 1735 mortis
2756 1679 3061 1746 habuimus,
3090 1693 3150 1738 ut
3172 1698 3279 1739 non
3307 1683 3531 1741 ﬁdentes
3558 1685 3614 1740 in

2028 1768 2182 1822 nobis
2199 1770 2386 1837 simus,
2413 1770 2507 1826 sed
2536 1772 2587 1826 in
2606 1772 2713 1827 Deo
2728 1773 2817 1842 qui
2845 1774 3068 1830 suscitat
3094 1783 3335 1832 mortuos
3356 1795 3377 1829 ι
3399 1775 3464 1848 (Il
3495 1777 3614 1832 Cor.

2029 1877 2069 1929 ι,
2098 1862 2150 1927 8,
2182 1861 2257 1932 9).
2286 1881 2305 1914 ‹
2334 1863 2403 1918 Ει
2431 1863 2712 1934 imperavit
2742 1867 3009 1935 procellre,
3040 1876 3096 1923 et
3124 1869 3271 1924 stetit
3290 1868 3345 1923 in
3373 1885 3615 1926 auram.»

2028 1951 2146 2008 Jam
2175 1954 2253 2008 illi
2281 1954 2348 2011 de
2373 1970 2432 2011 se
2460 1955 2601 2026 apud
2639 1972 2699 2013 se
2726 1973 3041 2028 responsum
3068 1961 3259 2016 mortis
3283 1961 3617 2029 habuerant,

2032 2060 2258 2116 quorum
2287 2047 2464 2103 omnis
2488 2049 2744 2118 sapientia
2772 2052 3023 2122 absorpta
3049 2061 3184 2108 erat.
3216 2071 3235 2106 ι
3265 2054 3333 2108 Ει
3361 2058 3623 2110 siluerunt

2032 2136 2223 2192 ﬂuctus
2250 2138 2386 2206 ejus.
2438 2138 2508 2193 Et
2528 2138 2805 2210 jucundati
2850 2151 2996 2209 sunt,
3029 2143 3281 2213 quoniam
3312 2144 3577 2199 siluerunt
3605 2162 3620 2198 :

2033 2242 2088 2290 et
2116 2232 2338 2289 deduxit
2365 2248 2460 2289 eos
2506 2233 2559 2288 in
2605 2242 2816 2304 portum
2869 2236 3161 2292 voluntatis
3205 2251 3413 2292 eorum.
3443 2236 3624 2293 Conti-

2036 2334 2247 2382 teantur
2274 2327 2501 2381 Domino
2525 2327 2898 2384 miserationes
2923 2327 3059 2397 ejus.
3090 2347 3111 2381 ι
3141 2328 3352 2399 Ubique
3380 2329 3622 2395 omnino,

2036 2416 2232 2488 ubique
2262 2418 2596 2486 conﬁteantur
2638 2417 2880 2485 Domino,
2925 2434 3030 2473 non
3060 2420 3249 2474 merita
3277 2428 3483 2487 nostra,
3514 2435 3623 2474 non

2036 2513 2178 2567 vires
2216 2521 2436 2578 nostrae,
2471 2527 2577 2567 non
2616 2512 2875 2582 sapientia
2919 2522 3121 2579 nostra,
3166 2513 3262 2568 sed
3287 2513 3627 2568 miserationes

2038 2604 2167 2675 ejus.
2199 2602 2293 2658 Ille
2338 2612 2546 2659 ametur
2572 2604 2625 2659 in
2658 2605 2804 2659 omni
2847 2613 3027 2660 nostra
3067 2604 3403 2671 liberatione,
3430 2605 3518 2675 qui
3545 2614 3630 2661 est

2039 2696 2316 2751 invocatus
2362 2697 2416 2752 in
2458 2697 2603 2751 omni
2650 2705 2832 2752 nostra
2874 2696 3235 2753 tribulatione.
3283 2695 3630 2767 Conﬁteantur

2039 2786 2261 2844 Domino
2288 2788 2631 2843 miserationes
2655 2789 2787 2860 ejus,
2818 2798 2865 2843 et
2892 2787 3147 2863 mirabilia
3172 2790 3283 2861 ejus
3311 2788 3433 2859 ﬁliis
3460 2789 3626 2843 homi-

2041 2898 2183 2938 num.

2114 2975 2202 3029 15.
2245 2973 2415 3047 [vers.
2461 2971 2697 3047 52-58.]
2744 2972 2813 3028 Et
2862 2972 3038 3029 videte
3090 2972 3229 3029 unde
3262 2972 3441 3037 dicat,
3488 2972 3633 3027 unde

2042 3068 2220 3122 omnia
2240 3068 2343 3123 ista
2369 3067 2689 3138 praelocutus
2709 3068 2797 3131 sit,
2835 3065 2978 3122 unde
3008 3066 3185 3122 omnia
3211 3066 3327 3121 luec
3346 3081 3631 3122 enumera-

2044 3163 2200 3228 verit,
2232 3161 2323 3216 ubi
2348 3171 2571 3232 agantur
2597 3158 2730 3215 haec.
2760 3179 2780 3213 ‹
2813 3160 2880 3215 Ει
2903 3160 3137 3215 exalteut
3188 3175 3310 3216 eum
3356 3161 3408 3215 in
3446 3160 3633 3216 Eccle-

2044 3254 2121 3309 sia
2165 3253 2384 3324 populi,
2437 3261 2491 3308 et
2527 3252 2582 3308 in
2610 3254 2862 3308 cathedra
2906 3254 3176 3309 seniorum
3219 3254 3435 3310 laudent
3481 3270 3625 3308 eum.

2046 3346 2116 3401 Et
2158 3345 2391 3402 esaltcnt
2430 3361 2585 3412 eum,
2621 3362 2642 3397 ι
2692 3344 2793 3400 hoc
2841 3353 2956 3412 est,
3010 3363 3030 3396 ί
3062 3344 3280 3400 laudent
3301 3361 3421 3401 eum
3455 3363 3469 3398 :
3510 3363 3530 3397 ι
3578 3354 3634 3400 et

2048 3440 2264 3495 laudent
2291 3455 2412 3495 eum
2431 3481 2446 3506 ,
2479 3458 2499 3492 ι
2551 3438 2655 3495 hoc
2681 3448 2765 3495 est
2784 3480 2800 3505 ,
2828 3456 2848 3489 ι
2874 3438 3109 3494 exaltent
3134 3453 3276 3493 eum.
3309 3456 3328 3490 ι
3358 3437 3631 3503 Exaltenl,

2047 3533 2263 3589 laudent
2289 3533 2466 3603 populi
2493 3540 2547 3587 et
2568 3532 2808 3588 seniores
2830 3572 2845 3595 ,
2874 3531 3233 3601 negotiatores
3284 3537 3338 3585 et
3364 3530 3631 3599 guberna-

2048 3637 2212 3685 tores.
2243 3627 2379 3696 Quid
2409 3626 2551 3683 enim
2595 3626 2719 3682 fecit
2748 3626 2798 3680 in
2844 3624 2946 3681 hac
2973 3625 3249 3681 Ecclesia?
3276 3624 3399 3693 quid
3430 3624 3634 3678 consti~

2048 3722 2186 3778 tuit?
2210 3720 2353 3801 unde
2383 3720 2529 3775 illam
2559 3719 2739 3774 eruit?
2777 3717 2903 3788 quid
2955 3718 3003 3773 ei
3048 3716 3333 3787 przestitit?
3372 3714 3640 3784 Quemad-

2048 3815 2265 3871 modum
2320 3812 2562 3883 superbis
2607 3813 2836 3878 rcstitit,
2895 3810 3184 3865 humilibus
3229 3809 3450 3880 gratiam
3489 3807 3639 3862 dedit

2051 3906 2269 3979 (Jacobi
2295 3923 2365 3971 tv,
2399 3906 2468 3975 6)
2506 3923 2520 3959 :
2551 3904 2796 3975 superbis
2821 3946 2835 3971 ,
2864 3903 3067 3958 scilicet
3112 3902 3285 3972 primo
3314 3901 3511 3972 p0pulo
3538 3899 3635 3954 Ju-

2049 4001 2308 4066 dazorum,
2330 3997 2600 4068 arroganti
2619 4006 2674 4053 et
2701 3996 2974 4053 extollenti
2995 4010 3054 4051 se
3078 3995 3146 4050 de
3168 4008 3365 4065 genere
3383 3992 3634 4056 Abrahae,

2052 4091 2261 4161 etquod
2281 4090 2356 4145 illi
2373 4090 2516 4161 genti
2537 4089 2645 4144 sint
2664 4088 2865 4144 credita
2889 4086 3096 4157 eloquia
3126 4086 3219 4141 Dei
3244 4085 3421 4156 (Rom.
3448 4100 3527 4152 ιιι,
3550 4082 3634 4154 2).

2050 4186 2169 4243 Non
2193 4188 2272 4242 eis
2299 4186 2413 4240 haec
2441 4183 2687 4239 valebant
2711 4182 2776 4237 ad
2797 4181 3075 4236 sanitatem
3097 4221 3110 4245 ,
3144 4178 3239 4234 sed
3263 4178 3329 4233 ad
3354 4176 3639 4233 exaltatio-

2053 4294 2175 4335 nem
2195 4277 2373 4335 cordis
2398 4319 2411 4345 ,
2443 4276 2511 4331 ad
2542 4286 2801 4330 tumorem
2845 4273 3018 4343 potius
3042 4286 3196 4342 quam
3226 4269 3294 4325 ad
3319 4266 3640 4339 magnitudi-

2054 4387 2197 4428 nem.
2226 4369 2364 4439 Quid
2386 4383 2513 4439 ergo
2540 4366 2661 4423 fecit
2682 4366 2842 4432 Deus,
2872 4363 3117 4435 superbis
3153 4362 3428 4429 resistens,
3466 4360 3642 4414 humi-

2056 4464 2196 4520 libus
2222 4461 2356 4517 dans
2380 4461 2640 4533 gratiam;
2666 4473 2847 4512 ramos
2892 4456 3159 4511 naturales
3205 4465 3421 4525 propter
3448 4467 3641 4523 super-

2056 4557 2199 4612 biant
2268 4563 2593 4625 amputans,
2645 4551 2936 4606 oleastrum
3010 4555 3227 4619 propter
3290 4545 3641 4601 humilitatem

2054 4652 2300 4712 inserens
2329 4649 2349 4722 (
2377 4647 2464 4702 Id.
2502 4664 2552 4702 ιιι
2578 4688 2593 4713 ,
2626 4644 2795 4701 1724
2821 4644 2877 4716 )?
2904 4642 3030 4714 quid
3068 4640 3199 4697 fecit
3243 4641 3421 4696 Deus?
3451 4638 3644 4694 Audite

2057 4743 2173 4798 haec
2209 4742 2352 4797 duo:
2387 4741 2528 4795 Deus
2549 4739 2722 4809 primo
2747 4734 3191 4807 quemadmodum
3234 4732 3478 4803 superbis
3512 4733 3646 4785 resi-

2058 4844 2183 4901 stat,
2230 4832 2423 4889 deinde
2448 4827 2894 4902 quemadmodum
2926 4825 3213 4881 humilibus
3262 4823 3353 4879 det
3392 4821 3642 4892 gratiam.

2060 4926 2239 4983 Posuit
2285 4925 2498 4996 ﬂumina
2548 4924 2602 4975 in
2664 4921 2935 4976 desertum.
2983 4917 3282 4973 Currebam
3333 4913 3402 4968 ibi
3448 4926 3643 4981 aquae,

2058 5020 2345 5076 currebant
2388 5014 2682 5087 prophetiae
2730 5032 2743 5067 :
2794 5028 2974 5083 quaere
3026 5009 3185 5065 modo
3236 5005 3375 5076 apud
3427 5002 3645 5059 Judteos
3709 5078 3717 5087 .

2058 5110 2373 5186 prOphetam
2406 5151 2421 5177 ,
2453 5122 2560 5163 non
2588 5106 2812 5160 invenis.
2865 5121 2886 5155 ‹
2920 5102 3103 5159 Posuit
3131 5119 3152 5152 ι
3183 5097 3324 5153 enim
3356 5114 3375 5148 c
3427 5093 3644 5150 ﬁumina

2067 5224 2087 5259 ι
2123 5208 2175 5261 in
2204 5204 2491 5268 desertum,
2522 5210 2575 5255 et
2593 5198 2769 5254 exitus
2788 5209 3042 5266 aquarum
3070 5192 3121 5246 in
3142 5190 3307 5245 sitim.
3340 5186 3525 5243 Posuit
3549 5183 3649 5240 ﬁu-
3724 5169 3732 5211 ⁵

2068 5318 2087 5352 ι
2125 5300 2267 5354 mina
2314 5297 2366 5351 in
2398 5296 2687 5350 desertum.
2726 5309 2745 5343 ι
2778 5289 2964 5343 Dieant
2996 5325 3009 5349 ,
3049 5304 3068 5337 ‹
3100 5282 3215 5339 Jam
3261 5296 3368 5335 non
3406 5288 3489 5335 est
3518 5292 3646 5347 pro-

2068 5411 2089 5446 ς
2120 5390 2300 5462 pheta,
2319 5397 2373 5444 et
2392 5402 2492 5443 nos
2508 5401 2614 5441 non
2635 5387 2923 5453 cognoscet
2934 5375 3113 5432 adhuc
3135 5371 3337 5446 s(Psal.
3356 5387 3423 5427 ως
3433 5386 3545 5437 χιιι,
3562 5370 3644 5441 9).

2070 5503 2089 5537 ι
2125 5483 2308 5541 Posuit
2346 5480 2562 5536 ﬁumina
2596 5477 2650 5531 in
2692 5473 2991 5536 desertum,
3024 5474 3080 5524 et
3101 5467 3275 5523 exitus
3303 5478 3562 5536 aquarum
3586 5464 3644 5518 in

2071 5597 2090 5632 ι
2125 5577 2265 5633 sitim
2288 5616 2302 5639 ,
2341 5583 2535 5628 terram
2563 5562 2893 5623 fructiferam
2938 5561 3236 5617 insanitas.
3275 5577 3295 5611 ι
3331 5557 3535 5624 Quaeris
3574 5554 3647 5610 ibi

2064 5669 2223 5726 iidem
2252 5664 2469 5731 Christi,
2519 5676 2624 5716 non
2655 5656 2894 5723 iuvenis;
2923 5652 3119 5727 quzeris
3157 5650 3471 5723 prophetam
3493 5688 3507 5714 ,
3538 5661 3647 5702 non

2068 5763 2309 5831 invenis;
2339 5758 2535 5832 quaeris
2584 5752 2919 5814 sacerdotem
2946 5792 2964 5824 ,
3008 5764 3117 5809 non
3164 5746 3405 5823 invenis,
3451 5739 3651 5821 quaeris
