4070 6470
504 256 636 310 1227

499 373 813 430 sacrificium
845 419 858 443 ,
892 393 996 433 non
1027 381 1265 448 invenis;
1299 388 1494 456 quaeris
1523 391 1776 463 templum
1805 436 1818 460 ,
1862 411 1966 450 non
1995 398 2075 452 in-

497 466 665 522 venis.
712 469 888 535 Quare
915 471 1058 528 hoc?
1082 473 1248 542 Quia,
1285 494 1306 530 t
1338 479 1518 536 Posuit
1567 469 1783 542 ﬂumina
1814 489 1867 544 in
1894 489 2078 546 deser-

497 573 522 610 e
553 566 686 628 tum,
704 572 766 617 et-
783 563 954 619 exitus
979 575 1232 637 aqttarum
1257 569 1308 624 i'n
1335 570 1512 640 sitim;
1539 581 1734 633 terram
1753 579 2076 638 fructiferam

502 665 524 701 π
558 650 609 704 in
641 652 856 708 salinas.
893 673 914 708 ι
943 655 1136 726 Unde,
1168 676 1273 730 quo
1303 663 1537 719 merito?
1565 686 1585 720 ι
1619 670 1663 724 Λ
1691 671 1887 726 malitia
1919 673 2074 729 inha-

496 758 514 792 ι
552 741 918 801 bitant'iunrin
938 761 1019 803 ea.
1053 767 1082 802 ι·
1104 750 1532 824 Ecce‘quomodo
1564 762 1804 830 superbis
1831 765 2027 821 resistit
2055 784 2069 820 :

488 833 612 889 audi
638 838 904 905 (inomodo
930 838 1221 899 lumiiﬁbus
1243 845 1335 900 det
1358 849 1601 917 gratiam.
1632 870 1650 903 ‹
1682 854 1862 909 Posuit
1882 857 2070 913 deser-

489 941 510 975 t
549 932 658 980 tum
711 926 762 982 in
817 937 1006 1002 stagnat
1051 948 1303 1005 aquarum
1346 979 1359 1002 ,
1415 950 1468 994 et
1517 950 1712 997 terram
1763 947 1878 1002 sine
1933 965 2068 1020 aqua

488 1032 510 1066 ι
545 1014 602 1072 in
626 1019 804 1075 exitus
852 1030 1130 1092 aquarum.
1161 1025 1234 1082 Et-
1270 1028 1508 1086 habitare
1533 1033 1656 1088 fecit
1685 1036 1792 1092 illic
1829 1014 2068 1095 esurien-

488 1125 507 1160 ι
543 1117 643 1166 tes.
678 1130 700 1165 s
733 1112 1005 1180 Quoniam
1037 1118 1116 1174 illi
1141 1119 1340 1177 dictum
1389 1134 1471 1180 est
1526 1145 1537 1180 :
1573 1137 1596 1179 t
1626 1127 1704 1184 Tu
1731 1145 1790 1185 es
1814 1134 2066 1191 sacerdos

484 1217 506 1252 ι
540 1199 596 1256 in
617 1211 876 1259 aeternum
896 1209 1187 1265 secundum
1205 1213 1446 1268 ordinem
1467 1216 1819 1276 Melchisedec
1841 1241 1858 1273 ι
1891 1223 2058 1296 (Psal.

479 1304 565 1347 ιιι
582 1332 600 1360 ,
623 1294 662 1348 4
678 1293 715 1363 ).
740 1294 948 1362 Quaeris
966 1300 1110 1355 enim
1131 1303 1149 1334 ί
1173 1305 1490 1360 sacrificium
1518 1310 1654 1380 apud
1675 1293 1921 1378 Juda'osi;
1957 1332 2059 1372 non

485 1381 650 1439 habes
681 1388 972 1444 secundum
1000 1392 1254 1450 ordinem
1274 1397 1473 1465 Aaron,
1497 1401 1630 1470 quia”
1644 1405 1819 1470 posuit
1841 1403 2059 1463 ﬂumina

474 1475 530 1532 in
555 1476 827 1537 desertum
849 1500 863 1538 :
885 1487 1081 1554 quaeris
1110 1489 1400 1544 secundum
1423 1492 1663 1549 ordinem
1684 1496 2055 1569 Melchisedcc;

472 1568 611 1638 apud
638 1570 766 1626 illos
785 1590 892 1629 non
914 1575 1143 1644 invenis,
1171 1580 1272 1634 sed"
1298 1597 1392 1650 per
1421 1591 1588 1639 totum
1608 1586 1791 1641 orbem
1820 1568 2058 1646 celebra?-

471 1669 556 1716 tur
583 1663 636 1718 in
681 1665 940 1723 Ecclesia.
970 1671 1013 1723 Α
1039 1672 1163 1726 solis
1190 1682 1310 1728 ortu
1333 1691 1491 1745 usque
1517 1677 1587 1731 ad
1609 1694 1840 1735 occasum
1868 1683 2053 1736 lauda-

469 1760 552 1805 tur
581 1769 763 1810 nomen
786 1757 993 1814 Domini
1015 1761 1033 1832 (
1056 1761 1203 1817 Psal'.
1235 1779 1368 1834 cm,
1401 1768 1435 1823 5
1527 1769 1594 1824 Et
1623 1771 1750 1826 dicit
1783 1773 1919 1829 Deus
1947 1775 2054 1833 illis

467 1857 690 1912 quorum
711 1846 936 1904 ﬂumina
957 1853 1132 1920 posuit
1159 1854 1505 1912 in-desertum
1537 1876 1550 1915 :
1601 1877 1621 1912 t
1667 1861 1780 1918 Non
1811 1864 1892 1919 est
1922 1867 2051 1922 mihi

473 1954 493 1990 ι
531 1938 773 1994 voluntas
816 1942 868 1996 in
895 1944 1076 2012 vobis,
1109 1946 1238 2002 dicit
1263 1949 1538 2018 Dominus,
1569 1969 1668 2010 nec
1691 1957 1943 2026 accipiam
1967 1975 2052 2013 sa-

471 2045 490 2081 t
527 2029 784 2086 oriﬁcium
827 2035 896 2090 de
945 2039 1191 2095 manibus
1232 2044 1458 2109 vestris,
1513 2048 1761 2116 quoniam
1820 2051 1887 2104 ab
1928 2061 2049 2108 ortu

469 2136 489 2172 t
525 2122 654 2178 solis
686 2139 858 2195 usque
875 2128 1232 2200 adoccasum,
1253 2136 1572 2192 sacrificium
1604 2141 1858 2197 mundum
1889 2143 2050 2200 offer-

460 2218 546 2267 tur
573 2215 783 2272 nomini
800 2234 921 2275 meo
943 2239 966 2274 ›
988 2221 1206 2290 (latae.
1237 2243 1274 2290 ι,
1307 2228 1437 2282 10st
1460 2231 1519 2285 11
1552 2234 1595 2303 ).
1626 2232 1724 2288 Ubi
1753 2244 1904 2289 erant
1932 2253 2048 2292 om-

460 2303 545 2358 nia
580 2305 853 2365 immunda
911 2314 1168 2370 sacriﬁcia
1196 2360 1210 2383 ,
1260 2320 1471 2388 quando
1518 2323 1786 2380 desertum
1847 2340 2040 2399 erant,

455 2397 666 2465 quando
693 2403 1006 2471 squalebant
1029 2449 1045 2473 ,
1076 2408 1294 2477 quando
1316 2412 1498 2467 salinae
1528 2425 1680 2470 erant
1701 2433 1887 2474 omnes
1912 2397 2041 2490 gen;

457 2495 581 2552 tes;
605 2490 674 2545 ibi
723 2510 863 2551 ιιιιιιο
901 2495 1112 2564 fontes,
1168 2501 1244 2555 ibi:
1281 2517 1421 2560 nunc
1462 2505 1677 2562 flumina
1701 2551 1715 2575 ,
1777 2509 1848 2564 ibi
1899 2528 2040 2569 nunc

452 2588 637 2652 stagna
665 2600 919 2655 aquarum
945 2633 959 2658 ,
1003 2600 1057 2645 et
1099 2593 1272 2647 exitus
1323 2609 1597 2666 aquarum.
1629 2599 1769 2670 Ergo
1795 2604 2038 2671 superbis

448 2674 680 2742 restitit,
712 2675 998 2736 humilibus
1043 2692 1218 2739 autem
1263 2686 1409 2742 dedit
1431 2690 1676 2757 gratiam.
1707 2691 1773 2745 Et
1808 2693 2038 2749 habitare

447 2761 566 2832 fecit
603 2764 710 2820 illic
748 2771 1019 2827 esurienm
1061 2789 1080 2827 :
1115 2776 1258 2845 quia,
1284 2776 1449 2833 Edent
1474 2797 1740 2849 pauperes,
1769 2793 2034 2839 etsatura-

443 2855 634 2912 buntur
662 2860 679 2930 (
704 2860 849 2917 Psal.
879 2881 987 2928 XXI,
1014 2867 1083 2920 27
1112 2867 1151 2936 ).
1186 2867 1252 2922 Et
1278 2872 1638 2926 constituerunt
1664 2875 1912 2930 civitatem
1939 2877 2034 2932 ha-

442 2948 698 3006 bitationis
728 2970 748 3008 :
775 2955 1358 3015 interitn'habimtionis
1391 2962 1441 3016 in
1476 2978 1606 3032 spe;
1631 2967 1901 3036 quoniam,
1931 2971 2030 3036 Qui

443 3060 522 3097 me
544 3045 728 3113 audit,
761 3047 930 3119 inquit
949 3092 964 3116 ,
993 3050 1233 3106 habitabit
1277 3054 1328 3107 in
1364 3070 1453 3123 spe
1481 3053 1500 3121 (
1523 3054 1680 3110 Prov.
1714 3074 1769 3125 ι,
1795 3059 1894 3124 35,
1924 3077 2024 3116 sec.

441 3133 639 3208 LXX).
666 3138 730 3192 Et
756 3142 1118 3196 constituerunt
1143 3145 1390 3198 civitatem
1416 3145 1755 3203 habitationis.
1789 3149 1853 3203 Et
1870 3154 2025 3206 senti-

440 3240 683 3286 naverunt
732 3251 880 3305 agros
913 3277 927 3299 ,
986 3248 1031 3290 et
1079 3238 1428 3305 plantauerunt
1474 3241 1644 3295 uineas
1665 3283 1678 3309 ,
1710 3252 1758 3297 et
1804 3248 2026 3316 fecerunt

437 3324 656 3392 fructum
671 3326 919 3391 frumenti:
937 3340 958 3381 :
981 3329 1046 3382 ad
1065 3345 1220 3399 quem
1241 3331 1523 3401 (a)=gaudet
1538 3334 1816 3402 operarius
1832 3336 1918 3390 ille
1933 3340 2023 3407 qui

436 3413 584 3475 dicit,
622 3432 641 3465 ι
665 3415 780 3470 Νοιι
809 3418 932 3487 quia
959 3435 1140 3487 qutnro
1155 3419 1360 3489 datum,
1386 3422 1481 3476 sed
1509 3425 1726 3493 requiro
1745 3424 1973 3482 fructum
1995 3448 2016 3481 s

437 3504 456 3574 (
489 3503 724 3576 Philipp.
754 3523 825 3574 tv,
862 3509 992 3576 1-7).
1028 3527 1048 3560 ι
1086 3510 1150 3565 Et
1172 3511 1441 3568 benedixit
1466 3528 1580 3581 eos,
1610 3525 1664 3569 et
1687 3518 2022 3588 multiplicati

435 3608 559 3653 sunt
585 3599 744 3654 nimis
765 3642 780 3667 ,
824 3610 878 3654 ct
900 3601 1142 3671 jumcnta
1181 3619 1366 3659 eorum
1395 3619 1499 3659 non
1525 3617 1649 3662 sunt
1675 3608 1964 3665 deminuta.
1992 3632 2012 3665 ι

435 3691 550 3746 Hoc
577 3701 701 3746 stat.
733 3711 751 3745 t
783 3692 1020 3748 Firmum
1057 3712 1078 3746 ι
1109 3696 1252 3749 enim
1284 3715 1312 3749 «ι
1340 3696 1740 3760 fundamentum
1772 3701 1868 3756 Dei
1889 3711 2011 3769 stat,

436 3803 455 3836 ι
493 3786 616 3856 quia
645 3787 793 3842 novit
815 3787 1072 3844 Dominus
1091 3788 1324 3859 qui-sunt
1342 3791 1457 3860 ejus
1490 3810 1509 3844 ι
1545 3792 1627 3864 (ll
1648 3793 1782 3848 Tim.
1812 3796 2008 3866 tr,-19).

426 3875 674 3933 Jumenta
703 3888 757 3933 et
803 3894 994 3950 pecora
1025 3880 1272 3936 dicuntur
1296 3923 1322 3950 ,
1343 3883 1394 3937 in
1423 3883 1662 3940 Ecclesia
1693 3888 2004 3957 sit-nplieitaer

427 3969 792 4038 ambulantis,-
829 3971 925 4028 sed
955 3973 1098 4028 utilia
1123 3988 1137 4038 ;
1167 3989 1271 4028 non
1311 3976 1535 4030 multum
1561 3976 1715 4032 docta
1741 4019 1755 4043 ,
1783 3979 1875 4034 sed
1908 3980 2011 4036 fide

428 4061 604 4131 plena.
629 4063 848 4134 Ergo‘et
874 4064 1178 4134 spirituales
1201 4075 1256 4121 et
1279 4068 1522 4122 carnales
1546 4068 1796 4123 benedixit
1826 4087 1935 4135 eos,
1961 4081 2010 4125 et

425 4154 748 4226 multiplicati
775 4167 894 4210 sunt
914 4158 1096 4226 nimis,
1124 4167 1172 4212 et
1188 4159 1423 4228 jumsuta
1446 4176 1621 4215 eorum
1649 4178 1751 4216 non
1777 4165 1902 4217 sunt
1921 4163 2008 4218 de-

422 4245 636 4299 ηιᾶαιωι

493 4336 581 4390 14.
621 4333 645 4410 [
673 4352 799 4393 vers.
832 4338 1020 4396 39-43.
1050 4338 1082 4413 ]:
1110 4339 1184 4396 Et
1231 4345 1382 4411 pauci
1423 4344 1546 4412 facti
1578 4355 1718 4412 sunt,
1762 4356 1814 4400 es
1839 4351 2005 4404 uexati

421 4437 558 4483 sunt.
593 4429 747 4485 Unde
788 4431 890 4488 hoc
909 4475 923 4498 ,
951 4433 1020 4488 de
1069 4436 1412 4490 transverso?
1442 4436 1554 4490 lmo
1579 4436 1644 4492 de
1673 4438 1902 4494 interno.
1936 4440 2006 4497 Ut

417 4523 559 4577 enim
581 4525 731 4594 pauci
759 4525 976 4593 tierent,
995 4544 1058 4580 ea:
1083 4528 1226 4581 nobis
1255 4529 1502 4596 exierunt,
1533 4530 1624 4584 sed-
1649 4547 1745 4585 non
1773 4542 1913 4586 erant
1940 4550 2004 4588 ea;

416 4613 579 4670 nobis.
625 4616 748 4671 Ideo
788 4628 977 4673 autem
1009 4629 1253 4690 tanquam
1299 4621 1366 4676 de
1396 4620 1478 4676 his
1503 4622 1662 4687 dicit,
1697 4624 1764 4679 de
1809 4627 1998 4696 quibus

416 4715 573 4762 antea
612 4708 983 4779 loquebantur,
1015 4721 1074 4766 ut
1108 4727 1228 4767 cum
1277 4713 1547 4769 intellectu
1586 4715 1994 4787 discernantur;

414 4798 542 4876 quia
563 4811 813 4872 tanquam
843 4802 912 4858 de
939 4804 1142 4860 hisdem
1169 4805 1426 4875 loquitur,
1458 4817 1674 4877 propter
1695 4812 1995 4866 communia

319 4915 336 4970 ξ
416 4893 783 4952 Sacr-amenta.
817 4896 897 4950 Ad
950 4896 1200 4968 populum
1227 4899 1368 4953 enim
1413 4899 1505 4954 Dei
1551 4901 1814 4970 pertinent
1846 4946 1860 4970 ,
1894 4906 1994 4960 etsi

413 5002 522 5045 non
549 5001 644 5060 per
671 4989 950 5058 virtutem,
983 4999 1129 5046 certe
1153 5006 1246 5062 per
1275 4993 1506 5061 Speciem
1536 4995 1744 5064 pietatis
1765 5012 1782 5062 ;
1803 4996 1870 5053 de
1891 4999 1994 5053 illis

413 5082 565 5140 enim
585 5083 888 5140 audivimus
916 5060 1228 5155 Apostolum
1253 5102 1267 5139 :
1291 5060 1360 5140 η
1384 5060 1663 5141 novissimis
1689 5060 2004 5160 temporibus-

407 5173 667 5242 insthbunt
691 5186 918 5247 tempora
955 5193 1122 5243 scca;
1167 5187 1309 5232 erunt
1355 5180 1489 5234 enim
1531 5181 1757 5237 homines
1801 5184 1990 5253 seipsos

408 5277 636 5324 amantes
656 5265 766 5338 (Id.
794 5284 871 5336 ut,
889 5269 941 5334 1-,
963 5268 1042 5340 2).
1069 5269 1304 5325 Primum
1334 5272 1530 5328 malum
1549 5314 1562 5338 ,
1589 5276 1778 5346 seipsos
1811 5292 1990 5330 antan-

407 5365 514 5422 tes;
541 5360 724 5429 utique
763 5360 864 5416 sibi
904 5362 1191 5431 placentem
1221 5362 1450 5419 Utinam
1475 5365 1572 5421 sibi
1601 5365 1983 5435 displicerent,

407 5457 478 5510 θυι
493 5450 902 5519 υθοῳιιιοθιεηι
927 5456 984 5518 ¹;›
1005 5453 1281 5508 utinam-in
1307 5455 1703 5512 difﬁcultatibus
1724 5459 1990 5516 exclama-

467 5556 499 5626 "_
520 5558 595 5602 er.
610 5560 661 5626 et
677 5561 812 5626 _L_ov.,
837 5555 1155 5626 Qutgris'enim
1172 5559 1468 5626 macritatem
1488 5566 1532 5610 et
1553 5560 1864 5626 sacriﬁcium,
1889 5573 1984 5616 etc.

399 5620 458 5666 At.
481 5622 578 5677 Am,
605 5623 657 5666 et
677 5623 784 5676 Isss.
811 5631 908 5668 non
929 5618 1129 5677 habent,
1152 5622 1447 5674 sacerdotem
1468 5627 1530 5673 et.

464 5677 485 5708 ³
522 5674 688 5727 Piures
708 5674 831 5737 usus,
857 5684 902 5729 et
929 5689 1077 5730 Deum
1101 5674 1331 5734 natarent.

460 5737 546 5802 (ά)
573 5738 767 5804 ειπψιθι
798 5741 1022 5792 ἠιαωκέ

1734 278 1791 336 s.
1824 279 2192 360 AUGUSTtNt
2230 287 2530 350 EPISCOPI

3631 325 3778 386 ιω

2189 412 2346 471 rent,
2383 415 2440 463 et
2484 423 2515 464 ιι
2545 413 2949 490 necessitatibus
2989 420 3360 485 liberarentur.
3408 432 3776 500 Sedmultum-

2184 493 2251 550 de
2270 511 2327 551 se
2357 513 2758 575 praesumentes,
2790 512 2941 578 pauci
2979 518 3099 586 facti
3123 529 3257 574 sunt.
3280 521 3614 584 Manifestum
3642 542 3727 590 est
3747 576 3770 602 ,

2182 587 2372 648 fratres
2405 608 2420 658 ;
2468 611 2654 652 omnes
2697 602 2784 671 qui
2833 617 2892 658 se
2933 605 3178 666 dividunt
3218 614 3286 670 ab
3333 617 3580 685 unitate,
3607 587 3772 694 pauci

2180 679 2332 736 fiunt.
2356 682 2504 740 Multi
2525 688 2665 743 enim
2687 702 2808 748 sunt
2833 736 2850 761 ,
2874 696 2969 752 sed
2990 699 3041 752 in
3073 703 3274 760 unitate
3297 749 3310 769 ,
3344 708 3468 765 dum
3492 679 3650 770 non"
3678 679 3766 775 se-

2179 785 2430 843 parantur
2457 779 2524 836 ab
2551 782 2751 840 unitate
2776 805 2789 841 :
2817 803 2935 843 cum
2962 793 3104 849 enim
3135 802 3360 867 cmperit
3404 804 3470 859 ad
3513 822 3609 864 eos
3651 827 3766 870 non

2177 867 2445 934 pertinere
2473 872 2756 930 multitudo
2777 881 3013 950 unitatis,
3040 885 3090 939 in
3113 886 3302 946 haeresi
3327 902 3381 948 ct
3397 895 3451 949 in
3466 899 3764 959 schismata

2175 959 2324 1026 pauci
2351 973 2492 1022 sunt.
2526 963 2596 1020 Et
2626 972 2780 1037 pauci
2800 977 2923 1043 facti
2949 988 3084 1042 sunt,
3119 991 3165 1033 et
3197 987 3358 1040 vexati
3381 1000 3499 1044 sunt
3530 1009 3564 1045 a
3589 995 3757 1050 tribu-

2176 1048 2362 1106 latione
2384 1055 2630 1112 malorum
2649 1070 2696 1114 et
2721 1062 2911 1119 dolore.
2933 1065 3148 1134 E/fusus
3173 1083 3246 1128 est
3269 1087 3584 1151 contemptus
3600 1103 3759 1156 super

2170 1141 2440 1212 principes.
2495 1145 2784 1217 Reprobati
2814 1155 2955 1210 enim
2997 1169 3124 1215 sunt
3163 1164 3232 1217 ab
3257 1141 3496 1227 Ecclesia
3529 1173 3621 1230 Dei

2170 1233 2355 1303 magis,
2385 1237 2502 1306 quia
2535 1241 2800 1313 principes
2829 1262 2948 1304 esse
2969 1252 3248 1310 voluerunt
3270 1298 3285 1324 ,
3313 1258 3434 1314 ideo
3460 1271 3752 1338 contempti

2169 1335 2330 1392 sunt,
2361 1336 2416 1383 et
2444 1329 2566 1386 facti
2594 1343 2718 1394 sunt
2761 1339 2840 1391 sal
2889 1339 3199 1399 infatuatum
3243 1350 3533 1420 projectum
3562 1329 3749 1427 foras;

2168 1415 2286 1470 ideo
2311 1421 2652 1479 conculcatur
2677 1427 2744 1482 ab
2769 1428 3075 1489 hominibus
3104 1415 3565 1517 (.Mat—th.'v,.15).
3596 1415 3750 1517 ΕΙῙιιζ

2163 1525 2250 1564 sus
2279 1521 2349 1566 est
2391 1526 2703 1589 contemptus
2751 1538 2904 1594 super
2932 1527 3201 1597 principes.
3251 1532 3319 1586 Et
3357 1536 3555 1593 seduxit
3582 1559 3666 1597 eos
3695 1545 3746 1600 in

2161 1602 2316 1668 invio,
2345 1617 2391 1660 et
2420 1625 2518 1663 non
2549 1611 2601 1665 in
2628 1615 2724 1667 via.
2757 1616 2835 1670 illi
2867 1621 3112 1689 superius
3135 1624 3192 1678 in
3216 1626 3320 1694 via,
3351 1629 3423 1684 illi
3458 1632 3525 1686 ad
3551 1635 3746 1691 civita-

2163 1704 2267 1751 tem
2296 1698 2514 1767 directi,
2539 1703 2767 1776 denique
2792 1709 3026 1778 deducti,
3051 1730 3159 1770 non
3185 1719 3387 1775 seducti
3414 1741 3429 1777 :
3455 1725 3538 1780 isti
3563 1737 3744 1789 autem

2159 1785 2212 1840 in
2244 1788 2386 1846 invio
2411 1792 2636 1848 seducti.
2662 1796 2795 1864 Quid
2827 1810 2941 1868 est,
2989 1805 3186 1861 sedtm't
3211 1810 3332 1865 eos?
3371 1812 3600 1871 Tradidit
3625 1785 3744 1875 illos

2158 1877 2295 1934 Deus
2322 1882 2372 1934 in
2414 1889 2842 1956 concupiscentiae
2876 1896 3043 1950 cordis
3085 1915 3258 1954 eorum
3287 1903 3306 1973 (
3335 1904 3488 1959 Rom.
3515 1923 3568 1976 t,
3598 1909 3670 1966 24
3697 1911 3744 1981 ).

2159 1967 2268 2024 lloc
2297 1981 2379 2026 est
2407 1975 2570 2042 enim,
2611 1982 2810 2036 seduin
2835 2025 2850 2049 ,
2877 1984 3096 2042 donavit
3120 1989 3238 2046 illos
3259 1967 3378 2050 sibi.
3401 1995 3534 2054 Nam
3554 1967 3600 2056 si
3625 1967 3745 2072 prec

2157 2064 2268 2132 prie
2289 2081 2497 2135 qttteras
2523 2112 2535 2132 ,
2565 2070 2666 2139 ipsi
2698 2087 2758 2129 se
2784 2075 3063 2134 seducunt.
3095 2081 3195 2148 Qui
3221 2087 3356 2140 enim
3384 2100 3527 2157 putat
3555 2110 3610 2148 se
3625 2064 3742 2151 esse

2152 2155 2366 2223 aliquid,
2394 2175 2509 2213 cum
2535 2161 2664 2216 nihil
2686 2165 2751 2219 sit
2777 2208 2791 2233 ,
2821 2169 3040 2238 seipsum
3066 2174 3258 2228 seducit
3288 2155 3496 2248 (Galat.
3523 2198 3599 2248 Vt,
3629 2185 3666 2240 5
3695 2190 3738 2256 ).

2151 2245 2284 2315 Quid
2312 2259 2396 2305 est
2422 2267 2588 2323 ergo,
2619 2257 2817 2313 seduxit
2843 2263 2968 2316 eos?
2995 2264 3201 2321 Dimisit
3247 2245 3360 2326 eus.
3393 2245 3654 2343 Iniuria,
3687 2245 3739 2332 ἐι

2151 2355 2251 2393 non
2278 2341 2332 2393 in
2353 2343 2430 2396 via
2452 2359 2471 2397 :
2501 2349 2768 2415 quomodo
2790 2352 2931 2406 enim
2959 2354 3013 2408 in
3033 2356 3116 2411 via
3150 2357 3392 2417 homines
3410 2365 3499 2433 qui
3528 2378 3736 2435 partem

2151 2437 2330 2484 tenent
2353 2473 2368 2495 ,
2401 2442 2456 2488 et
2502 2443 2668 2492 totum
2695 2439 3037 2512 relinquunt?
3069 2450 3335 2517 quomodo
3364 2452 3418 2508 in
3446 2456 3572 2513 via?
3599 2459 3736 2525 Quae

2145 2530 2225 2575 est
2252 2538 2380 2593 ergo
2403 2526 2504 2589 via,
2533 2538 2618 2582 aut
2644 2532 2731 2586 ubi
2761 2537 3073 2603 agnoscitur
3098 2542 3219 2595 via?
3253 2561 3272 2594 ι
3303 2544 3458 2611 Deus,
3493 2567 3510 2600 ι
3537 2550 3732 2620 inquit,

2151 2631 2169 2664 ι
2205 2615 2524 2673 misereatur
2547 2624 2752 2690 nostri,
2782 2636 2834 2681 et
2860 2627 3263 2688 benedicatinos
3283 2652 3308 2700 ;-.
3327 2637 3588 2696 illuminet
3609 2615 3730 2698 vui;

2148 2721 2166 2754 ι
2206 2714 2315 2759 ιιιιιι
2343 2724 2496 2763 suum
2523 2725 2685 2781 super
2711 2731 2808 2770 nos
2829 2759 2843 2782 ,
2879 2727 2935 2773 ut
2958 2736 3309 2792 agnoscamus
3336 2727 3394 2781 in.
3421 2739 3560 2786 terra
3584 2733 3729 2792 viam

2147 2812 2166 2845 (
2205 2803 2370 2851 tuam.
2412 2818 2432 2852 ι
2460 2799 2516 2855 ln
2544 2818 2648 2872 qua
2673 2809 2848 2862 terra?
2878 2829 2900 2863 ι
2936 2812 2991 2866 ln
3032 2816 3277 2873 omnibus
3299 2822 3544 2889 gentibus
3579 2825 3728 2881 salu-

2143 2901 2164 2936 ι
2201 2894 2313 2942 tare
2343 2898 2485 2945 tuum
2515 2911 2534 2943 ι
2564 2893 2736 2965 (Psal.
2768 2914 2915 2968 um,
2949 2902 3002 2970 2,
3032 2902 3119 2977 ὅ).
3146 2906 3340 2980 Utique
3375 2913 3509 2969 tales
3535 2925 3592 2970 ut
3616 2917 3726 2972 mi-

2137 2991 2386 3047 nuantur,
2415 2993 2470 3038 ut
2497 2989 2650 3056 pauci
2683 2989 2812 3047 ﬁant
2833 3034 2850 3059 ,
2880 2995 3003 3051 hinc
3041 3010 3268 3067 exeunt;
3315 3017 3346 3058 a
3385 2995 3727 3066 multitudine

2134 3071 2351 3128 unitatis
2377 3089 2565 3133 omnes
2593 3082 2866 3151 exierunt,
2893 3087 3033 3142 sicut
3057 3091 3213 3159 paulo
3238 3103 3362 3151 ante
3387 3111 3720 3155 commemo-

2133 3165 2243 3218 ravi
2271 3165 2467 3222 dictum
2499 3169 2566 3226 de
2595 3172 2700 3228 illis
2730 3191 2743 3227 :
2777 3175 2860 3230 Ea:
2902 3180 3043 3234 nobis
3072 3183 3332 3253 exierunt,
3367 3189 3454 3242 sed
3483 3205 3589 3244 non
3611 3192 3723 3262 fue-

2130 3268 2249 3310 runt
2282 3275 2346 3314 ea:
2371 3261 2512 3316 nobis
2529 3281 2548 3329 ;
2573 3267 2617 3318 si
2640 3267 2774 3320 enim
2800 3285 2864 3322 ea:
2899 3272 3039 3325 nobis
3067 3273 3298 3343 fuissent,
3327 3284 3720 3348 permansissent

2134 3350 2303 3418 utique
2342 3355 2599 3408 nobiscum
2625 3358 2643 3429 (
2675 3357 2689 3410 l
2715 3358 2868 3414 Joan.
2896 3378 2966 3429 lt,
3000 3365 3128 3436 19).
3159 3368 3262 3423 Sed
3288 3371 3331 3424 si
3362 3370 3499 3426 forte
3545 3379 3721 3433 nostri

2127 3450 2249 3492 sunt
2267 3441 2317 3494 in
2335 3443 2543 3498 occulta
2571 3449 2900 3515 praescientia
2927 3452 3275 3520 Dei,necessc
3295 3469 3376 3515 est
3395 3473 3450 3516 ut
3469 3462 3719 3521 redeant.

2125 3530 2292 3610 Quam
2344 3534 2495 3589 multi
2541 3553 2644 3592 non
2674 3543 2839 3596 nostri
2867 3543 3039 3599 adhuc
3076 3550 3224 3616 quasi
3254 3551 3392 3606 intus
3411 3594 3427 3618 ,
3470 3558 3523 3608 et
3551 3571 3720 3625 quam

3092 3605 3106 3616 .
3317 3605 3321 3606 κ
3414 3605 3427 3618 ι
3479 3605 3521 3608 η
3554 3605 3719 3625 1—w-

2122 3605 2270 3675 multi
2307 3625 2475 3679 nostri
2523 3627 2695 3685 adhuc
2724 3633 2872 3702 quasi
2914 3633 3083 3691 foris?
3122 3637 3279 3693 Novit
3323 3640 3572 3699 Dominus
3615 3651 3719 3716 qui

2120 3725 2236 3767 sunt
2265 3717 2391 3786 ejus.
2440 3718 2505 3772 Et
2543 3721 2616 3774 illi
2648 3737 2752 3777 non
2798 3727 2961 3780 nostri
2992 3729 3078 3798 qui
3118 3730 3258 3786 intus
3299 3745 3443 3800 sunt,
3491 3739 3721 3805 quando

2119 3808 2429 3862 occasiones
2462 3810 2776 3881 invenerint,
2805 3829 3031 3883 exeunt;
3065 3829 3118 3874 et
3157 3822 3233 3876 illi
3264 3826 3427 3878 nostri
3457 3828 3545 3896 qui
3577 3829 3716 3885 foris

2117 3908 2259 3963 sunt,
2305 3899 2514 3967 quando
2553 3904 2862 3961 occasiones
2905 3908 3223 3977 invenerint,
3278 3915 3522 3972 redeunt.
3567 3918 3715 3976 Illud

2116 3987 2243 4056 ergo
2265 3991 2486 4058 accipite
2511 3993 2652 4062 quod
2680 3997 2826 4051 novit
2853 3997 3012 4066 Deus,
3056 4003 3346 4059 secundum
3376 4007 3475 4062 hoc
3501 4009 3712 4066 seduxit

2114 4093 2196 4131 eos
2221 4078 2273 4131 in
2300 4080 2454 4146 itwio,
2482 4092 2528 4134 et
2566 4100 2665 4138 non
2692 4086 2743 4139 in
2777 4087 2876 4140 via.
2905 4081 2974 4143 Et
2993 4091 3116 4160 quid
3147 4093 3214 4148 de
3235 4095 3336 4150 illis
3361 4097 3522 4154 fecit?
3542 4100 3706 4166 Quod

2112 4163 2291 4226 dicere
2333 4188 2622 4244 coeperam,
2669 4179 2810 4248 quod
2839 4190 3034 4238 attente
3071 4185 3318 4243 audiatis.
3361 4189 3540 4245 Potuit
3565 4163 3700 4250 illos

2113 4265 2214 4332 pati
2249 4265 2388 4322 intus
2423 4282 2653 4339 semper,
2679 4272 2771 4326 sed
2807 4289 2905 4330 nos
2931 4275 2998 4331 de
3023 4277 3127 4334 illis
3148 4296 3254 4336 non
3279 4283 3660 4352 proliceremus
3685 4309 3700 4344 :

2109 4369 2228 4410 cum
2274 4367 2450 4415 autem
2494 4364 2724 4432 separati
2768 4375 2912 4433 sunt,
2945 4379 2998 4425 et
3042 4385 3140 4440 per
3183 4376 3503 4444 quaestiones
3544 4382 3703 4435 mali-

2106 4463 2239 4518 gnas
2267 4450 2562 4520 inquietant
2589 4470 2707 4523 nos,
2746 4460 3075 4528 propositum
3113 4474 3196 4518 est
3237 4467 3388 4521 nobis
3415 4483 3478 4522 ex
3510 4469 3614 4524 illis
3639 4481 3700 4528 et

2107 4540 2462 4610 inquisitionis
2508 4546 2764 4614 studium,
2812 4558 2867 4604 et
2901 4551 3105 4608 timoris
3148 4559 3471 4626 exemplum.
3518 4560 3702 4616 Unus-

2105 4634 2330 4704 quisque
2361 4638 2561 4700 tretnit,
2610 4655 2729 4694 cum
2773 4641 2998 4698 alterum
3031 4645 3172 4700 videt
3211 4649 3404 4714 exisse,
3437 4659 3695 4722 tanquam

2103 4742 2170 4782 ex
2211 4728 2352 4783 illius
2389 4731 2536 4786 exitu
2577 4731 2781 4788 dicatur
2823 4735 2935 4788 illi:
2969 4736 3287 4808 Quapropter
3328 4743 3411 4812 qui
3455 4759 3508 4798 se
3545 4756 3696 4815 putat

2102 4830 2254 4887 stare,
2285 4822 2445 4876 videat
2470 4841 2531 4877 ne
2555 4825 2701 4879 cadat
2723 4825 2768 4898 (l
2789 4825 2907 4882 Cor.
2936 4845 2988 4895 Χ,
3016 4830 3125 4901 12).
3154 4832 3383 4888 Prosunt
3410 4851 3538 4907 ergo
3564 4839 3692 4907 quia

2100 4921 2296 4968 exeunt
2325 4931 2336 4968 :
2368 4929 2490 4970 nam
2534 4915 2580 4969 si
2626 4917 2768 4972 intus
2806 4928 3005 4986 essent,
3063 4930 3115 4975 et
3153 4931 3255 4974 tam
3308 4924 3429 4978 mali
3479 4937 3686 4994 essent,

2099 5005 2231 5058 nihil
2262 5004 2327 5060 de
2370 5005 2471 5060 illis
2498 5008 2795 5076 prodesset.
2851 5003 2994 5077 Quid
3029 5011 3097 5068 de
3140 5014 3246 5069 illis
3273 5015 3467 5070 dictum
3519 5029 3600 5072 est
3635 5021 3686 5074 in

2097 5095 2324 5164 quodam
2360 5098 2601 5166 psalmo?
2647 5099 2977 5173 Congregatio
3009 5114 3288 5172 taurorum,
3319 5105 3366 5159 id
3403 5117 3488 5161 est
3511 5111 3690 5164 cervi—

2095 5195 2333 5241 calorum
2380 5198 2432 5244 ct
2476 5191 3202 5264 superborum;congregatio
3254 5206 3511 5250 taurorum
3554 5199 3689 5254 inter

2095 5294 2269 5334 vaccas
2296 5283 2615 5352 populorum.
2650 5280 2838 5337 Vaccus
2860 5283 2988 5338 dicit
3011 5285 3296 5341 seductiles
3316 5289 3538 5354 animas,
3563 5306 3685 5358 qua:

2092 5369 2246 5426 facile
2267 5373 2605 5426 consentiunt
2627 5372 2995 5429 seductot'ibus
3024 5375 3204 5432 tauris.
3229 5375 3331 5432 Sed
3354 5394 3516 5447 quare
3538 5379 3682 5436 lmc?

2095 5463 2163 5520 Ut
2190 5465 2524 5519 excludantur
2545 5467 2594 5518 hi
2621 5468 2707 5535 qui
2731 5467 2928 5538 probati
2956 5481 3070 5524 sunt
3094 5483 3301 5542 argento
3333 5471 3484 5542 (Psal
3503 5490 3674 5542 van,

2091 5555 2201 5626 51).
2231 5554 2367 5622 Quid
2399 5565 2500 5622 est,
2541 5566 2593 5610 ut
2619 5558 2989 5614 mludantur?
3013 5559 3080 5615 Ut
3116 5572 3425 5632 appareant,
3459 5579 3513 5617 ut
3541 5566 3678 5619 emi-

2155 5691 2171 5721 ι
2190 5691 2278 5764 _sie
2315 5695 2512 5764 Iussu“
2533 5692 2663 5755 ndd.,
2688 5695 2784 5746 sed
2797 5691 2856 5745 in
2892 5694 3071 5748 Muto
3100 5695 3221 5748 dum
3255 5704 3500 5760 mm,
3530 5711 3671 5764 sepa-

2096 5759 2262 5804 rantur
2279 5750 2338 5802 ab
2361 5751 2556 5806 unitate.
