2045 3235
163 182 234 212 ηεξ)

160 246 248 270 meant
260 240 299 269 illi
309 240 356 276 qui
376 244 438 269 sum
452 238 557 275 probati
570 238 597 267 in
610 238 718 274 eloquio
734 238 792 266 Dei.
806 236 873 267 Cum
888 237 959 266 cnim

160 287 345 325 respondetur
359 286 492 317 haereticis
503 294 536 314 ex
550 286 720 319 necessitate,
736 285 901 315 :editlcantur
911 284 961 317 Ca-

160 335 260 363 tholici
271 343 304 363 ex
318 334 443 363 utilitate.
452 333 526 362 Hanc
540 332 700 361 sententiam
711 331 789 366 plane
801 330 899 359 Paulus
915 338 962 358 ex-

167 382 284 417 pressit:
301 391 310 407 Ι
325 380 436 415 Oportet
448 379 530 413 enim,
550 390 559 405 ι
578 379 671 413 inquit,
690 388 698 404 ι
718 379 833 405 lizcreses
849 385 914 406 esse.
934 381 961 404 ut

165 427 270 463 probati
298 426 429 454 manifesti
455 427 518 453 liant
546 426 571 452 in
597 425 697 452 vobis)
726 423 747 459 (l
770 423 829 452 Cor.
851 432 886 456 xi,
908 424 959 463 19).

166 462 279 508 Oportet
300 477 328 500 et
351 477 439 500 tauros
460 471 619 499 seducentes
635 478 704 504 esse,
729 479 738 496 t
755 475 784 497 ut
796 470 839 504 qui
859 462 960 503 probati

118 540 126 548 .
167 525 231 548 sunt
247 523 369 553 argento,
385 528 394 544 t
412 518 543 545 manifesti
565 518 628 548 sint.
651 517 701 544 hoc
723 521 773 549 est,
792 525 801 541 ‹
818 516 962 544 excludan-

167 571 221 593 tur.
239 565 338 600 tQuid
349 569 399 596 est,
419 569 553 599 «argento
568 563 691 599 probati?
712 563 823 597 Eloquia
844 563 959 595 Domini,

166 612 272 647 eloquia
286 616 374 643 casta;
385 614 524 645 argentum
536 610 595 644 igne
606 609 785 638 examinatum
797 614 883 641 terrai,
899 617 960 642 pur-

165 664 257 693 gatum
271 658 422 693 septuplum
435 666 444 682 )
459 656 543 692 (Psal.
553 665 590 689 χι,
603 657 642 691 7).
654 655 819 690 Quicumque
827 659 888 682 sunt
898 662 960 689 pro-

165 704 220 732 bati
241 704 267 731 in
283 703 334 732 hoc
355 707 475 737 argento,
499 702 523 730 id
545 707 585 730 est
601 702 626 729 in
649 702 754 736 eloquio
774 701 890 733 Domini,
907 708 959 728 non

166 754 278 784 possunt
293 750 370 784 plene
388 756 513 777 exserere
529 748 578 775 lme
599 753 749 783 argentum,
766 747 815 774 nisi
834 748 960 781 quaestio-

157 796 403 831 .nibnsinquietati
420 795 616 823 hmrcticorum.
642 794 675 821 Et
690 793 732 821 hic
753 792 881 820 attendite
901 793 961 828 quia

157 850 218 870 'non
240 841 451 877 pratermissum
471 845 511 868 est
527 850 534 868 :
549 848 610 868 ecce
634 839 727 872 effusus
751 844 786 866 cst
806 843 961 872 contemptus

163 898 242 922 super
257 888 392 923 principes,
417 894 496 922 super
516 887 575 913 illos
590 891 689 913 tauros.
707 885 794 918 Quare
816 885 960 919 contempti

164 934 245 963 sunt?
259 933 337 961 Aliud
351 934 549 962 annuntiuntes.
564 932 631 965 Quid
642 936 705 958 sunt
715 931 880 965 eontempti?
892 932 962 957 Anu-

164 980 341 1009 thematizati.
361 979 480 1014 Quisquis
494 979 565 1006 enim
578 978 646 1005 vobis
660 978 846 1004 annttntiaverit
861 982 962 1011 pra’tcr-

161 1025 473 1062 quantguodvaccepistis,
488 1024 623 1051 anathema
638 1024 679 1050 sit.
695 1023 764 1056 Quid
775 1028 827 1050 tam
844 1028 962 1051 contem-

162 1079 242 1108 ptum
249 1080 327 1108 quam
341 1072 379 1099 sal
392 1071 548 1103 infatuatus,
561 1070 606 1105 qui
621 1069 692 1096 foras
706 1069 840 1103 projectns
855 1070 962 1097 concul-

161 1119 262 1148 catur?
274 1118 306 1146 Et
315 1118 404 1145 videte
414 1117 436 1144 si
448 1124 500 1144 non
516 1116 651 1150 principes
662 1119 741 1147 sunt;
754 1115 839 1149 ipsum
850 1114 961 1142 Paulum

161 1166 256 1194 audite
270 1174 276 1192 τ
289 1164 359 1192 Licet
372 1164 394 1191 si
406 1172 461 1196 nos,
473 1168 516 1190 aut
525 1163 632 1197 angelus
642 1162 673 1189 de
682 1162 744 1188 cmlo
758 1160 962 1196 evattgelizavcrit

163 1212 235 1239 nobis
256 1215 423 1246 praterquam
444 1210 511 1245 quod
536 1209 675 1243 accepistis,
693 1208 827 1234 attat/tenta
849 1208 879 1234 sit
900 1207 963 1243 (Gu-

162 1258 213 1286 Jat.
225 1265 245 1290 1,
264 1258 290 1290 8,
303 1257 341 1292 9).
358 1256 497 1290 Principes
517 1260 588 1285 sunt,
606 1254 676 1282 docti
697 1258 769 1286 sunt,
786 1254 873 1289 magni
889 1259 961 1286 sunt,

163 1304 270 1339 lapides
291 1303 399 1339 pretiosi
415 1308 486 1330 sunt.
502 1302 569 1336 Quid
585 1301 672 1328 adltuc
686 1301 804 1328 dicturus
826 1309 871 1333 es;
887 1309 964 1328 num-

161 1350 230 1384 quid
250 1350 338 1385 angeli
358 1349 441 1377 sunt?
456 1349 489 1376 Et
509 1353 608 1379 tamen,
628 1357 636 1373 ι
655 1348 702 1374 etsi
724 1347 833 1381 angelus
846 1347 879 1374 de
895 1347 963 1374 cmlo

163 1396 245 1425 vobis
252 1395 450 1423 annuntiavurit
465 1398 640 1429 praeterquam
653 1394 723 1427 quod
737 1393 962 1428 acccpistis,ana-

167 1442 258 1469 thema
272 1441 328 1468 sit:
347 1450 355 1466 ι
370 1440 431 1475 quia
453 1445 479 1467 et
498 1440 555 1474 ipse
568 1439 691 1466 diabolus
711 1438 821 1473 angelus
841 1438 873 1465 de
895 1438 963 1465 etrlo

168 1488 258 1522 lapsus
272 1491 324 1514 est.
341 1496 350 1512 ‹
368 1486 474 1513 Ell‘usus
496 1490 537 1512 est
555 1495 563 1511 ι
586 1493 650 1520 ergo
671 1494 679 1510 t
698 1490 869 1519 contemptus
884 1493 964 1519 super

167 1532 313 1568 principes.
326 1532 358 1560 Et
370 1532 471 1567 adjuvit
486 1539 628 1566 pauperem
641 1539 655 1558 a
670 1531 849 1558 mendicitate.
868 1541 878 1557 ›
895 1531 963 1564 Quid

167 1582 210 1605 est
222 1577 284 1610 hoc,
297 1577 402 1610 fratres,
416 1577 567 1611 Contclnpti
582 1582 644 1603 sunt
655 1576 800 1611 principes,
817 1580 844 1603 et
859 1576 964 1611 adjutus

168 1628 210 1652 est
224 1623 342 1659 pauper?
364 1623 464 1657 Abjecti
490 1628 552 1650 sunt
571 1623 690 1657 superbi,
707 1628 733 1650 et
754 1624 899 1650 instructus
924 1628 966 1650 est

168 1669 287 1697 humilis.
307 1669 363 1696 lloc
378 1670 450 1700 fecit,
466 1674 491 1696 et
511 1669 561 1696 hoc
576 1668 697 1695 faciendo
717 1669 813 1703 adjuvit
829 1678 965 1704 pauperem

164 1726 184 1744 ιι
201 1717 370 1744 mendicitate.
386 1717 521 1744 Mendicus
542 1721 583 1744 est
605 1716 660 1747 ille,
676 1715 741 1742 nihil
764 1715 814 1742 sibi
831 1715 963 1749 tribuens,

165 1767 254 1790 totum
269 1763 302 1790 de
322 1762 505 1790 misericordia
523 1762 568 1789 Dei
584 1766 762 1796 exspectans;
777 1765 840 1791 ante
855 1762 965 1795 januatn

169 1809 334 1836 Dominicam
362 1808 480 1843 quotidie
507 1808 614 1840 clamat,
639 1808 748 1842 pulsans
776 1812 804 1834 ut
830 1808 967 1842 aperiatur

166 1855 205 1888 ἀ,
222 1854 310 1883 nudus
333 1859 360 1882 et
375 1859 491 1881 tremens
511 1858 539 1880 ut
552 1853 691 1886 vestiatur,
712 1853 803 1881 oculos
819 1853 846 1881 in
867 1858 965 1882 terram

167 1900 308 1935 dejiciens,
327 1904 350 1928 et
367 1904 459 1935 pectus
478 1899 603 1927 tundcns.
622 1900 702 1926 Istum
721 1899 881 1931 mendicmn,
897 1900 967 1926 hunc

168 1954 326 1983 pauperem,
347 1946 417 1973 hunc
440 1945 567 1973 humilem
593 1945 693 1979 adjuvit
713 1945 782 1972 Deus
805 1945 946 1979 plurimum
959 1967 965 1979 ,

169 1993 252 2022 etiam
272 1993 307 2021 de
330 1993 386 2028 ipsa
407 1992 574 2027 separatione
593 1992 794 2023 haereticorum;
809 1992 869 2025 quia
890 1992 966 2025 pauci

170 2040 233 2068 tacti
247 2044 320 2072 sunt,
336 2043 365 2067 et
379 2039 465 2066 vexati
487 2043 559 2069 sunt,
572 2042 599 2065 et
613 2037 715 2067 seducti
735 2037 762 2071 in
779 2037 850 2064 invio
870 2041 897 2065 et
914 2046 968 2064 non

171 2088 199 2114 in
212 2086 264 2114 via.
280 2086 400 2121 Denique
414 2085 477 2120 quid
492 2089 582 2119 postea
597 2092 629 2112 ex
652 2084 703 2111 illis
717 2083 871 2116 deminutis,
887 2083 968 2111 scdu-

171 2132 233 2166 ctis,
250 2132 341 2167 paucis
352 2131 438 2164 factis,
451 2131 563 2163 vexatis,
578 2131 603 2158 iu
617 2130 707 2165 adjuto
721 2137 836 2164 paupere
847 2129 910 2164 quid
922 2129 968 2156 lit?

174 2178 208 2206 Et
221 2179 305 2212 posuit
317 2179 382 2207 sicut
395 2186 451 2206 oves
463 2178 584 2212 laminas.
598 2176 679 2210 Quasi
691 2184 773 2203 unum
785 2183 928 2210 pauperem
941 2181 968 2202 et

172 2232 257 2252 unum
275 2224 427 2253 mendicum
442 2223 619 2258 intelligebas,
635 2223 669 2250 de
682 2230 734 2257 quo
749 2222 826 2254 dixit,
845 2222 878 2248 Et
891 2223 969 2257 “(Uu-

173 2271 207 2298 δὲι
218 2279 355 2306 pauperem
368 2279 384 2296 a
396 2270 561 2298 intendicitate
577 2277 586 2296 :
602 2276 702 2303 pauper
716 2269 765 2295 iste
788 2269 878 2295 multae
891 2268 968 2295 l'anii-

173 2316 217 2344 lia:
225 2321 300 2350 sunt,
316 2324 417 2351 pauper
434 2316 484 2343 istc
500 2315 591 2342 multae
605 2315 695 2349 plebes
710 2319 788 2346 sunt;
813 2315 903 2341 multa:
918 2314 969 2341 Ec-

174 2363 264 2392 clesia!
278 2371 329 2391 una
346 2363 475 2394 Ecclesia,
491 2370 542 2389 una
559 2362 643 2396 plebs,
661 2369 711 2388 una
725 2360 833 2392 l‘atnilia,
846 2369 896 2388 una
913 2361 970 2387 ovis

175 2415 224 2437 est.
241 2409 274 2436 Et
290 2410 373 2444 posuit
386 2409 449 2435 sicut
465 2417 520 2435 oues
531 2408 652 2443 [anu/ias.
667 2407 759 2441 Magna
771 2407 896 2442 mysteria
909 2407 968 2440 ista,

172 2464 270 2491 magna
288 2460 463 2487 sacramenta,
478 2463 556 2490 quam
572 2454 712 2488 profunda,
729 2454 806 2488 plena
826 2459 970 2488 mysterio-

176 2511 253 2535 rum;
269 2510 348 2537 qttam
361 2502 475 2529 dulciter
490 2502 607 2533 inventa,
620 2500 680 2535 quia
691 2500 736 2526 diu
752 2500 870 2527 latentia.
888 2499 968 2534 Ergo,

179 2548 306 2575 Videbunt
325 2548 396 2580 recti,
422 2552 445 2574 et
458 2546 683 2580 iacuadabuntur,‘
708 2550 732 2572 et
754 2546 835 2572 omnis
853 2545 972 2579 iniquitas

175 2594 299 2629 oppilabit
313 2602 341 2620 os
359 2602 442 2620 suum.
460 2593 588 2627 Iniquitas
611 2592 653 2618 illa
667 2591 788 2626 garricns
806 2596 897 2618 contra
913 2591 973 2618 uni-

176 2643 268 2672 tatem,
288 2643 315 2666 et
333 2647 432 2674 cogens
445 2638 610 2666 manifestari
624 2638 773 2671 veritatem,
788 2637 908 2665 convicta
923 2645 971 2672 op-

178 2685 264 2717 pilabt't
275 2693 303 2712 as
313 2693 396 2712 suum.

211 2732 256 2759 15.
272 2730 347 2767 [vera
368 2730 426 2767 Κλ]
449 2740 459 2757 l
473 2731 538 2764 Quis
549 2730 672 2765 sapiens?
683 2734 710 2758 et
720 2729 851 2757 custodiet
864 2729 931 2762 huic,
946 2734 973 2756 et

176 2778 309 2813 intelliget
318 2777 504 2805 miserationes
514 2777 628 2804 Domini.
646 2786 654 2803 t
670 2776 762 2804 Videte
771 2784 825 2811 quo
838 2776 890 2803 ﬁne
901 2776 973 2803 clau-

177 2824 211 2850 sit
226 2833 233 2851 :
251 2833 261 2850 ι
275 2822 341 2856 Quis
358 2823 483 2858 sapiens?
498 2827 524 2849 et
538 2822 670 2850 custodiet
692 2822 757 2849 hate.
777 2832 785 2848 ι
805 2822 835 2848 Et
851 2821 913 2856 quid
925 2830 972 2849 cu-

177 2869 326 2897 stoditurus
338 2873 379 2896 est
392 2868 520 2904 sapiens?
534 2868 562 2896 ld
577 2873 628 2901 est,
642 2868 663 2895 si
676 2875 775 2902 pauper
785 2868 828 2900 sit,
842 2867 974 2900 custodit;

180 2915 203 2943 si
215 2923 266 2943 non
274 2914 310 2943 sit
321 2914 406 2950 dives,
421 2914 448 2943 id
460 2918 511 2950 est,
523 2922 578 2946 non
588 2914 622 2944 sit
632 2913 772 2950 superbus,
786 2921 841 2943 non
852 2913 886 2944 sit
898 2913 976 2942 inlla-

713 178 911 208 ENARBATIO
930 176 962 205 IN
974 175 1141 207 ,PSALMUM
1159 177 1238 206 CVII.

1737 179 1807 210 1430

1015 240 1068 269 tus,
1082 236 1198 265 custodit
1211 236 1278 265 haec.
1290 234 1381 270 Qure
1389 235 1460 269 enim
1477 235 1590 265 custodit
1606 236 1677 271 haec,
1689 237 1755 272 Quia
1769 239 1807 265 in-

1013 282 1106 319 telliget
1131 283 1304 311 miserationes
1330 281 1434 310 Domini
1447 291 1457 311 .-
1471 289 1525 311 non
1553 283 1648 311 merita
1671 291 1729 318 sua,
1754 293 1807 312 non

1015 329 1084 358 vires
1094 337 1166 363 suas,
1177 329 1388 365 nonpotentiam
1401 336 1477 362 suam
1487 337 1496 362 ;
1506 328 1554 362 sed
1569 329 1741 358 miserationes
1754 329 1807 358 Do-

1014 375 1087 411 mini,
1098 376 1148 412 qui.
1157 380 1292 408 errantem
1303 381 1330 405 et
1339 380 1460 412 egentem
1476 376 1583 410 inviam
1597 376 1706 406 deduxit
1720 381 1746 405 et
1762 385 1808 412 pa-

1013 422 1069 455 vit;
1089 422 1457 458 qui,pugnautem_adversus
1478 422 1664 454 difﬁcultatem
1684 428 1808 459 peccatu-

1013 477 1084 501 rum,
1105 474 1133 498 et
1154 469 1306 505 colligatum
1326 469 1439 499 vinculis
1459 469 1659 501 consuetudinis
1678 470 1758 498 solvit
1780 474 1807 499 et

1012 514 1151 548 liberavit;
1161 515 1206 550 qui
1222 514 1399 545 fastidientem
1410 516 1519 545 verbum
1535 515 1592 550 Dei,
1608 519 1636 543 et
1649 515 1727 543 tmdio
1738 523 1807 552 quo-

1012 561 1079 594 dam
1089 569 1156 596 perte
1168 561 1339 597 morientem,
1352 561 1435 598 missa
1451 562 1587 594 medicina
1606 562 1679 591 verbi
1695 563 1741 590 .sui
1761 570 1806 590 re-

1013 608 1127 640 creavit;
1140 608 1183 642 qui
1192 607 1470 643 periclitanteminter
1482 607 1609 646 naturaga
1617 613 1650 642 ,οι
1658 608 1806 644 procellosa

1012 652 1264 688 ὰὶωτίιιὶοδμιωτί
1287 653 1391 689 placato
1410 654 1449 685 .ad
1472 654 1723 691 portum.perduxit
1739 655 1806 690 :qui

1012 700 1582 738 eum,deuique.ttoustit.uit_in,eo“populo,
1603 700 1647 731 ubi
1662 701 1807 732 humilibus

1013 747 1059 777 dat
1068 748 1198 784 gratiam,
1208 755 1265 776 non
1278 747 1560 783 in,illo;ubi,superbis
1572 747 1686 781 resistit;
1703 753 1734 777 et
1743 747 1806 780 fecit

1013 801 1074 823 eum
1089 801 1179 828 suum,
1195 799 1226 824 ut
1241 794 1314 822 intus
1330 802 1442 824 attinens
1457 794 1690 830 multiplicaretur,
1711 802 1763 823 non
1777 799 1807 826 ut

1013 840 1084 870 (oras
1096 841 1188 870 exiens
1199 840 1455 871 imiituereturalloc
1471 840 1563 874 vident
1580 841 1657 874 recti,
1671 845 1698 870 et
1709 841 1806 877 jucun-

1013 886 1120 916 dantur.
1133 886 1223 915 Omnis
1235 886 1572 923 ergoiniquitasoppilabit
1583 896 1611 916 os
1624 896 1708 922 suum,
1723 892 1750 915 et
1761 891 1806 923 qui

1012 938 1053 962 est
1066 934 1175 968 rapietts,
1188 933 1309 962 custodiet
1323 933 1386 961 haec.
1403 932 1480 963 Unde
1493 933 1642 961 custodiet?
1652 934 1703 962 Per
1717 933 1806 962 humi-

1012 978 1126 1012 litatem,
1141 979 1316 1015 intelligendo
1332 980 1517 1011 miserationes
1530 980 1653 1012 Domini;
1669 979 1729 1015 quia
1745 979 1808 1009 ubi.

1011 1032 1066 1060 quo
1073 1025 1174 1055 dictum
1190 1030 1241 1059 est,
1253 1024 1548 1059 Canﬁteanturﬂomino
1559 1026 1729 1056 miserationes
1741 1025 1808 1061 eius,

1013 1075 1037 1098 et
1049 1071 1174 1099 mirabilia
1187 1072 1240 1106 ejus
1255 1071 1316 1106 ﬁliis
1326 1071 1468 1100 hominum.

1200 1177 1254 1208 “IN
1275 1177 1465 1208 PSsltIJMUM
1486 1176 1578 1208 CVII.

1119 1250 1206 1287 Quare
1218 1250 1264 1279 hoc
1275 1250 1329 1278 loco
1338 1259 1395 1280 non
1408 1249 1539 1287 subjicitur
1556 1249 1700 1289 ξηαπ-ωηο.

1051 1319 1078 1346 l.
1097 1318 1233 1346 Psalmum
1254 1318 1596 1354 centesimum'septimlm
1620 1317 1808 1354 exponendum

1015 1373 1068 1392 non
1092 1365 1199 1400 putavi;
1222 1365 1349 1400 quoniam
1370 1364 1424 1400 jam
1446 1365 1557 1400 exposui
1572 1371 1635 1393 eum
1649 1365 1686 1392 [in
1705 1365 1809 1400 psalmo

1015 1411 1235 1447 quinquagesimo
1258 1415 1349 1444 sexto,
1370 1411 1444 1439 cttin
1457 1410 1571 1446 qualm
1588 1410 1809 1447 quinquagesimo

1015 1464 1098 1490 nouo,
1119 1464 1152 1484 ex
1174 1464 1287 1492 quorum
1307 1456 1454 1492 postremis
1474 1456 1596 1492 partibus
1619 1457 1671 1485 istc
1693 1461 1808 1486 constat.

1016 1502 1082 1530 Nam
1103 1506 1238 1537 postrema
1249 1510 1312 1538 pars
1332 1502 1746 1539 quinquagesimi=sexti,~prima
1769 1507 1811 1531 est

1016 1547 1106 1584 lmjus,
1126 1556 1211 1584 usque
1225 1548 1258 1576 ad
1282 1556 1344 1577 eum
1366 1556 1472 1577 versum
1494 1550 1538 1577 ubi
1553 1549 1659 1582 dicitur,
1672 1548 1716 1576 1E:
1736 1557 1811 1585 super

1016 1602 1116 1622 omnem
1132 1599 1224 1622 terram
1237 1595 1318 1630 gloria
1331 1599 1384 1622 tua.
1399 1595 1467 1622 Hinc
1479 1598 1568 1623 autem
1581 1602 1667 1630 usque
1675 1597 1707 1622 lin
1719 1594 1810 1629 ﬁnem,

1017 1645 1153 1676 postrema.
1171 1648 1233 1675 pars
1256 1645 1297 1668 est
1320 1641 1532 1676 quinquagesimi
1554 1641 1623 1669 noni
1643 1650 1650 1668 :
1670 1641 1740 1668 sicut
1760 1648 1811 1676 po-

1010 1691 1115 1714 strema
1129 1693 1192 1722 pars
1200 1686 1338 1714 centesimi
1350 1686 1477 1714 tricesimi
1487 1686 1585 1721 quarti,
1594 1686 1688 1714 eadem
1699 1691 1740 1714 est
1751 1694 1812 1721 quin

1008 1732 1157 1760 vcentcsimi
1178 1733 1249 1760 tertii
1268 1732 1376 1766 decimi,
1389 1733 1425 1760 ab
1444 1740 1478 1760 eo
1491 1740 1570 1760 versu
1585 1733 1630 1760 ubi
1643 1732 1749 1764 dicitur.
1765 1732 1811 1760 Si-

1018 1778 1132 1806 mulat-ra
1147 1778 1265 1806 Gentium
1278 1784 1409 1814 argentum
1418 1783 1442 1806 et
1452 1786 1545 1806 aurum
1556 1786 1567 1806 :
1579 1778 1647 1806 sicut
1660 1779 1756 1806 tertius
1765 1777 1813 1806 de-

1018 1824 1146 1852 eimuset
1155 1824 1391 1859 quinquagesimus
1402 1824 1547 1857 secundus,
1559 1824 1669 1851 mutatis
1681 1823 1814 1858 aliquibus

1020 1870 1125 1902 mediis,
1149 1870 1242 1898 eadem
1256 1870 1364 1898 habent
1386 1870 1475 1898 omnia
1497 1878 1511 1897 a
1527 1870 1664 1905 principiis
1677 1877 1764 1905 usque
1785 1869 1814 1897 in

1019 1916 1097 1944 ﬁnes.
1108 1915 1288 1951 Quaecumque
1297 1915 1377 1951 igitur
1389 1916 1417 1943 in
1434 1915 1602 1950 hoc'psalmo
1610 1905 1758 1943 centesimo
1771 1922 1815 1942 εθ-

1019 1962 1105 1996 ptimo
1119 1961 1314 1996 aliquantulum
1335 1961 1414 1989 aliter
1433 1961 1520 1996 posita
1540 1961 1748 1996 sunt,-qnamiin
1762 1959 1815 1987 illis

1019 2007 1134 2040 duobus,
1149 2015 1183 2034 ex
1202 2014 1316 2042 quorum
1331 2007 1451 2042 partibus
1462 2010 1577 2040 constat,
1591 2013 1644 2034 non
1661 2006 1760 2034 habent
1774 2006 1816 2033 in-

1022 2053 1156 2081 tellectum
1176 2052 1314 2084 dificilem
1330 2053 1423 2084 uisu
1443 2053 1473 2084 in
1485 2053 1717 2089 equingptagesimo
1738 2057 1815 2081 sexto

1020 2099 1127 2133 dicitur,
1140 2098 1262 2133 Cantabo,
1284 2105 1307 2127 et
1322 2100 1447 2136 psallam;
1464 2107 1582 2136 exsurge,
1597 2099 1680 2136 gloria
1699 2108 1774 2133 mea;
1787 2099 1815 2127 in

1021 2147 1073 2174 isto
1086 2150 1186 2180 autem,
1199 2146 1321 2180 Cantabo,
1337 2152 1361 2173 et
1374 2147 1482 2183 psallam
1495 2147 1521 2174 in
1534 2146 1617 2183 gloria
1628 2155 1693 2174 mea.
1707 2146 1749 2174 Ad
1764 2145 1816 2174 hoc

1022 2194 1094 2221 enim
1106 2193 1206 2221 dictum
1218 2198 1260 2222 est
1275 2193 1339 2228 illic,
1348 2192 1476 2229 Exsurge,
1490 2197 1519 2220 ut
1529 2192 1555 2220 in
1568 2192 1611 2220 illa
1624 2196 1778 2220 cantaretur
1787 2196 1816 2220 et

1020 2239 1191 2276 psalleretur.
1221 2239 1285 2268 ltcm
1315 2238 1360 2272 ibi,
1389 2248 1399 2265 ι
1418 2238 1548 2274 Quoniam
1581 2238 1748 2275 magniﬁcam
1776 2242 1817 2266 est

1022 2293 1105 2321 usque
1118 2285 1152 2316 ad
1165 2285 1249 2314 caelos
1263 2285 1444 2313 miserimrdia
1460 2290 1520 2318 tua;
1539 2295 1548 2311 ι
1561 2285 1614 2317 vel,
1635 2285 1704 2313 sicut
1720 2285 1764 2312 alii
1777 2284 1820 2312 in-

1022 2333 1161 2369 terpretati
1186 2337 1258 2366 sunt,
1284 2342 1294 2359 t
1308 2332 1411 2361 elevata
1426 2337 1485 2360 est:
1504 2342 1514 2359 ι
1537 2332 1580 2360 hic
1600 2336 1700 2366 autem,
1716 2341 1726 2358 t
1743 2332 1818 2365 Quo-

1023 2379 1094 2408 niam
1109 2386 1204 2414 magna
1215 2383 1256 2407 est
1269 2386 1351 2414 super
1361 2378 1443 2406 ctelos
1458 2378 1640 2406 misericordia
1658 2381 1712 2405 tua.
1728 2387 1738 2403 ι
1755 2377 1818 2405 Ideo

1023 2425 1095 2452 enim
1112 2425 1274 2460 magniﬁcata
1294 2429 1330 2451 est
1345 2433 1422 2461 usque
1436 2424 1470 2451 ad
1488 2424 1573 2457 caelos,
1594 2428 1623 2451 ut
1637 2431 1731 2459 magna
1746 2424 1779 2450 sit
1791 2423 1819 2451 in

1024 2470 1116 2503 cmlis;
1138 2470 1189 2498 hoc
1206 2470 1278 2497 enim
1295 2470 1379 2498 voluit
1391 2470 1491 2504 dicere,
1512 2477 1589 2505 super
1601 2469 1687 2497 celos.
1711 2467 1777 2496 Item
1792 2468 1819 2495 in

1025 2517 1245 2553 quinquagesimo
1261 2523 1342 2550 nono,
1355 2516 1482 2550 Lwtabor,
1497 2520 1521 2543 et
1528 2515 1643 2543 dividam
1656 2514 1797 2543 Sic/timum
1809 2521 1820 2542 :

1025 2562 1070 2590 hic
1078 2567 1178 2595 autem,
1187 2561 1349 2594 Exaltabor‘,
1358 2567 1380 2590 et
1388 2561 1499 2589 dividam
1509 2561 1658 2589 Sic/timum.
1668 2560 1720 2589 Ubl
1729 2564 1820 2588 osten-

1025 2607 1097 2636 ditur
1121 2607 1192 2643 quod
1211 2607 1245 2636 de
1269 2607 1410 2635 dividenda
1434 2607 1550 2635 Sichima
1573 2606 1749 2642 signiﬁcatum
1767 2610 1820 2638 est,

1025 2658 1086 2690 post
1099 2654 1203 2682 Domini
1216 2653 1404 2682 cxaltationem
1425 2653 1581 2689 praedictum
1600 2651 1729 2686 futurum,
1745 2657 1773 2680 et
1786 2651 1821 2680 ll-

1026 2701 1078 2728 lam
1093 2700 1212 2728 laetitiam
1224 2700 1257 2729 ad
1270 2700 1339 2728 hanc
1349 2699 1538 2728 e‘xaltationem
1551 2699 1702 2735 pertinere;
1718 2703 1748 2727 ut
1760 2698 1821 2727 ideo

1026 2749 1142 2781 laetetur,
1158 2747 1220 2784 quia
1233 2747 1374 2775 exaltatur.
1389 2744 1467 2774 Unde
1487 2746 1550 2773 alibi
1568 2746 1644 2780 dicit,
1658 2755 1668 2772 ε
1681 2745 1822 2774 ϐοηνει-ιῖσ

1026 2794 1061 2822 sti
1079 2794 1179 2822 luctum
1199 2800 1288 2821 meum
1308 2794 1334 2819 in
1351 2791 1475 2827 gaudium
1492 2791 1572 2825 mihi;
1591 2791 1744 2820 conscidisti
1763 2798 1822 2818 sae

1026 2847 1085 2868 cum
1097 2847 1196 2872 meum,
1208 2843 1234 2866 et
1244 2838 1381 2866 accinxisti
1393 2845 1435 2865 me
1448 2837 1538 2865 laetitia
1553 2847 1563 2864 ι
1578 2837 1663 2874 (Psal.
1676 2845 1751 2871 χιιι,
1763 2835 1820 2872 12).

1058 2920 1066 2939 ι
1084 2917 1121 2952 sic
1131 2921 1184 2943 uss.
1194 2917 1265 2962 juxta
1275 2919 1340 2943 ω.
1352 2919 1381 2943 At
1390 2915 1458 2948 add,
1466 2915 1605 2948 mutuatio.

1674 2985 1690 3000 -;
