4090 6478
488 395 625 453 1451

482 504 615 568 Item
654 506 747 575 ihi,
785 523 805 560 ι
839 505 905 561 Ει
932 502 1177 575 Ephraem
1224 497 1480 556 fortitudo
1521 494 1710 566 capitis
1750 493 1854 550 mel
1881 511 1892 548 :
1924 508 1943 545 ι
1977 490 2062 543 lric

484 609 686 665 autem,
723 615 742 651 ‹
778 597 845 653 Ει
868 596 1115 668 Ephracm
1156 590 1425 661 susceptio
1456 588 1643 661 capitis
1680 586 1805 642 mei.
1838 603 1858 638 ι
1888 583 2066 641 Susci-

480 689 682 764 piendo
721 688 863 744 enim
900 686 959 741 fit
990 683 1279 749 fortitudo,
1326 681 1381 738 id
1423 689 1536 748 est,
1586 677 1923 750 suscipiendo
1957 674 2064 730 for-

485 791 570 838 tes
618 780 765 846 facit,
804 777 1133 834 fruetilicans
1179 776 1237 831 in
1281 774 1476 830 nobis:
1508 772 1886 841 interpretatur
1919 767 2063 824 enim

480 872 739 945 Ephraem
769 869 1151 928 Fructificatio.
1178 866 1457 937 Susceptio
1486 874 1661 919 autem
1688 861 1755 917 ad
1785 870 2067 930 utrumque

484 967 677 1025 referri
717 974 911 1036 potest,
960 962 1074 1018 sive
1108 976 1230 1016 cum
1269 958 1585 1029 suscipimus
1627 954 1914 1017 Christum,
1955 951 2067 1006 sive

485 1071 611 1112 cum
656 1069 771 1127 ipse
800 1068 899 1109 nos
935 1052 1175 1124 suscipit,
1218 1050 1311 1122 qui
1355 1057 1438 1105 est
1482 1056 1641 1117 caput
1679 1044 1950 1100 Ecclesiae.
2000 1041 2068 1096 Et

485 1149 631 1221 quod
672 1148 745 1204 ibi
789 1148 883 1214 ait,
935 1145 1253 1200 Tribulantes
1300 1158 1426 1209 nos;
1468 1139 1556 1196 hic
1600 1143 1800 1204 autem,
1840 1134 2068 1190 inimicos

485 1248 685 1297 nostros
709 1254 728 1294 :
754 1238 933 1309 utique
950 1234 1119 1291 iidem
1151 1234 1249 1305 ipsi
1270 1240 1413 1290 sunt.

557 1330 613 1385 2.
656 1328 1021 1383 Admonemur
1056 1339 1185 1380 sane
1215 1325 1317 1380 isto
1348 1321 1581 1393 psalmo,
1626 1333 1722 1377 eos
1761 1316 1942 1373 titulos
1977 1316 2067 1386 qui

487 1431 744 1492 tanquam
773 1419 842 1475 de
884 1417 1104 1473 historia
1141 1415 1302 1487 positi
1338 1422 1483 1479 sunt,
1521 1411 1819 1467 rectissime
1852 1408 1963 1462 fleri
2010 1414 2069 1462 ut

486 1514 783 1571 secundum
823 1511 1155 1583 prophetiam
1190 1506 1565 1577 intelligamus,
1609 1501 1897 1558 secundum
1926 1498 2069 1570 quod

484 1607 735 1663 videmus
775 1605 1010 1676 psalmos
1052 1617 1172 1660 esse
1208 1601 1562 1670 conscriptos.
1603 1596 1741 1666 Quid
1782 1594 1923 1650 enim
1962 1603 2068 1648 tam

486 1701 758 1757 diversum
798 1698 1090 1754 secundum
1130 1695 1424 1760 historiam,
1465 1706 1620 1763 quam
1648 1689 1700 1744 id
1739 1688 1879 1759 quod
1906 1696 1989 1743 est
2016 1687 2071 1741 in

485 1794 642 1849 titulo
666 1788 1085 1862 quinquagesimi
1112 1788 1267 1853 sexti,
1301 1804 1320 1839 ι
1354 1786 1409 1840 ln
1432 1785 1614 1849 finem,
1641 1797 1709 1837 ne
1727 1794 2066 1849 corrumpas;

486 1881 592 1952 ipsi
633 1881 816 1945 David,
846 1882 897 1934 in
930 1879 1066 1934 tituli
1095 1877 1514 1947 inscriptionem,
1550 1888 1673 1929 cum
1698 1870 1907 1942 fugeret
1933 1884 1963 1923 a
1995 1869 2071 1922 fa-

489 1974 573 2029 cie
598 1972 728 2029 Salii
755 1973 805 2026 in
834 1971 1142 2041 speluncam
1172 1986 1186 2023 :
1218 1988 1239 2022 ι
1282 1978 1336 2023 et
1375 1968 1425 2021 in
1466 1965 1620 2020 titulo
1645 1960 2070 2035 quinquagesimi

492 2067 641 2132 noni,
674 2084 694 2117 ‹
724 2065 780 2119 In
805 2066 985 2131 ﬁnem,
1017 2064 1135 2118 his‘
1163 2062 1252 2134 qui
1284 2059 1723 2124 immutabuntur,
1756 2059 1809 2113 in
1835 2057 1969 2112 tituli
1992 2058 2072 2112 in-

492 2157 860 2227 scriptionem,
890 2155 989 2225 ipsi
1010 2154 1195 2220 David,
1230 2153 1282 2208 in
1301 2153 1617 2216 doctrinam,
1649 2167 1769 2205 cum
1799 2150 2072 2205 succendit

486 2246 947 2317 ‘MeSOpotamiam,
974 2246 1204 2316 Syriam,
1225 2254 1281 2301 et
1299 2244 1506 2315 Syriam
1535 2243 1716 2309 Sobal,
1735 2252 1790 2298 et
1809 2243 2072 2298 convertit

488 2337 646 2404 Joab,
688 2347 742 2393 et
764 2338 1024 2407 percussit
1048 2336 1103 2392 in
1134 2338 1270 2393 valle
1294 2337 1583 2392 salinarum
1625 2335 1907 2391 duodecim
1940 2336 2062 2389 mil-

489 2427 600 2486 lia?
628 2445 649 2479 ι
696 2427 830 2483 Nam
874 2436 1067 2498 praiter
1108 2428 1160 2483 id
1199 2428 1341 2499 quod
1381 2429 1609 2499 positum
1647 2437 1747 2491 est,
1785 2445 1803 2477 ο
1836 2427 1889 2481 In
1935 2428 2070 2482 tituli

489 2521 912 2590 inscriptionem,
949 2538 970 2573 ι
1000 2529 1074 2588 et,
1111 2538 1131 2572 ι
1160 2519 1262 2591 ipsi
1291 2520 1476 2583 David,
1508 2537 1529 2572 ι
1570 2529 1645 2587 et,
1676 2536 1695 2570 ι
1730 2518 1781 2571 in
1818 2517 2009 2584 finem;
2046 2538 2063 2570 ι

490 2619 685 2667 caetera
731 2612 799 2666 ita
832 2612 1041 2668 diversa
1082 2622 1227 2678 sunt,
1273 2620 1330 2667 ut
1370 2612 1458 2667 ille
1499 2611 1690 2667 haheat
1718 2611 2067 2665 humilitatem

493 2705 681 2773 David,
709 2706 807 2761 iste
829 2705 1229 2771 fortitudinem;
1254 2706 1343 2760 ille
1364 2704 1560 2777 fugam,
1588 2705 1686 2759 iste
1708 2705 1974 2758 victorias.
2006 2704 2070 2758 Et

492 2808 670 2859 tamen
715 2815 783 2855 ex
836 2800 1059 2854 istorum
1103 2800 1330 2856 duorum
1385 2799 1766 2868 posterioribus
1810 2797 2067 2867 partibus,

491 2906 718 2961 quorum
749 2900 855 2945 tam
881 2891 1075 2948 diversi
1108 2891 1241 2947 tituli
1284 2900 1427 2956 sunt,
1460 2892 1691 2960 psalmus
1720 2891 1818 2945 iste
1856 2905 2071 2959 compo-

495 2982 659 3037 nitur.
704 2982 804 3038 Ubi
854 2983 1183 3054 significatur
1222 2982 1289 3037 ad
1320 2998 1481 3037 unum
1521 2981 1718 3051 aliquid
1751 2996 2071 3036 concurrere

493 3085 802 3144 utrumque,
858 3090 965 3130 non
1016 3076 1297 3145 superﬁcie
1341 3075 1593 3139 historiae,
1647 3074 1741 3129 sed
1797 3074 2071 3129 altitudine

494 3165 807 3234 prophetiae,
844 3167 1105 3235 copulatis
1148 3166 1419 3236 utriusque
1463 3165 1657 3219 finibus
1710 3166 1761 3218 in
1801 3164 1901 3219 hoc
1941 3180 2068 3231 uno,

493 3255 648 3326 cujus
674 3266 757 3312 est
778 3257 979 3323 titulus,
1010 3258 1271 3310 Canticum
1301 3257 1502 3326 psalmi,
1531 3257 1627 3326 ipsi
1648 3255 1854 3321 David;
1885 3265 2072 3311 neutro

493 3344 568 3402 illi
598 3346 755 3401 titulo
781 3348 989 3414 similis,
1022 3359 1217 3416 praeter
1241 3347 1381 3419 quod
1409 3347 1496 3402 hic
1518 3348 1677 3403 etiam
1707 3348 1935 3418 positum
1966 3357 2067 3417 est,

494 3438 595 3509 ipsi
623 3438 807 3493 David.
842 3439 1102 3508 Quoniam
1126 3440 1307 3496 multis
1326 3441 1565 3511 partibus
1587 3450 1641 3493 et
1667 3439 1849 3494 multis
1876 3440 2067 3507 modis,

494 3531 635 3584 sicut
659 3530 723 3585 ad
751 3530 1003 3587 Hebraeos
1032 3531 1268 3601 Epistola
1294 3532 1547 3602 loquitur,
1595 3531 1718 3585 olim
1761 3531 1900 3586 Deus
1928 3531 2073 3586 locu-

496 3626 584 3673 tus
627 3630 708 3674 est
750 3620 994 3678 Patrihus
1032 3638 1126 3690 per
1165 3621 1458 3692 Prophetas
1503 3621 1683 3693 (Hebr.
1712 3638 1749 3688 ι,
1781 3620 1865 3693 1);
1914 3624 2069 3677 eum”

500 3718 677 3765 tamen
697 3711 904 3766 locutus
926 3723 1006 3766 est
1027 3728 1182 3781 quem
1210 3712 1353 3768 misit
1375 3722 1576 3784 postea,
1607 3720 1663 3766 ut
1677 3712 2073 3780 complerentur

497 3799 712 3870 eloquia
760 3802 1145 3873 Pmphetarum
1184 3822 1196 3858 :
1234 3804 1485 3871 Quotquot
1531 3803 1666 3858 enim
1717 3804 2072 3873 promissiones

497 3890 613 3960 Dei,
645 3893 699 3946 in
719 3893 808 3947 illo
833 3895 984 3948 etiam
1013 3894 1078 3965 (ll
1107 3894 1224 3949 Cor.
1257 3911 1293 3961 ι,
1323 3893 1438 3966 20).

908 4102 990 4165 ΙΝ
1031 4102 1410 4164 PSALMUM
1452 4100 1645 4163 CVIII

989 4210 995 4217 ’
1051 4219 1467 4274 ENARRATIO.

564 4334 617 4387 1.
650 4332 916 4391 Psalmum
948 4333 1103 4388 istum
1144 4333 1210 4387 de
1237 4332 1450 4387 Christo
1490 4332 1686 4390 habere
1714 4333 2069 4405 prOphetiam,

493 4426 732 4497 quisquis
757 4428 919 4481 Actus
945 4426 1318 4497 Apostolorum
1346 4426 1570 4482 fideliter
1608 4427 1761 4498 legit,
1798 4429 2069 4499 agnoscit;

493 4516 583 4571 ubi
610 4515 675 4570 de
700 4514 891 4569 Christi
924 4516 1172 4571 traditore
1200 4516 1334 4572 Juda
1364 4518 1734 4587 pr0phetatum
1775 4533 1892 4574 esse
1930 4518 2071 4589 quod

492 4604 581 4661 hic
607 4605 862 4677 scriptum
891 4617 989 4673 est,
1014 4606 1169 4661 Fiant
1197 4608 1301 4664 dies
1326 4610 1433 4679 ejus
1459 4611 1627 4680 pauci,
1661 4618 1706 4663 et
1731 4611 2072 4682 episcopatum

490 4701 602 4770 ejus
639 4701 851 4772 accipiat
895 4703 1051 4767 alter,
1086 4702 1295 4773 quando
1340 4702 1585 4757 Matthias
1629 4704 1679 4757 in
1721 4704 1893 4758 locum
1922 4705 2071 4761 Juda‘:

488 4791 768 4848 ordinatus
792 4832 807 4861 ,
837 4808 1057 4848 numero
1097 4794 1471 4864 Apostolorum
1498 4793 1842 4849 duodecimus
1876 4795 2070 4866 adjun-

488 4892 608 4940 ctus
636 4893 717 4939 est
740 4884 874 4956 (Act.
901 4901 935 4949 ι,
964 4883 1148 4957 45-26)
1174 4927 1189 4951 ,
1221 4884 1496 4939 evidenter
1521 4896 1756 4955 apparet.
1781 4884 1885 4942 Sed
1921 4887 1964 4941 si
2004 4887 2071 4943 de

488 4976 583 5035 illo
610 4991 715 5031 uno
756 4974 971 5030 homine
1013 4975 1189 5030 omnia
1217 4990 1336 5045 quae
1372 4974 1460 5030 hic
1503 4975 1554 5029 in
1602 4976 1740 5029 malo
1781 4976 1921 5033 dicta
1949 4988 2073 5035 sunt

487 5068 782 5140 intelligere
803 5084 1076 5135 conemur,
1091 5067 1438 5138 expositionis
1455 5068 1591 5123 ratio
1612 5083 1716 5123 non
1740 5070 2067 5138 omnimodo,

487 5170 582 5216 aut
602 5161 683 5215 vix
710 5160 907 5215 valebit
934 5175 1249 5226 occurrere;
1277 5160 1319 5215 si
1342 5168 1516 5214 autem
1544 5160 1611 5215 de
1636 5162 1724 5216 tali
1750 5177 1948 5231 genere
1971 5163 2069 5218 ho-

486 5253 692 5312 minum
732 5252 1027 5317 malorum,
1052 5250 1103 5306 id
1135 5262 1215 5306 est
1246 5251 1575 5306 inimicorum
1602 5251 1798 5305 Christi
1833 5252 2069 5323 ingrato-

484 5356 713 5414 rumque
748 5342 1051 5399 Judceorum
1071 5382 1087 5409 ,
1119 5346 1294 5398 omnia
1337 5342 1467 5397 mihi
1497 5342 1745 5397 videntur
1774 5359 1929 5413 posse
1958 5344 2069 5399 cla-

485 5435 598 5493 rius
632 5435 845 5505 aperiri.
887 5436 1034 5491 Sicut
1079 5435 1221 5490 enim
1268 5434 1509 5505 quaedam
1554 5433 1801 5488 dicuntur
1841 5451 1960 5506 quae
2001 5436 2067 5491 ad

484 5527 781 5597 apostolum
808 5527 1022 5583 Petrum
1052 5528 1264 5597 proprie
1304 5527 1569 5597 pertinere
1612 5526 1923 5596 videantur,
1971 5545 2069 5585 nec

486 5629 663 5677 tatnen
689 5620 1161 5683 habentillustrem
1182 5620 1525 5685 intellectum,
1556 5622 1655 5677 nisi
1681 5638 1803 5677 cum
1831 5622 2067 5677 referunt-

478 5735 791 5864 δῃζνέιίςμοι
811 5742 939 5797 Mss,
971 5747 1061 5801 pro
1100 5732 1176 5785 his
1203 5747 1221 5786 :
1257 5743 1309 5786 et
1340 5733 1482 5799 paulo
1515 5730 1649 5798 post,
1686 5736 2068 5798 Mesopotamiam

480 5914 489 5923 ,
510 5858 567 5896 ’³
598 5862 672 5911 Sic
692 5860 928 5913 meliores
941 5868 1044 5911 uss.
1070 5860 1154 5915 Alii
1181 5873 1316 5929 vero,
1342 5858 1389 5909 in
1412 5871 1519 5922 cum
1539 5871 1555 5910 :
1578 5858 1712 5921 Edd.,
1735 5858 1788 5909 in
1808 5871 1879 5910 eo.

1725 383 1781 439 S.
1823 376 2184 437 AUGUSTINI
2225 375 2525 434 EPISCOPI

3613 382 3761 439 M53

2172 496 2257 542 tur
2286 487 2350 541 ad
2378 480 2669 544 Ecclesiam
2695 530 2710 557 ,
2741 489 2890 561 cujus
2918 490 3007 545 ille
3034 490 3336 561 agnoscitur
3363 492 3417 547 in
3447 491 3611 565 figura
3661 511 3760 567 ge-

2168 589 2339 635 stasse
2367 596 2647 650 personam
2664 623 2680 649 ,
2709 587 2925 653 propter
2952 583 3231 653 primatum
3258 602 3415 655 quem
3436 586 3491 641 in
3516 588 3756 659 discipu-

2170 671 2237 727 lis
2274 671 2488 739 ltabuit;
2516 674 2670 728 sicuti
2698 684 2778 729 est
2796 714 2810 739 ,
2854 674 2964 729 Tibi
2992 676 3125 748 dabq
3149 676 3312 732 claves
3341 681 3481 749 regni
3511 681 3755 735 cwlorum

2171 762 2381 835 (Matth.
2413 781 2520 831 xvr,
2544 764 2656 838 l9),
2679 775 2733 821 et
2759 768 2804 823 si
2833 782 2937 838 qua
2964 768 3265 838 hujusmodi
3296 788 3308 824 :
3339 772 3410 825 ita
3433 772 3596 828 Judas
3622 790 3754 844 pcr-

2170 870 2354 912 sonam
2384 858 2775 928 quodammodo
2804 862 3028 916 sustinet
3061 860 3397 918 inimicorum
3426 865 3621 920 Christi
3651 867 3757 921 Ju-

2170 949 2404 1006 dreorum
2423 992 2438 1017 ,
2480 952 2569 1023 qui
2594 962 2647 1009 et
2680 960 2806 1008 tunc
2833 953 3053 1009 oderant
3079 952 3347 1010 Christum
3367 997 3382 1019 ,
3414 966 3470 1012 et
3493 975 3631 1015 nunc
3660 975 3761 1030 per

2170 1043 2559 1099 successionem
2604 1054 2978 1114 perseverante
3016 1060 3211 1117 genere
3259 1046 3425 1117 ipsius
3464 1048 3757 1119 impietatis

2170 1132 2417 1188 oderunt.
2450 1134 2525 1189 De
2549 1135 2739 1206 quibus
2763 1135 3066 1193 hominibus
3090 1147 3144 1193 et
3172 1137 3240 1194 de
3267 1154 3373 1208 quo
3394 1141 3588 1210 populo
3625 1158 3759 1212 pos-

2170 1232 2295 1279 sunt
2324 1239 2429 1279 non
2466 1226 2901 1285 inconvenienter
2929 1228 3185 1299 intelligi,
3212 1244 3320 1285 non
3347 1231 3517 1286 solum
3546 1248 3607 1287 ea
3637 1249 3761 1303 quae

2172 1319 2405 1389 apertius
2432 1319 2500 1374 de
2524 1319 2653 1390 ipsis
2674 1321 2725 1374 in
2758 1320 2860 1377 hoc
2889 1322 3095 1392 psalmo
3114 1322 3359 1392 legimus,
3384 1339 3570 1379 verum
3592 1326 3760 1381 etiam

2172 1411 2262 1468 illa
2296 1429 2415 1483 quae
2458 1415 2672 1483 pr0prie
2708 1415 2774 1471 de
2810 1415 2926 1485 ipso
2965 1414 3099 1470 Juda
3125 1415 3375 1470 dicuntur
3414 1419 3758 1487 expressius;

2172 1503 2324 1559 sicuti
2353 1514 2435 1560 est
2458 1504 2598 1574 quod
2624 1506 3068 1571 commemoravi,
3102 1504 3258 1559 Fiant
3284 1506 3390 1562 dies
3414 1509 3524 1578 ejus
3554 1510 3707 1576 pauci
3730 1549 3749 1575 ,

2173 1607 2218 1652 et
2242 1597 2581 1668 episcopatum
2610 1600 2717 1670 ejus
2743 1599 2953 1668 accipiat
2978 1598 3125 1653 alter.
3153 1598 3304 1667 Quod
3331 1600 3633 1669 apparebit,
3661 1600 3761 1655 ad-

2169 1688 2388 1761 iuvante
2417 1692 2641 1747 Domino
2662 1734 2676 1759 ,
2706 1707 2825 1748 cum
2852 1693 2919 1747 ad
2942 1706 3036 1748 eos
3062 1706 3250 1749 versus
3279 1692 3537 1749 tractandi
3563 1694 3759 1751 ordine

2173 1797 2498 1838 venerimus.

2244 1873 2298 1927 2.
2342 1871 2491 1945 [vers.
2519 1873 2599 1947 2.]
2628 1874 2813 1945 Incipit
2835 1889 2963 1946 ergo
2994 1875 3065 1929 ita
3094 1874 3335 1930 Psalmus
3360 1893 3373 1929 :
3396 1873 3535 1931 Deus
3556 1878 3760 1933 tandem

2171 1982 2336 2020 meam
2363 1984 2425 2022 ne
2452 1970 2702 2033 tacueris;
2728 1970 2845 2039 quia
2872 1984 2929 2023 os
2954 1970 3229 2039 peccatoris
3257 1978 3303 2022 et
3333 1985 3389 2023 os
3417 1968 3579 2024 dolosi
3605 1987 3751 2041 super

2173 2073 2252 2111 me
2280 2070 2506 2128 apertum
2540 2069 2631 2114 est.
2664 2058 2817 2116 Unde
2853 2072 3071 2130 apparet
3107 2069 3161 2115 et
3184 2060 3371 2115 falsam
3399 2076 3518 2117 esse
3544 2064 3751 2133 vitupe-

2173 2150 2435 2205 rationem
2461 2166 2618 2220 qnam
2644 2166 2754 2206 non
2778 2159 2917 2207 tacet
2946 2160 3189 2222 peccator
3217 2161 3272 2208 et
3298 2152 3516 2207 dolosus
3538 2195 3551 2217 ,
3582 2164 3635 2209 et
3664 2170 3749 2210 ve-

2173 2255 2287 2296 ram
2327 2256 2444 2297 esse
2488 2242 2696 2297 laudem
2735 2258 2892 2313 quam
2933 2258 3036 2299 non
3076 2252 3216 2298 tacet
3250 2243 3407 2298 Deus.
3448 2243 3587 2299 Deus
3612 2246 3758 2301 enim

2174 2351 2355 2404 verax,
2385 2337 2556 2391 omnis
2576 2345 2751 2393 autem
2775 2339 2933 2393 homo
2957 2338 3181 2393 mendax
3204 2336 3378 2408 (Rom.
3403 2353 3479 2403 ιιι,
3507 2337 3560 2408 4)
3584 2354 3598 2404 ;
3624 2339 3751 2408 quia

2176 2443 2281 2483 non
2309 2435 2391 2483 est
2421 2428 2579 2483 homo
2610 2444 2790 2495 verax,
2821 2430 2921 2484 nisi
2952 2429 3005 2482 in
3033 2444 3137 2498 quo
3169 2428 3401 2498 loquitur
3425 2428 3585 2485 Deus.
3616 2428 3758 2486 Laus

2174 2532 2348 2577 autem
2374 2521 2596 2576 maxima
2620 2532 2703 2577 est
2725 2522 2974 2593 unigeniti
2995 2522 3114 2577 Filii
3139 2523 3249 2587 Dei,
3273 2537 3375 2592 qua
3410 2524 3425 2553 ¹
3458 2522 3559 2577 hoc
3582 2522 3759 2592 ipsum

2174 2612 2315 2682 quod
2343 2621 2423 2666 est
2444 2652 2457 2677 ,
2489 2613 2790 2683 unigenitus
2820 2614 2910 2668 Dei
2952 2612 3119 2668 Filius
3154 2612 3490 2682 praedicatur.
3523 2613 3633 2669 Hoc
3658 2630 3757 2669 auo

2176 2713 2283 2759 tem
2306 2720 2409 2759 non
2436 2706 2742 2775 apparebat,
2761 2705 2853 2761 sed
2877 2714 3167 2776 apparente
3193 2704 3499 2760 infirmitate
3523 2705 3638 2775 ejus
3671 2706 3757 2761 la-

2175 2796 2337 2862 tebat,
2368 2812 2488 2851 cum
2517 2812 2577 2851 os
2607 2798 2897 2865 peccatoris
2922 2806 2977 2853 et
2995 2812 3056 2853 os
3081 2797 3251 2853 dolosi
3273 2812 3431 2867 super
3450 2813 3570 2852 eum
3592 2812 3754 2867 aper-

2178 2894 2287 2941 tum
2319 2896 2430 2953 est;
2460 2898 2514 2943 et
2540 2889 2656 2943 ideo
2678 2888 2806 2943 illud
2833 2898 3074 2960 apertum
3101 2899 3210 2955 est,
3238 2890 3359 2959 quia
3380 2900 3562 2959 operta
3584 2890 3757 2945 virtus

2176 2981 2333 3051 hujus
2364 2980 2477 3036 fuit.
2517 2982 2642 3037 Ideo
2670 2991 2849 3038 autem
2879 2982 3046 3048 dicit,
3088 2982 3327 3053 Apertum
3365 2992 3437 3036 est
3464 2999 3519 3037 os
3548 2983 3756 3049 dolosi,

2174 3072 2296 3141 quia
2317 3071 2493 3126 odium
2515 3073 2657 3144 quod
2676 3073 2799 3128 dolo
2830 3074 3122 3143 tegebatur,
3144 3072 3317 3143 erupit
3337 3073 3389 3127 in
3410 3088 3615 3128 vocem.
3647 3072 3759 3128 Hoc

2175 3165 2333 3221 etiam
2366 3166 2418 3220 in
2448 3166 2895 3236 consequentibus
2921 3166 3163 3221 versibus
3195 3166 3399 3236 planius
3430 3165 3644 3221 dicitur.

2246 3259 2299 3313 5.
2332 3257 2477 3330 [vers.
2502 3257 2579 3330 5,]
2605 3256 2783 3311 Locuti
2804 3267 2919 3313 sunt
2944 3258 3206 3311 adversum
3229 3274 3306 3312 me
3326 3258 3497 3328 lingua
3521 3257 3699 3312 dolosa
3730 3271 3752 3311 :

2178 3360 2301 3408 tunc
2337 3354 2517 3423 utique
2542 3352 2751 3422 quando
2789 3368 2909 3407 eum
2940 3362 3185 3423 tanquam
3221 3354 3527 3423 magistrum
3559 3353 3758 3407 bonum

2162 3445 2410 3513 captiosa
2441 3444 2742 3499 adulatione
2763 3443 3067 3498 laudabant.
3093 3443 3244 3499 Unde
3274 3444 3403 3498 alibi
3424 3443 3617 3498 dicitur
3647 3462 3663 3498 :
3689 3443 3760 3499 Et

2175 3537 2260 3604 qui
2279 3536 2556 3590 laudabant
2596 3552 2694 3603 me,
2722 3537 2960 3591 adversus
2984 3553 3060 3590 me
3079 3536 3321 3608 jurabant
3346 3535 3515 3607 (Psal.
3542 3552 3591 3591 et
3612 3578 3625 3602 ,
3655 3536 3692 3592 9
3719 3542 3758 3606 ).

2177 3627 2378 3683 Deinde
2406 3629 2525 3698 quia
2548 3637 2835 3697 eruperunt
2862 3627 3151 3682 clamantes
3176 3669 3189 3693 ,
3222 3627 3490 3699 Cruci/ige,
3523 3630 3762 3697 cruci/Ege

2177 3717 2367 3791 (Joan.
2401 3734 2481 3784 Ix,
2512 3716 2615 3785 6);
2657 3728 2871 3774 secutus
2918 3718 3190 3788 adjunxit,
3225 3718 3287 3772 Et
3318 3720 3625 3773 sermonibus
3655 3721 3761 3773 odii

2175 3811 2607 3866 circumdederunt
2633 3828 2730 3866 me.
2763 3811 2841 3865 illi
2870 3812 2956 3882 qui
3003 3812 3179 3882 lingua
3210 3811 3415 3877 dolosa,
3451 3814 3605 3883 quasi
3651 3831 3759 3869 non

2176 3902 2305 3970 odii,
2336 3902 2430 3957 sed
2458 3902 2757 3957 dilectionis
2786 3901 2947 3957 verba
2986 3902 3146 3957 locuti
3176 3913 3301 3957 sunt
3326 3920 3339 3968 ;
3371 3901 3491 3958 ideo
3518 3905 3761 3959 adversm

2174 4009 2272 4057 me,
2302 3994 2422 4062 quia
2448 3993 2548 4048 hoc
2566 3992 2860 4047 insidiando
2888 3991 3188 4059 faciebant;
3213 4003 3393 4064 postea
3423 3996 3758 4061 sermonibus,

2176 4101 2282 4139 non
2308 4084 2455 4140 falsa:
2497 4094 2551 4140 et
2594 4083 2792 4141 dolosa:
2820 4083 3153 4150 dilectionis,
3196 4084 3290 4139 sed
3321 4086 3490 4155 aperti
3531 4087 3635 4139 odii
3659 4088 3762 4139 cir—

2177 4176 2539 4231 cumdederunt
2564 4194 2661 4244 me,
2689 4186 2735 4230 et
2754 4184 3168 4248 expugnaverunt
3189 4193 3267 4230 me
3283 4179 3461 4247 gratis.
3487 4176 3638 4233 Sicut
3663 4194 3761 4234 au-

2177 4276 2285 4323 tem
2316 4268 2385 4338 pii
2423 4269 2593 4339 gratis
2618 4276 2797 4322 amant
2821 4267 3124 4335 Christum,
3158 4269 3235 4323 sic
3260 4268 3407 4339 impii
3437 4270 3603 4339 gratis
3630 4269 3764 4325 ode-

2176 4372 2328 4429 runt;
2374 4362 2495 4433 quia
2537 4362 2672 4417 sicut
2722 4362 2915 4416 veritas
2955 4361 3100 4417 nullo
3146 4371 3295 4417 extra
3321 4378 3440 4418 eam
3484 4365 3764 4434 proposito

2177 4453 2459 4511 commodo
2477 4462 2695 4524 propter
2730 4454 2957 4523 seipsam
3001 4454 3267 4524 expetitur
3306 4454 3376 4508 ab
3420 4455 3657 4525 optimis,
3689 4455 3760 4510 ita

2178 4545 2427 4617 iniquitas
2454 4561 2484 4600 a
2510 4545 2772 4616 pessimis.
2814 4544 2965 4601 Unde
3004 4555 3057 4599 et
3097 4545 3232 4615 apud
3260 4554 3507 4601 auctores
3534 4546 3761 4602 saecula-

2177 4640 2315 4696 rium
2357 4640 2650 4694 litterarum
2692 4636 2890 4693 dictum
2935 4645 3019 4693 est
3064 4637 3131 4692 de
3183 4637 3411 4708 quodam
3454 4639 3689 4708 pessimo
3745 4658 3759 4694 :

2180 4731 2410 4786 Gratuita
2450 4732 2615 4801 potius
2650 4730 2814 4783 malus
2856 4738 3003 4796 atque
3035 4728 3253 4784 crudelis
3279 4738 3386 4784 erat
3411 4729 3430 4799 (
3452 4729 3675 4796 Salust.,
3699 4731 3763 4787 de

2180 4822 2326 4880 Bello
2356 4822 2557 4894 Catil.).
3846 4812 3847 4815 ‘

2248 4918 2302 4973 4.
2328 4916 2479 4990 [vers.
2503 4914 2583 4990 4.]
2603 4915 2709 4970 Pro
2729 4932 2807 4984 eo,
2825 4916 3012 4986 inquit,
3041 4925 3093 4969 ut
3116 4916 3380 4987 diligerent
3403 4932 3501 4980 me,
3526 4916 3762 4971 detrahe-

2177 5009 2298 5063 bant
2343 5009 2487 5062 milti.
2514 5007 2621 5063 Sex
2659 5016 2782 5063 sum
2809 5007 2862 5061 in
2892 5006 2993 5061 isto
3023 5021 3220 5077 genere
3271 5006 3604 5072 dilTerentize,
3640 5024 3762 5077 qua!

2178 5107 2609 5156 commemoratte
2641 5097 2989 5152 animadverti
3032 5095 3284 5150 facillime
3322 5105 3545 5165 possunt
3592 5096 3761 5152 :red-

2177 5193 2304 5249 dere
2333 5192 2469 5248 bona
2517 5205 2614 5260 pro
2643 5189 2829 5253 malis,
2863 5203 2966 5242 non
3003 5185 3227 5243 reddere
3268 5187 3404 5241 mala
3443 5202 3543 5257 pro
3567 5188 3761 5251 malis;

2175 5283 2403 5341 reddere
2446 5284 2583 5339 bona
2617 5296 2715 5352 pro
2751 5278 2925 5345 bonis,
2975 5278 3197 5333 reddere
3237 5277 3375 5331 mala
3424 5294 3519 5347 pro
3567 5279 3761 5345 malis;

2177 5391 2281 5431 non
2334 5364 2569 5431 reddere
2604 5373 2741 5427 bona
2789 5385 2883 5442 pro
2936 5369 3120 5435 ll'OtliS,
3184 5366 3410 5423 reddere
3476 5369 3614 5423 mala
3663 5385 3765 5438 pro

2174 5466 2348 5522 bonis.
2415 5466 2611 5520 llorum
2642 5463 2749 5531 duo
2782 5463 2967 5534 prima,
3015 5462 3274 5515 bonorum
3310 5469 3468 5525 sunt,
3494 5471 3761 5515 eteorum

2174 5559 2400 5616 duorum
2452 5558 2598 5628 prius
2636 5557 2857 5621 melius;
2909 5565 3175 5624 postrema
3211 5553 3315 5608 duo
3354 5553 3619 5607 malorum
3648 5594 3663 5617 ,
3707 5565 3765 5609 et

2175 5666 2358 5708 eorum
2405 5650 2670 5719 posterius
2705 5648 2970 5713 deterius;
2999 5647 3103 5701 duo
3146 5643 3317 5699 media
3364 5643 3763 5714 quodammodo

2174 5743 2492 5807 mediorum,
2518 5740 2611 5795 sed
2640 5755 2822 5796 eorum
2846 5739 2990 5808 prius
3005 5738 3358 5808 propinquum
3379 5736 3555 5802 bonis,
3577 5744 3761 5805 poste-

2240 5859 2255 5889 ¹
2292 5863 2363 5935 lar.
2390 5862 2529 5917 νοω,
2550 5852 2677 5918 quia.
2704 5859 2838 5916 Lov.,
2861 5849 2959 5920 qui.
3078 5857 3134 5900 Μ.
