4090 6516
403 426 546 488 1653

397 644 620 708 oportet
637 634 934 690 attendere.
968 633 1162 688 Reddit
1189 632 1326 688 bona
1357 647 1453 702 pro
1479 631 1634 685 malis
1656 630 1770 700 ipse
1801 628 1984 682 Domi-

397 743 520 792 nus,
550 727 638 797 qui
653 726 904 798 justiﬁcat
948 725 1158 794 impium
1188 723 1376 796 (Rom.
1407 740 1460 780 tv
1483 764 1500 790 ,
1525 723 1617 792 5),
1651 733 1704 778 et
1747 723 1984 792 pendens

397 817 454 874 in
477 832 636 872 cruce
665 816 798 870 dixit
827 833 838 868 :
868 814 1042 880 Pater,
1072 815 1271 883 ignosce
1289 813 1414 881 illis,
1436 814 1554 885 quia
1581 814 1812 868 nesciunt
1852 812 1977 884 quid

396 911 594 984 faciunt
625 909 643 978 (
667 907 796 962 Luc.
819 921 972 972 xxnt,
994 903 1120 980 54).
1162 906 1324 974 Cujus
1364 905 1585 976 vestigia
1622 915 1832 960 secutus
1858 921 1981 960 san-

391 1013 512 1058 ctus
552 1001 894 1070 Stephanus,
941 999 1048 1054 ﬁxo
1092 1013 1232 1068 genu
1259 997 1430 1053 oravit
1461 1013 1555 1066 pro
1597 996 1976 1068 lapidantibus,

393 1094 582 1150 dicens
613 1111 627 1148 :
655 1091 890 1158 Domine,
919 1108 981 1145 ne
1003 1099 1196 1144 statuas
1224 1089 1326 1143 illis
1343 1089 1436 1144 hoc
1459 1088 1696 1142 delictum
1721 1087 1854 1160 (Act.
1879 1102 1974 1154 γη,

389 1186 524 1258 59).
557 1185 638 1240 Ad
668 1200 827 1256 quam
853 1199 964 1240 rem
1001 1193 1322 1254 praeceptum
1357 1181 1602 1252 pertinet,
1637 1181 1844 1252 Diligite
1874 1181 1977 1236 ini-

391 1279 548 1333 micos
591 1287 774 1332 vestros
798 1317 812 1342 ,
841 1275 1115 1348 benefacite
1158 1275 1235 1329 Itis
1263 1274 1348 1344 qui
1372 1274 1584 1328 oderunt
1621 1288 1726 1339 eos,
1755 1282 1802 1327 et
1837 1281 1978 1327 orate

393 1389 487 1444 pro
525 1371 596 1424 eis
619 1370 704 1440 qui
727 1385 814 1424 uos
837 1378 1203 1440 persequuntur
1236 1364 1445 1436 (Matth.
1471 1381 1527 1432 ν,
1555 1365 1624 1420 44
1645 1369 1686 1434 ).
1718 1365 1850 1420 Mala
1879 1380 1974 1434 pro

391 1462 548 1518 malis
575 1477 680 1516 non
705 1476 825 1516 esse
850 1459 1115 1514 reddenda
1137 1458 1332 1514 Paulus
1353 1457 1623 1528 apostolus
1645 1457 1790 1522 dicit,
1823 1454 1974 1510 Nulli

389 1555 582 1608 anulum
613 1570 704 1623 pro
731 1551 865 1606 malo
885 1551 1148 1606 redtlcntes
1183 1550 1359 1620 (Rom.
1387 1565 1482 1616 xu,
1517 1546 1657 1620 17);
1687 1555 1742 1601 et
1762 1555 1974 1618 aposto-

389 1646 474 1702 lus
497 1645 706 1708 Petrus,
737 1642 860 1697 Non
885 1642 1146 1698 reddente:
1171 1641 1360 1694 malum
1390 1656 1481 1711 pro
1507 1638 1642 1694 malo
1667 1680 1682 1704 ,
1713 1639 1790 1692 uel
1817 1639 1974 1695 male-

387 1738 578 1791 dictum
608 1751 700 1808 pro
717 1735 982 1789 maledicto
1013 1733 1056 1806 (Ι
1086 1731 1230 1787 Petr.
1259 1749 1340 1796 ιιι,
1370 1732 1428 1804 9)
1457 1751 1468 1784 :
1495 1730 1634 1786 unde
1660 1740 1714 1784 et
1741 1731 1791 1785 in
1819 1730 1972 1784 Psal-

387 1831 492 1886 mis
513 1830 726 1900 legitur,
753 1828 814 1884 Si
843 1827 1042 1882 reddidi
1057 1816 1444 1884 retribuentibus
1470 1825 1593 1880 mihi
1621 1824 1755 1878 mala
1783 1823 1965 1893 (Psal.

387 1939 484 1988 rit,
517 1923 550 1978 5
569 1923 611 1993 ).
645 1923 880 1977 Duorum
909 1930 1300 1991 postremorum
1328 1903 1457 1974 illud
1482 1918 1661 1974 mitius
1685 1917 1752 1974 ad
1775 1933 1966 1972 novem

385 2015 626 2087 leprosos
653 2015 908 2085 pertinet,
946 2013 1176 2084 quicum
1202 2010 1438 2066 mandati
1465 2019 1690 2065 essenta
1719 2009 1968 2077 Domino,

389 2108 591 2178 gratias
617 2123 723 2162 non
755 2116 976 2177 egerunt
1007 2105 1172 2174 (Luc.
1207 2105 1449 2172 “11,12,
1486 2103 1594 2175 18)
1625 2122 1637 2159 :
1676 2103 1800 2158 illud
1839 2119 1966 2158 vero

385 2200 629 2255 ultimum
651 2215 756 2269 quo
779 2198 908 2252 nihil
939 2208 1018 2254 est
1047 2197 1216 2268 pejus,
1249 2197 1312 2250 ad
1346 2197 1444 2252 hos
1475 2197 1724 2266 pertinet,
1753 2194 1821 2250 de
1848 2195 1964 2264 qui-

382 2291 483 2348 bus
509 2293 562 2347 in
612 2293 712 2347 isto
754 2290 959 2362 psalmo
1001 2290 1212 2360 legitur.
1244 2288 1352 2344 Pro
1390 2305 1449 2343 eo
1478 2297 1532 2342 ut
1554 2287 1815 2360 diligerent
1861 2305 1960 2356 me,

383 2387 712 2443 detrahebant
744 2387 889 2441 mihi.
915 2386 1268 2440 Dilectionem
1289 2383 1482 2454 quippe
1509 2382 1774 2438 debebant
1803 2381 1964 2436 tantis

379 2479 592 2535 Domini
617 2478 926 2544 beneﬁciis;
957 2493 1113 2547 quam
1153 2491 1260 2532 non
1308 2475 1480 2530 solum
1523 2475 1739 2528 minimc
1767 2473 1963 2528 redde-

377 2569 528 2637 bant,
559 2586 744 2626 verum
773 2570 933 2626 etiam
975 2584 1074 2639 pro
1103 2569 1194 2624 illo
1227 2568 1368 2623 bono
1395 2566 1698 2637 irrogabant
1739 2565 1957 2619 malum.

379 2663 496 2718 Duo
519 2677 650 2719 vero
667 2662 840 2718 media
863 2678 982 2733 qua:
1003 2661 1233 2716 diximus
1257 2659 1530 2716 hominum
1547 2658 1779 2729 quodam
1799 2655 1960 2712 modo

377 2772 500 2814 esse
527 2757 843 2824 mediorum,
873 2756 943 2812 ita
966 2771 1024 2812 se
1053 2755 1268 2822 habent,
1307 2763 1364 2809 ut
1387 2769 1570 2810 eorum
1597 2753 1744 2824 prius
1769 2795 1782 2821 ,
1815 2751 1958 2823 quod

377 2862 458 2908 est
486 2851 708 2908 reddere
732 2851 868 2906 bona
896 2865 992 2921 pro
1027 2849 1202 2916 bonis,
1236 2849 1466 2906 habeant
1494 2859 1545 2903 et
1575 2849 1696 2904 boni
1717 2889 1730 2914 ,
1765 2857 1817 2902 et
1842 2863 1956 2902 tne-

375 2943 630 2998 diocriter
675 2943 822 3011 boni,
873 2944 960 2998 vel
1001 2943 1340 2998 mediocriter
1367 2943 1511 2998 mali.
1545 2942 1668 2998 Ideo
1699 2941 1956 2996 Dominus

375 3036 480 3092 hoc
520 3052 624 3093 non
657 3036 1030 3106 reprehendit,
1081 3036 1174 3091 sed
1207 3051 1310 3090 non
1341 3036 1450 3090 vult
1475 3036 1528 3089 in
1559 3050 1624 3090 eo
1648 3034 1762 3088 solo
1790 3033 1953 3089 disci—

375 3127 532 3198 pulos
576 3141 702 3182 suos
743 3141 1078 3196 permanere,
1129 3141 1259 3196 quos
1301 3125 1416 3180 vult
1460 3125 1527 3178 ad
1578 3122 1774 3195 majora
1826 3139 1952 3194 pro-

375 3217 590 3286 vehere,
638 3215 831 3288 quibus
857 3217 1025 3272 dicit:
1059 3217 1120 3272 Si
1163 3216 1436 3296 dilucet-itis
1475 3231 1557 3270 eos
1583 3217 1669 3286 qui
1709 3231 1794 3270 vos
1838 3216 1956 3270 dili-

372 3320 518 3382 gunt,
549 3309 604 3366 id
651 3321 750 3375 est,
794 3311 838 3366 si
884 3309 1218 3366 reddideritis
1255 3309 1394 3366 bona
1433 3325 1528 3380 pro
1563 3309 1752 3377 bonis;
1803 3327 1954 3380 quam

371 3403 652 3460 mercedem
703 3403 966 3469 habebitis,
1007 3403 1056 3460 id
1101 3412 1203 3470 est,
1245 3403 1369 3473 quid
1416 3418 1664 3474 magnum
1717 3403 1954 3458 iacietis?

369 3511 536 3550 nonne
573 3505 618 3550 et
645 3495 900 3566 publicani
936 3495 1030 3548 hoc
1077 3494 1267 3566 faciunt
1297 3492 1508 3566 (Matth.
1557 3510 1612 3558 γ,
1644 3492 1792 3564 46)?
1824 3492 1952 3548 Vult

369 3596 550 3642 autem
581 3588 700 3643 illos
723 3595 776 3642 et
817 3587 918 3642 hoc
943 3585 1148 3651 facere,
1179 3595 1234 3642 et
1275 3587 1432 3657 longe
1461 3585 1721 3656 amplius;
1756 3585 1807 3639 id
1850 3595 1948 3652 est,

369 3687 430 3733 ut
453 3695 558 3734 non
587 3679 757 3736 solum
783 3679 1004 3746 amicos,
1037 3694 1220 3734 verum
1249 3679 1409 3733 etiam
1438 3677 1680 3732 inimicos
1705 3676 1948 3748 diligant.

367 3769 642 3826 Posterius
665 3779 876 3838 autem,
918 3769 1060 3840 quod
1091 3779 1171 3824 est
1215 3769 1440 3825 reddere
1466 3769 1602 3824 mala
1635 3786 1730 3840 pro
1762 3769 1950 3837 malis,

369 3860 600 3918 habeant
625 3869 682 3917 et
707 3862 854 3929 mali,
883 3867 938 3916 et
961 3860 1301 3916 mediocriter
1327 3861 1470 3926 mali,
1501 3862 1584 3916 vel
1615 3859 1954 3916 mediocriter

369 3953 532 4020 boni;
569 3970 735 4024 usque
764 3954 900 4010 adeo
925 3963 983 4010 ut
1024 3955 1130 4010 Lex
1163 3955 1240 4010 eis
1267 3954 1474 4010 dederit
1515 3953 1804 4010 ulciscendi
1835 3969 1952 4010 mo-

367 4047 520 4116 dum,
545 4047 764 4102 Oculum
794 4065 886 4118 pro
903 4048 1070 4115 oculo,
1102 4047 1296 4104 dentem
1315 4064 1404 4118 pro
1431 4049 1578 4102 dente
1607 4046 1790 4118 (Deut.
1820 4063 1916 4104 nx
1933 4089 1949 4118 ,

367 4139 470 4210 21)
503 4160 517 4196 :
545 4156 683 4212 quae,
713 4141 756 4196 si
786 4141 890 4197 dici
913 4149 1102 4211 potest,
1135 4139 1449 4210 iujustorum
1469 4139 1672 4210 justitia
1697 4149 1798 4196 est.
1837 4140 1952 4196 Non

367 4230 494 4300 quia
519 4230 755 4300 iniquum
775 4239 857 4286 est
873 4240 928 4286 ut
947 4231 1168 4302 recipiat
1183 4231 1544 4302 unusquisque
1565 4230 1704 4301 quod
1731 4230 1951 4299 fecerit;

368 4323 569 4394 alioqui
589 4324 700 4379 Lex
729 4340 1062 4394 nequaquam
1105 4324 1158 4382 id
1185 4324 1535 4380 constitueret
1561 4343 1573 4379 :
1600 4324 1693 4380 sed
1719 4325 1841 4396 quia
1871 4324 1954 4380 ul-

367 4416 602 4472 ciscendi
634 4417 796 4472 libido
827 4417 1014 4472 vitiosa
1042 4425 1144 4482 est,
1181 4415 1454 4487 magisque
1481 4415 1546 4470 ad
1575 4415 1808 4485 judicem
1835 4431 1954 4486 per-

371 4507 508 4562 tinet
544 4510 683 4562 inter
710 4507 843 4562 alios
871 4508 970 4563 hoc
997 4508 1309 4574 decernere,
1353 4523 1510 4577 quam
1553 4507 1750 4562 bonum
1777 4506 1952 4562 homi-

371 4614 499 4654 nem
521 4599 620 4654 sibi
647 4609 918 4669 expetere.
949 4599 1286 4671 Quapropter
1316 4599 1464 4670 impii
1491 4615 1557 4654 ex
1587 4599 1675 4653 illa
1706 4599 1951 4670 benigni-

305 4759 308 4762 _
367 4693 498 4747 tatis
526 4693 834 4748 summitate
863 4692 1086 4762 delapsi,
1119 4693 1208 4748 ubi
1231 4692 1524 4748 redduntur
1549 4693 1687 4748 bona
1713 4709 1809 4764 pro
1836 4709 1952 4750 ma-

371 4783 462 4849 lis,
493 4783 560 4838 ad
586 4792 837 4854 quantam
861 4783 1203 4854 malignitatis
1229 4783 1642 4854 profunditatem
1669 4793 1950 4850 venerunt,

369 4874 715 4930 retribuendo
756 4875 890 4928 mala
933 4891 1028 4945 pro
1075 4875 1264 4930 bonis!
1309 4885 1506 4946 quanto
1545 4877 1836 4946 praecipitio
1879 4885 1956 4932 tot

369 4966 570 5037 gradus
597 4967 940 5036 interpositos
968 4967 1330 5022 transierunt!
1364 4966 1473 5022 Nec
1507 4983 1728 5038 parvum
1757 4968 1954 5040 aliquid

370 5058 546 5128 putari
576 5056 754 5124 debet,
780 5058 898 5127 quia
923 5072 1030 5112 non
1064 5058 1157 5124 ait,
1207 5057 1309 5112 Pro
1339 5071 1403 5112 eo
1438 5065 1496 5111 ut
1530 5057 1808 5127 diligerent
1845 5073 1952 5126 me,

371 5147 767 5204 interticiebant
789 5166 908 5216 me;
933 5149 1048 5214 sed,
1071 5147 1400 5204 detrahebant
1422 5147 1547 5202 mihi
1574 5164 1592 5202 :
1620 5148 1742 5202 ideo
1763 5149 1956 5219 quippe

370 5241 772 5308 interfecerunt,
807 5243 928 5312 quia
949 5241 1316 5309 detraxerunt,
1335 5251 1588 5313 negantes
1611 5242 1704 5296 Dei
1735 5242 1952 5310 Filium,

369 5343 428 5390 et
451 5334 692 5390 dicentes
715 5335 856 5405 quod
890 5337 942 5390 in
963 5337 1190 5407 principe
1213 5336 1576 5391 dtemoniorum
1613 5335 1746 5406 ejicit
1770 5336 1959 5390 daemo-

373 5425 458 5478 nia
487 5425 506 5494 (
533 5423 658 5480 Luc.
694 5443 766 5492 XI,
797 5427 898 5499 15)
929 5445 943 5491 ;
973 5436 1046 5494 et,
1093 5427 1412 5482 Dtemonium
1438 5429 1585 5484 habet
1612 5471 1625 5494 ,
1655 5438 1702 5483 et
1728 5430 1957 5494 insanit;

369 5517 494 5590 quid
515 5535 630 5573 eum
656 5521 842 5574 auditis
883 5519 1076 5590 (Joau.
1111 5537 1169 5586 ιι,
1197 5521 1306 5592 20)
1331 5523 1354 5574 ?
1382 5531 1436 5577 et
1461 5532 1650 5578 caetera
1673 5523 1815 5578 talia.
1843 5522 1958 5591 Qua

372 5607 706 5664 detractione
733 5611 801 5666 ab
830 5611 922 5666 illo
945 5611 1256 5667 avertebant
1279 5627 1372 5668 eos
1399 5629 1625 5684 quorum
1648 5615 1958 5670 conversio-

375 5715 496 5756 nem
525 5701 616 5756 ille
641 5705 910 5772 qurcrcbat
946 5722 959 5757 :
989 5712 1042 5758 et
1061 5703 1178 5758 ideo
1198 5706 1373 5776 potius
1395 5704 1496 5759 hoc
1521 5706 1674 5772 dixit,
1699 5716 1756 5761 ut
1781 5715 1960 5762 osten-

375 5792 528 5848 deret
553 5795 722 5864 magis
748 5811 841 5852 eos
863 5811 1056 5852 nocere
1083 5797 1172 5866 qui
1204 5795 1415 5851 Christo
1444 5797 1752 5863 detrahunt,
1786 5807 1839 5854 et
1868 5815 1962 5868 per

377 5881 482 5940 hoc
530 5886 736 5942 animas
783 5887 1128 5956 interﬁciunt,
1183 5903 1341 5961 quam
1385 5887 1474 5960 qui
1519 5889 1636 5960 ejus
1681 5891 1956 5952 mortalem

1495 416 1892 479 ENARBA'I‘IO
1927 415 1994 474 lN
2030 415 2356 480 PSALMUM
2391 424 2570 484 CVlll.

399 545 518 604 rius
559 541 914 618 propinquum
965 541 1138 596 malis.
1193 541 1320 596 Haec
1362 540 1416 596 in
1455 538 1742 608 Scripturis
1787 535 1986 592 sanctis

3523 437 3666 494 1454

2096 553 2331 608 carnem,
2351 557 2472 598 mox
2490 547 2784 614 praesertim
2803 555 3239 617 resurrecturam,
3261 549 3528 606 saviendo
3544 567 3666 624 per.

2091 645 2355 690 emerunt.

2158 725 2211 782 5.
2241 727 2344 782 Sed
2371 743 2489 783 cum
2521 729 2759 796 dixisset,
2800 730 2907 788 Pro
2950 749 3006 787 eo
3051 741 3106 786 ut
3139 733 3404 806 diligerent
3429 753 3525 804 me,
3568 735 3662 790 de-

2089 818 2349 873 trahebant
2377 821 2544 885 nti/ti;
2584 823 2709 892 quid
2751 825 2866 878 ait?
2896 823 3008 896 Ego
3051 836 3219 880 autem
3269 829 3494 882 orabam.
3545 828 3662 886 Non

2085 909 2298 980 quidem
2326 911 2460 965 dixit
2485 913 2608 982 quid
2651 915 2870 982 orabat;
2897 917 2988 972 sed
3021 917 3146 988 quid
3171 918 3362 972 melius
3408 920 3658 991 intelligi--

2086 1016 2222 1066 mus,
2255 1017 2412 1072 quam
2435 1019 2529 1073 pro
2559 1004 2636 1059 eis
2666 1005 2830 1074 ipsis?
2850 1007 3112 1063 Crucillxo
3141 1009 3282 1064 enim
3305 1011 3536 1068 maxime
3559 1011 3626 1066 de
3643 1037 3657 1051 -

2085 1097 2382 1163 trahebant,
2406 1098 2613 1166 quando
2629 1101 2770 1155 velut
2791 1100 3010 1168 homini,
3033 1117 3194 1172 quem
3215 1103 3365 1174 quasi
3393 1105 3652 1159 vicerant.

2083 1189 2404 1256 illutlebant;
2435 1189 2502 1245 de
2537 1207 2638 1261 qua
2687 1208 2844 1248 cruce
2889 1194 2980 1249 ille
3011 1194 3177 1262 dixit,
3226 1194 3382 1250 Pater
3403 1197 3650 1268 ,.ignosce

2079 1280 2202 1344 illis,
2230 1281 2347 1350 quia
2373 1282 2600 1336 nesciunt
2627 1283 2752 1351 quid
2777 1285 2971 1353 faciunt
3011 1300 3030 1340 :
3071 1295 3129 1340 ut
3147 1288 3394 1356 quoniam
3441 1287 3493 1346 in
3526 1303 3652 1359 pro-

2078 1373 2243 1433 fundo
2270 1379 2608 1450 malignitatis
2638 1382 2927 1437 reddebant
2951 1383 3050 1454 ipsi
3081 1385 3216 1440 mala
3245 1401 3338 1456 pro
3365 1387 3536 1454 bonis,
3565 1389 3654 1446 ille

2079 1473 2131 1527 in
2188 1485 2398 1530 summo
2453 1473 2793 1545 benignitatis
2845 1477 3090 1532 redderet
3135 1478 3273 1534 bona
3329 1497 3424 1551 pro
3475 1484 3651 1538 ntalis.

2078 1563 2389 1636 Quanquam
2425 1565 2562 1621 bene
2591 1567 2912 1638 intelligatur
2937 1570 3094 1624 etiam
3125 1586 3223 1642 pro
3249 1572 3517 1644 discipulis
3541 1577 3652 1630 suis

2075 1669 2278 1722 orasse,
2307 1657 2445 1727 quod
2464 1659 2619 1712 etiam
2642 1667 2764 1714 ante
2791 1659 3090 1730 passionem
3113 1676 3264 1717 suam
3286 1663 3437 1733 dixit,
3463 1681 3529 1720 ne
3553 1665 3648 1720 de-

2075 1747 2258 1804 ﬁceret
2287 1751 2416 1805 lides
2441 1766 2624 1806 eorum
2647 1751 2798 1822 (Luc.
2829 1769 2960 1820 1x11,
2993 1753 3082 1826 52)
3103 1797 3119 1823 ,
3145 1757 3356 1825 quando
3379 1759 3489 1828 ipse
3512 1773 3646 1828 pen-

2073 1839 2206 1896 dens
2258 1843 2307 1896 in
2362 1842 2546 1912 ligno,
2596 1853 2654 1898 ut
2706 1845 3102 1902 commendaret
3153 1848 3487 1917 patientiam,
3540 1849 3676 1906 non"

2072 1934 2386 1990 ostendebat
2410 1937 2698 2006 potentiam
2723 1937 2862 1992 inter
2887 1939 3050 1994 verba
3072 1939 3484 2006 detrahentium,
3517 1957 3650 2013 quos

2072 2036 2254 2096 posset
2279 2027 2453 2082 divina
2489 2037 2751 2099 potestate
2777 2029 2976 2086 delere.
3017 2031 3125 2087 Sed
3151 2033 3305 2089 nobis
3335 2035 3514 2090 utilius
3535 2043 3648 2090 erat

2070 2117 2211 2188 quod
2257 2120 2518 2188 patientim
2567 2121 2840 2192 praebebat
2869 2124 3166 2192 exemplum
3198 2167 3209 2187 ,
3239 2141 3395 2194 quam
3445 2125 3487 2180 si
3519 2139 3646 2180 suos

2069 2211 2312 2266 inimicos
2352 2213 2472 2267 sine
2514 2211 2765 2267 dilatione
2793 2213 3085 2283 perdenda,
3117 2215 3182 2268 ad
3212 2217 3312 2270 hoc
3342 2229 3439 2270 nos
3479 2215 3647 2270 aedili-

2067 2311 2234 2368 caret,
2257 2311 2314 2357 ut
2337 2303 2672 2372 impatienter
2695 2304 3066 2361 festinaremus
3101 2305 3170 2362 de
3193 2307 3276 2361 his
3313 2323 3446 2376 quos
3471 2308 3644 2364 malos

2066 2397 2298 2467 patimur
2325 2396 2615 2452 vindicari:
2646 2413 2766 2452 cum
2789 2399 3040 2468 scriptum
3071 2399 3141 2454 sit
3166 2416 3182 2454 :
3215 2398 3400 2454 Melior
3438 2409 3512 2455 est
3558 2417 3648 2472 pa-

2067 2489 2192 2544 tiens
2231 2507 2380 2556 quam
2406 2491 2482 2545 vir
2509 2493 2657 2562 fortis
2700 2491 2878 2564 (Prov.
2929 2509 3040 2559 xvr,
3070 2493 3198 2564 52).
3233 2494 3433 2550 Doceat
3481 2495 3639 2564 igitur

2064 2597 2164 2636 nos
2187 2582 2361 2636 divina
2392 2583 2602 2652 eloquia
2645 2585 2912 2640 dominico
2938 2586 3201 2655 exemplo,
3230 2601 3350 2640 cum
3376 2585 3640 2654 audimus,

2063 2662 2170 2720 Pro
2197 2683 2252 2720 eo
2278 2675 2332 2720 ut
2357 2665 2622 2736 diligerent
2667 2685 2758 2735 me,
2793 2669 3122 2723 detrahebant
3163 2669 3284 2722 milti
3306 2687 3324 2735 ;
3351 2687 3439 2740 ego
3469 2679 3636 2722 autent

2062 2759 2303 2824 orabam;
2343 2769 2400 2814 ut
2441 2761 2652 2830 quando
2680 2761 2883 2831 aliquos
2932 2763 3190 2817 sentimus
3233 2763 3484 2832 ingratos,
3529 2775 3637 2816 non

2060 2851 2232 2905 solum
2281 2867 2385 2906 non
2428 2851 2708 2908 reddentes
2755 2851 2922 2918 bona,
2973 2851 3067 2908 sed
3097 2851 3640 2921 insuperreddentes

2061 2943 2199 2996 mala
2243 2959 2338 3013 pro
2387 2943 2560 3008 bonis,
2600 2959 2698 2998 nos
2741 2958 2994 2999 oremus:
3043 2945 3097 2998 et
3125 2945 3238 3014 ipse
3275 2943 3486 3014 quidem
3542 2957 3640 3014 pro
3707 2939 3716 2946 ’
3807 3011 3816 3018 _

2059 3036 2178 3091 aliis
2201 3037 2284 3091 vel
2331 3037 2691 3102 smvientihus,
2719 3037 2802 3092 vel
2830 3037 3131 3092 dolentibus
3155 3079 3169 3102 ,
3199 3046 3253 3092 et
3279 3037 3330 3091 in
3359 3036 3464 3091 ﬁde
3491 3037 3634 3106 peri-

2058 3126 2394 3194 clitantibus;
2439 3142 2537 3182 nos
2575 3143 2702 3184 vero
2749 3129 2908 3184 etiam
2955 3143 3050 3198 pro
3088 3127 3238 3183 nobis
3287 3127 3547 3196 primitus,
3581 3133 3640 3182 ut

2057 3219 2293 3274 animum
2321 3229 2558 3274 nostrum
2581 3220 2691 3276 Deo
2717 3220 3000 3274 miserante
3023 3227 3181 3290 atque
3201 3219 3493 3289 opitulante
3517 3219 3636 3274 vin-

2057 3325 2263 3380 camus,
2307 3327 2414 3383 quo
2457 3310 2678 3367 ferimur
2704 3313 2757 3366 in
2807 3311 3096 3366 ulciscendi
3125 3311 3484 3381 cupiditatem,
3513 3325 3634 3364 cum

2055 3401 2353 3457 detrahitur
2380 3403 2493 3457 sive
2542 3401 2891 3472 praisentibns
2935 3403 3048 3456 sive
3098 3401 3408 3456 absentibus
3457 3399 3631 3456 nobis.

2059 3495 2278 3560 Deinde,
2306 3511 2426 3550 cum
2445 3491 2640 3550 Christi
2659 3495 2962 3564 patientiam
2990 3491 3352 3556 recordamur,
3381 3503 3628 3563 tanquam

2057 3588 2174 3658 ipso
2199 3588 2450 3656 excitato,
2479 3589 2616 3642 sicut
2641 3586 2837 3642 factum
2865 3597 2965 3652 est,
2991 3601 3110 3641 cum
3137 3585 3395 3640 dormiret
3427 3585 3480 3638 in
3513 3584 3632 3638 navi

2062 3679 2272 3752 (Matth.
2319 3696 2451 3746 vm,
2497 3679 2569 3735 24
2597 3722 2612 3747 ,
2639 3678 2785 3749 25),
2832 3679 2923 3748 qui
2963 3677 3414 3748 perturbationem
3462 3673 3638 3731 cordis

2058 3775 2227 3827 nostri
2265 3781 2748 3844 tempestatemque
2783 3771 3110 3840 tranquillat,
3138 3770 3318 3824 animo
3353 3769 3534 3824 sedato
3557 3775 3641 3822 at-

2057 3880 2162 3936 que
2186 3865 2396 3935 placato
2416 3879 2630 3919 oremus
2657 3863 2817 3920 etiam
2849 3878 2946 3932 pro
2973 3863 3102 3932 ipsis
3122 3860 3512 3916 detractoribus
3541 3874 3638 3914 no-

2056 3957 2202 4024 stris,
2229 3965 2288 4011 ιιι
2321 3957 2492 4012 securi
2521 3955 2760 4011 dicamus
2793 3973 2806 4009 :
2838 3955 3046 4030 Dimitte
3086 3955 3227 4008 nobis
3247 3995 3262 4020 ,
3305 3954 3430 4007 sicut
3465 3961 3510 4006 et
3547 3967 3638 4006 nos

2059 4047 2356 4102 dimittimus
2381 4047 2493 4119 (Id.
2519 4063 2592 4114 v1,
2620 4045 2731 4120 12).
2758 4046 2864 4102 Sed
2889 4046 2978 4100 ille
2998 4045 3314 4110 dimittebat,
3337 4045 3426 4114 qui
3451 4057 3640 4113 pecca-

2058 4148 2170 4196 tum
2213 4139 2356 4212 quod
2398 4141 2447 4195 ei
2489 4139 2847 4195 dimitteretur
2879 4139 3060 4210 utique
3099 4153 3204 4192 non
3235 4137 3481 4192 habebat.

2129 4233 2182 4288 6.
2217 4231 2381 4304 [θεῖε.
2407 4229 2502 4304 5.]
2529 4230 2781 4300 Sequitur
2805 4240 2984 4284 autem
3015 4247 3027 4281 ε
3060 4225 3128 4282 Et
3156 4237 3430 4300 posuerunt
3459 4225 3638 4284 adver-

2057 4341 2170 4379 sum
2193 4341 2271 4378 me
2295 4324 2431 4377 mala
2475 4339 2565 4391 pro
2616 4322 2774 4376 bonis.
2807 4321 2874 4375 Et
2912 4320 3061 4391 quasi
3086 4331 3466 4390 quaereremus,
3509 4317 3640 4384 Qua:

2058 4415 2236 4471 mala?
2259 4429 2357 4485 pro
2381 4414 2574 4484 quibus
2601 4412 2796 4467 bonis?
2825 4411 2892 4465 Et
2934 4411 3127 4476 odium,
3175 4409 3365 4480 inquit,
3395 4426 3486 4479 pro
3515 4409 3642 4464 dile-

2059 4507 2222 4560 ctione
2261 4521 2391 4558 mea.
2427 4503 2524 4558 llic
2551 4513 2633 4558 est
2662 4501 2834 4556 omnis
2878 4513 2933 4557 et
2958 4515 3178 4571 magnus
3203 4509 3384 4554 reatus
3405 4500 3640 4555 illorum.

2057 4599 2191 4655 Nam
2220 4597 2347 4669 quid
2370 4611 2563 4652 nocere
2589 4604 2876 4666 potuerunt
2901 4602 3313 4666 persequentes,
3339 4593 3638 4659 voluntate,

2059 4706 2166 4746 non
2224 4689 2541 4744 necessitate
2582 4686 2940 4742 morientem?
2981 4685 3087 4741 Sed
3139 4684 3309 4754 ipsum
3339 4684 3517 4738 odium
3559 4691 3646 4738 est

2059 4783 2260 4838 crimen
2283 4781 2569 4835 maximum
2592 4777 3239 4850 perscquentis,quamvis
3259 4776 3328 4830 sit
3343 4773 3642 4832 voluntaria

2059 4889 2216 4946 poena
2247 4871 2512 4944 patientis.
2538 4871 2679 4925 Satis
2700 4879 2876 4924 autem
2917 4867 3164 4937 exposuit
3191 4863 3640 4939 quemadmodum

2061 4979 2222 5035 supra
2246 4963 2457 5024 dixerit,
2493 4961 2598 5015 Pro
2647 4977 2703 5015 eo
2731 4969 2784 5012 ut
2823 4975 2902 5014 me
2929 4959 3214 5030 diligerent,
3251 4956 3374 5026 quia
3395 4953 3642 5008 dilectio-

2062 5071 2185 5112 nem
2227 5069 2331 5108 non
2373 5061 2682 5122 utcumque,
2724 5051 2814 5106 sed
2846 5050 3118 5106 dilectioni
3169 5048 3284 5118 ejus
3333 5045 3639 5110 debebant;

2062 5164 2184 5206 cum
2205 5147 2292 5203 hic
2316 5145 2537 5214 addidit,
2571 5163 2661 5216 pro
2685 5145 2950 5201 dilectione
2971 5159 3101 5197 mea.
3131 5141 3277 5196 l-lanc
3301 5139 3640 5194 dilectionem

2063 5242 2119 5299 in
2176 5241 2461 5312 Evangelia
2511 5245 2895 5294 commemorat
2922 5278 2936 5298 ,
2983 5234 3074 5288 ubi
3119 5233 3285 5287 dicit:
3333 5228 3639 5294 Jerusalem,

2062 5331 2368 5399 Jerusalem,
2404 5330 2595 5398 quoties
2641 5329 2776 5383 volui
2823 5325 3060 5396 colligere
3084 5323 3216 5392 ﬁlios
3241 5329 3372 5384 tuos,
3404 5331 3644 5390 tanquam

2064 5427 2257 5500 gallina
2299 5425 2466 5497 pullos
2513 5439 2631 5480 suos
2669 5422 2760 5476 sub
2786 5421 2896 5474 alas
2931 5434 3048 5472 suas
3093 5425 3139 5471 et
3181 5413 3388 5468 noluisti
3413 5412 3432 5483 (
3459 5411 3643 5466 Matth.

2065 5539 2216 5590 xxnt,
2243 5519 2311 5575 27
2333 5519 2371 5592 ).

2139 5615 2191 5668 7.
2233 5611 2432 5668 Deinde
2460 5623 2576 5680 qua:
2602 5621 2698 5678 pro
2725 5605 2836 5674 ipsa
2862 5601 3132 5672 impietate
3155 5598 3433 5670 recipiant,
3465 5596 3650 5665 incipit

2067 5705 2414 5776 prophetare;
2443 5707 2498 5754 et
2519 5712 2584 5753 eo
2604 5695 2763 5750 modo
2787 5695 2872 5748 illa
2897 5691 3045 5759 dicit,
3075 5701 3324 5762 tanquam
3354 5686 3650 5744 ulciscendi

2067 5796 2352 5867 cupiditate
2381 5799 2529 5861 optet
2555 5797 2611 5843 ut
2641 5789 2801 5852 tiant;
2837 5798 2956 5840 cum
2985 5784 3231 5840 dicantur
3253 5781 3428 5838 futura
3458 5777 3652 5834 certis-

2068 5891 2204 5948 sima
2230 5886 2454 5944 veritate
2473 5925 2488 5952 ,
2513 5889 2570 5938 et
2595 5895 2688 5952 per
2727 5879 2824 5936 Dei
2845 5878 3102 5950 justitiam
3139 5891 3304 5947 super
3331 5874 3464 5932 tales
3490 5871 3650 5941 digne
