4070 6474
492 311 632 371 N35

487 437 732 486 ventura.
789 427 959 499 Quem
1018 426 1232 484 modum
1291 424 1464 481 futura
1532 424 1885 496 praedicendi,
1933 423 2076 479 velut

478 521 665 591 specie
686 521 823 577 male
850 516 1087 592 optandi,
1109 519 1321 591 quidam
1352 534 1455 573 non
1485 518 1860 589 intelligentes,
1890 526 2077 588 putant

486 616 667 672 odium
708 616 851 683 odio,
894 626 946 671 et
991 615 1131 671 malo
1164 614 1345 669 animo
1382 614 1579 669 malum
1610 614 1841 667 animum
1882 612 2072 668 reddi:

483 712 731 781 quoniam
763 724 946 766 revera
980 724 1265 779 paucorum
1294 717 1374 762 est
1416 707 1762 779 dignoscere,
1806 705 2073 779 quomodo

482 805 689 875 placeat
728 820 882 875 pinna
910 800 1210 874 iniquorum
1251 802 1542 857 accusatori
1584 801 1884 856 inimicitias
1913 814 2071 855 exsa-

479 907 658 954 turare
687 898 917 971 cupienti
941 940 956 964 ,
985 907 1035 952 et
1063 914 1217 969 quam
1249 896 1403 969 longe
1429 897 1531 950 alio
1560 895 1718 950 modo
1746 896 1949 965 placeat
1984 895 2073 966 ju-

478 990 579 1047 dici
626 1000 769 1045 recta
820 992 1090 1045 voluntate
1145 997 1361 1060 peccata
1420 990 1677 1061 punienti.
1730 989 1821 1045 ille
1874 991 2071 1061 quippe

476 1081 649 1137 reddit
678 1081 875 1137 malum
905 1097 1001 1152 pro
1036 1082 1174 1137 malo
1198 1096 1211 1147 ;
1237 1082 1335 1139 iste
1360 1091 1536 1135 autem
1563 1082 1719 1136 etiam
1748 1097 1867 1136 cum
1896 1081 2070 1137 vindi-

473 1181 577 1239 cat,
625 1188 728 1228 non
774 1173 946 1228 reddit
989 1173 1183 1227 malum
1226 1188 1322 1243 pro
1366 1174 1535 1238 malo,
1582 1174 1828 1244 quoniam
1864 1175 2068 1245 justum

472 1266 646 1322 reddit
678 1267 873 1337 iujusto
897 1286 910 1322 :
938 1267 1077 1339 quod
1100 1278 1275 1322 autem
1300 1265 1499 1336 justum
1526 1276 1627 1335 est,
1660 1268 1840 1337 utique
1867 1268 2068 1323 bonum

470 1366 569 1412 est.
625 1359 784 1413 Punit
824 1375 951 1431 ergo
1004 1376 1110 1414 non
1157 1358 1510 1414 delectatione
1559 1360 1748 1415 aliena:
1794 1360 2063 1426 miserim,

470 1449 609 1520 quod
653 1460 734 1506 est
771 1453 966 1508 malum
1018 1469 1114 1523 pro
1158 1452 1331 1517 malo;
1380 1453 1473 1510 sed
1510 1453 1794 1510 dilectione
1820 1454 2062 1523 justitiae,

468 1544 608 1614 quod
635 1556 716 1600 est
736 1547 932 1601 bonum
963 1562 1058 1618 pro
1088 1547 1247 1602 malo.
1274 1548 1455 1617 Itaque
1489 1564 1585 1603 nec
1614 1548 1798 1603 lumini
1827 1547 2064 1619 Scriptu-

468 1650 647 1691 rarum
678 1638 1067 1693 calumnientur
1095 1640 1221 1696 cmci
1242 1682 1257 1705 ,
1287 1640 1565 1712 opinantes
1596 1640 1733 1711 quod
1768 1641 1906 1695 Deus
1934 1657 2063 1711 pec-

467 1737 582 1782 cata
625 1744 729 1783 non
754 1730 970 1799 puniat;
1004 1744 1101 1785 nec
1127 1731 1274 1802 quasi
1303 1732 1497 1785 malum
1525 1747 1623 1803 pro
1654 1732 1795 1786 malo
1833 1731 2018 1787 reddat
2043 1776 2059 1799 ,

465 1820 565 1875 sibi
596 1822 934 1876 blandiantur
980 1822 1178 1893 injusti.
1221 1824 1509 1881 Audiamus
1548 1840 1675 1895 ergo
1715 1824 1909 1881 deinde
1933 1825 2063 1896 quid

465 1911 676 1968 divinus
727 1930 906 1970 sermo
957 1922 1241 1978 conterat;
1293 1925 1347 1971 et
1400 1917 1449 1970 in
1497 1916 1674 1971 verbis
1724 1916 1875 1987 quasi
1920 1918 2061 1972 mala

465 2007 715 2075 Optantis,
740 2007 1094 2079 intelligamus
1118 2007 1366 2078 praedicta
1392 2008 1788 2081 prophetantis;
1814 2019 1867 2065 et
1890 2011 2058 2065 Deum

464 2095 601 2167 justa
628 2096 1007 2153 retribucntem
1031 2140 1045 2164 ,
1070 2098 1345 2154 sublevata
1374 2099 1426 2154 in
1452 2099 1569 2169 ejus
1602 2109 1855 2155 aeternam
1886 2099 2057 2170 legem

463 2196 641 2244 mente
666 2204 965 2243 cernamus.

530 2280 583 2335 8.
628 2277 791 2353 [vers.
833 2279 927 2354 6.]
956 2280 1211 2336 Constitue
1255 2298 1408 2354 super
1462 2299 1578 2336 eum
1621 2291 1955 2354 peccatorem,
2010 2294 2058 2337 et

463 2369 691 2425 diabolus
724 2380 817 2425 stet
846 2390 876 2425 a
916 2372 1105 2427 dextris
1140 2374 1267 2445 ejus.
1297 2373 1429 2429 Cum
1467 2376 1711 2444 superius
1740 2375 1953 2445 querela
1986 2377 2054 2431 de

463 2464 697 2537 pluribus
723 2464 905 2531 fuerit,
938 2482 1077 2521 nunc
1107 2466 1172 2521 de
1204 2483 1309 2521 uno
1335 2468 1568 2539 loquitur
1590 2468 1854 2523 Psalmus.
1884 2469 2054 2539 Supe-

464 2556 575 2609 rius
604 2566 781 2610 autem
821 2555 1063 2611 dixerat:
1113 2554 1294 2611 Locuti
1334 2567 1451 2612 sunt
1477 2559 1739 2613 adversum
1774 2576 1852 2613 me
1879 2559 2054 2630 lingua

462 2646 657 2713 dolosa,
686 2656 731 2701 et
753 2648 1065 2702 sermonibus
1091 2649 1197 2702 odii
1215 2649 1653 2704 circumdederunt
1684 2668 1761 2705 me
1781 2693 1796 2719 ,
1827 2660 1873 2705 et
1896 2669 2055 2720 expu-

462 2750 735 2810 gnaverunt
762 2756 841 2794 me
873 2742 1066 2813 gratis:
1096 2758 1188 2812 pro
1208 2758 1265 2795 eo
1291 2751 1345 2795 ut
1375 2743 1638 2815 diligerent
1674 2760 1751 2797 me
1770 2786 1783 2809 ,
1815 2742 2053 2798 detrahe-

462 2833 578 2887 bant
604 2835 757 2898 milti,â€˜
788 2850 878 2905 ego
912 2844 1079 2888 autem
1110 2836 1315 2889 orabam
1338 2851 1357 2890 :
1388 2845 1434 2889 et
1476 2846 1749 2906 posuerunt
1787 2835 2054 2890 adversum

460 2941 536 2980 me
565 2926 700 2981 mala
723 2944 814 2997 pro
841 2926 1002 2992 bonis,
1031 2936 1077 2981 et
1105 2927 1275 2982 odium
1302 2944 1394 2999 pro
1423 2928 1689 2982 dilectione
1709 2944 1837 2981 mea.
1861 2928 2052 2983 Omnia

460 3018 525 3075 de
553 3019 808 3089 pluribus.
840 3018 989 3074 Nunc
1016 3036 1143 3075 vero
1169 3019 1296 3089 quid
1324 3021 1467 3091 digni
1495 3029 1675 3075 essent
1700 3036 1797 3090 pro
1832 3020 1915 3074 his
1948 3021 2050 3075 iui-

460 3111 743 3182 quitatibus
792 3113 939 3178 suis,
990 3113 1192 3183 etquid
1239 3113 1316 3168 eis
1346 3113 1527 3169 divino
1570 3114 1770 3184 judicio
1813 3114 2050 3170 futurum

456 3214 598 3261 esset
622 3207 1005 3275 pricnuntians,
1040 3204 1313 3273 Constitue,
1348 3207 1536 3277 inquit,
1568 3225 1719 3279 super
1740 3226 1851 3263 eum
1871 3226 2049 3280 pecca-

458 3310 615 3353 torem
646 3315 664 3353 :
696 3308 945 3372 tauquam
973 3299 1253 3358 intendens
1281 3300 1332 3354 in
1365 3317 1484 3354 eum
1511 3301 1600 3371 qui
1627 3317 1685 3355 se
1731 3301 1944 3357 tradidit
1972 3312 2049 3355 ta-

456 3389 595 3445 libus
615 3431 629 3455 ,
661 3390 728 3445 de
754 3393 997 3462 qualibus
1028 3392 1135 3445 suis
1166 3391 1395 3446 inimicis
1422 3392 1734 3462 loquebatur
1780 3394 2044 3463 superius.

455 3482 588 3537 Cum
615 3482 776 3553 igitur
803 3484 887 3538 hic
927 3484 1117 3538 Judam
1156 3484 1463 3538 traditorcm
1501 3485 1792 3539 secundum
1816 3487 2049 3555 scriptu-

456 3587 569 3627 ram
592 3573 820 3629 Actuum
844 3564 1219 3643 ApostOlorum
1243 3573 1502 3643 supplicio
1523 3574 1703 3629 debito
1730 3578 2051 3646 prmnuutiet

456 3663 781 3732 puniendum
806 3664 937 3736 (Act.
966 3681 1015 3730 1,
1040 3665 1165 3735 20);
1199 3666 1323 3736 quid
1346 3674 1446 3731 est,
1476 3665 1732 3722 Constitue
1758 3685 1910 3739 super
1938 3687 2051 3724 eum

456 3766 768 3825 peccatorent
791 3798 805 3819 ,
840 3760 938 3811 nisi
970 3774 1089 3811 eum
1137 3774 1293 3827 quem
1331 3759 1572 3826 sequenti
1621 3774 1777 3815 versu
1817 3760 2045 3823 indicat,

455 3863 577 3907 eum
606 3846 763 3917 dicit,
796 3848 865 3904 Et
893 3848 1123 3907 diabolus
1147 3858 1243 3903 stet
1265 3866 1300 3902 Î±
1332 3849 1522 3903 dextris
1555 3847 1663 3921 ejus
1686 3851 1711 3904 á¼±)
1733 3850 1843 3907 Hoc
1874 3853 2050 3924 itaque

454 3946 670 4010 meruit,
696 3953 757 4007 ut
785 3959 945 4017 super
971 3959 1031 4001 se
1070 3944 1263 4001 habeat
1287 3944 1556 4001 diabolum
1576 3987 1590 4011 ,
1622 3944 1674 4000 id
1702 3953 1803 4011 est,
1835 3945 2049 4003 diabolo

454 4037 700 4092 subditus
742 4037 962 4106 sit,qui
993 4036 1204 4092 Christo
1249 4036 1493 4095 subditus
1538 4051 1657 4093 esse
1704 4037 1894 4092 noluit.
1938 4038 2050 4093 Stet

454 4138 632 4187 autem
663 4146 695 4182 a
723 4129 913 4183 dextris
937 4130 1047 4201 ejus
1070 4171 1085 4195 ,
1114 4129 1311 4185 dictum
1338 4139 1456 4195 est,
1483 4130 1605 4200 quia
1645 4146 1808 4201 opera
1845 4130 2048 4186 diaboli

454 4222 745 4291 pmposuit
772 4221 1021 4291 operibus
1052 4222 1163 4277 Dei.
1193 4222 1305 4278 Hoc
1334 4221 1478 4277 enim
1507 4222 1698 4294 cuique
1723 4238 1829 4277 non
1860 4222 2049 4279 immeâ€”

454 4313 559 4368 rito
586 4312 834 4369 dextrum
869 4313 1083 4381 dicitur,
1131 4314 1272 4386 quod
1303 4316 1592 4384 praeponit;
1641 4316 1779 4371 sicut
1817 4316 2048 4385 sinistrae

454 4405 642 4462 dextra
671 4406 1016 4475 praeponitur.
1050 4406 1175 4462 ldeo
1200 4416 1255 4462 et
1298 4406 1365 4461 de
1394 4407 1501 4462 illis
1540 4408 1628 4477 qui
1657 4408 1840 4463 saeculi
1888 4407 2048 4477 hujus

454 4496 649 4569 gaudia
679 4506 1047 4568 praeponentes
1088 4498 1230 4566 Deo,
1260 4498 1470 4555 beatum
1508 4499 1757 4555 dixerunt
1793 4500 2047 4571 populum

454 4592 543 4648 cui
569 4590 684 4645 hinc
706 4600 862 4657 sunt,
891 4592 1187 4647 rectissime
1226 4592 1425 4647 dictum
1456 4601 1540 4648 est
1560 4634 1573 4658 ,
1605 4591 1823 4648 Dextera
1872 4610 2048 4648 eorum

455 4682 660 4739 dextera
696 4683 992 4753 iniquitatis.
1026 4683 1208 4749 Unde,
1244 4684 1384 4754 quod
1415 4684 1662 4743 dixerunt
1702 4686 1916 4742 beatum
1946 4704 2045 4759 po-

454 4774 637 4846 pulum
658 4775 880 4831 cuitbaic
896 4785 1045 4841 sunt,
1068 4791 1334 4832 esteorum
1358 4776 1592 4833 locutum
1616 4787 1697 4833 est
1722 4779 2007 4834 vanitatem
2029 4796 2043 4845 ;

453 4867 593 4938 quod
618 4868 687 4924 de
718 4868 822 4923 illis
848 4884 1007 4938 supra
1035 4868 1235 4925 dictum
1265 4877 1368 4924 est.
1396 4868 1558 4938 Cujus
1583 4879 1761 4926 autem
1792 4887 1852 4927 os
1874 4872 2046 4942 loqui-

456 4970 539 5017 tur
564 4962 866 5026 veritatem,
898 4972 1081 5017 coutra
1114 4961 1239 5017 illud
1268 4962 1407 5032 quod
1437 4962 1687 5019 dixerunt
1716 4964 1801 5020 isti
1834 4965 2046 5035 beatum

451 5054 706 5125 populum
740 5054 825 5109 cui
850 5053 964 5109 haec
992 5063 1155 5121 sunt,
1188 5053 1347 5109 debet
1375 5055 1533 5109 etiam
1565 5055 1677 5125 ipse
1701 5056 1881 5112 dicere
1906 5057 2046 5128 quod

450 5149 506 5206 in
534 5148 721 5205 eodem
754 5148 960 5219 psalmo
988 5148 1228 5219 sequitur
1248 5188 1265 5214 ,
1298 5145 1486 5204 Beatus
1516 5150 1736 5218 populus
1766 5151 1911 5221 cujus
1940 5150 2048 5204 Do-

450 5241 617 5297 minus
639 5241 774 5297 Deus
799 5243 1022 5313 ipsorum
1043 5240 1212 5309 (Psal.
1244 5256 1411 5298 cxun
1430 5282 1443 5307 ,
1471 5242 1557 5307 11,
1591 5242 1682 5311 15)
1711 5261 1723 5294 :
1754 5240 1877 5297 huic
1903 5243 2047 5303 enim

451 5350 558 5391 non
604 5336 849 5392 diabolus
892 5322 975 5391 est
1002 5352 1032 5391 a
1080 5335 1303 5402 dextris,
1334 5334 1428 5391 sed
1476 5336 1766 5390 Dominus:
1812 5337 1950 5392 sicut
1994 5347 2048 5393 ct

451 5428 577 5482 aâ€™libi
595 5427 739 5493 dicit,
763 5427 1099 5483 Providebam
1120 5426 1394 5482 Dominum
1418 5427 1472 5479 in
1496 5435 1761 5495 conspectu
1782 5444 1891 5482 meo
1912 5447 2047 5483 sem-

451 5536 561 5592 per,
590 5521 830 5591 quoniam
860 5536 896 5573 a
916 5520 1111 5575 dextris
1135 5529 1210 5575 est
1236 5519 1361 5575 mihi
1384 5560 1399 5587 ,
1428 5535 1491 5575 ne
1513 5535 1827 5575 commoveor
1856 5519 1873 5589 (
1897 5519 2043 5577 Psnl.

451 5628 543 5676 xv,
588 5613 681 5681 8).
729 5612 1322 5683 Disbolusergostetit
1347 5628 1378 5667 a
1409 5611 1611 5669 dextris
1641 5613 1792 5681 ejus,
1828 5615 2047 5684 quando

453 5704 743 5775 praeposuit
786 5705 1063 5760 avaritiam
1108 5706 1419 5775 sapientiai,
1469 5714 1523 5760 et
1565 5705 1841 5775 pecuniam
1890 5710 2048 5764 saluti

437 5811 579 5879 puts.
620 5807 843 5889 Antaeum
874 5800 1135 5865 traderet,
1156 5815 1194 5856 a
1219 5816 1326 5871 quo
1348 5799 1534 5858 debuit
1554 5801 1847 5874 possideri,
1880 5818 1949 5860 ne
1976 5804 2045 5863 ab

1746 309 1802 365 S.
1833 300 2196 366 AUGLSTINI
2240 306 2541 363 EPISCOPI

3646 324 3798 387 ÎºÏ‰

2189 420 2279 475 illo
2309 421 2694 491 possideretur,
2737 423 2893 495 cujus
2922 439 3084 489 opera
3116 428 3230 499 ipse
3256 432 3496 493 Christus
3525 440 3720 510 solvit,
3752 458 3795 501 Î¹

2186 526 2293 581 quo
2320 512 2488 567 noluit
2514 514 2798 584 possideri.
3604 576 3611 579 .

2258 604 2311 659 9.
2354 603 2521 679 [vers.
2567 606 2661 681 7.]
2700 608 2825 664 Cum
2861 610 3153 682 judicatur,
3202 628 3347 673 exeat
3394 621 3786 685 condemnatus.

2183 697 2365 754 Noluit
2394 700 2535 755 enim
2567 702 2689 756 talis
2710 717 2829 758 esse
2855 704 2941 759 cui
2968 706 3251 778 diceretur,
3281 711 3431 769 Intra
3456 717 3509 771 in
3534 721 3787 790 gaudium

2184 794 2378 849 domini
2402 796 2509 861 tui;
2536 796 2628 851 sed
2661 797 2778 852 talis
2807 797 2876 853 de
2906 816 3011 868 quo
3036 801 3252 872 dicitur,
3281 804 3527 879 Projicite
3553 811 3701 867 illum
3726 815 3787 870 in

2185 887 2412 941 tenebras
2438 888 2707 942 exteriores
2734 888 2951 959 (Matth.
2987 908 3113 960 xxv,
3136 894 3227 959 21,
3253 897 3366 967 50).
3391 898 3458 953 Et
3481 903 3648 957 oratio
3670 906 3790 973 ejus

2183 977 2273 1044 ï¬at
2314 978 2366 1031 in
2411 988 2695 1049 peccatum.
2744 977 3009 1047 Quoniam
3045 998 3151 1039 non
3178 994 3261 1040 est
3286 988 3425 1057 justa
3452 991 3644 1059 oratio,
3678 995 3791 1052 nisi

2180 1084 2278 1140 per
2320 1067 2624 1139 Christum,
2674 1087 2832 1144 quem
2880 1073 3119 1130 vendidit
3162 1077 3494 1137 immanitate
3527 1087 3790 1153 peccati:

2180 1164 2354 1218 oratio
2383 1171 2561 1219 autem
2601 1182 2719 1236 qua:
2750 1181 2857 1221 non
2891 1166 2948 1220 lit
2976 1183 3072 1237 per
3098 1167 3366 1227 Christum
3392 1215 3408 1240 ,
3452 1190 3557 1231 non
3599 1178 3788 1233 solum

2179 1267 2285 1308 non
2313 1263 2489 1325 potest
2510 1256 2691 1312 delere
2713 1267 3012 1329 peccatum,
3040 1262 3135 1316 sed
3160 1263 3321 1319 etiam
3350 1266 3463 1335 ipsa
3490 1267 3625 1323 litin
3654 1286 3785 1340 pec-

2177 1354 2374 1399 catum.
2418 1347 2643 1413 Quando
2688 1358 2866 1405 autem
2909 1350 3075 1407 ludas
3121 1354 3190 1409 ita
3220 1370 3379 1412 orare
3408 1362 3681 1429 potuerit,
3719 1371 3784 1421 ut

2178 1437 2350 1492 oratio
2375 1438 2491 1509 ejus
2515 1440 2531 1471 á½·
2558 1439 2712 1495 llcrct
2741 1441 2793 1495 in
2824 1450 3122 1512 peccatum,
3152 1448 3319 1515 quaeri
3349 1457 3541 1518 potest.
3571 1450 3784 1521 Credo,

2177 1536 2463 1599 antequam
2492 1530 2774 1586 Dominum
2800 1534 3052 1601 traderet,
3079 1544 3133 1591 et
3158 1536 3225 1592 de
3256 1538 3348 1593 illo
3378 1540 3635 1597 tradendo
3662 1544 3783 1614 jam

2177 1622 2436 1693 cogitaret
2464 1642 2475 1677 :
2502 1638 2606 1678 non
2631 1626 2773 1680 enim
2797 1626 2907 1695 jam
2934 1638 3145 1698 poterat
3169 1645 3328 1688 orare
3358 1649 3453 1703 per
3476 1636 3778 1693 (Hii-istum.

2176 1715 2307 1771 Nam
2341 1726 2686 1789 posteaquam
2716 1718 2867 1774 illum
2897 1721 3135 1789 tradidit,
3167 1740 3397 1796 eumque
3422 1729 3693 1797 paenituit,
3725 1732 3783 1788 si

2175 1824 2271 1879 per
2298 1809 2571 1866 Christum
2602 1821 2801 1879 oraret,
2838 1814 3217 1887 indulgentiam
3245 1831 3492 1891 rogaret;
3520 1824 3565 1878 si
3594 1824 3783 1881 indul-
3814 1841 3825 1853 Î‡

2171 1902 2405 1971 gentiam
2433 1913 2683 1974 rogaret,
2728 1920 2881 1976 spem
2924 1907 3184 1977 haberet;
3233 1912 3278 1966 si
3318 1927 3470 1984 spem
3510 1915 3782 1987 haberet,

2173 1994 2596 2050 misericordiam
2628 2007 2904 2067 speraret;
2956 1999 3003 2055 si
3034 2002 3454 2061 misericordiam
3483 2020 3729 2079 speraret
3750 2051 3781 2080 Î½

2173 2099 2280 2139 non
2331 2086 2432 2141 sibi
2481 2086 2857 2157 deSperatione
2901 2090 3096 2146 collum
3142 2093 3350 2164 ligaret.
3387 2098 3615 2155 Proinde
3642 2116 3779 2158 cum

2170 2176 2427 2246 dixisset,
2474 2178 2601 2235 Cum
2631 2182 2921 2252 judicatur,
2965 2196 3109 2240 exeat
3146 2187 3547 2257 condemnatus;
3591 2208 3659 2247 ne
3696 2194 3781 2250 ab

2170 2271 2488 2328 imminente
2517 2274 2964 2332 condemuatione
2988 2286 3271 2348 putaretur
3294 2296 3355 2337 se
3382 2284 3618 2352 potuisse
3644 2301 3773 2341 ora-

2170 2364 2316 2418 tione
2340 2364 2586 2429 liberare,
2611 2382 2768 2435 quam
2795 2367 3057 2424 didicerat
3078 2385 3199 2425 cum
3220 2373 3601 2446 condiscipulis
3625 2378 3769 2444 suis,

2169 2456 2257 2509 ubi
2289 2456 2502 2521 dicitur,
2535 2457 2744 2513 Dimitte
2768 2463 2915 2515 nobis
2952 2463 3121 2517 debita
3161 2475 3368 2533 nostra,
3408 2469 3537 2523 sicut
3580 2480 3625 2523 et
3670 2488 3773 2526 nos

2164 2547 2465 2602 dimittimus
2510 2550 2809 2607 debitoribus
2843 2556 3067 2609 nostris:
3112 2556 3176 2610 Et
3204 2560 3367 2613 oratio
3391 2561 3522 2631 ejus,
3565 2562 3769 2633 inquit,

2164 2638 2257 2706 ï¬at
2299 2639 2353 2692 in
2393 2649 2688 2710 peccatum;
2734 2644 2857 2713 quia
2891 2660 2995 2699 non
3035 2647 3094 2701 ï¬t
3132 2663 3229 2718 per
3265 2648 3535 2707 Christum
3558 2694 3573 2721 ,
3599 2668 3771 2724 quem

2165 2728 2336 2783 noluit
2363 2731 2549 2799 sequi,
2583 2732 2677 2786 sed
2707 2735 2976 2805 persequi.

2236 2820 2324 2874 10.
2368 2819 2515 2893 [vers.
2546 2821 2625 2895 8.]
2668 2822 2824 2879 Fiant
2847 2826 2955 2881 dies
2986 2828 3097 2899 ejus
3126 2832 3295 2899 pauci.
3324 2832 3450 2889 Dies
3470 2837 3579 2909 ejus
3603 2836 3769 2907 dixit,

2164 2910 2281 2967 dies
2321 2915 2652 2983 apostolatus
2695 2917 2847 2987 ejus;
2894 2921 2984 2990 qui
3032 2924 3184 2991 pauci
3229 2923 3479 2993 fuerunt,
3511 2932 3774 2999 quoniam

2160 3015 2286 3061 ante
2318 3009 2615 3076 passionem
2648 3011 2858 3067 Domini
2898 3015 3104 3071 scelere
3132 3018 3299 3087 ipsius
3328 3029 3384 3075 et
3408 3034 3585 3079 morte
3625 3039 3773 3080 con-

2161 3102 2359 3170 sumpti
2388 3110 2529 3155 sunt.
2560 3104 2623 3157 Et
2654 3111 2905 3175 tanquam
2936 3106 3227 3175 diceretur,
3256 3111 3396 3178 Quid
3424 3129 3551 3185 ergo
3578 3115 3669 3171 ï¬et
3692 3117 3775 3177 de

2161 3192 2525 3247 sacratissimo
2552 3206 2778 3250 numero
2804 3196 3157 3265 duodeuario,
3191 3200 3246 3255 in
3275 3217 3382 3273 quo
3410 3219 3517 3260 non
3560 3205 3776 3265 frustra

2165 3285 2428 3341 Dominus
2467 3286 2750 3343 duodecim
2781 3289 2979 3346 habere
3010 3296 3212 3362 primos
3245 3297 3529 3365 Apostolos
3552 3301 3776 3360 soluit?

2158 3379 2414 3434 continuo
2450 3380 2709 3451 subjecit,
2755 3382 2824 3436 Et
2856 3384 3202 3457 episcopatum
3227 3388 3340 3457 ejus
3364 3391 3581 3461 accipiat
3606 3394 3771 3449 alter.

2158 3468 2435 3540 Tanquam
2463 3472 2667 3539 dicens,
2695 3472 2763 3527 Et
2792 3474 2905 3544 ipse
2933 3492 3030 3544 pro
3051 3491 3149 3531 suo
3181 3480 3373 3534 merito
3402 3482 3673 3551 puniatur,
3705 3496 3778 3542 et

2159 3561 2247 3617 ille
2266 3577 2536 3629 numerus,
2561 3565 2893 3634 suppleatur.
2912 3566 3063 3635 Quod
3087 3569 3130 3623 si
3159 3570 3277 3639 quis
3304 3574 3777 3641 quemadmodum

2159 3650 2353 3706 factum
2386 3654 2472 3719 sit,
2504 3655 2644 3710 scire
2670 3654 2961 3723 desiderat,
2998 3658 3162 3714 Actus
3189 3661 3566 3731 Apostolorum
3595 3666 3773 3738 legat.

2231 3745 2319 3797 11.
2364 3743 2512 3816 [vers.
2544 3744 2624 3818 9.]
2664 3745 2823 3801 Fiant
2863 3749 2959 3816 ï¬lii
2995 3750 3105 3821 ejus
3136 3753 3388 3823 orphani,
3415 3764 3461 3809 et
3488 3772 3619 3812 uxor
3647 3760 3779 3829 ejus

2156 3835 2329 3888 vidua.
2358 3835 2552 3906 Utique
2594 3847 2809 3895 mortuo
2855 3839 2973 3909 ipso
2997 3880 3013 3907 ,
3055 3850 3111 3897 et
3146 3842 3240 3899 ï¬lii
3266 3844 3384 3916 ejus
3410 3850 3672 3919 orphani,
3700 3864 3776 3909 es

2158 3944 2293 3983 uxor
2315 3928 2431 3997 ejus
2456 3930 2667 3985 viduata
2698 3941 2800 3986 est.

2226 4021 2315 4075 42.
2360 4019 2511 4093 [vers.
2551 4020 2665 4095 10.]
2708 4022 2965 4080 Nutantes
3003 4032 3376 4099 transferantur
3400 4033 3495 4103 lilii
3533 4036 3679 4103 ejus,
3712 4047 3773 4093 at

2156 4112 2458 4168 meridicent.
2502 4112 2762 4169 Nutantes
2805 4116 3005 4172 dictum
3044 4127 3166 4187 est,
3212 4122 3400 4179 incerti
3440 4141 3546 4196 quo
3589 4140 3767 4197 eant,

2154 4204 2303 4257 omni
2348 4202 2594 4273 praesidio
2636 4206 2895 4263 destituti.
2943 4209 3235 4281 Ejicisntur
3260 4214 3325 4267 de
3363 4216 3770 4278 habitationibus

2154 4295 2283 4349 suis.
2308 4295 2573 4367 Exposuit
2599 4298 2743 4368 quod
2770 4315 2929 4371 supra
2960 4302 3191 4371 dixerat,
3221 4312 3615 4379 transferantur.
3636 4314 3771 4370 Hoc

2154 4396 2334 4443 autem
2363 4397 2530 4444 totum
2557 4392 2829 4462 quomodo
2858 4396 3009 4450 uxori
3036 4397 3154 4467 ejus
3185 4399 3417 4473 ï¬liisque
3441 4408 3764 4478 contigerit,

2160 4492 2448 4553 sequentes
2476 4484 2711 4539 indicant
2740 4502 2945 4543 versus.

2225 4576 2313 4630 15.
2356 4574 2506 4647 [vers.
2541 4578 2630 4643 11,
2666 4576 2780 4651 12.]
2822 4579 3375 4655 Scruteturfeneralor
3398 4602 3597 4643 omnem
3625 4595 3763 4647 subâ€”

2153 4668 2394 4722 stantiam
2422 4671 2530 4741 ejus
2548 4710 2565 4737 ,
2597 4680 2643 4723 et
2671 4671 2917 4738 diripiant
2955 4675 3107 4728 alieni
3135 4676 3329 4731 labores
3352 4680 3483 4751 ejus.
3534 4680 3659 4735 Non
3684 4686 3768 4738 sit

2152 4761 2233 4815 illi
2260 4762 2468 4830 adjutor
2490 4778 2507 4815 :
2529 4760 2595 4815 ad
2626 4763 2873 4817 tuendam
2901 4764 3015 4833 ejus
3045 4770 3410 4835 posteritatem
3434 4770 3598 4839 dicit;
3629 4774 3766 4832 ideo

2153 4853 2412 4924 sequitur,
2449 4851 2562 4907 Nec
2590 4854 2654 4907 sit
2684 4855 2769 4925 qui
2796 4855 3090 4911 miserentur
3119 4861 3330 4931 pupillis
3356 4863 3488 4931 ejus.

2226 4948 2311 5002 M.
2358 4946 2505 5020 [vers.
2538 4947 2650 5021 15.]
2693 4948 2798 5004 Sed
2826 4950 2951 5020 quia
2986 4962 3204 5019 possent
3230 4955 3388 5010 etiam
3422 4958 3607 5027 pupilli
3632 4959 3765 5019 sine

2150 5039 2396 5110 adjutore
2421 5050 2472 5095 ct
2498 5041 2615 5095 sine
2644 5048 2823 5097 tutore
2856 5043 2907 5096 in
2939 5046 3194 5099 mrumnis
3222 5055 3278 5101 et
3304 5057 3543 5118 egestate
3572 5061 3764 5110 tamen

2153 5147 2397 5187 crescere
2419 5175 2433 5199 ,
2481 5144 2533 5187 et
2572 5148 2740 5203 genus
2772 5136 3156 5206 propagatione
3194 5152 3445 5205 servare;
3478 5144 3758 5212 sequitur,

2152 5234 2206 5280 et
2233 5225 2377 5292 dicit,
2410 5222 2459 5277 F
2460 5224 2565 5277 iant
2590 5224 2696 5278 nati
2715 5225 2825 5295 ejus
2840 5226 2894 5279 in
2918 5227 3193 5295 interitum,
3216 5230 3269 5283 in
3294 5233 3617 5300 generatione
3642 5250 3764 5288 una

2154 5318 2379 5372 deleatur
2402 5332 2581 5371 nomen
2608 5318 2716 5387 ejus
2741 5330 2760 5369 :
2801 5315 2855 5371 id
2892 5328 3015 5385 est,
3058 5318 3199 5389 quod
3224 5319 3292 5375 de
3320 5320 3411 5375 illo
3433 5332 3765 5391 generatum

2154 5421 2253 5476 est,
2279 5410 2387 5480 jam
2415 5424 2520 5463 non
2551 5417 2790 5479 generet,
2820 5417 2873 5464 et
2899 5410 3006 5465 cito
3037 5419 3292 5466 transeat.

2227 5505 2312 5560 15.
2355 5503 2514 5576 [vers.
2560 5500 2671 5575 14.]
2712 5502 2817 5558 Sed
2857 5502 2984 5574 quid
3015 5515 3099 5560 est
3124 5504 3265 5576 quod
3294 5504 3489 5561 deinde
3517 5508 3762 5579 subjun-

2155 5600 2265 5673 git?
2300 5598 2367 5654 In
2393 5600 2682 5653 memoriam
2709 5600 2879 5653 redeat
2907 5600 3145 5671 iniquitas
3172 5609 3375 5671 patrum
3403 5601 3513 5671 ejus
3535 5600 3590 5655 in
3620 5619 3766 5657 con-

2153 5705 2324 5765 spectu
2356 5692 2594 5758 Domini,
2636 5702 2683 5748 et
2726 5706 2983 5764 peccatum
3014 5695 3187 5748 matris
3218 5695 3326 5766 ejus
3356 5710 3456 5749 non
3486 5695 3762 5755 deleatur.
3834 5772 3840 5778 .

2221 5813 2236 5845 Î¹
2273 5816 2346 5861 Er.
2374 5816 2426 5859 et
2448 5814 2576 5871 L0v.,
2601 5819 2696 5859 non
2710 5803 2866 5879 ï¬eret.
2894 5807 3058 5870 Abest,
3082 5819 3196 5872 non,
3216 5806 3280 5858 ab
3302 5813 3406 5859 Am.
3431 5812 3485 5858 et
3505 5817 3535 5858 Î¹
3553 5810 3662 5859 Ilss.
