2045 3239
123 182 206 211 Ηῦἵι

121 242 164 270 An
178 236 381 274 intelligendum
393 239 435 265 est
445 255 453 269 ,
473 238 503 262 ut
517 232 663 262 reddantur
673 232 697 260 ei
713 233 820 266 peccata
834 228 914 257 etiam

122 291 264 325 par-eruum
290 283 418 312 mortuo?
443 281 475 309 Ei
497 280 596 317 quippe
617 287 671 307 non
692 274 915 325 redduntur,qui

121 321 203 363 inerit
224 335 342 360 mutatus
365 330 391 358 in
406 328 529 361 Christo,
544 331 571 354 et
584 325 695 361 cmperit
709 331 770 352 esse
783 330 834 350 non
847 321 916 349 ﬁlius

124 381 277 414 iniquorum
289 397 297 411 ,
318 384 370 404 non
386 375 501 402 imitatus
515 380 603 400 mores
617 379 707 399 eorutn
723 379 728 396 :
742 370 801 404 quia
814 373 840 395 et
853 368 915 394 illtnl

122 426 264 454 verissime
286 423 412 456 scriptum
434 424 493 452 est,
518 418 631 446 Reddam
654 421 753 452 peccata
777 420 875 450 patrum
889 414 916 440 in

121 473 208 507 ﬁlios;
222 474 250 498 et
264 468 327 497 illud
342 467 413 503 quod
427 474 474 502 per
488 465 643 500 prophetam
658 464 753 491 dicitur
763 484 770 495 ,
786 462 818 489 Et
831 462 916 488 attinnt

124 519 207 556 patria
217 525 274 545 ma
286 522 331 550 cst,
341 521 363 543 et
376 516 460 542 anima
472 514 517 548 ﬁlii
528 522 582 539 mea
595 517 648 543 est;
661 511 744 537 mtimu
758 517 814 545 qum
827 516 916 543 pecca-

123 566 198 598 verit,
211 566 268 600 ipsa
281 564 412 591 morietur.
428 562 483 589 Hoc
497 562 593 596 quippe
606 560 703 587 dictum
717 563 756 586 est
770 557 802 584 de
819 557 858 583 his
871 555 916 590 qtti

121 616 316 642 convertuntur
328 611 361 638 ad
378 611 470 640 Deum,
487 613 576 636 etnon
591 607 726 634 imitantur
738 605 804 631 mala
821 610 916 638 paron-

123 666 182 688 tum
196 665 320 691 suorum;
334 657 404 693 quod
419 657 475 690 ipse
491 655 617 689 propheta
634 653 769 679 evidenter
781 650 914 677 ostendit:

122 707 191 735 dicit
210 706 281 733 enim
298 708 435 738 parentum
450 701 601 736 iniquitates
619 700 657 726 eis
677 706 728 725 non
743 698 837 724 obesse
848 717 855 728 ,
872 696 915 729 qui

123 753 254 788 justitiam
272 750 393 779 faciendo
413 747 554 775 dissimiles
575 747 670 773 fuerint
686 744 788 780 (Ecce/1.
803 751 875 775 xvnt,
890 743 915 773 -ιι,

124 798 184 833 20).
199 797 267 825 Illud
280 800 368 824 autem
383 794 452 830 quod
471 793 570 820 dictum
593 797 633 818 est
645 813 652 825 ,
679 790 792 817 Reddam
817 792 918 824 precata

126 850 228 878 patrum
247 844 274 869 in
297 843 364 876 ﬁlios
374 862 381 875 ,
396 841 513 868 additum
527 844 576 870 est,
591 838 632 872 qui
648 837 752 864 oderunt
769 845 806 862 tltt.‘
821 834 916 871 (Exod.

127 899 172 923 sx,
189 890 216 924 5)
227 909 235 922 ,
251 888 301 915 hoc
315 893 369 920 est,
392 887 460 913 sicut
475 893 517 913 me
533 885 643 911 oderant
661 887 783 917 parentes
805 889 895 909 ent‘ltttt
910 890 915 907 :

126 941 155 963 nt
176 933 400 970 quemadmodum
421 932 550 959 bonorum
572 930 684 957 imitatio
708 929 769 955 facit
789 933 817 954 ttt
838 928 916 954 etiam

126 982 235 1016 propria
250 985 356 1016 peccata
372 978 510 1006 deleantur
521 997 528 1009 ,
551 977 589 1003 sic
609 976 737 1002 malorum
754 974 864 1000 imitatio
879 972 917 999 fa-

124 1029 185 1055 ciat
194 1032 224 1054 ut
236 1034 288 1053 non
301 1026 386 1053 solum
402 1032 448 1051 sua
462 1044 467 1055 ,
485 1023 531 1050 sed
546 1023 624 1049 etiam
639 1029 730 1048 eorum
746 1028 811 1054 ques
826 1019 917 1046 imitati

125 1078 210 1105 sunt,
234 1073 328 1100 merita
343 1072 497 1099 sortiantur.
518 1070 544 1096 Si
568 1076 630 1103 ergo
643 1067 723 1095 Iudas
740 1071 841 1094 ῑρῐινῐῸΙ.
855 1065 919 1092 illud

124 1120 160 1147 ad
175 1118 247 1154 quod
258 1123 369 1145 vocatus
381 1121 432 1150 est,
448 1116 520 1143 nttllo
533 1115 612 1142 modo
623 1114 654 1140 ad
667 1121 726 1140 eum
737 1113 778 1139 vel
793 1120 838 1138 sua
853 1120 920 1145 prtu-

127 1167 207 1194 terit:
219 1186 227 1199 ,
247 1165 289 1193 vel
311 1168 452 1200 parentum
467 1162 591 1197 iniquitas
607 1161 767 1195 pertineret:
780 1159 840 1194 quia
856 1165 919 1192 ergo

119 1221 182 1241 'non
197 1212 282 1240 tenuit
294 1211 463 1245 adoptionem
475 1210 500 1235 in
512 1208 610 1235 familia
623 1207 678 1239 Dei,
695 1206 740 1233 sed
755 1205 919 1239 iniquitatem

126 1259 229 1287 vetusti
244 1258 349 1292 generis
364 1257 451 1291 potius
464 1255 558 1289 elegit;
580 1253 659 1281 rediit
675 1253 798 1287 iniquitas
815 1256 918 1285 patrum

125 1306 187 1339 (ιβ
199 1305 226 1331 in
239 1308 383 1337 conspectu
399 1301 501 1328 Dotnitti
513 1321 519 1333 ,
545 1304 572 1327 ut
587 1300 612 1326 in
627 1307 659 1326 eo
676 1298 755 1325 etiam
771 1298 826 1331 ipsa
842 1297 919 1331 puni-

127 1356 218 1382 retur;
232 1354 259 1377 et
271 1353 407 1384 peccatum
421 1348 513 1374 matris
526 1347 583 1380 ejus
597 1353 648 1372 non
660 1349 700 1372 est
711 1345 736 1370 in
749 1351 781 1370 eo
790 1344 917 1370 deletum.

165 1396 209 1423 16.
226 1395 302 1431 [νινε.
319 1393 374 1429 15.]
397 1393 473 1419 Fiunt
492 1398 579 1419 contra
600 1391 737 1417 Dominum
758 1398 854 1423 semper
870 1397 878 1415 :
894 1388 920 1415 id

127 1447 186 1475 est,
203 1447 292 1477 patres
304 1441 361 1474 ejus
382 1444 408 1467 et
425 1443 509 1466 mater
525 1438 583 1473 ejus
608 1438 670 1472 ﬁant
683 1441 771 1464 contra
784 1436 920 1462 Dominum

125 1497 237 1524 semper,
261 1495 315 1514 non
331 1492 360 1513 ut
374 1486 487 1513 Domino
502 1485 675 1511 adversentur
686 1504 692 1514 ,
717 1483 763 1509 sed
784 1487 810 1508 nt
825 1482 919 1509 merita

127 1542 222 1563 eorum
244 1533 359 1569 pessima
384 1541 435 1559 non
461 1531 632 1558 obliviscatur
654 1530 680 1557 in
702 1530 752 1556 isto
775 1529 918 1560 Dominus,

126 1589 189 1610 cum
202 1581 240 1608 illi
253 1585 280 1607 et
289 1580 344 1614 ipsa
360 1579 498 1606 retribuet.
509 1577 602 1604 Contra
615 1576 751 1602 Dominum
762 1575 831 1601 enim
843 1574 918 1605 dixit,

127 1627 157 1655 In
180 1631 326 1661 conspectu
354 1625 483 1653 Domini:
502 1632 562 1651 nam
584 1628 611 1649 et
632 1623 675 1649 alii
700 1622 858 1656 interpretes
882 1621 920 1647 sic

128 1673 337 1705 transtulerunt,
356 1672 433 1698 Fiant
446 1672 472 1697 in
487 1675 618 1705 ronapectu
634 1669 735 1695 Domini
748 1676 860 1702 semper;
875 1667 919 1693 alii

128 1726 204 1752 vero,
221 1718 298 1744 Fiant
311 1726 395 1744 coram
410 1717 517 1743 Domino
532 1724 628 1749 semper
642 1723 650 1741 :
663 1715 730 1741 sicut
744 1714 806 1740 alibi
820 1713 919 1740 dictum

126 1770 182 1797 est,
194 1763 307 1791 Posuisti
321 1764 464 1798 iniquitates
479 1768 577 1789 nostras
591 1763 616 1788 in
629 1765 761 1795 conspectu
778 1765 819 1787 tuo
834 1760 918 1795 (Psal.

127 1817 243 1842 Lnxtx,
259 1809 298 1844 8).
313 1809 418 1843 Semper
433 1813 520 1835 autem
541 1808 619 1839 dicit,
643 1807 747 1833 utSine
764 1806 920 1833 remissione

126 1856 163 1882 sit
178 1859 279 1882 tantum
293 1854 360 1881 illud
371 1854 458 1881 scelus
470 1874 477 1885 ,
494 1858 520 1880 et
540 1853 596 1883 hic,
622 1857 648 1879 et
662 1853 686 1879 in
708 1852 796 1878 futuro
811 1851 918 1878 smculo.

128 1902 262 1936 Diapereat
276 1901 308 1928 de
319 1905 385 1927 terra
403 1902 522 1927 memoria
535 1908 621 1926 eorum
634 1907 643 1925 :
657 1904 759 1934 patrum
780 1899 879 1926 scilicet
893 1903 920 1926 et

127 1947 222 1974 matris
233 1946 300 1980 ejus.
311 1946 463 1972 Memoriam
476 1946 539 1972 dicit
551 1948 725 1979 consumunt
739 1945 764 1970 in
776 1946 919 1979 propagine

126 1992 309 2027 generationis
332 1991 478 2018 custoditur
494 2000 499 2017 :
517 1991 585 2017 hanc
607 1990 774 2025 prophetarit
793 1990 826 2017 de
849 1994 918 2017 terra

127 2039 274 2073 perituram
284 2059 290 2070 ,
305 2038 367 2072 quia
380 2042 406 2064 et
419 2038 474 2072 ipse
487 2037 567 2064 .ludas
578 2058 585 2069 ,
606 2041 632 2063 et
654 2036 698 2062 filii
714 2036 771 2070 ejus
784 2036 826 2070 qui
843 2040 919 2063 erant

128 2089 255 2119 tanquam
265 2084 392 2110 ntemoria
406 2088 509 2117 patrtttn
523 2087 547 2109 et
559 2083 650 2109 matris
663 2082 730 2117 ejus,
743 2082 799 2109 sine
810 2090 918 2109 succes—

128 2130 203 2158 sione
215 2130 298 2166 prolis
309 2150 316 2162 ,
333 2130 402 2157 sicut
417 2129 538 2163 superius
554 2130 651 2156 dictum
666 2133 723 2161 est,
741 2129 766 2155 in
789 2129 918 2156 brevitate

128 2176 205 2203 Inius
219 2176 398 2210 generationis
410 2175 533 2202 exstincti
546 2179 616 2201 sunt.

160 2222 206 2248 Π.
227 2221 297 2248 Dicit
315 2221 409 2256 aliquis
426 2229 432 2247 :
449 2221 571 2247 Etiamne
593 2220 643 2247 hoc
663 2220 696 2247 ad
716 2228 822 2255 poenam
843 2220 917 2248 Judte

127 2267 260 2302 pertinere
275 2266 436 2293 credendum
457 2271 513 2299 est,
528 2266 598 2300 qttod
613 2271 672 2300 post
686 2266 742 2300 eius
757 2270 868 2293 ntortetn
884 2267 916 2293 ad

125 2312 323 2339 mendicitatem
335 2319 402 2338 uxor
416 2311 472 2345 ejus
488 2316 513 2337 et
528 2311 571 2338 filii
586 2317 774 2346 pervenerunt,
791 2317 818 2339 et
831 2317 916 2339 trans-

125 2358 172 2385 latis
181 2362 256 2389 sum,
273 2358 349 2391 ejecti
363 2357 397 2384 de
410 2357 616 2384 habitationibus
629 2358 683 2384 suis
696 2379 704 2390 ,
718 2362 852 2385 scrutante
875 2358 914 2385 fe-

125 2408 248 2431 neratore
262 2411 369 2431 omnem
395 2403 568 2430 substantiam
592 2403 663 2437 ejus,
685 2408 710 2430 et
731 2404 915 2437 diripientibus

126 2450 218 2477 alienis
241 2457 334 2476 omnes
355 2448 460 2476 labores
481 2448 557 2482 ejus,
585 2449 689 2475 nemine
710 2449 851 2483 adjuvantc
866 2456 915 2476 nec

125 2495 269 2523 miserante
283 2495 396 2529 pupillos
417 2494 475 2528 ejus
487 2515 493 2525 ,
509 2499 535 2521 et
551 2494 620 2528 quod
643 2495 695 2520 cito
720 2499 781 2521 sunt
795 2495 851 2521 sine
866 2503 914 2530 po—

124 2542 202 2569 steris
219 2541 342 2569 mortui?
366 2541 499 2575 Numquid
523 2541 601 2567 etiam
626 2541 659 2568 de
680 2541 721 2567 bis
744 2549 801 2575 qua:
817 2542 841 2567 in
860 2542 915 2569 suis

124 2593 182 2622 post
204 2592 318 2614 mortem
345 2586 475 2621 cujusque
502 2587 675 2621 contingunt,
704 2587 770 2613 ullus
796 2593 914 2614 mortuos

124 2633 206 2668 tangit
217 2632 313 2660 dolor?
327 2636 372 2659 aut
386 2632 443 2659 lucc
456 2632 549 2659 saltem
562 2632 629 2658 scire
645 2632 752 2666 putandi
765 2637 835 2665 sunt,
848 2641 915 2667 quo~

123 2687 179 2707 runt
205 2687 301 2707 sensus
323 2679 383 2706 alibi
409 2683 451 2706 est
473 2686 519 2713 pro
544 2679 665 2711 meritis,
690 2687 736 2705 seu
758 2678 841 2712 bene,
867 2688 914 2706 seu

123 2726 209 2754 male?
228 2726 276 2754 Cui
296 2725 446 2759 respondeo
472 2733 593 2759 magnam
616 2726 721 2759 quidem
751 2733 811 2753 οδες)
839 2735 913 2760 qna:-

122 2772 248 2804 stionem,
287 2779 337 2799 nec
362 2772 388 2798 in
413 2772 554 2806 praesentia
580 2772 773 2804 disserendum,
791 2773 860 2807 quod
881 2773 914 2800 sit

123 2819 212 2853 operis
236 2819 402 2853 prolixioris,
428 2823 536 2850 utrum,
560 2818 600 2845 vel
620 2823 765 2853 quatenus,
788 2819 828 2846 vel
851 2827 916 2854 quo-

124 2865 207 2892 modo
224 2872 255 2893 ea
275 2873 334 2900 quae
348 2865 418 2892 circa
440 2873 489 2892 nos
513 2870 642 2899 aguntur,
669 2866 790 2893 noverint
806 2867 914 2900 spiritus

125 2915 301 2940 mortuorum.
316 2911 505 2940 Verumtamen
513 2931 522 2943 .
538 2911 609 2947 quod
621 2911 738 2941 breviter
749 2912 801 2942 dici
814 2918 912 2949 potest,

639 170 839 202 ENARRATIO
855 168 888 198 IN
907 167 1070 198 PSALMUM‘
1086 170 1175 199 CVIII.

1686 166 1760 199 im

968 239 990 266 si
1004 239 1074 267 nulla
1093 240 1145 268 illis
1159 244 1231 268 esset
1243 246 1306 269 cura
1320 240 1356 269 de‘
1366 241 1442 269 nobis
1451 262 1458 274 ,
1480 245 1532 268 non
1547 239 1651 269 diceret
1665 239 1755 267 Domi.

968 292 1018 312 nus
1032 286 1131 314 dixisse
1150 287 1223 314 illum
1236 287 1347 315 divitem
1361 287 1406 322 qui
1427 291 1557 315 tormenta
1571 287 1641 323 apud
1657 285 1757 313 inferos

969 331 1118 366 patiebatur
1135 341 1142 360 :
1159 332 1247 360 Habeo
1266 333 1299 360 ibi
1313 334 1422 370 quinque
1435 334 1540 369 fratres,
1557 341 1590 360 ne
1604 338 1627 360 et
1645 333 1696 368 ipsi
1712 340 1755 359 oe-

968 378 1039 404 niaut
1052 378 1078 405 in
1097 378 1180 405 locum
1199 380 1265 406 hunc
1287 385 1475 407 tormentorum.
1491 379 1544 407 Sed
1557 379 1757 415 quomodolibet
1782 393 1783 396 η

969 424 1116 460 intelligant
1137 425 1181 460 qui
1207 425 1258 453 hoc
1276 426 1352 454 aliter
1379 426 1525 462 intelligere
1554 430 1701 458 conantur,
1731 428 1758 452 et

969 471 1028 505 quia
1052 470 1187 499 fatendum
1210 476 1251 499 est
1269 479 1322 500 non
1338 479 1397 500 esse
1412 479 1577 507 consequens
1594 472 1658 499 utsi
1671 472 1759 499 sciunt

970 517 1066 543 mortui
1082 524 1147 544 suos
1160 518 1265 550 vivere,
1283 518 1345 552 quia
1358 525 1407 545 nec
1421 518 1447 545 in
1468 517 1534 545 locis
1552 524 1690 553 poenarum
1710 524 1759 544 eos

970 563 1077 595 vident,
1094 564 1137 591 ubi
1154 564 1231 592 dives
1241 563 1284 591 ille
1301 569 1376 597 erat,
1391 570 1441 591 nec
1454 565 1479 592 in
1498 565 1589 599 requie
1601 564 1757 597 beatorum,

970 610 1014 636 tibi
1034 609 1162 637 Lazarum
1183 615 1210 638 et
1223 610 1355 638 Abraham
1370 611 1491 646 quamvis
1503 610 1580 646 longe
1600 610 1760 646 agnoscebat
1783 619 1785 623 ·

971 655 981 692 (
990 655 1054 682 Luc.
1069 664 1122 690 xvi,
1137 656 1172 684 28
1183 677 1191 690 ,
1206 656 1271 692 95),
1286 657 1347 685 ideo
1357 665 1404 685 eos
1417 658 1496 685 etiam
1511 665 1569 693 qua:
1583 657 1652 684 circa
1664 663 1758 685 eorum

971 702 1066 730 charos
1081 707 1193 738 aguntur
1210 703 1255 731 vel
1276 703 1334 730 laeta
1348 703 1390 730 vel
1404 704 1487 731 tristia
1502 703 1569 730 seire
1583 710 1693 731 necesse
1705 703 1759 729 sit:

971 748 1022 776 hoc
1037 749 1096 776 dico
1108 770 1115 782 ,
1133 756 1231 784 paucos
1245 756 1303 777 esse
1317 749 1375 784 ejus
1387 750 1467 777 animi
1488 749 1610 777 homines
1621 770 1628 782 ,
1643 749 1687 783 qui
1699 751 1761 783 post

970 799 1083 822 mortem
1098 802 1173 822 suam
1195 796 1259 831 quid
1272 796 1327 822 suis
1339 796 1403 824 b0ni
1428 796 1522 823 malive
1537 796 1690 831 contingat,
1704 795 1760 823 sal-

972 845 1023 868 tem
1047 840 1109 868 dum
1123 842 1231 875 vivunt,
1255 842 1404 877 negligant,
1428 846 1508 876 atque
1521 842 1629 869 omnino
1642 845 1762 869 contem-

970 890 1053 918 nant;
1075 886 1171 914 mnltos
1194 890 1298 920 autem,
1320 887 1391 923 quod
1405 887 1503 914 indicat
1517 888 1595 914 etiam
1612 891 1682 914 tanta
1697 894 1760 914 cura

969 934 1188 973 commendandae
1203 934 1302 962 ultimae
1319 935 1461 963 voluntatis
1480 938 1507 962 et
1527 935 1761 970 qualiumcumth

972 984 1192 1008 testamentorum
1203 1001 1211 1014 ,
1228 981 1292 1008 satis
1305 988 1384 1016 agere
1399 985 1427 1008 ut
1440 988 1500 1008 cum
1515 979 1632 1008 defuncti
1646 980 1762 1013 fuerint,

971 1026 1026 1053 suis
1041 1025 1108 1053 bene
1132 1026 1175 1053 sit.
1199 1026 1417 1054 Permansi‘onem
1439 1034 1503 1054 vero
1525 1026 1686 1061 posteritatis
1707 1033 1763 1054 sum

972 1079 1020 1107 per
1034 1073 1219 1100 successiones
1227 1074 1425 1108 generationum
1441 1073 1490 1101 soli
1506 1073 1673 1101 laudabiliter
1685 1080 1763 1108 sper-

971 1123 1047 1152 nunt,
1059 1119 1102 1154 qui
1116 1118 1218 1154 seipsos
1229 1119 1368 1146 abscidunt
1381 1123 1489 1153 propter
1498 1126 1608 1154 regnum
1620 1118 1761 1151 caelorum,

971 1169 999 1191 et
1007 1163 1075 1192 ﬁlios
1085 1172 1148 1193 sttos
1160 1165 1212 1192 ltoc
1225 1164 1312 1192 facere
1322 1165 1446 1200 cupiunt,
1461 1169 1620 1200 exoptautve
1635 1165 1764 1200 martyrio

972 1211 1092 1238 coronari
1106 1232 1113 1244 ,
1128 1211 1164 1238 ita
1186 1215 1217 1238 ut
1238 1210 1327 1239 nullus
1344 1218 1436 1238 eorum
1458 1211 1484 1238 in
1508 1216 1579 1238 terra
1604 1214 1763 1238 remaneat:

972 1256 1061 1283 caeteri
1076 1261 1163 1284 autem
1177 1263 1269 1284 omnes
1279 1277 1286 1290 ,
1301 1261 1347 1284 aut
1361 1264 1428 1292 pene
1440 1263 1548 1290 omnes,
1565 1257 1656 1285 felices
1670 1257 1764 1284 volunt

972 1308 1034 1328 sues
1049 1309 1108 1329 esse
1123 1302 1149 1329 in
1164 1302 1213 1330 hac
1233 1303 1290 1330 vita"
1301 1307 1361 1337 post
1383 1308 1496 1331 mortem
1517 1310 1609 1334 suam,
1634 1306 1661 1331 et
1684 1310 1763 1330 suum

971 1355 1055 1383 genus
1069 1348 1180 1376 interire
1192 1348 1294 1376 nolunt.
1306 1349 1473 1384 Quapropter
1486 1350 1557 1385 quod
1569 1348 1637 1377 Juda
1652 1353 1706 1377 tam
1719 1349 1763 1377 in-

972 1392 1085 1421 feliciter
1098 1399 1218 1426 mortuo,
1243 1394 1278 1422 ita
1299 1402 1366 1422 uxor
1380 1395 1458 1422 vidua
1472 1399 1500 1423 et
1514 1394 1560 1422 filii
1573 1395 1631 1430 ejus
1651 1395 1764 1430 orphani

972 1445 1177 1474 remanserunt,
1197 1445 1226 1468 ut
1244 1440 1395 1469 feneratore
1410 1446 1546 1470 scrutante
1568 1447 1674 1470 omnem
1698 1442 1764 1470 sub-

971 1486 1095 1513 stantiam
1111 1487 1187 1522 ejus,
1202 1491 1231 1514 et
1245 1487 1431 1522 diripientibus
1443 1488 1540 1515 alienis
1560 1488 1665 1516 labores
1685 1488 1744 1523 ejus
1754 1508 1762 1522 ,

971 1532 1006 1560 de
1017 1533 1072 1560 suis
1083 1532 1289 1561 habitationibus
1298 1534 1467 1569 ejicerentur,
1480 1541 1530 1562 nec
1539 1534 1654 1570 aliquem
1670 1534 1767 1570 pupilli

971 1578 1029 1613 ejus
1042 1579 1212 1607 miserantem
1226 1580 1391 1609 invenirent.
1414 1584 1443 1608 et
1466 1581 1491 1607 in
1515 1588 1566 1607 una
1589 1580 1762 1614 generatione

971 1624 1028 1652 sine
1038 1626 1151 1659 posteris
1159 1625 1297 1653 interirent
1306 1633 1313 1658 ;
1321 1627 1344 1654 si
1357 1626 1412 1653 haec
1423 1627 1540 1653 sentiunt
1549 1626 1657 1659 mortui,
1668 1633 1764 1653 eumu-

972 1670 1014 1698 lus
1027 1672 1157 1699 malorum
1171 1676 1229 1705 est;
1246 1672 1268 1699 si
1281 1672 1337 1699 lucc
1348 1673 1541 1705 consentiunt,
1557 1672 1670 1699 formido
1686 1671 1761 1699 vivo-‘-

971 1724 1041 1744 rnm.
1061 1718 1088 1745 Si
1103 1722 1192 1746 autem
1207 1723 1299 1746 movet
1311 1719 1445 1753 quomodo
1461 1719 1578 1754 potuerit
1587 1719 1686 1747 habere
1697 1719 1762 1746 sub-

972 1764 1096 1791 stantiam
1112 1772 1191 1800 quam
1205 1764 1344 1792 fenerator
1354 1770 1519 1792 scrutaretur
1530 1786 1537 1798 ,
1552 1765 1684 1800 alienique
1698 1764 1764 1792 diri-

971 1815 1074 1844 perent,
1103 1810 1208 1845 quando
1229 1810 1285 1845 jam
1305 1818 1366 1838 eum
1388 1810 1447 1838 aliis
1472 1810 1595 1838 undecim
1621 1811 1763 1839 Dominum

971 1856 1147 1891 sequebatur;
1170 1856 1262 1884 credat
1276 1863 1339 1884 eum
1350 1857 1440 1884 omnia
1460 1862 1521 1892 quae
1536 1856 1650 1884 habebat
1669 1857 1704 1883 ita
1720 1856 1763 1884 di-

972 1901 1078 1929 misisse
1092 1901 1154 1928 tiliis
1167 1906 1195 1929 et
1209 1901 1294 1937 uxori,
1312 1906 1407 1929 utnon
1419 1901 1481 1929 inde
1493 1901 1632 1929 sinceriter
1645 1901 1686 1930 vel
1700 1908 1764 1936 per-

972 1954 1082 1974 severa»
1086 1951 1125 1974 ter
1131 1947 1265 1974 vinculum
1276 1947 1428 1982 cupiditatis
1436 1947 1572 1982 abruperit
1582 1955 1590 1973 :
1602 1947 1649 1982 qui
1655 1947 1760 1974 etiamsi

971 1999 1002 2019 ea
1016 1992 1088 2019 velut
1100 1992 1217 2019 vendere
1235 1992 1372 2019 videretur
1389 1992 1571 2020 distribuenda
1589 1992 1765 2027 pauperims,

972 2036 1095 2072 profecto
1103 2036 1206 2065 faceret
1218 2032 1421 2073 quod-Ananias
1434 2043 1494 2073 post
1509 2038 1617 2065 Domini
1626 2039 1767 2066 ascensio-

971 2091 1035 2111 nem
1048 2082 1115 2120 (Act.
1127 2090 1154 2116 ν,
1168 2084 1184 2110 ίέ
1192 2087 1215 2110 et
1224 2082 1264 2119 2).
1277 2082 1368 2119 Neque
1380 2084 1454 2112 enim
1465 2088 1595 2112 memoret
1606 2092 1640 2112 ne
1648 2084 1698 2112 hoc
1707 2084 1766 2112 Do-

970 2131 1057 2157 minus
1082 2129 1221 2157 divinitate
1242 2134 1434 2166 cognosceret,
1456 2137 1535 2165 quem
1563 2130 1618 2158 falli
1643 2130 1765 2165 pnmbar,

970 2175 1081 2209 quando
1102 2182 1134 2203 ea
1159 2182 1224 2210 qua
1246 2175 1431 2210 mittebantur,
1446 2176 1481 2203 de
1505 2176 1599 2203 loculis
1625 2175 1768 2204 auferebatt

970 2219 1059 2256 (rm.
1076 2229 1123 2254 xu,
1140 2220 1178 2257 6).

1006 2266 1049 2294 1'8.
1071 2266 1145 2302 [vent
1158 2266 1249 2303 645.]
1273 2266 1325 2294 Sed
1339 2266 1394 2302 jam
1408 2266 1557 2299 videamus.
1572 2268 1593 2294 si
1610 2273 1766 2303 possumus,

969 2317 1096 2347 quantum
1113 2313 1241 2340 Dominus
1254 2312 1374 2347 adjuvat,
1392 2313 1527 2347 quomodo
1547 2314 1596 2340 ista
1619 2314 1764 2343 convenire

969 2358 1071 2392 possint
1084 2358 1164 2385 etiam
1180 2360 1205 2385 in
1219 2359 1345 2394 populum
1361 2359 1525 2393 Iudaeorum,
1548 2360 1629 2395 cujus
1646 2361 1763 2389 inimici-

968 2403 1111 2431 tiatcontra
1125 2404 1260 2431 dominum
1269 2405 1397 2439 pertinaci
1407 2405 1469 2432 odio
1482 2410 1700 2440 permanserunt:
1713 2414 1761 2434 cu-

965 2450 1010 2485 jus
1018 2450 1233 2485 populidiximus
1244 2451 1344 2478 Judum
1351 2452 1377 2478 in
1388 2451 1472 2487 ﬁgura
1482 2453 1597 2488 gessisse
1609 2460 1763 2487 personam,

968 2497 1036 2524 sicut
1049 2497 1177 2524 Ecclesiae
1190 2498 1273 2533 gessit
1280 2499 1416 2533 apostolus
1428 2499 1532 2527 Petrus.
1548 2498 1677 2526 Constituto
1686 2505 1767 2534 super

967 2551 1023 2571 eum
1032 2549 1196 2579 pacaturam,
1210 2549 1235 2572 et
1244 2545 1359 2572 diabolus
1369 2550 1415 2573 stet
1422 2554 1439 2572 α
1448 2546 1544 2573 decuria
1553 2547 1617 2581 ejus.
1629 2546 1762 2579 Quemad-

967 2590 1075 2618 modum
1091 2590 1122 2617 iu
1130 2589 1208 2624 Iuda,
1224 2590 1301 2618 sicin
1317 2591 1368 2618 isto
1380 2591 1477 2626 populo
1489 2591 1689 2626 intelligendum
1702 2596 1759 2625 est;

967 2636 1011 2671 qui
1026 2636 1135 2671 repulso
1153 2643 1168 2663 a
1188 2644 1217 2664 se
1233 2637 1341 2665 Christo
1355 2637 1445 2665 factus
1454 2643 1496 2665 est
1508 2638 1630 2665 subditus
1642 2638 1760 2672 diabolo,

967 2682 1043 2717 cujus
1058 2683 1249 2717 persuasiones
1261 2683 1287 2710 in
1302 2683 1427 2711 omnibus
1440 2683 1528 2718 pravis
1543 2688 1570 2711 et
1582 2684 1697 2711 terrenis
1712 2692 1761 2711 cu-

968 2729 1121 2763 piditatibus
1144 2730 1287 2764 prtepusuit
1310 2734 1417 2757 aeternas
1430 2730 1518 2757 saluti.
1535 2729 1598 2757 Cum
1615 2730 1758 2767 judicatur,

968 2780 1043 2802 exeat
1052 2775 1235 2803 condemnatus
1256 2783 1265 2803 :
1283 2776 1345 2811 quia
1361 2776 1389 2803 in
1401 2776 1519 2811 nequitia
1530 2777 1592 2804 etin
1606 2777 1761 2806 infidelitate

969 2821 1115 2856 persistens
1128 2821 1292 2850 thezaurizat
1306 2822 1356 2849 sibi
1370 2822 1437 2849 iram
1451 2822 1484 2849 in
1493 2822 1541 2850 die
1559 2824 1607 2851 irae
1619 2828 1647 2851 et
1660 2825 1761 2852 revela-

969 2867 1048 2895 tionis
1059 2867 1124 2902 juSti
1136 2868 1229 2903 judicii
1249 2868 1313 2902 Dei,
1328 2868 1375 2904 qui
1397 2869 1491 2897 reddet
1502 2870 1644 2906 unicuique
1665 2878 1762 2899 secun-

968 2913 1034 2942 dum
1047 2921 1127 2949 opera
1141 2914 1199 2949 ejus
1212 2913 1302 2949 (Rom.
1318 2922 1336 2955 tt
1348 2936 1356 2949 ,
1370 2915 1399 2951 5,
1412 2914 1450 2952 8).
1466 2915 1502 2943 Et
1513 2916 1595 2944 orm
1607 2917 1663 2952 ejus
1677 2917 1725 2953 [tot
1734 2917 1769 2958 ὁιη
