4070 6472
499 340 639 400 M39

499 465 794 532 peccatum;
828 458 954 529 quia
979 471 1084 515 non
1114 456 1174 513 ιιι
1196 470 1295 530 per
1316 454 1665 513 mediatorem
1696 455 1790 511 Dei
1814 464 1869 511 et
1908 453 2086 510 homi-

498 553 703 609 minum
723 592 739 618 ,
768 551 1037 607 hominem
1066 550 1250 607 Jesum
1273 549 1544 605 Christum
1575 548 1617 621 (l
1652 547 1795 603 Tim.
1822 564 1895 616 ιι,
1923 548 2003 617 5),
2034 555 2094 603 et

499 644 832 699 sacerdotem
866 644 917 697 in
944 652 1201 697 aeternum
1229 641 1521 697 secundum
1547 640 1790 697 ordinem
1815 640 2090 697 Melchise-

499 736 600 791 dec
628 736 799 807 (Psal.
824 750 931 799 eis,
952 735 1031 805 4).
1052 732 1207 788 Fiant
1234 733 1340 788 dies
1357 736 1466 804 ejus
1492 733 1659 804 pauci.
1680 732 1983 787 Secundum
2000 748 2087 789 re-

500 845 663 901 gnum
694 827 1059 897 accipiendum
1090 837 1191 894 est,
1224 829 1345 898 quia
1373 843 1477 883 non
1505 827 1595 883 diu
1626 837 1803 896 postea
1835 842 2087 897 perseve-

499 923 637 977 ravit
657 937 876 991 regnum
905 921 1231 977 Judceorum.
1268 919 1331 973 Et
1359 921 1705 991 episc0patum
1732 921 1841 991 ejus
1871 920 2087 988 accipiat

498 1013 645 1068 alter.
692 1012 869 1081 Ipsum
900 1012 1181 1067 Dominum
1228 1010 1497 1067 Christum
1531 1027 1635 1065 non
1675 1012 2087 1083 incongruenter

497 1103 719 1173 intelligi
741 1103 992 1159 existimo
1007 1104 1372 1173 episcopatum
1398 1102 1581 1173 populi
1606 1102 1933 1169 Judaaorum,
1963 1102 2086 1173 quia

495 1196 563 1252 de
592 1196 728 1250 tribu
765 1196 897 1251 Juda
928 1196 1096 1251 factus
1121 1204 1203 1250 est
1232 1195 1524 1251 secundum
1554 1210 1771 1251 carnem
1804 1214 1817 1249 :
1850 1204 1905 1250 et
1937 1196 2085 1264 Apo-

495 1288 666 1344 stolus
688 1288 781 1352 ait,
812 1287 940 1341 Dico
966 1288 1097 1342 enim
1114 1286 1369 1342 Christum
1388 1288 1670 1342 ministrum
1696 1288 1854 1359 fuisse
1872 1287 2088 1340 circum-

496 1381 705 1435 cisionis
733 1390 936 1450 propter
960 1380 1215 1434 ueritatem
1235 1378 1353 1447 Dei,
1369 1380 1438 1433 ad
1460 1379 1838 1448 conﬁrmandus
1865 1379 2085 1449 promis-
2113 1405 2123 1414 ·

494 1477 660 1531 siones
698 1485 899 1546 patrum
944 1475 1121 1545 (Rom.
1151 1490 1237 1540 xv,
1280 1473 1357 1545 8).
1408 1474 1475 1529 Et
1516 1474 1629 1544 ipse
1664 1473 1779 1528 ait:
1828 1471 1950 1527 Non
1975 1489 2087 1527 sum

494 1569 678 1622 missus
708 1609 721 1631 ,
780 1567 879 1621 nisi
928 1566 995 1619 ad
1061 1582 1174 1621 oves
1225 1581 1337 1635 quia
1387 1565 1643 1635 perierunt
1689 1564 1868 1619 domus
1921 1561 2087 1618 Israel

496 1657 708 1724 (Matth.
743 1674 810 1711 xv
833 1700 847 1725 ,
873 1656 1002 1728 24);
1035 1656 1158 1727 quia
1189 1656 1291 1710 illis
1316 1654 1560 1710 exhibuit
1586 1655 1638 1711 in
1668 1669 1829 1710 carne
1853 1668 2089 1724 praesen-

496 1749 645 1806 tiam.
675 1751 744 1806 Et
768 1751 899 1821 Magi
922 1750 1010 1820 qui
1038 1750 1104 1805 ab
1131 1749 1337 1805 oriente
1364 1756 1647 1815 venerunt,
1678 1747 1781 1804 hoc
1801 1747 2083 1802 dixerunt:

501 1840 599 1895 Ubi
628 1850 698 1895 est
722 1841 810 1909 qui
832 1850 982 1894 natus
1007 1849 1079 1894 est
1102 1855 1193 1894 rea:
1214 1838 1513 1894 Iudaeorum
1541 1836 1648 1909 (Id.
1685 1854 1757 1903 ιι,
1797 1840 1858 1904 1,
1897 1837 1978 1908 2).
2021 1838 2089 1892 Et

497 1932 601 1989 hoc
639 1934 691 1987 in
732 1933 883 1987 titulo
926 1933 1181 2003 scriptum
1208 1940 1328 1987 erat
1368 1946 1529 2001 super
1557 1930 1868 1985 crucifixum
1903 1948 1915 1983 :
1948 1928 2089 1983 unde

496 2028 627 2083 illud
655 2037 859 2082 mutare
882 2026 1181 2081 volentibus
1211 2040 1318 2079 non
1342 2024 1536 2079 frustm
1558 2022 1834 2092 respondit
1864 2022 2085 2087 Pilatus,

501 2120 650 2187 Quod
690 2119 889 2189 scripsi,
934 2118 1112 2188 scripsi
1153 2115 1335 2187 (Joan.
1377 2132 1487 2183 xu,
1531 2115 1739 2183 19-22).
1774 2114 1924 2169 Hunc
1961 2130 2089 2183 ergo

496 2212 857 2281 episcopatum
888 2208 1066 2280 pepuli
1094 2208 1421 2273 Judzeorum,
1447 2207 1499 2262 id
1520 2217 1600 2262 est
1623 2206 1907 2262 Dominum
1934 2206 2091 2262 Chri-

497 2313 639 2359 stum
665 2303 871 2371 accepit
889 2302 1043 2367 alter,
1075 2301 1124 2355 id
1151 2310 1234 2356 est
1260 2300 1486 2370 populus
1512 2298 1783 2356 Gentium.
1817 2298 1971 2353 Fiant
1993 2300 2091 2368 ﬁlii

499 2396 610 2463 ejus
658 2394 875 2463 orphani
923 2408 942 2447 :
992 2392 1059 2446 de
1094 2392 1288 2462 quibus
1328 2391 1540 2457 dicitur,
1584 2390 1707 2446 Filii
1752 2400 1919 2446 autem
1950 2393 2089 2462 regni

498 2486 640 2540 ibunt
668 2487 722 2540 in
744 2484 971 2539 tenebras
991 2485 1260 2539 exteriores
1280 2483 1493 2553 (Matth.
1516 2500 1627 2550 vni,
1660 2484 1772 2555 ιε).
1796 2480 1943 2539 Facti
1968 2493 2089 2539 sunt

499 2589 676 2636 autem
718 2578 941 2649 orphaui
973 2577 1171 2635 amisso
1210 2579 1327 2649 ipso
1362 2593 1548 2649 regno,
1596 2578 1745 2647 quasi
1790 2586 1939 2647 patre
1967 2593 2090 2646 per-

501 2672 651 2739 dito;
695 2686 997 2742 quanquam
1041 2681 1095 2725 et
1134 2671 1299 2726 Deum
1357 2680 1561 2741 patrem
1610 2671 1746 2725 bene
1786 2670 2089 2741 intelligun-

500 2774 589 2819 tur
614 2765 856 2820 amisisse
888 2780 902 2818 :
936 2764 1036 2831 Qui
1060 2764 1192 2818 enim
1214 2763 1406 2819 Filium
1426 2782 1525 2819 non
1555 2765 1722 2830 habet,
1756 2765 1831 2818 ait
1860 2764 2086 2829 Veritas,

500 2876 592 2913 nec
615 2858 819 2913 Patrem
844 2858 989 2912 habet
1016 2857 1037 2929 (
1062 2856 1081 2912 l
1104 2858 1260 2913 Joan.
1294 2875 1349 2923 ιι,
1381 2858 1506 2929 24).
1535 2858 1600 2912 Ει
1626 2875 1755 2912 uxor
1778 2858 1887 2928 ejus
1907 2858 2086 2911 vidua.

502 2950 653 3007 Uxor
678 2951 825 3019 regni
872 2950 1026 3021 plebs
1052 2951 1269 3021 intelligi
1303 2959 1510 3021 potest,
1543 2952 1628 3005 cui
1668 2965 1821 3022 reges
1865 2949 2091 3005 subdita:

504 3046 851 3101 dominantur
879 3062 892 3100 :
917 3046 1073 3101 vidua
1099 3061 1227 3101 vero
1254 3045 1390 3101 facta
1419 3054 1503 3101 est
1530 3045 1729 3099 amisso
1758 3045 1873 3114 ipso
1903 3058 2088 3113 regno.

508 3136 769 3192 Nutantes
794 3140 1170 3209 transferantur
1191 3138 1286 3206 ﬁlii
1310 3138 1439 3209 ejus,
1465 3136 1830 3192 etmendicent.
1853 3134 2091 3190 Nutave-

504 3238 633 3285 runt
671 3229 919 3299 periculis
943 3270 959 3295 ,
1012 3230 1323 3300 urgentibus
1367 3228 1610 3284 hostibus
1639 3227 1882 3283 translati
1923 3237 2092 3292 sunt,

503 3320 757 3377 debellati
796 3322 887 3376 ﬁlii
910 3322 1059 3391 regni
1099 3320 1429 3376 Iudaeorum.
1459 3320 1595 3389 Quid
1617 3329 1699 3376 est
1722 3328 1899 3375 autem
1947 3336 2096 3374 men-

506 3414 708 3481 dicare,
741 3415 840 3469 nisi
872 3414 939 3469 ad
962 3414 1236 3469 hominum
1260 3413 1679 3469 misericordiam
1708 3413 1886 3468 vivere
1914 3455 1929 3478 ,
1959 3413 2096 3467 sicut

504 3504 691 3559 vivunt
720 3504 821 3558 sub
848 3519 1032 3559 earum
1055 3504 1289 3573 gentium
1316 3502 1530 3573 regibus
1552 3544 1568 3569 ,
1602 3503 1653 3557 in
1694 3518 1825 3571 quas
1855 3502 2095 3556 translati

505 3593 664 3648 sunt?
691 3593 980 3664 Ejiciantur
1000 3594 1062 3648 de
1090 3593 1476 3648 habitationibus
1496 3594 1620 3648 suis.
1650 3593 1725 3647 lla
1769 3594 1965 3648 factum
1988 3601 2089 3648 est.

507 3685 774 3741 Scrutetur
798 3689 1053 3755 fenerator
1076 3702 1277 3741 omnem
1306 3686 1639 3739 substantiam
1678 3688 1788 3756 ejus
1829 3701 1847 3739 :
1878 3686 1927 3740 id
1972 3696 2054 3741 est
2080 3727 2093 3751 ,

507 3778 689 3849 populi
718 3779 855 3847 ejus.
886 3777 986 3835 Ubi
1018 3778 1148 3833 nihil
1176 3778 1366 3833 melius
1388 3777 1714 3849 intelligitur,
1738 3792 1896 3847 quam
1918 3776 2097 3833 debita

508 3885 695 3925 eorum
724 3885 830 3924 non
861 3869 1218 3936 dimittantur,
1250 3870 1374 3939 quia
1418 3870 1471 3925 in
1513 3868 1629 3924 solo
1672 3868 1886 3923 Christo
1914 3868 2096 3924 dimit-

507 3968 714 4027 tuntur,
758 3976 915 4031 quem
947 3970 1297 4031 respuerunt;
1343 3960 1433 4032 qui
1463 3960 1621 4016 etiam
1673 3960 1851 4015 dicere
1879 3960 2094 4026 docuit,

509 4052 727 4119 Dimitte
764 4055 906 4109 nobis
959 4054 1125 4108 debita
1164 4063 1335 4109 nostra
1363 4094 1379 4120 ,
1408 4054 1535 4108 sicut
1582 4062 1627 4107 et
1666 4068 1758 4107 nos
1804 4052 2099 4108 dimittimus

510 4148 815 4203 debitoribus
870 4150 1055 4204 nostris
1108 4148 1339 4218 (Matth.
1366 4145 1607 4216 vi,12).
1660 4146 1873 4202 Omnem
1918 4155 2097 4202 autem

508 4238 840 4292 substantiam
891 4241 999 4310 ejus
1043 4239 1243 4294 dictum
1293 4246 1412 4304 est,
1463 4252 1674 4293 omnem
1728 4237 1888 4292 vitam
1936 4237 2095 4307 ejus;

510 4337 573 4383 ut
597 4329 648 4383 ei
679 4329 822 4383 nulla
853 4328 1065 4395 debita,
1106 4329 1157 4383 id
1188 4338 1304 4394 est,
1346 4329 1489 4385 nulla
1537 4337 1753 4398 peccata
1813 4328 2095 4383 donentur.

513 4417 583 4473 Et
630 4420 873 4488 diripiant
910 4420 1059 4473 alieni
1096 4418 1286 4473 labores
1329 4421 1436 4491 ejus
1464 4435 1483 4473 :
1528 4418 1770 4474 diabolus
1820 4429 1874 4473 et
1922 4419 2099 4489 angeli

514 4510 668 4581 ejus;
692 4511 813 4580 quia
843 4526 945 4564 non
982 4510 1340 4565 thesaurizant
1371 4510 1419 4563 in
1466 4510 1602 4565 cmlo
1630 4510 1719 4579 qui
1766 4524 1874 4563 non
1900 4509 2099 4565 habent

513 4601 806 4661 Christum.
834 4600 955 4656 Non
985 4603 1047 4657 sit
1081 4603 1159 4656 illi
1183 4602 1406 4672 adjutor.
1436 4602 1566 4669 Quis
1595 4601 1807 4671 adjutor
1833 4610 1917 4657 est
1936 4603 1983 4656 ei
2013 4603 2097 4658 cui

514 4690 760 4753 Christus
790 4708 895 4748 non
923 4694 1042 4749 est?
1070 4692 1180 4747 Nec
1205 4693 1269 4747 sit
1303 4694 1389 4763 qui
1418 4693 1711 4747 misereatur
1741 4693 1948 4763 pupillis
1968 4694 2095 4763 ejus.

514 4784 617 4852 Qui
648 4794 799 4855 patre
821 4784 1047 4854 perdito,
1077 4784 1127 4839 id
1150 4792 1234 4839 est
1260 4798 1442 4854 regno,
1476 4784 1553 4838 sic
1577 4792 1985 4851 remanserunt,
2008 4793 2101 4839 aut

514 4878 715 4934 amisso
743 4877 874 4945 Deo,
898 4877 1050 4947 cujus
1076 4875 1268 4932 Filium
1290 4875 1558 4948 persecuti
1598 4884 1723 4931 sunt
1749 4886 1802 4931 et
1829 4876 2058 4932 oderunt
2080 4918 2095 4945 ,

512 4988 620 5030 non
665 4981 746 5029 est
787 4974 879 5043 qui
912 4988 1096 5028 eorum
1137 4972 1474 5039 misereatur,
1521 4972 1720 5027 nonad
1754 4974 2097 5042 temporalem

510 5067 673 5121 vitam
702 5064 1016 5120 sumendam
1053 5064 1134 5119 vel
1161 5064 1582 5130 sustentandam,
1614 5064 1707 5119 sed
1735 5064 1800 5120 ad
1818 5080 1997 5120 veram
2021 5065 2102 5119 vi-

514 5165 643 5222 tam,
672 5154 723 5211 id
745 5165 827 5211 est
853 5164 1124 5210 aeternam.
1158 5153 1318 5209 Fiant
1344 5155 1452 5209 nati
1469 5156 1576 5225 ejus
1596 5156 1649 5209 in
1671 5155 1927 5209 interitum
1952 5169 1971 5209 :
1992 5155 2098 5210 uti-

509 5262 614 5317 que
644 5247 695 5302 in
742 5246 1015 5302 interitum
1059 5247 1462 5317 sempiternum.
1512 5245 1579 5301 In
1627 5248 1948 5318 generatione
1996 5264 2099 5301 una

512 5340 741 5393 deleatur
770 5354 949 5393 nomen
974 5340 1106 5411 ejus.
1129 5338 1263 5408 Quia
1292 5339 1529 5409 generati
1561 5348 1705 5406 sunt,
1737 5354 1843 5394 non
1870 5354 2098 5410 regene-

514 5432 637 5498 rati,
668 5432 788 5486 ideo
813 5432 867 5487 in
891 5447 993 5487 una
1014 5432 1357 5503 generatione
1381 5432 1665 5487 delentur:
1689 5447 1811 5487 nam
1835 5433 1887 5487 in
1907 5433 2093 5499 altera,

510 5523 564 5580 id
604 5534 687 5579 est
715 5524 767 5578 in
796 5526 1213 5595 regeneratione,
1238 5526 1283 5581 si
1311 5541 1430 5581 eam
1462 5536 1843 5598 cognoscerent
1866 5536 1919 5581 et
1947 5537 2095 5583 tene-

510 5628 673 5687 rent,
721 5634 827 5673 non
854 5620 1181 5677 delerentur.
1225 5619 1291 5675 In
1321 5624 1614 5676 memoriam
1643 5627 1812 5676 redeat
1859 5623 2095 5690 iniquitas

512 5720 713 5779 patrum
763 5712 872 5781 ejus
920 5712 973 5765 in
1010 5722 1277 5783 conspectu
1308 5711 1514 5768 Domini
1556 5730 1575 5769 :
1606 5724 1661 5767 ut
1691 5712 1879 5768 reddat
1919 5712 2093 5768 eidem

508 5804 707 5878 populo
734 5804 993 5863 Dominus
1016 5808 1378 5876 perseveranti
1408 5806 1459 5862 in
1484 5805 1680 5865 malitia
1702 5806 1859 5865 etiam
1882 5814 2090 5877 patrum

1701 338 1761 397 S.
1801 334 2166 396 AUGUSTINI
2205 334 2508 395 EPISCOPI

3646 353 3782 402 14η

2197 452 2313 522 ejus
2357 453 2711 524 iniquitatem.
2740 453 2829 511 Sic
2865 454 3007 510 enim
3034 456 3113 512 eis
3139 456 3304 523 dicit,
3334 474 3356 511 ι
3389 456 3782 515 Testimonium

2194 543 2323 598 estis
2373 544 2806 617 vobismetipsis,
2849 546 2970 619 quia
3014 548 3109 603 lilii
3156 549 3286 605 estis
3314 563 3504 605 eorum
3523 550 3616 620 qui
3642 550 3783 607 Pro»

2192 639 2382 708 phetas
2434 641 2744 697 occiderunt
2786 660 2798 697 :
2840 662 2860 696 ι
2894 652 2949 698 ει
2978 644 3132 714 paulo
3157 655 3277 715 post
3301 646 3394 713 ait,
3429 666 3450 701 ι
3476 646 3548 704 Ut
3602 650 3780 705 veniat

2192 744 2359 799 super
2387 746 2482 788 vos
2508 734 2682 788 omnis
2727 734 2942 805 sanguis
2972 735 3146 804 justus
3180 736 3272 815 qui
3292 737 3493 794 etl‘usus
3513 749 3597 794 est
3613 756 3783 810 super

2191 829 2391 877 terram
2422 865 2439 892 ,
2481 840 2512 879 a
2556 826 2811 895 sanguine
2853 826 2985 883 Abel
3010 826 3139 897 justi
3166 843 3337 899 usque
3362 829 3428 884 ad
3459 832 3779 902 sanguinem

2191 913 2484 970 Zachariae.
2541 917 2609 974 Et
2645 926 2921 990 peccatum
2960 919 3144 973 matris
3173 919 3289 989 ejus
3321 935 3426 975 non
3448 921 3713 977 deleatur.
3757 940 3778 975 ι

2190 1006 2473 1064 Peccatum
2495 1009 2791 1067 Jerusalem
2818 1053 2832 1078 ,
2864 1027 2983 1082 qua;
3012 1013 3176 1067 servit
3202 1027 3323 1068 cum
3350 1014 3475 1070 ﬁliis
3497 1016 3625 1082 suis,
3658 1033 3783 1086 quas

2190 1098 2442 1154 interﬁcit
2466 1100 2783 1172 Prophetas,
2811 1111 2864 1157 et
2886 1102 3083 1173 lapidat
3102 1104 3295 1160 missos
3311 1104 3378 1159 ad
3408 1120 3468 1161 se
3488 1104 3598 1176 (Id.
3622 1122 3780 1177 xxiii,

2198 1190 2289 1256 3i,
2318 1192 2411 1258 35,
2442 1193 2510 1249 57
2529 1191 2569 1265 ).
2598 1192 2647 1247 F
2648 1195 2754 1248 iant
2780 1205 2957 1249 contra
2986 1194 3260 1250 Dominum
3279 1214 3493 1268 semper,
3523 1199 3783 1268 iniquitas

2189 1291 2245 1338 et
2285 1296 2561 1355 peccatum
2605 1301 2823 1353 eorum;
2858 1287 2910 1343 id
2939 1297 3019 1343 est
3040 1330 3055 1355 ,
3084 1296 3203 1344 uta
3246 1299 3534 1362 conspectu
3566 1292 3784 1349 Domini

2190 1390 2295 1430 non
2312 1377 2643 1445 aholeantur,
2659 1378 2770 1434 Deo
2796 1379 2848 1433 in
2869 1387 3125 1434 aeternum
3148 1378 3468 1436 vindicante.
3492 1380 3561 1435 Et
3576 1383 3786 1454 disper-

2190 1477 2270 1521 eat
2299 1468 2363 1522 de
2390 1478 2524 1523 terra
2550 1471 2789 1525 memoria
2817 1487 3010 1525 eorum.
3035 1470 3199 1527 Terra
3220 1471 3337 1535 Dei,
3366 1486 3492 1541 ager
3520 1473 3614 1528 Dei
3644 1481 3733 1528 est
3763 1489 3781 1539 ;

2189 1577 2317 1634 ager
2348 1563 2439 1619 Dei
2465 1606 2479 1631 ,
2511 1563 2746 1619 Ecclesia
2774 1564 2867 1620 Dei
2893 1574 2975 1620 est
3006 1582 3020 1619 :
3050 1564 3116 1619 de
3159 1580 3262 1636 qua
3292 1574 3431 1620 terra
3462 1565 3620 1635 periit
3661 1580 3785 1623 me-

2191 1654 2361 1709 moria
2390 1668 2597 1721 eorum,
2620 1656 2710 1725 qui
2744 1656 2761 1687 ¹
2788 1671 2908 1710 cum
2934 1666 3116 1712 essent
3143 1656 3278 1712 rami
3313 1656 3605 1721 naturales,
3653 1673 3785 1728 pro-

2191 1756 2310 1817 pter
2337 1747 2701 1803 inlidelitatem
2732 1748 2883 1803 fracti
2912 1758 3036 1804 sunt
3059 1748 3237 1819 (Rom.
3264 1764 3339 1816 ιιι,
3365 1748 3457 1809 20.
3484 1746 3597 1821 21).

2266 1840 2351 1897 i9.
2385 1838 2544 1913 [uers.
2579 1841 2667 1909 16,
2694 1840 2818 1915 17.]
2854 1841 2960 1896 Pro
2985 1858 3043 1897 eo
3070 1842 3205 1913 quod
3233 1858 3334 1897 non
3358 1852 3429 1898 est
3449 1844 3747 1898 recordatus
3766 1886 3783 1913 ,

2192 1936 2285 1989 vel
2306 1935 2393 1990 ille
2420 1934 2607 2004 Judas,
2635 1936 2719 1990 vel
2753 1935 2866 2005 ipse
2895 1936 3140 2006 populus,
3165 1940 3330 2007 facere
3357 1937 3784 1993 misericordiam.

2190 2023 2298 2081 Sed
2324 2026 2514 2082 melius
2544 2025 2610 2081 de
2648 2026 2840 2096 populo
2882 2026 3142 2098 accipitur
3176 2026 3318 2096 quod
3345 2025 3452 2093 ait,
3482 2043 3583 2080 non
3603 2036 3681 2081 est
3703 2044 3788 2082 re-

2194 2119 2430 2174 cordatus
2458 2134 2477 2172 :
2502 2134 2623 2173 nam
2652 2118 2697 2173 si
2725 2117 2995 2173 Christum
3025 2117 3218 2173 occidit
3242 2158 3259 2185 ,
3289 2118 3478 2173 saltem
3522 2118 3788 2174 recorda-

2191 2221 2342 2267 retur
2390 2209 2737 2281 paenitendo,
2794 2219 2849 2265 et
2899 2208 3099 2265 laceret
3152 2208 3568 2265 misericordiam
3618 2222 3790 2280 super

2192 2303 2431 2359 membra
2461 2303 2575 2373 ejus
2596 2345 2610 2370 ,
2640 2317 2758 2372 qua:
2790 2300 3317 2371 perseverantissime
3344 2310 3650 2370 persecutus
3675 2310 3787 2357 est.

2192 2397 2315 2453 Ideo
2340 2397 2470 2453 dicit
2494 2397 2615 2467 quia
2643 2405 2932 2466 persecutus
2959 2404 3032 2449 est
3061 2396 3313 2449 hominem
3335 2396 3537 2465 inapom
3563 2404 3610 2448 et
3631 2411 3788 2449 nters-

2194 2490 2381 2544 dicum.
2413 2490 2593 2544 Potest
2643 2488 2858 2559 quidem
2900 2488 3065 2558 accipi
3112 2488 3180 2544 de
3207 2488 3376 2554 Juda;
3407 2487 3529 2558 quia
3558 2502 3665 2543 non
3698 2497 3793 2544 est

2193 2579 2509 2649 dedignatus
2534 2579 2790 2633 Dominus
2816 2593 3017 2648 pauper
3036 2578 3171 2644 tieri,
3199 2593 3320 2633 cum
3359 2578 3510 2634 dives
3537 2587 3702 2644 esset,
3725 2589 3796 2635 ut

2194 2671 2335 2725 illius
2357 2679 2669 2741 paupertate
2690 2684 2787 2725 nos
2807 2670 3099 2725 ditaremur
3124 2668 3206 2742 (ll
3228 2669 3346 2724 Cor.
3368 2686 3481 2737 vui,
3512 2670 3547 2726 9
3569 2672 3607 2739 ).
3629 2670 3794 2727 Men-

2194 2764 2371 2820 dicum
2419 2772 2595 2819 autem
2642 2763 2908 2834 quomodo
2959 2763 3245 2832 intelligam
3274 2803 3288 2827 ,
3316 2763 3417 2818 nisi
3470 2762 3606 2819 forte
3659 2764 3796 2835 quia

2195 2858 2326 2914 dixit
2350 2858 2554 2913 mulieri
2574 2856 2941 2923 Samaritana,
2965 2856 3048 2911 Da
3067 2858 3191 2911 mihi
3209 2856 3377 2912 bibere
3398 2857 3577 2928 (Joan.
3602 2875 3678 2927 iv,
3702 2859 3796 2931 7),

2194 2960 2250 3006 et
2279 2950 2331 3004 in
2360 2964 2518 3005 cruce
2547 2950 2653 3015 ait,
2682 2950 2814 3005 Sitio
2842 2949 2965 3021 (Id.
2998 2966 3105 3009 xix.
3136 2950 3238 3021 28)
3259 2950 3283 3004 ?
3306 2950 3409 3007 Sed
3438 2952 3578 3022 quod
3606 2955 3802 3024 sequi-

2197 3050 2286 3098 tur
2309 3041 2576 3113 quomodo
2604 3042 2895 3111 accipiatur
2924 3042 2975 3096 in
3022 3042 3138 3113 ipso
3167 3042 3338 3112 capite
3374 3053 3557 3099 nostro
3575 3084 3591 3111 ,
3620 3044 3675 3100 id
3702 3057 3805 3103 est

2196 3133 2279 3189 sui
2326 3134 2561 3203 corporis
2588 3132 2869 3189 Salvatore
2897 3176 2911 3199 ,
2942 3148 3098 3203 quem
3143 3133 3305 3189 Judas
3328 3146 3639 3205 persecutus
3665 3148 3758 3193 est
3780 3182 3799 3207 ,

2197 3239 2304 3279 non
2360 3223 2593 3279 invenio.
2646 3222 2778 3279 Cum
2818 3224 2962 3280 enim
3008 3224 3258 3291 dixisset,
3301 3225 3370 3279 Et
3395 3238 3683 3295 persecutus
3711 3240 3804 3283 est

2198 3316 2447 3369 hominem
2474 3316 2675 3387 inapem
2699 3324 2744 3369 et
2774 3316 3057 3371 mendicum
3085 3356 3100 3383 ,
3153 3316 3347 3386 adjecit
3389 3328 3545 3388 atque
3573 3319 3685 3384 ait,
3716 3318 3807 3375 Et

2198 3420 2552 3479 compunctum
2578 3410 2729 3463 corde
2748 3410 3054 3478 morti/icore
3076 3426 3097 3476 ;
3119 3409 3171 3464 id
3197 3420 3299 3475 est,
3322 3419 3379 3464 ut
3399 3410 3758 3467 inortilicarct.
3786 3430 3801 3467 :

2201 3516 2324 3554 nam
2351 3499 2564 3571 quidam
2594 3500 2752 3554 etiam
2778 3499 2855 3555 sic
2880 3509 3005 3555 sunt
3034 3500 3386 3570 interpretati.
3418 3501 3805 3572 Compunctus

2200 3600 2376 3647 autem
2414 3591 2577 3646 corde
2604 3606 2708 3645 non
2736 3591 2871 3646 solet
2892 3590 2994 3645 dici
3021 3633 3034 3656 ,
3064 3591 3167 3645 nisi
3194 3591 3421 3645 stimulis
3446 3602 3804 3662 peccatorum

2200 3684 2254 3738 in
2281 3682 2463 3737 dolore
2483 3681 2775 3752 paenitendi
2799 3697 2813 3747 ;
2836 3682 2973 3736 sicut
2992 3681 3059 3737 de
3086 3680 3190 3736 illis
3207 3682 3407 3737 dictum
3429 3692 3529 3747 est,
3547 3683 3638 3753 qui
3662 3699 3805 3741 cum

2200 3775 2473 3830 audissent
2500 3775 2781 3844 Apostolus
2830 3782 2950 3844 post
2974 3773 3181 3828 Domini
3214 3776 3580 3829 ascensionem
3604 3815 3620 3841 ,
3648 3792 3809 3831 com-

2203 3872 2375 3938 puncti
2420 3876 2536 3921 sunt
2593 3868 2777 3931 corde,
2806 3866 2894 3935 qui
2948 3866 3253 3921 occiderant
3290 3867 3593 3921 Dominum.
3640 3868 3809 3935 Quos

2202 3960 2463 4014 allocutus
2491 3966 2573 4013 est
2600 3958 2937 4012 beatissimus
2963 3957 3152 4012 Petrus
3174 3957 3359 4012 dicens
3384 3958 3522 4012 inter
3543 3968 3749 4013 cetera
3792 3978 3808 4016 :

2201 4050 2347 4121 Agite
2374 4050 2731 4121 paenitentiam,
2750 4059 2795 4102 et
2824 4048 3105 4119 baptizetur
3128 4050 3465 4119 unusquisque
3488 4060 3706 4104 uestrum
3738 4052 3812 4107 in

2202 4144 2403 4196 nomine
2429 4140 2634 4195 Domini
2685 4139 2812 4194 Jesu
2838 4140 3058 4208 Christi,
3089 4150 3134 4195 et
3161 4141 3471 4195 dimittantur
3498 4140 3634 4196 vobis
3675 4159 3813 4212 pec-

2202 4244 2315 4289 cata
2342 4244 2506 4289 vestra
2536 4234 2688 4304 (Act.
2715 4250 2773 4300 ιι,
2802 4234 2890 4300 57,
2924 4233 2993 4288 '58
3016 4236 3053 4302 ).
3085 4232 3193 4289 Sed
3220 4233 3471 4304 quoniam
3496 4235 3657 4290 iidem
3689 4234 3809 4307 ipsi

2203 4328 2440 4383 membra
2469 4328 2584 4396 ejus
2609 4325 2729 4381 lacti
2761 4333 2921 4391 sunt,
2952 4327 3103 4396 cujus
3146 4328 3200 4382 in
3226 4327 3370 4397 ligno
3388 4328 3624 4383 membra
3663 4336 3811 4387 tiae-

2202 4431 2327 4475 runt
2354 4462 2368 4485 ,
2397 4420 2622 4490 populus
2670 4418 2974 4474 Iudaeorum
3019 4435 3123 4474 non
3172 4430 3253 4475 est
3280 4420 3588 4475 recordatus
3612 4421 3809 4481 facere

2202 4511 2620 4567 misericordiam
2650 4527 2665 4577 ;
2696 4519 3003 4580 persecutus
3054 4521 3137 4567 est
3175 4511 3444 4567 hominem
3493 4513 3713 4583 inopem
3746 4526 3812 4573 et

2205 4605 2531 4671 mendicum,
2564 4603 2657 4659 sed
2683 4604 2735 4657 in
2768 4603 3025 4658 membris
3053 4603 3164 4658 suis
3204 4621 3216 4657 :
3247 4604 3313 4658 de
3337 4603 3529 4673 quibus
3551 4604 3812 4664 dicturus

2203 4706 2305 4765 est,
2334 4696 2472 4767 quod
2493 4696 2684 4751 attinet
2702 4695 2767 4750 ad
2792 4696 2903 4765 ipsa
2921 4710 3081 4765 opera
3104 4695 3501 4763 misericordiae,
3522 4714 3541 4747 ι
3566 4696 3811 4763 Quando

2203 4790 2295 4845 uni
2322 4806 2385 4845 ex
2425 4790 2656 4845 minimis
2684 4789 2817 4845 meis
2842 4805 2947 4844 non
2974 4788 3173 4844 fecistis
3191 4830 3209 4857 ,
3237 4788 3364 4843 mihi
3392 4806 3497 4845 non
3525 4790 3734 4848 fecistis
3781 4812 3805 4847 ι

2208 4880 2434 4953 (Matth.
2463 4898 2592 4948 xxv,
2622 4882 2690 4937 45
2714 4884 2755 4951 ).
2790 4899 2808 4933 ι
2845 4881 2911 4936 Ει
2936 4891 3311 4952 compunctum
3356 4880 3518 4936 corde
3567 4886 3815 4938 mortifi-

2203 4989 2362 5029 care:
2400 4994 2417 5027 ι
2448 4974 2601 5045 plane
2624 4992 2643 5027 α
2677 4983 3053 5045 compunctum
3080 4973 3261 5039 corde,
3288 4992 3307 5025 ι
3334 4972 3428 5029 sed
3454 4973 3509 5027 in
3537 4975 3817 5032 membris

2203 5066 2335 5121 suis.
2365 5066 2439 5121 De
2470 5064 2551 5120 his
2597 5075 2772 5121 autem
2813 5065 2901 5135 qui
2930 5065 3194 5136 persecuti
3237 5073 3395 5130 sunt,
3431 5073 3489 5119 ut
3528 5080 3816 5135 compun-

2203 5167 2344 5215 ctum
2374 5159 2534 5215 corde
2564 5158 2965 5222 mortificarent,
2996 5166 3114 5213 erat
3138 5166 3192 5213 et
3218 5157 3410 5214 Saulus
3448 5158 3818 5216 consentiens

2203 5250 2257 5306 in
2289 5267 2473 5307 necem
2503 5251 2755 5322 Stephani
2796 5250 3097 5320 compuncti
3124 5251 3287 5305 corde
3319 5249 3473 5322 (Act.
3505 5266 3577 5305 vn
3603 5292 3618 5315 ,
3646 5251 3765 5323 59)
3792 5270 3813 5319 ;

2203 5345 2323 5415 quia
2369 5353 2423 5399 et
2453 5344 2565 5413 ipse
2606 5342 2907 5413 Stephanus
2936 5343 3003 5398 de
3029 5342 3134 5399 illis
3176 5352 3294 5399 erat
3336 5344 3425 5413 qui
3484 5349 3817 5414 compuncti

2202 5448 2325 5494 sunt
2350 5436 2529 5493 corde.
2558 5436 2661 5491 Sed
2690 5436 2879 5492 Saulus
2899 5437 3209 5492 recordatus
3233 5446 3318 5493 est
3345 5436 3523 5492 facere
3572 5438 3818 5494 miscri-

2201 5530 2434 5586 cordiam
2457 5544 2472 5594 ;
2498 5538 2551 5583 et
2589 5528 2677 5599 qui
2709 5544 2864 5583 mane
2902 5528 3174 5601 rapiebat,
3206 5528 3270 5583 ad
3294 5543 3578 5600 vesperum
3607 5528 3819 5588 divisit

2202 5636 2351 5678 escas
2381 5620 2399 5691 (
2428 5618 2555 5675 Gen.
2587 5635 2710 5674 xux
2732 5662 2747 5687 ,
2790 5616 2901 5688 27)
2934 5636 2946 5672 :
2976 5627 3031 5673 et
3067 5619 3183 5689 ipse
3208 5625 3559 5688 compunctus
3584 5618 3771 5674 corde
3799 5661 3819 5687 ,

2201 5725 2259 5770 ut
2282 5714 2445 5769 etiam
2473 5711 2528 5767 in
2555 5710 2646 5766 illo
2672 5710 2771 5781 ipsi
2799 5718 3249 5781 persequerentur
3284 5708 3521 5781 inopem,
3549 5709 3826 5770 volentes

2266 5832 2283 5864 ι
2316 5828 2451 5890 Edd.,
2468 5826 2597 5891 quia.
2624 5833 2679 5878 At
2697 5832 2828 5888 Mss,
