4070 6518
353 443 489 502 MM

354 549 682 614 mortiﬂear'e
721 555 1101 626 compunctum
1147 547 1328 606 corde.
1357 547 1470 604 Hoc
1496 549 1693 619 quippe
1717 546 1945 601 oderant

355 646 412 703 in
435 645 606 702 Paulo
628 643 892 716 apostolo,
919 643 1041 714 quia
1067 647 1420 712 compunctus
1441 639 1604 694 corde
1627 638 1950 709 praedicabat

356 756 515 813 quem
569 739 743 796 fuerat
796 745 922 794 ante
973 744 1302 808 persecutus.
1366 733 1584 805 Inopem
1632 735 1826 804 quippe
1897 739 1951 789 et

357 832 664 889 mendicum
703 839 759 888 et
819 838 1193 901 compunctum
1237 827 1398 883 corde
1440 828 1492 881 in
1543 827 1798 882 membris
1839 826 1950 882 suis

356 934 410 980 et
435 925 552 995 ipse
581 932 642 980 ut
667 922 1012 980 mortiﬁcaret
1033 963 1050 990 ,
1072 934 1418 992 persequens,
1445 918 1644 974 audivit
1675 917 1742 974 de
1770 918 1907 972 caelo
1929 958 1946 985 ,

359 1018 542 1082 Saute,
575 1016 757 1082 Saule,
783 1015 906 1085 quid
933 1031 1012 1068 me
1037 1013 1390 1083 persequeris?
1415 1022 1469 1068 et
1495 1011 1667 1068 factus
1694 1025 1952 1081 compun-

355 1121 476 1166 ctus
497 1109 682 1178 corde,
709 1108 876 1179 coepit
902 1108 1026 1163 talia
1057 1107 1188 1177 pati,
1218 1106 1396 1178 qualia
1436 1105 1663 1161 faciebat
1689 1119 1949 1175 compun-

356 1203 461 1260 ctis
481 1201 646 1259 corde
676 1200 832 1278 (Act.
859 1217 934 1268 ut,
967 1199 1094 1256 1-24
1115 1199 1155 1271 ).

429 1295 522 1352 20.
555 1293 706 1368 [νινε.
737 1291 851 1367 18.]
876 1291 1074 1349 Deinde
1105 1291 1346 1364 sequitur
1382 1290 1625 1346 Psalmus
1657 1308 1670 1344 :
1705 1289 1774 1344 Et
1811 1289 1946 1345 dile-

356 1387 436 1443 xit
481 1385 908 1449 maledictionem,
942 1392 989 1438 et
1033 1384 1191 1438 seruiet
1234 1383 1301 1438 ei.
1347 1381 1657 1453 Quanquam
1705 1380 1949 1437 etJudas

360 1477 794 1534 maledictiouem
838 1475 1102 1541 dilexerit,
1147 1483 1202 1531 et
1244 1475 1470 1530 furando
1513 1475 1582 1531 de
1626 1474 1847 1541 loculis,
1894 1482 1952 1530 et

359 1569 649 1626 Dominum
677 1567 963 1625 vendendo
987 1575 1146 1638 atque
1176 1566 1476 1632 tradendo;
1510 1555 1687 1622 tamen
1712 1567 1950 1637 apertius

359 1661 591 1733 populus
634 1660 726 1717 ille
768 1659 958 1716 dilexit
1011 1658 1461 1726 maledictionem,
1503 1659 1714 1729 quando
1756 1658 1890 1713 dixit
1930 1673 1950 1713 :

361 1755 588 1827 Sanguis
614 1755 724 1826 ejus
751 1770 902 1826 super
938 1769 1031 1808 nos
1075 1761 1124 1808 et
1149 1769 1301 1823 super
1330 1752 1464 1822 ﬁlios
1511 1761 1708 1807 nostros
1730 1748 1969 1822 (Matth:

357 1863 529 1914 xxvn,
549 1846 670 1918 25).
691 1846 760 1902 Et
797 1846 959 1902 noluit
996 1845 1408 1908 benedictionem,
1432 1853 1479 1899 et
1524 1844 1840 1916 elongabitur
1878 1844 1946 1900 ab

357 1957 439 1995 eo.
465 1939 536 1994 Et
579 1939 743 1996 .Iudas
781 1939 1019 2011 quidem,
1060 1939 1182 2009 quia
1225 1938 1495 1994 Christum
1538 1938 1729 2005 noluit,
1761 1939 1813 1994 in
1844 1953 1952 2009 quo

363 2040 452 2090 est
484 2042 687 2089 aeterna
724 2032 1058 2095 benedictio;
1112 2032 1208 2088 scd
1244 2033 1479 2103 apertius
1522 2033 1694 2088 noluit
1729 2033 1950 2090 benedi-

359 2127 596 2183 ctionem
627 2126 854 2197 populus
877 2125 1206 2194 Iudaeorum,
1239 2127 1325 2182 cui
1350 2125 1484 2180 dixit
1509 2127 1596 2183 ille
1623 2126 1951 2182 illuminatus

356 2235 390 2274 a
420 2220 648 2276 Domino
678 2236 696 2278 :
729 2218 994 2290 Numquid
1018 2229 1064 2276 et
1089 2236 1176 2276 vos
1202 2220 1352 2276 uultis
1377 2220 1614 2291 discipuli
1657 2223 1767 2294 ejus
1796 2222 1909 2292 fieri
1925 2222 1952 2277 Ρ

359 2313 430 2369 Et
457 2312 632 2369 noluit
656 2313 1102 2381 benedictionem,
1131 2322 1186 2370 et
1216 2329 1312 2384 pro
1339 2313 1625 2370 maledicto
1649 2314 1860 2380 habuit;
1890 2322 1946 2370 et

358 2403 659 2476 respondit,
688 2404 766 2460 Tu
800 2405 870 2460 sis
895 2405 1172 2477 discipulus
1198 2405 1307 2476 ejus
1330 2403 1510 2476 (Joan.
1543 2421 1618 2472 Ix,
1641 2405 1711 2460 27
1731 2413 1777 2460 et
1804 2405 1896 2476 28)
1930 2423 1944 2460 :

355 2509 413 2553 et
435 2499 597 2568 longe
627 2497 763 2553 facta
804 2506 887 2553 est
911 2499 978 2553 ab
1020 2512 1086 2553 eo
1127 2497 1450 2566 benedictio,
1496 2498 1619 2569 quia
1667 2498 1946 2553 transitum

359 2589 488 2647 fecit
506 2590 578 2646 ad
600 2589 821 2646 Gentes.
868 2587 938 2644 Et
979 2589 1145 2645 induit
1186 2590 1590 2645 maledictionem
1636 2590 1766 2645 sicut
1802 2591 1950 2645 uesti-

357 2693 586 2740 mentum
618 2699 636 2738 :
663 2684 776 2739 sive
821 2682 1008 2748 Iudas,
1058 2683 1172 2740 sive
1217 2683 1307 2739 ille
1356 2683 1603 2755 populus.
1636 2683 1706 2738 Et
1742 2684 1950 2740 intravit

356 2777 488 2832 sicut
533 2792 667 2846 aqua
709 2775 764 2830 in
801 2775 1040 2830 interiora
1075 2776 1202 2846 ejus.
1234 2774 1376 2846 Ergo
1421 2785 1476 2831 et
1519 2773 1648 2832 foris
1674 2783 1730 2832 et
1773 2777 1946 2844 intus;

359 2866 490 2923 foris
518 2867 660 2924 sicut
695 2867 1092 2932 vestimentum,
1122 2867 1264 2923 intus
1307 2868 1444 2922 sicut
1487 2882 1621 2938 aqua
1653 2870 1945 2940 :quoniam

359 2961 415 3016 in
441 2960 560 3032 ejus
585 2959 771 3016 incidit
795 2959 1076 3031 judicium,
1109 2961 1200 3032 qui
1239 2969 1415 3032 potest
1443 2970 1493 3018 et
1524 2975 1720 3032 corpus
1745 2970 1800 3019 et
1827 2963 1948 3019 ani-

358 3067 502 3109 mam
550 3052 798 3110 occidere
841 3053 894 3108 in
942 3051 1188 3124 gehenna
1217 3052 1432 3125 (Matth.
1475 3071 1530 3118 x,
1578 3054 1708 3128 28);
1753 3071 1949 3128 corpus

359 3145 512 3212 foris,
539 3145 804 3203 animam’l
831 3147 993 3202 intus.
1022 3144 1091 3201 Et
1117 3148 1247 3201 sicut
1277 3146 1444 3202 oleant
1490 3147 1543 3201 in
1591 3148 1783 3204 ossibus
1815 3150 1945 3221 ejus.

358 3235 603 3294 Ostendit
640 3253 764 3295 eum
809 3253 932 3314 cum
961 3237 1316 3295 delectatione
1346 3238 1683 3303 malefacere,
1715 3250 1770 3297 et
1795 3257 1945 3298 com-

358 3345 554 3401 parare
599 3331 702 3387 sibi
751 3330 1205 3397 maledictionem,
1241 3330 1347 3390 hoc
1389 3340 1493 3398 est,
1543 3347 1754 3404 pinnam
1787 3344 1945 3392 aeter-

357 3438 515 3487 nam;
547 3422 672 3494 quia
717 3423 1022 3479 benedictio
1063 3424 1168 3478 vita
1195 3431 1394 3480 aeterna
1424 3433 1526 3480 est.
1558 3424 1714 3480 Modo
1752 3425 1948 3498 quippe

360 3515 649 3573 malefacta
673 3515 958 3583 delectant,
988 3517 1128 3573 sicut
1170 3532 1308 3589 aqua
1347 3517 1402 3572 in
1427 3517 1700 3586 interiora,
1729 3527 1786 3576 et
1808 3519 1948 3576 sicut

355 3609 539 3666 oleum
569 3609 622 3664 in
670 3607 918 3676 ossibus;
944 3607 1040 3664 sed
1070 3607 1191 3664 ideo
1219 3608 1520 3665 maledictio
1549 3618 1789 3678 vocatur,
1823 3612 1948 3683 quia

355 3702 554 3758 talibus
581 3702 717 3757 Deus
740 3709 1004 3758 tormenta
1032 3701 1300 3772 prmdixit.
1330 3701 1601 3774 Tanquam
1644 3703 1696 3759 in
1738 3703 1948 3762 ossibus

354 3802 536 3849 autem
565 3793 743 3849 oleum
788 3803 873 3849 est
915 3792 1238 3861 maledictio,
1269 3807 1392 3849 cum
1442 3794 1687 3852 homines
1735 3795 1858 3851 inde
1887 3811 1949 3852 se

359 3885 527 3941 fortes
553 3893 761 3955 putant,
797 3885 922 3956 quia
963 3884 1088 3941 licet
1128 3885 1208 3940 eis
1251 3883 1391 3942 mala
1432 3894 1684 3956 tanquam
1730 3886 1949 3957 impune

355 3979 715 4034 committere.

427 4069 520 4126 2l.
542 4069 696 4143 [verm
728 4068 842 4142 19.]
872 4067 990 4123 Fiat
1019 4078 1065 4123 et
1087 4067 1218 4124 sicut
1258 4067 1605 4122 vestimentum
1636 4084 1736 4140 quo
1782 4069 1952 4139 aperi-

358 4171 464 4218 tur.
507 4164 640 4218 Cum
683 4161 930 4234 superius
964 4159 1074 4230 jam
1119 4158 1314 4216 dixerit
1357 4157 1426 4213 de
1451 4159 1790 4224 vestimento,
1821 4158 1946 4230 quid

359 4265 439 4311 est
467 4255 608 4327 quod
636 4253 868 4326 repetit?
891 4254 972 4308 An
998 4252 1118 4323 quia
1158 4251 1389 4318 dixerat,
1418 4250 1597 4306 Induit
1641 4251 1954 4306 maledictio-

359 4365 474 4404 nem
514 4349 645 4402 sicut
673 4347 1035 4411 vestimentum,
1075 4344 1254 4400 differt
1277 4345 1346 4400 ab
1369 4359 1434 4400 eo
1459 4344 1808 4400 uestimentum
1850 4362 1949 4416 quo

360 4455 468 4498 non
509 4438 767 4506 induitur,
799 4438 897 4496 sed
943 4437 1213 4509 operitur?
1257 4437 1497 4492 Induitur
1537 4437 1679 4492 enim
1725 4436 1950 4508 quisque

361 4533 561 4599 tunica,
590 4530 830 4603 operitur
854 4530 1036 4601 pallio.
1059 4529 1127 4584 Et
1163 4528 1292 4600 quid
1317 4537 1401 4584 est
1429 4529 1551 4595 hoc,
1576 4528 1677 4584 uisi
1705 4528 1866 4584 etiam
1889 4529 1945 4584 in

360 4635 648 4698 conspectu
693 4624 968 4682 hominum
1012 4622 1080 4678 de
1115 4623 1392 4694 iniquitate
1425 4622 1687 4693 gloriari?
1728 4622 1796 4677 Et
1820 4623 1950 4679 sicut

362 4737 509 4788 sonu,
541 4720 732 4790 inquit,
759 4734 861 4788 qua
886 4733 1085 4788 semper
1113 4716 1456 4787 precingitur.
1505 4715 1733 4771 Maxime
1778 4715 1950 4771 homi-

361 4827 455 4870 nes
469 4811 592 4867 ideo
622 4808 1035 4881 praecinguntur,
1053 4816 1113 4862 ut
1131 4806 1197 4862 ad
1214 4806 1543 4878 operandum
1565 4807 1672 4862 sint
1689 4808 1942 4878 aptiores,

359 4921 429 4963 ne
467 4905 635 4961 vestis
673 4903 880 4959 sinibus
920 4901 1331 4973 prtepediantur.
1382 4900 1524 4972 Ergo
1574 4900 1948 4958 maledictione

357 5011 418 5054 se
442 4996 740 5070 praecingit,
770 4994 864 5065 qui
901 4994 1100 5048 malum
1125 5007 1234 5048 non
1258 4992 1617 5062 repentinum,
1645 4991 1739 5046 sed
1769 4992 1948 5062 dispo-

357 5090 515 5146 situm
544 5085 868 5159 aggreditur,
895 5093 950 5141 ct
994 5084 1064 5140 ita
1093 5082 1252 5139 discit
1279 5081 1618 5147 malefacere,
1647 5092 1706 5137 ut
1732 5099 1948 5154 semper

357 5191 575 5253 paratus
601 5181 673 5238 sit
704 5197 719 5235 :
745 5177 890 5235 unde
914 5186 970 5234 et
996 5177 1084 5232 hic
1110 5176 1206 5242 ait,
1231 5174 1298 5229 Et
1320 5175 1446 5230 sicut
1463 5191 1592 5230 zona
1619 5190 1719 5246 qua
1750 5191 1946 5249 semper

357 5273 701 5346 praecingitur.

425 5366 516 5421 22.
545 5365 696 5438 [verm
725 5361 843 5436 20.]
878 5359 991 5416 Hoc
1019 5377 1148 5432 opus
1183 5376 1357 5415 eorum
1381 5359 1467 5430 qui
1505 5358 1778 5414 detrahunt
1822 5361 1946 5415 milii

356 5457 494 5528 apud
520 5456 817 5512 Dominum.
845 5453 961 5510 Non
987 5451 1143 5520 dixit,
1177 5466 1384 5508 merces
1413 5465 1635 5516 corum;
1668 5451 1786 5517 sed,
1817 5469 1946 5523 opus

356 5567 530 5607 eorum
567 5566 585 5606 ;
626 5549 968 5604 manifestum
1019 5555 1103 5603 est
1145 5544 1288 5602 enim
1330 5544 1472 5616 quod
1511 5544 1849 5612 indumento,
1892 5556 1947 5602 et

357 5645 650 5715 opertorio,
678 5651 737 5699 et
763 5656 922 5714 aqua,
948 5648 1006 5696 et
1029 5639 1175 5706 oleo,
1197 5647 1252 5696 et
1295 5653 1449 5704 zona,
1492 5639 1607 5709 ipsa
1645 5653 1806 5709 opera
1844 5638 1942 5695 de-

357 5736 628 5794 scribebat
654 5734 848 5807 quibus
878 5743 1076 5790 aeterna
1100 5729 1404 5787 maledictio
1439 5740 1796 5801 comparatur.
1827 5729 1944 5788 Non

355 5845 486 5905 ergo
522 5837 610 5886 est
647 5843 785 5887 unus
822 5825 1006 5893 Judas,
1058 5823 1154 5880 sed
1192 5821 1370 5892 multi,
1396 5821 1465 5880 de
1505 5823 1699 5912 quibus
1728 5823 1942 5912 dicitur,

420 5935 1332 6012 ιιιιιυιιιειιιοιιιιιοιεειιιει,ιιιιιιιιιι⁴

1454 429 1850 490 ENARRATIO
1887 427 1954 486 lN
1991 426 2314 490 PSALMUM
2350 430 2530 489 CVIII.

3503 447 3644 506 1112

2059 542 2173 598 Hoc
2207 563 2335 617 opus
2377 563 2552 602 eorum
2591 549 2679 620 qui
2725 546 2992 608 detrahunt
3009 553 3136 610 mihi
3176 556 3317 628 apud
3339 556 3636 620 Dominum.

2053 634 2364 708 Quanquam
2385 649 2439 694 et
2465 641 2682 711 pluralis
2707 657 2963 700 numerus
2985 648 3112 717 poni
3135 649 3305 719 potuit
3330 665 3428 721 pro
3455 669 3645 711 numc«

2055 742 2116 782 ro
2144 730 2426 802 singulari;
2472 733 2625 800 sicut,
2673 734 2883 793 Herode
2926 747 3160 810 mortuo,
3213 741 3409 799 dictum
3449 755 3532 801 est
3573 749 3642 804 ab

2053 820 2242 890 angelo
2261 837 2274 874 :
2299 821 2351 874 Μ
2356 824 2488 878 ertui
2501 835 2617 880 sunt
2632 827 2717 896 qui
2731 829 3018 898 quaerebant
3031 833 3254 887 animam
3266 837 3411 905 pueri
3427 835 3642 910 (Matth.

2055 925 2114 976 ιι,
2136 910 2252 982 20).
2285 911 2388 968 Sed
2411 917 2498 984 qui
2525 917 2695 987 magis
2728 918 3016 976 detrahunt
3041 923 3258 979 Christo
3287 927 3426 997 apud
3454 929 3640 985 Domi-

2055 1017 2205 1069 num,
2237 1004 2336 1058 nisi
2362 1004 2440 1059 illi
2470 1007 2558 1078 qui
2585 1009 2714 1079 ipsis
2749 1012 2928 1069 verbis
2974 1014 3185 1072 Domini
3215 1018 3522 1086 detrahunt,
3551 1021 3639 1077 di-

2056 1102 2239 1150 centes
2268 1111 2373 1152 non
2404 1112 2521 1154 esse
2538 1100 2711 1170 ipsum
2733 1119 2889 1174 quem
2912 1105 3022 1163 Lex
3045 1109 3252 1166 Domini
3275 1121 3329 1168 et
3353 1112 3639 1184 PrOpheta:

2055 1188 2513 1256 prsenuntiarunt?
2539 1191 2610 1245 Et
2637 1194 2725 1264 qui
2754 1195 3046 1267 loquuntur,
3069 1200 3261 1272 inquit,
3297 1205 3434 1259 mala
3461 1206 3644 1262 aducr-
3705 1225 3734 1249 '-

2054 1295 2141 1334 sus
2185 1281 2405 1336 animum
2459 1300 2624 1339 meum
2656 1301 2674 1340 :
2703 1290 2946 1360 negando
2994 1307 3149 1361 eum,
3198 1310 3319 1352 eum
3363 1299 3640 1368 voluisset,

2053 1373 2292 1442 potuisse
2317 1389 2630 1446 resurgere;
2667 1392 2788 1433 cum
2827 1381 2988 1449 dicat,
3014 1382 3323 1442 Potestatem
3365 1390 3521 1446 habeo
3552 1410 3645 1462 po‘

2055 1463 2208 1517 nendi
2249 1465 2472 1520 animam
2517 1485 2700 1535 meam,
2735 1479 2782 1525 et
2808 1482 3100 1542 potestatem
3137 1476 3295 1535 habeo
3333 1480 3514 1537 iterant
3553 1499 3644 1538 su-

2056 1557 2225 1612 mendi
2246 1575 2356 1612 eam
2384 1558 2562 1631 (Joan.
2583 1576 2646 1626 ‘x,
2682 1563 2794 1635 18).

2125 1650 2215 1707 23.
2241 1651 2393 1726 [vers.
2419 1653 2536 1729 2L]
2570 1656 2636 1711 Et
2665 1667 2739 1724 tu,
2768 1658 3003 1730 Domine,
3038 1662 3272 1732 Domine,
3303 1671 3386 1739 fac
3428 1685 3641 1726 mecum.

2058 1742 2282 1811 Quidam
2307 1746 2724 1805 subaudiendum
2747 1760 3068 1821 putaverunt
3087 1757 3501 1828 misericordiam,
3527 1762 3643 1833 qui-

2055 1835 2177 1892 dam
2207 1853 2338 1893 vero
2383 1849 2436 1894 et
2473 1841 2940 1910 addiderunt;sed
2988 1848 3382 1908 emendatiores
3432 1853 3644 1912 codices

2056 1929 2134 1984 sic
2172 1929 2374 1987 habent
2409 1950 2422 1986 :
2457 1932 2523 1988 Et
2545 1943 2620 2001 tu,
2648 1935 2882 2004 Domine,
2915 1937 3149 2008 Domine,
3175 1945 3258 2015 fac
3282 1961 3495 2014 mecum,
3524 1962 3644 2018 pro-

2056 2033 2168 2094 pter
2193 2041 2374 2080 nomen
2415 2035 2573 2081 tunm.
2609 2027 2760 2084 Unde
2783 2046 2971 2087 sensus
2997 2033 3155 2088 altior
3179 2051 3287 2091 non
3310 2045 3392 2092 est
3419 2049 3642 2108 prazter-

2055 2117 2365 2186 mittendus,
2399 2119 2469 2175 ita
2499 2121 2697 2176 dixisse
2726 2123 2920 2179 Filium
2950 2124 3116 2193 Patri,
3144 2125 3253 2182 Fac
3277 2145 3493 2196 mecum,
3518 2131 3642 2202 quia

2055 2211 2239 2266 eadem
2272 2221 2396 2267 sunt
2425 2228 2585 2283 opera
2617 2214 2790 2270 Patris
2813 2226 2867 2271 et
2892 2215 3032 2272 Filii.
3064 2217 3164 2275 Ubi
3192 2221 3398 2278 etiamsi
3431 2224 3642 2280 miseri-

2055 2300 2290 2356 cordiam
2316 2303 2673 2375 intelligamus
2699 2305 2978 2378 (sequitur
3004 2310 3168 2376 enim,
3202 2311 3338 2380 Quia
3364 2319 3533 2370 suavis
3568 2325 3641 2372 est

2054 2396 2400 2451 misericordia
2428 2397 2577 2469 tua),
2609 2407 2664 2454 et
2711 2400 2880 2469 ipsam
2926 2403 3046 2472 quia
3085 2419 3188 2458 non
3237 2405 3392 2473 dixit,
3439 2407 3546 2463 Fac
3588 2410 3642 2466 in

2055 2502 2177 2553 me;
2208 2489 2294 2544 vel
2344 2488 2452 2544 Fac
2497 2506 2658 2560 super
2695 2506 2814 2559 me;
2844 2493 2926 2550 vel
2953 2495 3148 2566 aliquid
3181 2496 3513 2567 hujusmodi;
3546 2501 3642 2557 sed

2054 2577 2150 2645 ait,
2176 2577 2290 2633 Fac
2314 2596 2540 2646 mecum;
2563 2581 2697 2638 bene
2713 2583 3054 2656 intelligimus
3075 2596 3129 2642 et
3145 2588 3355 2644 Patrem
3374 2599 3429 2646 et
3444 2591 3639 2658 Filium

2055 2669 2212 2724 simul
2280 2670 2458 2727 facere
2513 2672 2935 2730 misericordiam
2981 2677 3032 2731 in
3072 2693 3197 2734 vasa
3257 2680 3642 2740 misericordia

2056 2761 2230 2832 (Rom.
2275 2779 2347 2829 Ix,
2390 2762 2502 2836 23).
2536 2763 2718 2822 Potest
2766 2769 2868 2822 hoc
2908 2770 3066 2824 etiam
3110 2770 3188 2826 sic
3228 2772 3449 2845 intelligi
3484 2793 3497 2829 :
3531 2773 3642 2830 Fac

2054 2869 2266 2921 mecum,
2302 2855 2352 2910 id
2390 2867 2491 2922 est,
2536 2856 2726 2928 adjuva
2773 2873 2880 2914 me.
2928 2860 3081 2928 Quod
3106 2862 3158 2917 in
3206 2865 3510 2935 quotidiana
3555 2867 3640 2923 lo-

2054 2948 2249 3017 quendi
2277 2951 2662 3007 consuetudine
2690 2951 2974 3021 habemus,
2998 2968 3118 3010 cum
3141 2955 3210 3013 de
3233 2957 3408 3029 aliqua
3438 2975 3498 3016 re
3521 2976 3642 3032 qua:

2053 3041 2292 3111 partibus
2323 3043 2522 3098 nostris
2549 3052 2652 3107 est,
2685 3044 2911 3102 dicimus
2942 3065 2956 3102 :
2983 3047 3268 3106 Nobiscum
3300 3049 3450 3108 facit.
3481 3053 3642 3111 Pater

2053 3139 2247 3207 quippe
2289 3139 2506 3210 adjuvat
2533 3140 2746 3208 Filium,
2782 3142 2832 3198 in
2856 3153 3114 3215 quantum
3155 3147 3297 3205 Deus
3340 3149 3636 3221 hominem,

2052 3241 2270 3302 propter
2323 3232 2546 3288 formam
2598 3236 2783 3298 servi:
2818 3238 2904 3292 cui
2965 3237 3168 3294 homini
3236 3241 3409 3308 Deus,
3459 3253 3513 3300 et
3555 3245 3642 3301 cui

2055 3321 2242 3377 forma:
2271 3325 2412 3379 servi
2439 3325 2600 3381 etiam
2631 3326 2889 3384 Dominus
2919 3339 3000 3386 est
3030 3331 3209 3390 Pater.
3229 3333 3361 3390 Nam
3393 3336 3445 3391 in
3467 3335 3640 3395 forma

2055 3412 2173 3480 Dei,
2225 3414 2392 3470 Filius
2436 3416 2704 3487 adjutorio
2743 3435 2850 3475 non
2892 3421 3126 3494 indiget;
3183 3417 3459 3496 aequaliter
3495 3429 3639 3485 enim

2051 3520 2173 3561 cum
2205 3506 2362 3562 Patre
2399 3509 2739 3581 omnipotens
2786 3521 2889 3580 est,
2933 3529 3000 3569 ex
3053 3530 3158 3586 quo
3185 3525 3240 3572 et
3278 3517 3393 3588 ipse
3427 3519 3641 3591 adjutor

2052 3609 2134 3654 est
2167 3599 2417 3655 hominis.
2449 3601 2593 3658 Sicut
2620 3605 2753 3658 enim
2785 3603 2942 3660 Pater
2969 3609 3178 3663 suscitat
3205 3620 3432 3667 mortuos
3473 3621 3521 3666 et
3561 3613 3640 3667 ui-

2053 3694 2241 3764 riﬁcat,
2270 3696 2342 3750 sic
2377 3706 2424 3752 et
2450 3694 2618 3753 Filius
2661 3715 2785 3770 quos
2815 3701 2916 3754 vult
2963 3702 3180 3772 viviﬁcat
3211 3685 3390 3774 (Jban.
3419 3721 3475 3769 v,
3501 3705 3592 3778 2i)
3620 3725 3636 3762 :

2053 3801 2154 3842 nec
2199 3786 2332 3842 alios
2381 3788 2556 3856 Pater,
2585 3790 2717 3845 alios
2761 3790 2942 3857 Filius,
2974 3802 3066 3846 aut
3092 3794 3247 3850 aliter
3275 3795 3453 3863 Pater,
3481 3797 3640 3854 aliter

2053 3878 2254 3945 Filius;
2289 3881 2413 3950 quia
2466 3889 2522 3936 et
2567 3883 2754 3938 eadem
2801 3882 2949 3951 facit,
2993 3893 3048 3940 ct
3088 3887 3351 3942 similiter.
3386 3888 3539 3946 Unde
3581 3890 3636 3946 in

2004 4005 2008 4008 -
2053 3978 2310 4042 quantum
2343 3971 2505 4028 homo
2531 3984 2614 4029 est
2644 3974 2812 4030 Filius
2843 3977 2953 4040 Dei,
2993 3978 3130 4032 Deus
3161 3980 3438 4036 suscitavit
3482 3981 3636 4038 illum

2053 4078 2082 4118 a
2109 4065 2353 4130 mortuis,
2384 4065 2486 4121 hoc
2529 4075 2613 4121 est
2643 4066 2818 4134 Pater,
2855 4068 2939 4122 cui
2971 4067 3098 4123 dicit
3125 4071 3175 4124 in
3222 4070 3469 4138 Psalmis,
3499 4071 3637 4127 Sus-

2053 4157 2153 4210 cita
2191 4173 2290 4224 me,
2329 4165 2379 4212 et
2419 4157 2626 4212 reddam
2669 4159 2772 4214 illis
2798 4158 2970 4232 (Psal.
3007 4175 3096 4226 XL,
3130 4159 3219 4232 11)
3246 4179 3259 4216 :
3290 4161 3342 4216 in
3374 4173 3634 4234 quantum

2053 4257 2232 4305 autem
2277 4249 2414 4306 Deus
2461 4258 2562 4315 est,
2609 4254 2765 4306 etiam
2811 4252 2927 4323 ipse
2973 4267 3031 4308 se
3076 4255 3385 4322 suscitavit;
3417 4263 3640 4326 propter

2055 4340 2195 4410 quod
2242 4341 2391 4408 dicit,
2427 4341 2620 4396 Solvite
2663 4343 2904 4410 templum
2931 4343 3045 4411 hoc,
3078 4354 3125 4399 et
3165 4345 3331 4400 triduo
3384 4347 3638 4402 suscitabo

2053 4435 2185 4490 illud
2213 4435 2389 4504 (Joan.
2435 4451 2490 4502 ιι,
2520 4435 2634 4503 19).
2681 4437 2834 4504 Quod
2879 4438 3038 4493 etiam
3088 4438 3174 4495 hic
3221 4439 3558 4511 signiﬁcavit,
3591 4441 3638 4496 si

2054 4530 2174 4601 quis
2201 4529 2485 4600 diligenter
2522 4529 2762 4586 intendat
2794 4549 2806 4586 :
2841 4533 3064 4587 scrutari
3113 4534 3257 4589 enim
3298 4534 3456 4605 jussit
3493 4534 3638 4590 Scri-

2055 4633 2255 4695 pturas,
2274 4640 2392 4695 qua)
2420 4623 2778 4681 testimonium
2806 4625 3086 4696 perhibent
3109 4627 3177 4684 de
3205 4628 3297 4683 illo
3319 4627 3424 4697 (Id.
3444 4645 3494 4696 v,
3521 4628 3638 4699 39),

2054 4731 2159 4771 non
2190 4717 2241 4771 in
2269 4717 2554 4786 superticie
2580 4718 2910 4787 pertransiri.
2938 4717 3052 4775 Non
3081 4721 3224 4776 cnim
3265 4721 3636 4777 tantummodo

2050 4810 2147 4877 ait,
2177 4808 2276 4876 Tu,
2305 4809 2541 4875 Domine,
2575 4809 2807 4880 Domine,
2841 4811 2924 4883 [ac
2961 4830 3155 4869 mecum
3173 4833 3192 4881 ;
3222 4816 3314 4871 sed
3339 4816 3431 4881 ait,
3469 4815 3534 4869 Et
3561 4824 3635 4869 tu.

2051 4903 2188 4970 Quid
2217 4913 2318 4967 est,
2352 4903 2418 4958 Et
2443 4913 2517 4970 tu,
2549 4903 2648 4958 nisi
2691 4905 2810 4975 quia
2848 4915 2904 4962 et
2928 4907 3064 4978 ego?
3105 4908 3257 4974 Quod
3305 4917 3481 4963 autem
3527 4923 3636 4964 non

2051 4995 2215 5050 semel
2260 4995 2494 5063 Domine,
2535 4997 2629 5052 sed
2677 5006 2928 5067 repetens
2975 4999 3070 5064 ait,
3114 4996 3355 5064 Domine,
3385 4997 3635 5064 Domine;

2051 5088 2209 5143 habet
2234 5087 2288 5143 in
2318 5088 2421 5145 hoc
2448 5088 2651 5144 orantis
2676 5089 2924 5146 affectum
2958 5108 2973 5144 :
3001 5090 3152 5146 sicuti
3184 5099 3285 5156 est,
3315 5089 3467 5157 Deus,
3497 5089 3635 5146 Deus

2048 5197 2190 5236 meus
2219 5179 2388 5252 (Psal.
2433 5197 2544 5246 χχι,
2580 5179 2657 5254 2).
2697 5181 2851 5250 Quod
2885 5197 3033 5247 vero,
3080 5197 3198 5237 cum
3241 5181 3482 5247 dixisset,
3525 5181 3636 5235 Fac

2049 5289 2263 5337 mecum,
2297 5272 2517 5340 addidit,
2548 5283 2754 5344 prapter
2781 5290 2962 5328 nomen
3009 5283 3192 5338 tuum;
3237 5273 3462 5344 gratiam
3487 5287 3639 5328 com-

2051 5364 2341 5420 mendavit.
2373 5362 2541 5420 Nullis
2597 5365 2739 5421 enim
2797 5379 3020 5435 operum
3064 5364 3269 5420 meritis
3321 5364 3636 5436 prmceden-

2051 5457 2191 5512 tibus
2237 5458 2287 5512 in
2335 5465 2538 5512 tantum
2598 5455 2970 5512 celsitudinem
3015 5455 3265 5512 subvecta
3311 5464 3394 5512 est
3443 5457 3635 5513 huma-

2050 5565 2114 5606 na
2146 5560 2356 5616 natura,
2385 5557 2444 5604 ut
2469 5558 2636 5604 totum
2666 5549 2824 5604 simul
2866 5547 3100 5604 Verbum
3128 5558 3183 5604 et
3224 5564 3370 5616 caro,
3406 5549 3509 5606 hoc
3553 5557 3637 5605 est

2051 5645 2191 5700 Deus
2233 5653 2284 5699 et
2329 5645 2509 5711 homo,
2537 5641 2842 5712 unigenitus
2878 5641 3046 5698 Filius
3087 5641 3178 5698 Del
3207 5643 3492 5700 diceretur.
3523 5641 3636 5698 Hoc

2050 5748 2228 5794 autem
2258 5737 2453 5794 factum
2497 5748 2602 5802 est,
2635 5745 2692 5790 ut
2735 5735 2803 5790 ab
2829 5736 2920 5792 illo
2963 5736 3052 5808 qui
3097 5745 3393 5804 creaverat,
3441 5751 3538 5807 per
3579 5734 3634 5791 id

2049 5832 2192 5905 quod
2238 5846 2342 5886 non
2391 5831 2647 5900 perierat,
2698 5830 2750 5886 id
2793 5831 2935 5903 quod
2976 5833 3206 5903 perierat
3251 5839 3631 5903 qumnretur:

2050 5925 2193 5982 unde
2215 5933 2269 5981 et
2295 5921 2381 5978 hic
2400 5922 2663 5996 sequitur,
2685 5923 2817 5992 Quia
2843 5925 3012 5982 suavis
3038 5934 3112 5981 est
3149 5923 3495 5981 misericordia
3521 5932 3628 5980 tua.
