4090 6482
519 430 663 505 i443,

586 560 677 615 24.
709 557 859 633 ﬂvere.
888 546 1004 633 2.2.]
1032 550 1215 619 Libera
1243 569 1342 623 me,
1365 553 1487 627 quia
1513 568 1697 628 egenus
1719 562 1765 609 et
1790 568 1984 626 pauper
2010 564 2101 621 ego

512 670 647 710 sum.
674 653 894 725 Egestas
919 659 975 707 et
1000 657 1304 725 paupertas,
1338 646 1619 705 inﬁrmitas
1640 655 1742 714 est,
1763 663 1828 704 ex
1859 662 1961 718 qua
1981 661 2103 702 cru-

513 746 703 801 ciﬁxus
735 754 836 803 est.
867 743 937 798 Et
978 760 1065 807 cor
1101 759 1272 805 meum
1313 743 1665 797 conturbatum
1706 751 1779 797 est
1821 743 1955 796 intra
2001 758 2095 797 me.

511 839 628 895 Hoc
650 839 715 899 ad
737 837 867 894 illud
896 836 1144 905 refertur,
1161 835 1305 908 quod
1326 836 1401 891 ait
1418 837 1807 909 pr0pinquante
1831 835 2097 905 passione,

512 933 692 989 Tristis
728 941 803 987 est
841 931 1014 995 (mima
1052 948 1162 986 utea
1199 947 1355 1003 usque
1381 930 1449 984 ad
1476 941 1685 986 mortem
1708 929 1922 1001 (Matth.
1946 944 2095 997 xxvr,

509 1026 627 1096 38).

576 1118 664 1175 25.
690 1115 839 1191 [vers.
987 1117 1131 1175 Sicut
1150 1117 1329 1172 umbra
1347 1134 1461 1171 cum
1488 1116 1725 1179 declinat,
1749 1116 1944 1171 ablatus
1962 1133 2093 1171 sum.

504 1210 619 1268 Hoc
658 1213 826 1282 ipsam
858 1220 1085 1268 mortem
1114 1210 1446 1283 significavit.
1480 1209 1628 1266 Sicut
1654 1211 1793 1266 enim
1823 1226 1888 1266 ex
1909 1211 2093 1265 umbra

505 1306 809 1363 declinante
829 1305 887 1360 ﬁt
910 1321 1036 1371 nox,
1055 1305 1134 1361 sic
1148 1320 1213 1361 ex
1234 1304 1616 1360 mortaliearne
1630 1302 1691 1359 ﬁt
1711 1320 1875 1360 mors.
1896 1303 2093 1359 Excus-

500 1416 591 1455 sus
620 1416 731 1454 sum
755 1400 885 1454 sicut
917 1400 1141 1454 locustte.
1170 1398 1284 1454 Hoc
1322 1399 1431 1468 jam
1459 1398 1514 1452 in
1540 1396 1796 1453 membris
1824 1398 1959 1467 ejus,
1992 1398 2093 1452 hoc

505 1500 589 1545 est
622 1491 870 1545 ﬁdelibus
921 1491 1057 1561 ejus,
1104 1490 1507 1545 convenientiae
1555 1489 1773 1559 intelligi
1818 1490 2087 1545 existimo.

498 1580 655 1649 Quod
698 1590 755 1636 ut
801 1581 1073 1652 aliquanto
1121 1580 1355 1651 apertius
1400 1589 1640 1655 poneret,
1673 1580 1858 1635 maluit
1885 1581 2086 1649 dicere,

499 1674 628 1729 sicut
654 1672 883 1740 locustis,
907 1688 1065 1743 quam
1092 1672 1230 1727 sicut
1254 1672 1454 1727 locusta
1485 1688 1499 1724 :
1527 1672 1770 1740 quamvis
1792 1680 1844 1727 et
1866 1687 2088 1727 numero

500 1764 759 1835 singulari
788 1771 1010 1834 possent
1037 1764 1203 1832 accipi
1236 1763 1397 1818 etiam
1432 1762 1633 1830 multm,
1667 1764 1804 1817 sicut
1830 1763 1957 1817 illud
1980 1771 2083 1827 est,

496 1855 666 1922 Dixit,
700 1866 745 1910 et
774 1857 904 1909 venit
948 1854 1139 1910 locusta
1169 1853 1339 1927 (Psal.
1372 1869 1477 1921 CIV,
1506 1854 1631 1925 54);
1664 1854 1759 1910 sed
1804 1864 1946 1911 esset
1986 1854 2083 1910 ob-

492 1948 735 2003 scurius.
766 1947 990 2002 Excussi
1012 1956 1134 2001 sunt
1161 1961 1309 2016 ergo,
1339 1946 1389 2001 id
1416 1955 1517 2013 est,
1538 1944 1702 2017 fugati
1730 1962 1756 2000 a
1778 1956 2082 2015 persecuto-

499 2039 650 2095 ribus
676 2038 861 2094 ﬁdeles
904 2039 1042 2109 ejus,
1073 2053 1297 2107 quorum
1339 2038 1422 2091 vel
1451 2037 1845 2093 multitudinem
1878 2038 2082 2108 signiﬁ-

494 2134 608 2188 cari
638 2133 803 2187 voluit
824 2132 1039 2187 nomine
1073 2132 1421 2197 locustarum,
1444 2130 1528 2186 vel
1558 2130 1699 2201 quod
1722 2131 2083 2187 transilierunt

494 2222 563 2281 de
588 2224 704 2280 loco
728 2226 778 2278 in
808 2224 1006 2278 locum.

563 2317 653 2372 26.
686 2315 835 2391 [vers.
866 2315 982 2389 24.]
1010 2315 1187 2371 Genua
1236 2332 1346 2370 mea
1379 2317 1637 2393 inﬁrmata
1674 2325 1791 2370 sunt
1813 2333 1843 2369 a
1856 2317 2075 2389 jejunio.

490 2407 740 2479 Legimus
792 2410 1071 2465 Dominum
1135 2408 1402 2464 Christum
1459 2408 1810 2480 quadraginta
1869 2409 2076 2464 dierum

491 2502 744 2558 habuisse
767 2502 1028 2572 jejunium
1060 2500 1272 2573 (Matt/2.
1304 2517 1380 2567 tv,
1410 2501 1500 2571 2):
1532 2502 1624 2557 sed
1670 2510 1944 2556 tantumne
1987 2517 2077 2556 va-

488 2598 587 2654 luit
612 2602 661 2654 in
711 2615 777 2655 eo
816 2600 905 2654 illa
951 2598 1144 2662 inedia,
1170 2606 1225 2653 ut
1260 2611 1438 2668 genua
1483 2594 1601 2665 ejus
1640 2594 2075 2649 iuﬁrmarentur?

485 2692 569 2747 An
598 2700 652 2745 et
696 2692 795 2747 hoc
845 2692 895 2744 in
936 2689 1192 2745 membris
1239 2689 1375 2758 ejus,
1423 2690 1524 2742 hoc
1571 2695 1654 2741 est
1697 2687 1892 2741 sanctis
1934 2686 2070 2757 ejus,

485 2784 661 2853 aptius
684 2784 1027 2854 intelligitur?
1054 2782 1121 2837 Et
1150 2798 1269 2837 caro
1317 2798 1425 2845 mea
1456 2781 1718 2836 immutata
1753 2789 1825 2835 est
1867 2790 2073 2851 propter

482 2882 650 2941 oleum
682 2897 700 2935 :
727 2890 945 2951 promer
967 2879 1191 2948 gratiam
1212 2876 1560 2948 spiritualem.
1584 2875 1736 2932 Unde
1758 2884 1810 2929 et
1828 2875 2069 2930 Christus

481 2975 784 3043 appellatur
818 2990 849 3028 a
888 2973 1175 3027 chrismate
1206 2991 1217 3026 :
1246 2970 1475 3027 chrisma
1523 2978 1698 3026 autem
1741 2969 1923 3024 unctio
1965 2978 2066 3024 est.

486 3066 629 3122 Caro
669 3076 848 3123 autem
878 3075 1107 3137 propter
1152 3066 1329 3120 oleum
1375 3078 1482 3119 non
1514 3064 1564 3117 in
1594 3062 1848 3127 deterius,
1891 3062 1983 3117 sed
2014 3062 2067 3117 in

472 3159 675 3215 melius
704 3160 977 3213 immutata
1008 3166 1109 3220 est,
1139 3157 1241 3212 hoc
1261 3165 1359 3221 est,
1389 3170 1419 3211 a
1446 3157 1634 3211 mortis
1664 3158 1984 3211 contumelia
2012 3156 2063 3211 in

470 3252 705 3323 gloriam
742 3252 1155 3307 immortalitatis
1180 3264 1493 3320 exsurgens.
1522 3247 1653 3304 Cum
1699 3250 1877 3320 itaque
1903 3250 2068 3305 dixis-

477 3353 581 3410 set,
615 3343 791 3398 Genua
834 3360 945 3398 mea
982 3344 1246 3413 inﬁrmata
1293 3351 1409 3397 sunt
1430 3359 1472 3396 να
1488 3342 1708 3413 jejunio,
1739 3342 1827 3397 ubi
1857 3343 2063 3413 signiﬁ—

474 3446 653 3493 catum
704 3452 824 3493 esse
868 3436 1099 3491 arbitror
1124 3451 1216 3491 eos
1242 3436 1331 3506 qui
1362 3434 1414 3489 in
1446 3435 1702 3490 membris
1743 3436 1858 3504 ejus
1898 3434 2062 3491 fortes

476 3528 821 3593 videbantur,
856 3538 1106 3599 tanquam
1155 3527 1437 3597 prmsentia
1471 3528 1619 3597 panis
1648 3543 1755 3594 quo
1795 3536 2062 3584 sustenta-

471 3621 670 3679 bantur
717 3623 1002 3688 abstracta,
1035 3622 1087 3675 in
1131 3621 1244 3691 ejus
1292 3620 1540 3690 passione
1582 3619 1847 3676 defecisse
1893 3637 2059 3692 usque

473 3713 540 3770 ad
573 3715 927 3783 negationem,
963 3730 1079 3782 quae
1111 3714 1355 3783 apparuit
1381 3713 1433 3767 in
1467 3713 1657 3779 Petro;
1690 3722 1938 3784 tanquam
1988 3714 2054 3768 ad

472 3819 567 3861 eos
596 3805 1006 3871 conﬁrmandos,
1026 3821 1092 3861 ne
1119 3804 1513 3860 suceumbendo
1542 3806 1754 3876 penitus
1780 3806 2051 3871 caderent,

469 3891 542 3951 Et
580 3912 698 3949 caro
730 3913 862 3961 mea,
915 3895 1105 3967 inquit,
1142 3897 1407 3950 immutata
1450 3905 1521 3950 est
1550 3905 1755 3969 prapter
1783 3898 1970 3963 oleum,
2001 3906 2056 3951 ut

420 4038 423 4041 ,
469 4003 565 4044 eos
591 4003 706 4043 mea
735 3998 910 4044 morte
935 3988 1266 4053 deﬁcientes,
1310 4002 1426 4043 mea
1458 3989 1849 4044 resurrectione
1876 3987 2055 4044 ﬁrma-

420 4128 425 4137 .
458 4096 607 4149 .rem,
641 4089 695 4137 et
723 4083 886 4137 misso
916 4081 1117 4151 Spiritu
1144 4090 1327 4136 saneto
1359 4096 1673 4152 unguerem,
1697 4082 1786 4151 qui
1835 4097 1939 4136 non
1986 4082 2053 4137 ad

467 4188 563 4230 eos
591 4173 842 4238 venisset,
875 4173 973 4227 nisi
1024 4188 1123 4242 ego
1170 4173 1440 4227 abiissem.
1486 4172 1596 4227 Hoc
1634 4174 1775 4227 enim
1821 4173 2049 4240 dixerat,

466 4263 593 4319 Non
624 4274 783 4334 potest
820 4264 907 4319 ille
943 4266 1128 4331 venire,
1156 4264 1251 4318 nisi
1299 4280 1389 4335 ego
1420 4265 1585 4320 abiero
1607 4263 1785 4338 (Joan.
1810 4282 1922 4336 XVI,
1956 4266 2008 4337 7)
2035 4284 2047 4319 :

466 4366 524 4414 et
574 4357 911 4427 Evangelista
958 4356 1124 4422 dixit,
1174 4356 1418 4413 Nondum
1465 4370 1571 4413 erat
1613 4359 1836 4429 Spiritus
1878 4361 2046 4427 datus,

465 4451 585 4520 quia
625 4448 776 4504 Jesus
819 4448 1045 4505 nondum
1086 4450 1253 4520 fuerat
1294 4451 1607 4521 glori/Scalas
1640 4451 1752 4523 (Id.
1794 4469 1884 4515 vn,
1932 4452 2045 4523 '59).

465 4542 713 4599 Nondum
745 4553 859 4599 crat
913 4545 1185 4599 immutata
1232 4559 1359 4600 caro
1388 4547 1524 4614 ejus.
1574 4544 1701 4600 Sive
1745 4556 1917 4600 autem
1952 4561 2047 4615 per

464 4651 658 4707 aquam
714 4645 933 4708 propter
973 4637 1298 4693 ablutionem
1354 4637 1438 4692 vel
1496 4638 1878 4707 irrigationem,
1936 4640 2047 4693 sive

460 4743 563 4799 per
589 4730 764 4784 oleum
799 4741 1017 4802 propter
1058 4731 1468 4786 exsultationem
1497 4738 1551 4785 et
1574 4728 2043 4786 inﬂammationem

462 4823 773 4891 charitatis,
822 4824 1147 4895 signiﬁcetur
1190 4826 1422 4895 Spiritus
1471 4833 1721 4891 sanctus;
1775 4840 1879 4880 non
1922 4825 2044 4881 ideo

462 4925 546 4972 est
573 4932 602 4971 a
631 4918 811 4988 seipse
840 4917 1083 4973 diversus
1102 4961 1116 4985 ,
1147 4919 1270 4989 quia
1316 4920 1466 4990 signa
1496 4919 1704 4974 diversa
1732 4928 1875 4975 sunt.
1908 4920 2043 4975 Mul-

463 5020 572 5066 tum
600 5012 743 5068 enim
788 5011 999 5069 diversa
1024 5022 1147 5068 sunt
1173 5015 1332 5071 etiam
1362 5015 1446 5070 leo
1473 5025 1526 5070 et
1565 5032 1751 5087 agnus,
1781 5028 1835 5071 et
1868 5027 2042 5073 tamen

461 5114 689 5175 utraque
714 5105 1044 5176 signiﬁcatus
1068 5114 1151 5161 est
1179 5106 1444 5160 Christus.
1470 5106 1579 5161 Leo
1608 5116 1825 5178 propter
1860 5109 1999 5163 aliud
2021 5150 2036 5174 ,

458 5214 629 5270 agnus
660 5211 874 5270 propter
896 5199 1069 5264 aliud;
1104 5215 1209 5254 non
1238 5208 1416 5255 tamen
1445 5199 1585 5255 alius
1614 5217 1627 5253 :
1656 5201 1777 5271 quia
1810 5216 1908 5256 nec
1931 5200 2039 5256 for-

459 5294 527 5348 tis
576 5302 661 5349 est
702 5307 1026 5364 agnus,nec
1072 5292 1330 5349 innocens
1358 5292 1480 5358 leo;
1514 5290 1756 5346 Christus
1782 5299 2041 5345 autemet

456 5386 717 5443 innocens
744 5394 828 5442 est
856 5394 916 5443 ut
964 5401 1166 5457 agnus,
1197 5393 1251 5441 et
1282 5384 1435 5440 fortis
1463 5394 1520 5440 ut
1549 5385 1653 5440 leo.
1699 5384 1833 5438 Dicit
1861 5393 2036 5439 autem

454 5480 595 5550 apud
620 5479 804 5534 Isaiam
835 5480 948 5549 ipse
976 5478 1400 5545 lusus-Christus
1427 5479 1703 5550 :,Spiritus
1722 5476 1935 5532 Domini
1952 5494 2035 5533 su-

455 5589 545 5645 per
578 5589 674 5639 me,
702 5580 909 5643 propter
936 5573 1067 5641 quod
1092 5572 1239 5629 unxit
1266 5588 1343 5627 me
1367 5569 1517 5644 (Isai.
1544 5586 1652 5636 ut,
1676 5571 1755 5642 l.)

522 5664 611 5720 27.
643 5663 792 5739 [vers.
815 5663 931 5738 25.]
960 5663 1028 5721 Et
1074 5682 1165 5738 ego
1194 5670 1358 5737 factus
1403 5681 1515 5719 sum
1540 5664 1866 5736 opprobrium
1891 5664 1993 5718 illis
2018 5679 2037 5717 :

452 5774 548 5831 per
573 5766 801 5814 mortem
821 5758 1015 5815 crucis.
1048 5755 1279 5814 Christus
1303 5759 1445 5813 enim
1475 5774 1567 5813 nos
1594 5756 1803 5811 redemit
1839 5757 1900 5811 de
1928 5774 2036 5811 ma-

450 5851 636 5909 ledicto
664 5850 814 5924 Legi:
836 5892 851 5917 ,
888 5851 1049 5921 factus
1086 5867 1178 5920 pro
1197 5849 1338 5905 nobis
1370 5849 1693 5907 maledictum
1719 5847 1909 5923 (Galat.
1944 5866 2031 5915 ιιι,

449 5942 568 6018 15).
604 5942 847 6001 Viderunt
869 5960 979 6012 me,
1019 5953 1067 5999 et
1091 5953 1347 5998 moverunt
1373 5945 1540 6012 capita
1581 5959 1692 5996 sua.
1724 5941 1858 6010 Quia
1888 5942 2034 5996 vide-

1758 432 1815 491 S.
1853 424 2225 488 AUGUSTIM
2260 428 2561 493 EPlSCOPl

3660 451 3805 518 *1441

2214 558 2334 604 runt
2368 550 2703 621 pependisse,
2732 560 2840 610 nan
2866 550 3112 614 viderunt
3131 562 3521 633 resuta-exisse;
3548 566 3801 628 viderunt

2209 640 2422 710 quando
2473 658 2645 713 genua
2702 647 2814 715 ejus
2863 658 2986 704 sunt
3038 650 3338 722 inﬁrmata,
3390 672 3503 714 non
3550 661 3801 723 viderunt

2208 733 2420 802 quando
2449 745 2532 790 est
2557 749 2681 792 caro
2712 737 3011 796 immutata.

2275 826 2364 882 28.
2398 824 2548 901 [rem
2580 829 2696 903 26.]
2722 831 2923 904 Aljuva
2948 851 3029 890 me
3046 878 3060 904 ,
3092 835 3311 895 Domine
3327 840 3633 901 Deusmeus
3651 888 3665 915 ,
3692 851 3799 905 ται.

2202 934 2318 973 vum
2339 937 2419 974 mc
2442 922 2525 991 fac
2544 926 2815 980 secundum
2839 930 3237 986 misericordiam
3264 942 3424 990 tuam.
3472 934 3591 993 ﬁoc
3617 941 3682 996 ad
3716 954 3793 997 to-

2203 1019 2315 1067 tum
2342 1013 2529 1069 referri
2557 1027 2765 1086 potest,
2796 1019 2848 1074 id
2872 1030 3030 1077 estet
3054 1023 3119 1078 ad
3142 1035 3299 1095 caput
3326 1070 3339 1093 ,
3371 1037 3424 1082 et
3455 1029 3518 1083 ad
3550 1047 3748 1102 corpus
3777 1052 3793 1089 :

2202 1108 2267 1161 ad
2297 1119 2455 1178 caput
2479 1152 2493 1177 ,
2523 1120 2742 1182 propter
2768 1115 2990 1170 formam
3019 1120 3165 1174 servi
3190 1135 3203 1184 ;
3234 1119 3301 1175 ad
3321 1135 3541 1195 corpus,
3571 1140 3789 1198 propter

2201 1198 2345 1269 ipsos
2374 1216 2580 1256 servos.
2610 1203 2789 1260 Potuit
2815 1207 2957 1261 enim
2985 1219 3039 1263 et
3062 1210 3116 1263 in
3148 1212 3226 1265 eis
3253 1212 3432 1269 dicere
3455 1216 3564 1271 Deo
3583 1259 3598 1282 ,
3630 1238 3649 1271 ι
3686 1220 3793 1273 Λα.

2193 1292 2319 1360 juva
2352 1308 2471 1360 mc,
2508 1311 2527 1345 ι
2564 1305 2638 1363 et,
2676 1316 2693 1348 ι
2726 1298 2929 1353 salvum
2977 1317 3061 1357 me
3088 1301 3208 1368 fac;
3250 1322 3268 1356 ι
3305 1306 3358 1359 in
3393 1308 3584 1377 quibus
3622 1310 3790 1367 Saulo

2197 1382 2365 1453 dixit,
2401 1405 2418 1438 ι
2448 1386 2584 1454 Quid
2618 1402 2702 1461 me
2756 1394 3095 1462 persequeris
3133 1412 3152 1447 ι
3187 1395 3327 1465 (Act.
3362 1415 3417 1452 ix
3444 1442 3457 1465 ,
3490 1400 3582 1470 4)?
3634 1402 3789 1470 Quod

2197 1485 2376 1530 autem
2405 1478 2645 1545 addidit,
2684 1498 2703 1531 ι
2741 1483 3037 1537 secundum
3071 1486 3493 1544 misericordiam
3526 1500 3670 1545 tuam
3699 1509 3714 1555 ;
3762 1514 3781 1547 ι

2193 1571 2423 1638 gratuita
2450 1572 2619 1641 gratia
2642 1585 3097 1632 commemoratur
3117 1620 3130 1645 ,
3160 1593 3265 1634 non
3314 1595 3377 1636 ex
3421 1597 3642 1654 operum
3684 1586 3784 1641 de-

2191 1661 2323 1717 bito.

2262 1752 2352 1808 ‘29.
2382 1753 2530 1826 [vers.
2556 1754 2675 1831 27.]
2710 1757 2774 1814 Et
2794 1761 2959 1815 sciant
2980 1763 3218 1833 quoniam
3237 1778 3419 1821 manus
3440 1778 3531 1821 tua
3569 1769 3675 1825 hac
3692 1813 3707 1837 ,
3731 1781 3778 1827 et

2190 1853 2275 1912 tu,
2312 1847 2560 1915 Domine,
2615 1852 2776 1922 fecisti
2803 1868 2930 1906 eam.
2982 1853 3059 1907 De
3082 1850 3171 1910 his
3204 1855 3381 1925 dixit,
3432 1859 3626 1928 sciant,
3682 1836 3808 1931 pro-

2188 1941 2379 2009 quibus
2405 1943 2745 1999 saevientibus
2770 1953 2823 1999 et
2849 1946 3018 2000 oravit
3043 1964 3056 2011 ;
3087 1948 3211 2018 quia
3260 1949 3313 2003 in
3356 1951 3435 2005 eis
3461 1952 3655 2021 quibus
3700 1954 3781 2008 fa-

2187 2042 2303 2087 ctus
2328 2042 2409 2087 est
2432 2035 2777 2104 Opprobrinm
2802 2038 3139 2094 moventibus
3163 2040 3216 2093 in
3234 2040 3663 2109 ejus'illusiouem
3688 2061 3779 2101 ca-

2185 2123 2293 2193 pita
2323 2138 2416 2179 sua
2436 2166 2451 2191 ,
2482 2135 2634 2180 erant
2676 2128 2835 2182 etiam
2886 2128 2941 2183 hi
2968 2131 3058 2200 qui
3088 2131 3141 2185 in
3171 2146 3292 2187 eum
3324 2142 3506 2202 postea
3531 2139 3778 2194 credide-

2183 2225 2325 2270 runt.
2383 2217 2597 2272 Discant
2646 2229 2821 2274 autem
2872 2222 2965 2291 qui
3012 2221 3231 2279 formam
3271 2225 3489 2282 humani
3532 2232 3777 2300 corporis

2183 2306 2295 2362 Deo
2326 2308 2579 2375 tribuunt,
2606 2312 2874 2380 quomodo
2904 2312 3098 2369 habeat
3120 2315 3260 2371 Deus
3281 2332 3519 2374 manum.
3546 2320 3600 2375 Si
3627 2322 3773 2378 enim

2183 2400 2322 2469 quod
2355 2399 2514 2466 facit,
2574 2417 2735 2458 manu
2774 2402 2918 2471 facit,
2963 2406 3219 2476 numquid
3261 2418 3316 2463 et
3344 2409 3513 2481 ipsam
3553 2426 3771 2468 manum

2181 2505 2331 2546 suam
2362 2508 2519 2547 manu
2548 2492 2712 2548 facit?
2750 2494 3030 2562 Quomodo
3051 2512 3179 2568 ergo
3206 2497 3294 2553 hic
3324 2499 3526 2556 dictum
3554 2511 3670 2570 est,
3703 2503 3773 2558 Et

2179 2583 2339 2638 sciant
2372 2585 2609 2654 quoniam
2635 2602 2815 2639 manus
2840 2596 2929 2640 tua
2955 2588 3082 2654 litvo,
3114 2598 3160 2642 et
3200 2598 3279 2656 tu,
3324 2590 3560 2655 Domine,
3605 2595 3773 2665 fecisti

2173 2676 2327 2743 eam?
2353 2675 2710 2747 lntelligamus
2741 2678 2917 2748 itaque
2943 2693 3159 2734 manum
3180 2680 3279 2735 Dei
3309 2695 3430 2738 esse
3449 2683 3727 2739 Christum
3751 2703 3767 2739 :

2177 2766 2316 2821 unde
2345 2767 2466 2821 alibi
2504 2768 2716 2834 dicitur,
2750 2768 2817 2823 Et
2848 2769 3106 2824 brachium
3136 2770 3343 2825 Domini
3372 2774 3457 2827 cui
3491 2776 3771 2831 revelatam:

2177 2866 2249 2913 est
2283 2856 2437 2929 (Isai.
2471 2874 2579 2923 LIII,
2612 2860 2711 2930 t)?
2749 2860 2872 2914 Hazc
2900 2875 3090 2916 manus
3122 2871 3177 2917 et
3212 2872 3349 2930 erat,
3386 2872 3439 2919 et
3466 2864 3765 2932 feciteam;

2173 2952 2315 3021 quia,
2348 2950 2416 3005 In
2437 2952 2684 3023 principio
2706 2962 2814 3006 erat
2844 2951 3082 3021 Verbum,
3109 2965 3159 3009 et
3182 2953 3400 3011 Verbum
3429 2974 3547 3013 coro
3566 2959 3766 3029 factum

2173 3054 2244 3098 est
2272 3043 2446 3116 (Joan.
2483 3060 2517 3109 ι,
2543 3046 2595 3109 1,
2626 3044 2713 3115 M)
2748 3062 2761 3099 :
2792 3055 2847 3101 et
2885 3054 2999 3101 erat
3028 3048 3146 3103 sine
3196 3057 3437 3121 tempore
3461 3051 3764 3109 secundum

2172 3134 2523 3203 divinitatem,
2552 3146 2603 3191 et
2632 3137 2803 3193 factus
2843 3147 2924 3194 est
2947 3140 2998 3195 ei
3029 3155 3094 3196 ex
3128 3142 3338 3199 semine
3360 3143 3531 3200 David
3558 3159 3763 3202 secun-

2170 3226 2294 3289 dum
2323 3242 2541 3281 carnem
2571 3226 2746 3298 (Rom.
2774 3244 2812 3294 ι,
2843 3230 2923 3300 ⁸5).

2241 3319 2328 3374 50.
2371 3317 2518 3391 [vers.
2547 3318 2661 3392 28.]
2694 3320 3000 3377 Maledicent
3025 3323 3121 3390 illi,
3144 3333 3194 3378 et
3224 3334 3276 3379 tu
3298 3326 3574 3383 benedica.
3606 3328 3760 3386 Vana

2164 3420 2245 3466 est
2278 3426 2404 3481 ergo
2443 3420 2497 3466 et
2526 3411 2657 3466 falsa
2694 3413 2996 3469 maledictio
3022 3415 3249 3483 ﬁliorum
3295 3419 3590 3489 hominum,
3629 3423 3758 3479 dili-

2160 3504 2400 3573 gentiam
2433 3504 2741 3571 vanitatem,
2759 3515 2815 3561 et
2839 3509 3189 3577 quatientium
3216 3511 3544 3569 mendacium
3572 3514 3756 3589 (Poet.

2164 3609 2242 3662 tv,
2271 3595 2361 3666 5);
2413 3596 2549 3651 Deus
2576 3606 2754 3652 autem
2783 3614 2904 3654 cum
2937 3600 3230 3669 benedieit,
3282 3604 3405 3660 facit
3431 3607 3571 3676 quod
3592 3607 3755 3664 dicit.

2159 3688 2267 3757 Qui
2300 3690 2569 3761 insurgunt
2606 3692 2659 3745 in
2702 3709 2799 3759 me,
2832 3696 3260 3766 confundantur‘.
3305 3697 3374 3753 Ut
3402 3702 3541 3754 enim
3573 3702 3757 3758 insur-

2161 3790 2288 3853 gant
2329 3783 2527 3853 aliquid
2570 3799 2629 3839 se
2656 3785 2909 3841 adversus
2954 3803 3041 3843 me
3085 3789 3344 3858 prolicere
3385 3792 3753 3861 arbitrantur;

2161 3874 2256 3930 sed
2283 3888 2403 3929 cum
2430 3875 2690 3931 exaltatus
2718 3875 2865 3931 fuero
2894 3892 3054 3947 super
3081 3881 3265 3944 caelos,
3296 3890 3343 3935 et
3376 3897 3497 3937 esse
3523 3887 3756 3954 cmperit

2160 3981 2321 4037 super
2356 3982 2567 4022 onmem
2594 3977 2785 4022 terram
2813 3969 2979 4039 gloria
3008 3986 3146 4041 mea,
3174 3972 3583 4031 confundentur.
3614 3976 3753 4032 Ser-

2157 4075 2250 4114 vus
2274 4069 2441 4115 autem
2467 4070 2581 4115 tuus
2611 4061 2860 4115 (relabitur
2890 4079 2908 4116 :
2938 4064 3050 4118 sive
3078 4065 3129 4118 in
3158 4065 3373 4121 dextera
3388 4068 3586 4135 Patris,
3633 4070 3753 4125 sive

2157 4152 2213 4209 in
2243 4155 2496 4210 membris
2542 4156 2653 4209 suis
2705 4155 3022 4222 latentibus,
3070 4166 3125 4213 et
3150 4159 3291 4215 inter
3324 4164 3649 4218 tentationes
3692 4164 3748 4218 in

2156 4259 2270 4315 5pc,
2295 4253 2486 4315 etpost
2514 4246 2829 4301 tentationes
2855 4250 2903 4300 in
2936 4257 3213 4304 aeternum.

2226 4338 2314 4393 '51.
2334 4336 2480 4411 [vers
2501 4337 2614 4411 29.]
2633 4336 2922 4392 Induantur
2936 4342 3023 4409 qui
3036 4342 3307 4397 detrahunt
3320 4347 3443 4399 mili
3461 4347 3709 4416 pudorem
3728 4366 3744 4403 :

2150 4426 2207 4486 id
2233 4439 2333 4496 est,
2367 4430 2561 4500 pudeat
2589 4446 2683 4485 eos
2708 4432 3006 4487 detraxisse
3035 4434 3185 4489 mihi.
3226 4436 3330 4491 Sed
3350 4438 3459 4493 'hoe
3478 4447 3659 4508 potest
3688 4450 3744 4496 et

2154 4521 2207 4576 in
2233 4520 2374 4575 bono
2403 4522 2589 4591 accipi,
2633 4521 2758 4576 dum
2800 4524 3155 4594 corriguntur.
3207 4526 3272 4580 Et
3298 4530 3590 4597 operiuntur
3606 4532 3746 4585 sicut

2153 4613 2427 4684 diploidem
2466 4614 2811 4683 confusionem
2838 4630 3001 4671 suam.
3055 4617 3253 4690 Diplois
3290 4618 3487 4689 duplex
3514 4622 3741 4690 pallium

2150 4715 2252 4761 est.
2292 4706 2422 4760 Nam
2470 4706 2682 4775 quidam
2728 4708 2889 4761 etiam
2936 4710 3011 4763 sic
3045 4709 3375 4780 interpretati
3416 4722 3539 4767 sunt
3576 4714 3738 4769 istum

2148 4814 2363 4856 versum
2390 4816 2401 4853 :
2436 4798 2502 4853 Et
2530 4802 2821 4871 Oper-iantur
2845 4803 2974 4856 sicut
3002 4803 3220 4873 pallium
3250 4805 3438 4877 duplex
3473 4808 3739 4879 confusio-

2149 4910 2262 4948 nem
2287 4910 2449 4948 suam.
2504 4893 2817 4965 lntelligitur
2842 4905 3040 4964 autem,
3082 4882 3474 4953 cenfundantur
3502 4910 3555 4954 et
3592 4901 3736 4958 intus

2150 4994 2205 5041 et
2233 4985 2380 5052 foris,
2409 4984 2459 5040 id
2483 4995 2563 5040 est
2591 4994 2644 5040 et
2663 5001 2839 5040 coram
2876 4987 2983 5041 Deo
3002 4997 3057 5042 et
3082 5003 3263 5043 coram
3293 4990 3614 5046 humillimis.

2218 5079 2306 5137 52.
2351 5078 2500 5152 [vers.
2534 5080 2647 5153 50.]
2684 5080 2971 5151 Confitebor
2992 5080 3215 5137 Domino
3242 5084 3465 5139 nimisin
3492 5103 3579 5140 ore
3596 5104 3733 5144 meo.

2149 5171 2321 5228 Nimis
2348 5172 2449 5228 dici
2472 5175 2607 5228 solet
2629 5174 2678 5227 in
2706 5174 3086 5229 consuetudine
3111 5177 3372 5231 sermonis
3400 5178 3568 5244 latini,
3588 5180 3733 5248 quod

2147 5267 2264 5336 plus
2292 5276 2373 5320 est
2392 5282 2548 5337 quam
2578 5266 2735 5320 debet
2761 5283 2771 5317 :
2801 5267 2884 5319 cui
2910 5268 3231 5322 Contrarium
3254 5278 3333 5324 est
3357 5284 3563 5338 parum,
3582 5270 3734 5340 quod

2147 5360 2322 5415 minus
2349 5370 2429 5413 est
2455 5374 2614 5429 quam
2634 5357 2809 5412 debet.
2839 5357 2944 5413 Sed
2972 5359 3138 5423 nimis,
3170 5374 3342 5429 grtece
3358 5366 3480 5428 ἄγαν
3504 5360 3732 5430 dicitur;

2145 5452 2247 5507 iste
2270 5462 2445 5506 autem
2483 5465 2669 5505 versus
2699 5464 2803 5506 non
2833 5449 3003 5505 habet
3030 5456 3170 5518 ἄγαν,
3223 5452 3315 5506 sed
3347 5450 3506 5508 habet
3531 5457 3730 5526 σφόδρα.

2144 5544 2296 5612 Quod
2343 5543 2554 5614 quidam
2587 5544 2749 5597 nostri
2780 5544 2858 5598 sic
2885 5543 3385 5613 interpre’tatisunt,
3434 5553 3618 5614 utpro
3663 5561 3733 5601 co

2144 5646 2406 5711 ponerent
2455 5636 2737 5706 aliquando
2782 5637 2951 5701 m'mts,
3002 5636 3285 5715 aliquando
3316 5636 3494 5693 ualde.
3535 5636 3640 5694 Sed
3684 5638 3731 5697 si

2144 5733 2293 5787 nimis
2331 5746 2427 5801 pro
2452 5745 2516 5785 eo
2546 5730 2685 5801 quod
2710 5739 2791 5785 est
2817 5731 2964 5784 valde
2993 5730 3334 5801 intelligatur,
3372 5738 3546 5801 potest
3582 5739 3637 5787 et
3676 5732 3730 5791 in

2145 5823 2301 5881 laude
2329 5823 2484 5893 poni;
2526 5837 2647 5876 nam
2677 5830 2732 5876 et
2766 5821 2865 5875 ista
2909 5821 3173 5877 confessio
3206 5821 3419 5877 laudern
3438 5821 3725 5892 signiﬁcat.

2212 5944 2227 5974 ί
2262 5945 2334 5993 Sic
2358 5950 2455 5991 Am.
2478 5944 2554 5987 Er.
2579 5943 2631 5988 et
2652 5935 2819 5999 plures
2840 5940 2945 5987 Mss.
2973 5940 3030 5985 At
3049 5940 3181 5997 hom,
3201 5933 3574 5998 suum.
