4070 6472
262 559 337 617 Ita
374 556 526 614 enim
565 544 848 623 sequius:
894 536 966 601 Et
1005 534 1065 599 in
1111 533 1278 596 medio
1319 534 1598 592 multorum
1644 531 1864 587 laudabo

263 667 400 710 ctam.
437 648 580 704 Dicit
620 647 784 701 etiam
826 641 880 697 in
919 638 1028 694 alio
1055 635 1281 706 psalmo,
1325 629 1398 686 In
1435 627 1599 682 medio
1629 623 1871 679 Ecclesiae

263 744 481 802 cantabo
499 750 549 795 re
571 738 745 808 (Pent.
779 748 889 802 xxv,
920 729 1040 801 2’5).
1062 727 1170 786 Sed
1191 739 1314 783 eum
1339 724 1456 794 ipsa
1483 725 1665 776 cantat
1684 716 1871 773 "Eccle-

264 841 366 906 sia,
395 851 519 909 qua:
537 847 735 905 corpus
755 839 838 888 est
851 826 1072 893 Christi,
1106 820 1374 896 quomodo
1399 819 1453 873 in
1480 815 1658 871 medio
1682 812 1868 909 Eccle-

263 931 359 987 sia:
387 906 576 985 cantat
600 922 871 982 Ecclesia?
896 921 971 976 ita
996 926 1050 974 et
1069 917 1157 973 hic
1177 912 1330 971 multi
1352 925 1475 967 cum
1497 909 1606 965 sint
1626 906 1869 964 membra

263 1023 491 1088 Christi,
539 1021 586 1076 si
615 1033 738 1076 cum
765 1016 866 1087 ipsi
892 1012 1113 1069 laudant
1135 1011 1174 1076 ί,
1209 1007 1302 1062 ille
1325 1003 1524 1066 laudat,
1548 1001 1670 1072 quia
1689 1013 1869 1053 mem-

263 1113 361 1172 bra
401 1121 531 1171 sunt
560 1113 716 1181 ejus;
751 1106 1022 1181 quomodo
1065 1105 1120 1158 in
1147 1099 1329 1156 medio
1355 1096 1640 1152 multorum
1666 1090 1866 1153 laudat,

261 1208 484 1281 quando
528 1206 656 1276 ipsis
683 1202 863 1258 multis
899 1195 1238 1254 laudantibus
1259 1191 1453 1247 dicitur
1478 1189 1593 1258 ipse
1613 1181 1870 1240 laudare?

263 1276 347 1358 Ᾱιι
379 1301 506 1357 ideo
531 1295 715 1356 laudat
743 1297 796 1351 in
825 1292 1006 1350 medio
1030 1290 1346 1353 multorum,
1377 1285 1500 1356 quia
1525 1295 1646 1337 cum
1678 1276 1870 1334 Eccle-

259 1397 342 1452 sia
392 1408 490 1450 sua
546 1401 631 1448 est
677 1391 766 1446 hic
818 1402 990 1460 usque
1031 1386 1085 1440 in
1129 1379 1646 1440 consummationem
1687 1372 1871 1430 muli

259 1487 485 1553 (Matth.
523 1499 706 1549 xxml,
746 1481 878 1556 20);
917 1477 1136 1550 utquod
1162 1477 1254 1541 ait,
1293 1475 1351 1530 in
1373 1472 1540 1528 medie
1571 1471 1866 1536 multorum,

259 1576 369 1634 hoc
394 1578 723 1646 accipiamus
746 1572 889 1645 quod
916 1571 984 1626 ab
1008 1569 1210 1626 eisdem
1242 1565 1425 1622 muttis
1452 1559 1785 1619 honoratur?
1807 1559 1870 1614 In

260 1671 451 1726 medio
472 1670 670 1740 quippe
693 1681 813 1722 esse
839 1663 1053 1730 dicitur,
1084 1662 1169 1718 cui
1193 1660 1368 1715 honor
1395 1657 1694 1728 praecipuus
1713 1653 1870 1708 exhi-

261 1760 446 1818 betur.
487 1761 548 1816 Si
577 1767 755 1814 autem
797 1770 895 1811 cor
933 1764 1022 1810 est
1050 1762 1305 1823 tanquam
1337 1748 1571 1804 hominis
1597 1745 1868 1810 medium;

262 1854 402 1911 nihil
433 1853 629 1910 melius
671 1847 984 1920 intelligitur
1030 1845 1252 1909 dictum,
1305 1855 1465 1913 quam
1519 1841 1575 1896 in
1619 1837 1872 1894 cordibus

259 1947 562 2003 multorum
605 1942 833 1999 laudabo
875 1955 1019 1997 eum.
1065 1938 1281 1993 Habitat
1315 1935 1457 1992 enim
1493 1932 1740 1990 Christus
1774 1945 1874 2002 per

263 2037 432 2095 Idem
459 2038 515 2092 in
533 2035 788 2093 cordibus
809 2032 1012 2089 nostris
1033 2028 1249 2102 (Ephes.
1275 2043 1360 2094 tu,
1390 2025 1482 2097 17)
1507 2043 1520 2081 :
1548 2035 1608 2082 et
1625 2025 1748 2080 ideo
1771 2022 1870 2091 ait,

259 2132 324 2187 in
345 2148 432 2187 ore
455 2137 588 2198 ntro,
616 2130 670 2185 id
696 2128 854 2185 estin
884 2137 980 2183 cre
1000 2124 1242 2194 corporis
1262 2122 1388 2189 mei,
1411 2119 1553 2192 quod
1579 2128 1662 2176 est
1689 2116 1873 2173 Eccle-

262 2223 374 2279 sia.
415 2221 596 2278 Corde
641 2219 787 2277 enim
832 2218 1070 2274 creditur
1101 2215 1174 2270 ad
1213 2213 1520 2285 justitiam;
1573 2215 1870 2266 oreautent

263 2313 549 2372 confessio
579 2313 640 2368 ﬁt
665 2311 733 2368 ad
757 2311 981 2367 salutem
1010 2305 1184 2379 (Rom.
1214 2323 1269 2369 χ,
1300 2302 1414 2375 10).

347 2431 438 2487 '53.
478 2427 646 2504 [vers.
676 2425 802 2502 δι]
844 2425 976 2492 Quia
1015 2422 1170 2478 astitit
1207 2437 1240 2474 a
1267 2417 1458 2474 dextris
1497 2415 1752 2487 pauperis.
1795 2412 1872 2468 De

264 2519 411 2580 Juda
437 2522 638 2577 dictum
666 2528 802 2585 erat,
837 2515 905 2572 Et
933 2515 1166 2570 diabolus
1194 2521 1288 2567 stet
1316 2527 1348 2564 a
1376 2509 1566 2564 dextris
1594 2508 1705 2579 ejus
1727 2523 1746 2573 ;
1780 2504 1869 2576 qui

266 2630 401 2673 suas
441 2613 654 2670 divitias
695 2626 891 2682 augere
915 2608 1083 2662 volnit
1121 2604 1335 2662 Christo
1367 2601 1583 2658 vendito
1618 2618 1630 2654 :
1662 2599 1749 2654 hic
1776 2613 1872 2651 au-

267 2713 382 2762 tem
433 2705 688 2760 Dominus
736 2702 895 2756 astitit
937 2710 971 2754 ο
1013 2699 1204 2754 dextris
1249 2695 1523 2767 pauperis,
1572 2699 1628 2746 ut
1674 2689 1870 2744 divitia:

268 2797 526 2871 pauperis
569 2795 676 2851 sint
711 2795 829 2865 ipse
874 2792 1148 2846 Dominus.
1196 2787 1364 2843 Astitit
1401 2787 1594 2857 quippe
1620 2799 1652 2836 a
1679 2780 1870 2836 dextris

269 2889 545 2966 pauperis,
581 2887 686 2945 non
715 2899 771 2944 ut
802 2887 848 2942 ei
879 2883 1258 2955 multiplicaret
1287 2895 1456 2934 annos
1484 2877 1604 2932 vitae
1630 2871 1870 2946 quando-

267 3003 378 3060 que
408 2983 660 3040 ﬁniendae
683 3025 696 3050 ,
727 2995 899 3052 neque
937 2988 997 3034 ut
1038 2977 1154 3048 ejus
1180 2983 1397 3044 augeret
1424 2971 1701 3043 pecuniam
1723 3008 1738 3036 ,
1781 2974 1872 3021 aut

269 3096 394 3138 eum
427 3079 628 3135 faceret
667 3076 907 3148 corporis
937 3067 1139 3127 viribus
1185 3068 1379 3124 fortem
1403 3109 1418 3131 ,
1448 3065 1531 3121 vel
1563 3063 1629 3118 ad
1661 3073 1871 3131 tempus

270 3171 632 3234 incolumem;
653 3167 747 3224 sed
773 3178 828 3222 ut
845 3165 1046 3219 salvam
1072 3165 1279 3234 faceret,
1303 3160 1492 3231 inquit,
1517 3174 1547 3209 a
1575 3170 1872 3227 persequen-

265 3265 404 3322 tibus
432 3265 663 3319 animam
689 3275 870 3315 meam.
895 3257 1054 3312 Salva
1086 3255 1143 3309 ﬁt
1170 3262 1347 3308 autem
1373 3265 1404 3304 a
1429 3245 1871 3320 persequentibus

272 3362 448 3418 anima
473 3400 492 3428 ,
542 3357 587 3414 si
630 3371 736 3411 non
773 3353 851 3409 eis
880 3348 1246 3407 consentiatur
1283 3344 1348 3400 ad
1378 3343 1612 3409 malum;
1659 3354 1772 3410 non,
1793 3337 1872 3392 eis

271 3463 450 3510 autem
484 3448 858 3512 consentitur,
890 3459 1011 3500 cum
1053 3439 1254 3495 assistit
1294 3436 1552 3492 Dominus
1590 3449 1619 3488 a
1667 3429 1870 3487 dextris

271 3544 548 3620 pauperis,
580 3556 649 3596 ne
675 3540 788 3612 ipsa
818 3543 1163 3608 paupertate,
1196 3531 1247 3586 id
1276 3538 1358 3586 cst
1385 3525 1713 3593 inﬁrmitate,
1744 3538 1869 3579 suc-

271 3613 511 3695 cumbat.
543 3633 662 3689 Hoc
688 3628 1009 3701 adjutorium
1042 3621 1337 3698 prmstitum
1363 3627 1447 3676 est
1473 3618 1684 3688 corpori
1708 3613 1868 3672 Chri-

267 3731 339 3790 sti
367 3730 422 3786 in
449 3725 656 3784 sanctis
682 3720 1009 3794 martyribus
1036 3716 1307 3774 omnibus.

267 3874 1200 3911 ,_____,_._...__.____._.

755 3977 841 4043 IN
880 3969 1264 4038 PSALMUM
1303 3966 1447 4032 CIX

865 4093 1285 4155 ENARRATIO.

811 4232 985 4280 διεΜο
1014 4232 1083 4274 AD
1111 4227 1338 4271 Ρικηει.

343 4347 396 4403 ι.
435 4343 712 4413 Quantum
751 4336 1014 4394 Dominus
1065 4332 1268 4399 donat,
1308 4328 1400 4402 φῆ
1451 4340 1552 4384 nos
1597 4325 1871 4381 ministros

271 4437 555 4496 constituit
586 4431 744 4488 verbi
799 4436 855 4486 et
894 4423 1214 4484 sacramenti
1251 4421 1336 4477 sui
1388 4420 1590 4476 servire
1626 4417 1779 4474 vobis
1818 4417 1870 4471 in

274 4533 431 4602 adipe
460 4523 848 4585 misericordia:
872 4535 1007 4589 sua,
1031 4515 1365 4588 suscepimus
1393 4512 1655 4584 psalmum
1687 4509 1866 4575 istum,

271 4640 434 4699 quem
463 4620 629 4677 modo
656 4616 994 4674 cantavimus
1016 4655 1030 4680 ,
1062 4612 1280 4666 brevem
1308 4620 1534 4662 numero
1559 4601 1868 4666 verborum,

261 4694 530 4790 nugamm
578 4711 816 4786 pondere
859 4706 1242 4764 sententiarum
1265 4743 1280 4768 ,
1321 4699 1605 4771 adjuvante
1651 4695 1741 4752 illo
1781 4694 1870 4765 qui

276 4825 373 4868 vos
402 4811 532 4867 fecit
555 4807 814 4870 intentos,
833 4812 898 4858 ut
927 4808 982 4856 et
1011 4813 1108 4855 nos
1129 4797 1291 4852 faciat
1320 4794 1562 4857 idoneos,
1583 4791 1724 4846 sicut
1749 4797 1872 4860 pos-

276 4918 469 4962 sumus
490 4944 505 4968 ,
535 4897 883 4957 considerare
911 4903 1072 4964 atque
1095 4897 1348 4946 tractare.
1382 4886 1537 4940 Vivat
1573 4883 1749 4938 anima
1775 4895 1872 4936 ve-

273 5007 389 5053 stra
412 5037 426 5063 ,
467 5001 526 5050 et
561 4990 747 5063 vigiiet
795 4989 849 5043 in
892 4987 1081 5042 Deum.
1136 4982 1370 5052 Tempus
1417 4977 1558 5032 enim
1598 4973 1875 5030 constituit

281 5089 421 5147 Deus
451 5083 742 5159 promissis
771 5081 900 5146 suis,
935 5087 991 5135 et
1014 5087 1222 5145 tempus
1249 5074 1326 5129 eis
1357 5087 1472 5143 quae
1505 5068 1746 5140 promisit
1767 5067 1874 5121 im-

280 5183 514 5255 plendis.
541 5176 965 5235 Promissionum
991 5179 1203 5239 tempus
1227 5175 1345 5222 erat
1373 5173 1616 5255 tempore
1637 5159 1874 5230 Prophe-

281 5253 457 5330 tarum
501 5284 674 5341 usque
699 5265 769 5322 ad
800 5265 1063 5320 Joannem
1089 5259 1381 5330 Baptistam
1413 5271 1426 5308 :
1459 5254 1528 5308 ab
1570 5253 1660 5308 illo
1696 5261 1874 5306 autem

278 5375 337 5423 et
361 5365 623 5433 deinceps
650 5373 819 5431 usque
841 5356 907 5412 ad
935 5355 1116 5419 ﬁnem,
1134 5360 1350 5422 tempus
1375 5355 1459 5404 est
1483 5342 1734 5416 implendi
1755 5357 1876 5415 quae

277 5458 551 5531 promissa
579 5460 724 5509 sunt.
768 5448 971 5507 Fidelis
997 5446 1140 5501 Deus
1168 5442 1264 5513 qui
1303 5455 1362 5497 se
1389 5446 1634 5495 nostrum
1662 5435 1876 5492 debito-

279 5526 398 5608 rem
424 5549 594 5614 iecit;
627 5559 734 5601 non
759 5537 966 5612 aliquid
991 5554 1020 5594 a
1052 5535 1207 5592 nobis
1235 5531 1545 5604 accipiendo
1565 5572 1580 5598 ,
1609 5526 1702 5586 sed
1733 5533 1876 5584 tanta

279 5644 442 5702 nobis
465 5636 848 5712 promittendo.
876 5633 1072 5688 Parum
1093 5635 1211 5685 erat
1231 5623 1536 5697 promissio,
1560 5623 1719 5678 etiam
1747 5619 1879 5676 scri-

277 5747 380 5809 pto
403 5711 478 5792 se
496 5731 671 5790 teneri
701 5727 905 5790 voluit,
935 5721 1098 5778 veluti
1129 5715 1634 5787 iaciensnobiscum
1673 5711 1879 5768 chriro-

249 5829 554 5906 .graphum
606 5822 998 5898 promissorum
1053 5827 1318 5879 suortuu;
1379 5818 1438 5869 ut
1481 5825 1604 5867 cum
1649 5822 1714 5866 ea
1759 5820 1878 5878 quae

354 5945 1344 6019 tuenstsddqdcutipsitaudmt.

1382 413 1784 477 suaenam
1816 397 2254 477 uisam
2290 378 2428 472 CIX.

3415 410 3568 474 ως

1973 529 2230 600 promisit
2243 528 2462 590 solvere
2485 525 2776 598 inciperet,
2802 524 2860 587 is
2879 521 3152 598 scripturo
3169 524 3566 598 promissorum

1969 623 2442 680 consideraremus
2481 620 2725 679 ordinem
2761 619 3164 683 solvendorum.
3194 619 3430 692 Tempus
3459 619 3567 680 ita-

1977 727 2083 785 que
2107 714 2425 786 prophetia,
2444 712 2728 786 prsidiotio
2751 721 2869 770 erat
2884 754 2899 779 ,
2930 721 2988 774 ut
3011 726 3153 782 smpe
3174 710 3285 783 jam
3311 710 3564 779 diximus,

1973 809 2417 879 promissionum.
2441 808 2698 864 Promisit
2717 807 2947 864 saliuam
2971 813 3250 871 uernam,
3279 813 3338 862 et
3352 804 3566 862 beatam

1973 901 2142 958 vitam
2166 918 2288 957 cum
2319 901 2538 972 Angelis
2567 901 2684 956 sine
2708 899 2835 968 ﬁne,
2865 898 3311 960 etghatreditatem
3342 898 3566 954 immur-

1977 993 2304 1060 eescibilem,
2334 993 2556 1064 gloriam
2587 992 2996 1064 sempiternam,
3020 990 3360 1049 dulcedinem
3389 989 3566 1050 vultus

1971 1085 2082 1151 sui,
2114 1084 2332 1140 (limum
2365 1085 2800 1142 sanctiﬁcationis
2833 1099 2952 1139 sua:
2993 1084 3048 1138 in
3073 1082 3262 1152 oculis,
3291 1098 3356 1138 ex
3384 1096 3568 1138 resur-

1975 1176 2217 1232 rectione
2242 1191 2272 1232 a
2297 1177 2524 1234 mortuis
2542 1176 2744 1232 nullum
2769 1175 3026 1246 deinceps
3050 1174 3312 1230 moriendi
3341 1183 3565 1230 metum.

1981 1267 2095 1324 line
2124 1278 2204 1325 est
2232 1269 2553 1340 promissum
2580 1269 2698 1339 ejus
2723 1279 2972 1338 tanquam
2999 1266 3176 1333 ﬁnale,
3201 1282 3308 1338 quo
3333 1265 3568 1322 decurrit

1973 1372 2162 1420 nostra
2193 1362 2370 1418 omnis
2395 1363 2448 1418 in
2459 1362 2644 1428 tentia,
2670 1376 2778 1432 quo
2801 1376 2922 1416 cum
2944 1361 3268 1427 venerimus,
3299 1359 3427 1414 nihil
3454 1374 3566 1413 am-

1979 1455 2121 1526 plius
2165 1455 2536 1526 requiramus,
2577 1454 2716 1511 nihil
2754 1453 2986 1524 amplius
3024 1453 3325 1523 exigamus.
3355 1451 3461 1508 Sed
3499 1450 3566 1506 ad

1979 1547 2109 1603 illud
2152 1547 2295 1618 quod
2337 1547 2437 1603 erit
2486 1547 2536 1602 in
2569 1547 2676 1601 ﬁne
2719 1561 2827 1618 quo
2868 1544 3056 1600 ordine
3085 1543 3359 1610 veniatur,
3393 1557 3567 1613 neque

1975 1638 2082 1698 hoc
2131 1640 2296 1696 lauat
2337 1638 2698 1711 promittendo
2741 1645 2798 1692 ct
2831 1634 3268 1706 «priettuntiando.
3315 1633 3566 1690 Promisit

1973 1731 2126 1790 enim
2160 1730 2465 1786 hominibus
2492 1730 2824 1786 divinitatem
2847 1769 2863 1796 ,
2895 1726 3211 1787 mortalibus
3243 1724 3566 1782 immortali-

1975 1829 2143 1879 tatem
2166 1863 2182 1890 ,
2209 1822 2586 1892 peccatoribus
2621 1820 3056 1892 justiﬁcationem
3072 1855 3094 1884 .,
3119 1817 3343 1888 abjectis
3369 1815 3568 1887 gloriﬁ-

1978 1915 2267 1972 cationem.
2309 1915 2577 1987 Quidquid
2619 1913 2899 1985 promisit,
2921 1913 3156 1984 indignis
3197 1909 3440 1982 protrusit
3462 1949 3478 1976 ,
3509 1917 3568 1964 ut

1973 2023 2090 2065 non
2120 2010 2270 2080 quasi
2299 2009 2554 2081 operibus
2578 2023 2786 2064 merces
2810 2007 3216 2080 promitteretur
3233 2045 3249 2072 ,
3281 2003 3375 2058 sed
3399 2003 3568 2074 gratia
3667 2041 3672 2044 -

1975 2115 2010 2156 α
2039 2101 2374 2157 nominesuo
2397 2102 2566 2171 gratis
2593 2100 2829 2156 daretur.
2859 2098 2996 2168 Quia
3021 2107 3076 2155 et
3099 2098 3202 2154 hoc
3225 2097 3401 2167 ipsum
3425 2094 3568 2167 quod

1973 2194 2288 2265 iuste-uiuit,
2319 2195 2370 2248 in
2394 2201 2650 2265 quantum
2679 2193 2841 2248 homo
2867 2199 3045 2262 potest
3067 2192 3209 2261 iuetc
3230 2190 3433 2257 vivere,
3459 2203 3567 2246 non

1971 2287 2157 2346 meriti
2185 2287 2424 2351 humani,
2453 2286 2550 2342 sed
2581 2285 2827 2342 beneﬁcii
2851 2293 2934 2342 est
2961 2285 3127 2340 divini
3155 2284 3195 2337 ί.
3229 2283 3397 2338 Nemo
3422 2281 3566 2338 enim

1973 2378 2119 2448 iuste
2149 2379 2308 2446 vivit,
2339 2379 2438 2433 nisi
2475 2376 2828 2448 justiﬁcatus,
2862 2377 2913 2432 id
2938 2385 3055 2444 est,
3091 2376 3268 2446 justus
3295 2373 3518 2431 electus
3551 2390 3564 2428 :

1969 2470 2047 2525 ab
2085 2471 2177 2526 illo
2214 2479 2394 2526 autem
2433 2470 2498 2523 tit
2537 2469 2698 2524 homo
2730 2469 2940 2540 justus,
2967 2468 3056 2539 qui
3093 2481 3361 2538 nunquam
3386 2471 3565 2535 potest

1965 2575 2099 2618 «esse
2127 2562 2372 2630 injectus.
2395 2561 2550 2616 “Sicut
2577 2561 2723 2616 enim
2749 2561 2966 2616 lucerna
2991 2576 3095 2615 non
3121 2575 3152 2613 a
3176 2559 3350 2628 seipsa
3372 2570 3564 2612 θρωπε

1971 2654 2120 2710 ditur
2143 2695 2158 2720 ,
2194 2655 2269 2709 ita
2319 2668 2419 2712 nec
2455 2653 2632 2707 anima
2675 2652 2908 2708 humana
2948 2652 3049 2707 sibi
3089 2660 3305 2722 praestat
3347 2650 3563 2714 lucem;

1965 2745 2073 2802 sed
2101 2745 2293 2800 clamat
2316 2745 2382 2800 ad
2407 2746 2603 2810 Deum,
2636 2743 2714 2798 Tu
2752 2743 3065 2800 ittuminabis
3095 2743 3351 2798 lucernam
3375 2756 3562 2807 meatu,

1975 2837 2197 2893 Barsine
2222 2838 2391 2909 (Psal.
2423 2854 2554 2905 xw,
2579 2838 2696 2900 29).

2047 2930 2101 2985 2.
2144 2929 2274 2988 Cum
2313 2946 2442 3003 ergo
2479 2929 2854 3002 peccatoribus
2879 2928 3204 3000 promissum
3225 2926 3299 2982 sit
3339 2940 3562 2998 regnum

1969 3025 2238 3080 cmlorum
2263 3067 2276 3090 ,
2305 3039 2409 3079 non
2438 3025 2490 3078 in
2523 3032 2746 3093 peccato
2771 3021 3226 3093 permanentibus,
3259 3021 3350 3076 sed
3378 3035 3406 3074 a
3436 3034 3565 3090 pec—

1965 3126 2097 3173 .cato
2125 3117 2394 3182 liberatis,
2425 3127 2479 3173 et
2519 3117 2738 3186 justitia:
2779 3114 3177 3181 servientibus;
3221 3115 3362 3185 quod
3393 3115 3563 3185 ipsum

1976 3219 2036 3265 ut
2061 3212 2301 3283 possint,
2329 3212 2500 3282 gratia
2521 3253 2535 3275 ,
2569 3221 2628 3264 ut
2653 3210 2884 3265 diximus
2902 3251 2919 3277 ,
2946 3208 3268 3278 adjuvantur
3285 3249 3299 3273 ,
3327 3217 3382 3263 et
3407 3209 3475 3263 ab
3497 3222 3564 3262 eo

1975 3303 2065 3374 qui
2113 3318 2330 3374 semper
2371 3312 2456 3359 est
2497 3304 2717 3375 justus”
2741 3345 2756 3369 ,
2795 3303 3160 3374 iustiﬁcantur
3197 3319 3211 3354 :
3254 3300 3565 3356 incredibile

1975 3394 2258 3451 videbatur
2283 3403 2485 3450 tantam
2508 3396 2674 3450 Deum
2695 3409 2878 3451 curam
2901 3409 3088 3466 gerere
3113 3408 3212 3462 pro
3236 3391 3561 3458 hominibus,
3632 3425 3639 3431 -

1970 3485 2242 3560 hodieque
2271 3489 2358 3559 qui
2385 3488 2454 3544 de
2475 3489 2648 3560 gratia
2671 3488 2848 3543 divina
2870 3487 3177 3558 desperant,
3206 3494 3366 3556 atque
3389 3501 3418 3538 a
3445 3500 3565 3554 pes-

1974 3578 2128 3636 simis
2158 3580 2396 3636 moribus
2424 3579 2616 3636 nolunt
2652 3596 2712 3635 se
2743 3583 3056 3636 convertere
3088 3577 3156 3633 ad
3181 3576 3351 3633 Deum
3371 3620 3385 3642 ,
3418 3585 3475 3631 ut
3499 3575 3565 3631 ab

1966 3673 2068 3730 tilio
2111 3674 2469 3745 justiﬁcentur
2491 3716 2507 3744 ,
2553 3686 2609 3731 et
2651 3691 2748 3747 per
2793 3675 2909 3747 ejus
2949 3673 3334 3747 indulgentiam
3367 3672 3566 3728 delet-is

1971 3767 2230 3822 omnibus
2270 3767 2504 3837 peccatis
2527 3768 2646 3822 suis
2684 3766 2940 3837 incipiant
2973 3766 3028 3820 in
3075 3765 3167 3820 illo
3189 3767 3373 3820 vivere
3395 3763 3561 3834 juste,

1963 3857 2068 3928 qui
2105 3873 2382 3927 nunquam
2407 3858 2543 3912 vixit
2577 3857 2812 3927 injuste,
2859 3855 2998 3910 hanc
3029 3855 3232 3910 habent
3269 3855 3561 3925 perniciem

1976 3951 2318 4022 cogitationis
2353 3965 2464 4006 sua:
2491 3952 2540 4006 in
2571 3951 2812 4022 seipsos,
2845 3959 2905 4005 ut
2929 3950 3108 4006 dicunt
3138 3949 3302 4004 Deum
3339 3965 3430 4004 res
3464 3949 3565 4004 hu-

1965 4060 2162 4102 manas
2199 4060 2306 4101 non
2348 4059 2574 4112 curare,
2613 4060 2713 4100 nec
2755 4044 2879 4100 inde
2923 4056 3080 4115 posse
3116 4045 3350 4114 cogitare
3379 4043 3562 4098 mundi

1973 4138 2140 4208 hujus
2163 4135 2423 4194 artiﬁcem
2449 4145 2607 4208 atque
2629 4145 2918 4203 rectorem,
2945 4135 3394 4208 quemadmodum
3417 4135 3565 4206 quis-

1975 4245 2082 4301 que
2118 4228 2367 4286 mortalis
2413 4229 2467 4284 in
2507 4237 2654 4284 terra
2692 4228 2855 4283 vivat.
2899 4227 2975 4283 Ita
3025 4243 3124 4283 nec
3169 4227 3465 4298 computari
3505 4240 3566 4282 se

1979 4326 2144 4381 homo
2173 4333 2323 4395 putat
2349 4339 2379 4378 a
2409 4324 2518 4379 Deo
2543 4365 2558 4391 ,
2585 4323 2675 4392 qui
2706 4323 2877 4379 factus
2911 4331 2993 4378 est
3017 4337 3046 4378 a
3069 4321 3206 4378 Deo.
3233 4320 3420 4376 Talem
3463 4319 3564 4376 ho-

1965 4421 2175 4475 minem
2203 4419 2248 4474 si
2271 4418 2468 4489 alloqui
2513 4417 2774 4488 possimus
2799 4432 2812 4473 :
2856 4416 2898 4471 si
2929 4414 3177 4471 admittat
3206 4427 3301 4470 nos
3329 4414 3474 4484 prius
3499 4413 3565 4469 ad

1977 4526 2135 4568 aures
2159 4525 2303 4576 suas,
2326 4510 2521 4567 deinde
2545 4513 2610 4566 ad
2635 4525 2731 4566 cor
2759 4523 2912 4565 suum
2934 4527 2948 4576 ;
2977 4511 3022 4565 si
3050 4523 3154 4564 non
3187 4508 3410 4580 repellat
3431 4508 3566 4566 resi-

1975 4603 2168 4660 stendo
2205 4611 2534 4675 quaerentem
2573 4617 2660 4667 se,
2709 4612 2763 4657 et
2795 4590 3294 4672 patiatur'perditus
3335 4601 3565 4656 inveniri

1973 4709 2074 4764 se;
2107 4710 2391 4768 possumus
2421 4694 2468 4750 ei
2503 4695 2682 4750 dicere
2711 4711 2724 4747 :
2758 4693 2802 4749 Ο
2828 4693 2988 4749 homo
3007 4735 3022 4760 ,
3048 4694 3318 4765 quoinodo
3343 4702 3399 4751 te
3423 4695 3566 4750 Deus

1967 4789 2177 4845 factum
2207 4803 2316 4843 non
2355 4787 2718 4858 computabit,
2750 4787 2839 4858 qui
2881 4795 2938 4842 ut
2962 4787 3122 4842 ﬁeres
3145 4798 3274 4843 ante
3312 4786 3565 4842 curavit?

1970 4882 2086 4938 Cur
2126 4888 2182 4936 te
2221 4881 2273 4935 in
2313 4881 2502 4936 ordine
2547 4894 2724 4934 rerum
2767 4880 3098 4935 conditarum
3145 4879 3411 4934 numerari
3453 4892 3562 4934 non

1978 4972 2178 5045 putas?
2207 4971 2334 5027 "Noli
2364 4971 2584 5026 credere
2603 4970 2626 5002 ³
2645 4967 2917 5027 seductori
2947 4988 2964 5025 :
2994 4969 3168 5041 capilli
3190 4969 3269 5024 tui
3299 4969 3564 5024 numerati

1972 5076 2106 5124 sunt
2131 5066 2396 5122 conditori
2424 5064 2637 5140 (Matt/1.
2674 5083 2729 5135 ιι,
2756 5067 2870 5138 30).
2901 5066 3013 5121 Hoc
3037 5064 3266 5135 denique
3295 5070 3350 5119 et
3369 5061 3563 5118 Domi—

1974 5173 2081 5216 nus
2107 5159 2159 5214 in
2187 5157 2478 5230 Evangelio
2500 5157 2780 5231 discipulis
2809 5158 2902 5226 ait,
2921 5171 2998 5214 ne
3036 5163 3263 5212 mortem
3289 5155 3561 5222 timerent,

1973 5267 2051 5309 ine
2081 5251 2286 5322 aliquid
2311 5263 2464 5307 suum
2500 5251 2556 5306 in
2579 5261 2760 5307 morte
2788 5251 3078 5321 periturum
3109 5255 3376 5320 putarent.
3404 5245 3484 5302 illi
3511 5247 3563 5302 in

1981 5353 2157 5403 morte
2177 5345 2246 5402 de
2271 5346 2446 5401 anima
2473 5357 2568 5400 sua
2596 5342 3061 5415 pertimescebant,
3091 5340 3181 5396 ille
3205 5341 3338 5412 ipsis
3365 5341 3567 5398 securi-

1982 5450 2145 5499 tatem
2167 5440 2333 5496 etiam
2355 5438 2422 5495 de
2443 5438 2653 5509 capitlis
2679 5436 2856 5492 dabat.
2877 5433 3030 5490 'Itane
3051 5447 3179 5490 vero
3203 5433 3377 5490 anima
3404 5431 3565 5506 perit,

1982 5535 2137 5608 cujus
2158 5531 2382 5605 capillus
2411 5545 2517 5587 non
2548 5529 2730 5602 perit?
2767 5529 3166 5595 Verumtamen,
3191 5527 3413 5596 fratres,
3446 5527 3567 5599 quia

1984 5626 2300 5685 incredibile
2350 5622 2634 5680 videbatur
2690 5620 2993 5677 hominibus
3039 5620 3182 5693 quod
3226 5621 3568 5694 promittebat

2049 5813 2069 5846 ι
2097 5819 2210 5861 Mss.
2233 5807 2483 5871 plerique,
2501 5811 2598 5853 non
2611 5799 2789 5871 mitti,
2811 5801 2898 5852 sed
2921 5797 3140 5868 beneﬁcii
3154 5804 3242 5854 est.

2050 5877 2072 5910 ι
2103 5863 2418 5934 γριλιιδωὲ,
2442 5869 2585 5916 abest
2606 5877 2634 5916 a
2658 5863 2907 5934 plerisque
2926 5871 3034 5934 913s.

2059 5935 2080 5969 ³
2111 5917 2384 5985 ἐῖἶλῖιιίὲι
2403 5917 2479 5978 Er.
2505 5935 2557 5978 At
2580 5917 2709 5989 Mss,
2733 5917 2838 5980 Noti
2855 5924 3045 5980 cedere.
3068 5933 3200 5990 ῐλονη
3219 5919 3347 5977 Nulli
3360 5917 3525 5975 crede.
