4090 6484
544 417 679 477 ιμτ

542 535 703 600 Deus,
747 546 814 590 ex
854 534 955 590 hac
983 530 1307 589 mortalitate
1330 571 1346 598 ,
1389 530 1733 601 corruptione
1754 571 1772 598 ,
1797 529 2120 601 ahjectione,

538 626 869 691 inﬁrmitate,
898 626 1120 697 pulvere
1144 632 1200 679 et
1224 623 1404 679 cinere
1431 623 1633 677 futuros
1669 623 1914 678 homines
1938 638 2122 694 aequa-

539 718 619 773 les
641 717 860 787 Angelis
885 716 979 771 Dei
1006 732 1021 781 ;
1050 730 1157 770 non
1181 714 1353 769 solum
1377 714 1713 784 Scripturam
1741 731 1861 771 cum
1894 714 2124 771 homini-

538 808 636 864 bus
665 807 825 875 fecit,
864 814 923 862 ut
955 806 1276 871 crederent;
1321 806 1413 861 sed
1454 807 1615 861 etiam
1643 806 1765 863 ﬁdei
1806 821 1916 862 sua:
1947 807 2124 877 posuit

537 900 905 965 mediatorem,
951 913 1056 954 non
1083 898 1378 969 quemlibet
1421 899 1715 969 principem
1741 940 1756 966 ,
1802 908 1894 955 aut
1933 915 2122 969 quem-

537 994 667 1049 libet.
695 993 938 1063 angelum
964 993 1052 1048 vel
1081 992 1459 1063 archangelum
1480 1034 1495 1059 ,
1520 993 1613 1048 sed
1643 994 1855 1049 unicum
1881 992 2073 1048 Filium
2102 1009 2118 1048 :

534 1094 592 1139 ut
628 1099 731 1154 qua
773 1084 857 1139 via
910 1099 1008 1139 nos
1056 1084 1409 1154 perducturus
1461 1093 1605 1140 esset
1646 1085 1711 1140 ad
1764 1086 1911 1145 illum
1958 1085 2118 1141 tinem

530 1192 689 1247 quem
736 1178 1020 1247 promisit,
1073 1194 1169 1250 per
1227 1197 1347 1237 eum
1388 1182 1560 1253 ipsum
1606 1183 1800 1237 Filium
1857 1197 2011 1237 suum
2064 1190 2120 1237 et

529 1268 837 1324 ostenderet
858 1276 912 1324 et
938 1270 1218 1338 praeberet.
1262 1272 1455 1327 Parum
1487 1273 1629 1328 enim
1665 1281 1779 1328 erat
1805 1273 1916 1328 Deo
1941 1273 1986 1327 si
2025 1272 2117 1327 Fi-

530 1360 663 1417 lium
688 1376 841 1417 suum
876 1363 1075 1418 faceret
1099 1364 1579 1421 demonstratorem
1605 1367 1743 1434 viae;
1785 1382 1905 1422 eum
1942 1366 2117 1436 ipsum

529 1453 667 1508 viam
697 1454 839 1522 fecit,
882 1462 940 1510 ut
978 1470 1075 1527 per
1102 1456 1251 1513 illum
1282 1457 1389 1514 ires
1414 1468 1689 1529 regentem
1727 1468 1800 1526 te,
1841 1459 2118 1516 ambulan-

530 1554 638 1603 tem
672 1562 766 1617 per
790 1562 872 1604 se.

601 1640 654 1693 5.
696 1639 948 1694 Promisit
970 1655 1100 1711 ergo
1134 1640 1256 1712 quia
1284 1640 1494 1696 venturi
1518 1656 1758 1698 essemus
1788 1643 1856 1699 ad
1886 1659 2031 1711 eum,
2059 1644 2113 1700 id

528 1740 611 1788 est
638 1731 702 1786 ad
727 1732 868 1786 illam
898 1732 1219 1789 ineﬁ'abilem
1248 1734 1724 1803 immortalitatem,
1759 1744 1814 1791 et
1842 1752 1963 1792 cum
1998 1738 2113 1792 An-

529 1824 664 1893 gelis
689 1823 804 1894 ejus
834 1824 1210 1894 atqualitatem.
1260 1824 1428 1893 Quam
1470 1826 1625 1897 longe
1665 1828 1916 1882 eramus?
1954 1843 2113 1898 quam

527 1914 616 1969 ille
641 1929 873 1980 sursum,
900 1930 1055 1985 quam
1082 1930 1180 1970 nos
1200 1915 1490 1971 deorsum?
1516 1932 1673 1987 quam
1692 1918 1780 1973 ille
1801 1918 1852 1973 in
1878 1934 2110 1987 summo,

525 2023 685 2076 quam
716 2024 814 2063 nos
843 2009 895 2063 in
923 2008 1030 2062 imo
1068 2009 1334 2078 desperati
1379 2009 1724 2079 jacebamus?
1765 2010 1892 2067 Sine
1916 2026 2111 2082 exspe-

525 2099 756 2153 ctatione
786 2097 970 2153 salutis
1013 2100 1448 2169 aegrotabamus:
1488 2101 1681 2156 missus
1725 2110 1810 2157 est
1850 2102 2109 2169 medicus,

526 2206 685 2261 quem
728 2207 833 2246 non
861 2193 1107 2263 cognovit
1136 2201 1385 2263 mgrotus.
1436 2193 1491 2247 Si
1527 2195 1668 2248 enim
1713 2195 2109 2264 cognovissent,

523 2298 789 2352 nunquam
822 2283 1102 2339 Dominum
1122 2286 1302 2355 gloria:
1317 2287 1709 2342 cruciﬁxissent
1736 2286 1778 2360 (Ι
1804 2287 1922 2343 Cor.
1947 2305 2004 2356 ιι,
2026 2288 2106 2360 8).

520 2371 623 2428 Sed
654 2374 753 2427 hoc
778 2389 991 2445 quoque
1010 2376 1173 2429 valuit
1188 2376 1252 2430 ad
1270 2378 1453 2448 είλετοιί
1476 2378 1944 2443 medicamentum,
1966 2380 2109 2451 quod

522 2464 785 2518 medicum
829 2465 1022 2521 occidit
1052 2476 1315 2536 aegrotus:
1344 2468 1488 2523 venit
1516 2477 1571 2522 ut
1600 2469 1861 2536 visitaret,
1901 2471 2109 2526 occisus

520 2562 603 2608 est
630 2562 685 2608 ut
714 2564 944 2610 sanaret.
980 2555 1268 2611 insinuavit
1295 2572 1352 2612 se
1381 2557 1719 2614 credentibus
1752 2560 1917 2615 Deum
1939 2572 1992 2616 et
2013 2561 2109 2617 bo-

521 2646 749 2711 minem;
793 2648 959 2702 Deum
1006 2664 1099 2718 per
1141 2665 1299 2719 quem
1328 2649 1450 2705 facti
1481 2667 1683 2719 sumus,
1715 2653 1983 2708 hominem
2014 2670 2109 2724 per

519 2756 679 2811 quem
707 2742 928 2796 recreati
959 2756 1162 2796 sumus.
1207 2742 1365 2797 Aliud
1410 2744 1462 2798 in
1493 2745 1587 2799 illo
1612 2748 1933 2815 apparebat;
1963 2746 2105 2802 aliud

518 2830 741 2894 latebat;
768 2839 823 2887 et
846 2833 984 2903 quod
1013 2834 1229 2901 latebat,
1264 2836 1430 2890 multo
1449 2846 1565 2891 erat
1591 2840 1926 2906 praestandus
1946 2854 2103 2908 quam

428 2930 435 2937 '
519 2921 572 2976 id
597 2923 735 2991 quod
759 2924 1045 2992 apparebat
1068 2942 1082 2979 :
1106 2925 1201 2981 sed
1223 2926 1363 2995 quod
1388 2937 1500 2981 erat
1528 2928 1890 2998 pracSIantius,
1933 2930 2103 2986 videri

521 3030 626 3069 non
656 3024 883 3085 poterat.
913 3015 1209 3072 Curabatur
1236 3033 1378 3089 aeger
1396 3035 1492 3089 per
1514 3019 1565 3074 id
1594 3021 1733 3090 quod
1762 3022 1926 3076 videri
1957 3032 2104 3092 pote-

521 3115 630 3171 rat;
665 3118 722 3163 ut
750 3121 929 3177 postea
960 3126 1124 3178 capax
1154 3110 1305 3167 ﬁeret
1332 3112 1551 3167 visionis
1586 3114 1724 3183 ejus,
1750 3131 1868 3184 qua:
1891 3116 2103 3172 latendo

520 3200 883 3269 diﬁ‘erebatur,
920 3217 1021 3257 non
1053 3204 1292 3274 negando
1320 3205 1677 3260 auferebatur.
1703 3206 1902 3263 Unicus
1927 3208 2103 3279 itaque

517 3291 683 3348 Filius
715 3294 804 3348 Dei
831 3302 1086 3349 venturus
1114 3295 1179 3350 ad
1221 3296 1487 3364 homines,
1519 3309 1886 3370 assumpturus
1925 3301 2099 3357 homi-

516 3396 658 3450 nem,
690 3395 743 3439 et
784 3401 878 3454 per
902 3386 952 3440 id
979 3387 1122 3456 quod
1151 3390 1380 3459 sumpsit
1420 3391 1626 3446 futurus
1656 3392 1836 3459 homo,
1881 3396 2103 3449 moritu-

515 3490 627 3543 rus,
655 3485 1073 3544 resurrecturus,
1098 3494 1417 3535 ascensurus
1448 3482 1498 3535 in
1528 3482 1739 3549 coelum,
1775 3500 2020 3541 sessurus
2034 3487 2100 3542 ad

517 3567 791 3624 dexteram
823 3569 1015 3637 Patris,
1045 3578 1098 3627 et
1124 3572 1436 3643 impleturus
1477 3576 1527 3628 in
1556 3576 1799 3645 gentibus
1824 3593 1942 3647 qua:
1972 3595 2099 3648 pro-

517 3660 681 3727 misit,
711 3671 913 3732 etpost
956 3663 1317 3733 impletiouem
1363 3666 1746 3736 promissorum
1787 3684 2003 3725 suorum
2045 3673 2100 3727 in

516 3755 767 3823 gentibus
788 3756 947 3811 etiam
976 3756 1076 3813 hoc
1098 3758 1411 3828 impleturus
1430 3768 1484 3814 ut
1499 3761 1695 3827 veniat,
1725 3769 1779 3817 et
1802 3763 1943 3832 quod
1964 3778 2100 3834 prte-

516 3848 720 3916 rogavit
744 3849 934 3919 exigat,
967 3850 1234 3905 discernat
1273 3865 1397 3906 vasa
1437 3852 1530 3907 ira:
1568 3868 1597 3907 a
1622 3854 1762 3907 vasis
1792 3854 2100 3910 misericor-

514 3936 633 4003 dim,
664 3938 850 3993 reddat
878 3940 1053 4009 impiis
1080 3941 1219 4011 quod
1243 3942 1473 3997 minatus
1502 3952 1603 4009 est,
1632 3943 1791 4013 justis
1815 3946 1953 4017 quod
1984 3948 2096 4017 pol-

514 4025 686 4083 licitus
714 4038 830 4084 est:
857 4031 958 4085 hoc
982 4047 1108 4102 ergo
1139 4041 1304 4088 totum
1345 4034 1765 4104 prophetandum
1798 4035 1916 4105 fuit,
1955 4055 2096 4110 pra:-

513 4122 859 4177 nuutiandum
891 4122 1006 4187 fuit,
1052 4133 1331 4179 venturum
1377 4127 1855 4184 commendandum
1886 4128 2012 4197 fuit;
2042 4140 2097 4187 ut

513 4230 620 4270 non
650 4216 826 4270 subito
871 4217 1088 4272 veniens
1114 4217 1440 4287 hort-eretur,
1482 4221 1575 4277 sed
1606 4224 1867 4279 creditum
1898 4242 2092 4297 exspe-

514 4317 765 4364 ctaretur.
798 4310 877 4364 Ex
905 4310 985 4365 his
1009 4312 1446 4381 promissionibus
1476 4324 1558 4371 est
1584 4317 1819 4385 psalmus
1845 4318 1964 4386 iste,
1986 4319 2092 4373 Do-

514 4399 712 4455 minum
745 4411 798 4457 et
827 4402 1139 4458 salvatorem
1172 4413 1407 4459 nostrum
1440 4406 1621 4461 Jesum
1648 4407 1917 4464 Christum
1948 4419 2095 4466 certe

512 4502 802 4563 aperteque
833 4494 1183 4564 prophetans;
1214 4505 1269 4548 ut
1297 4498 1516 4552 omnino
1545 4498 1789 4554 dubitare
1818 4516 1925 4554 non
1972 4515 2095 4571 pos-

511 4581 676 4637 simus
703 4581 968 4639 Cbristum
1008 4588 1306 4641 annuntiari
1339 4589 1539 4657 psalmo
1570 4588 1670 4644 hoc
1705 4608 1718 4644 :
1765 4590 2095 4661 quandoqui-

511 4672 632 4730 dem
672 4675 945 4731 christiani
987 4694 1189 4746 sumus,
1231 4690 1283 4734 et
1317 4680 1603 4751 Evangelio
1642 4680 1752 4749 jam
1801 4682 2089 4738 credimus.

510 4763 643 4822 Nam
670 4782 790 4823 cum
823 4770 933 4838 ipse
966 4770 1218 4826 Dominus
1236 4780 1416 4826 noster
1436 4782 1486 4827 et
1506 4771 1736 4827 salvator
1759 4772 1912 4828 Jesus
1942 4773 2094 4829 Chri-

510 4865 627 4913 stus
654 4868 915 4928 quaereret
952 4875 983 4914 a
1025 4859 1243 4927 Iudaeis,
1277 4862 1429 4931 cujus
1475 4862 1639 4916 ﬁlium
1686 4863 1925 4919 dicerent
1972 4880 2094 4922 esse

509 4946 806 5015 Christum,
841 4959 895 5006 et
923 4952 1346 5021 respondissent,
1381 4953 1581 5020 David;
1610 4954 1696 5011 ille
1722 4957 1974 5012 continuo
2004 4973 2092 5014 re-

509 5040 631 5098 tulit
661 5043 1129 5115 respoudentibus,
1163 5052 1219 5101 et
1260 5046 1365 5099 ait:
1402 5066 1420 5103 ι
1449 5047 1729 5114 Quomodo
1760 5065 1888 5121 ergo
1930 5051 2091 5107 David

511 5132 563 5189 in
591 5134 778 5205 spiritu
803 5135 933 5190 dicit
960 5152 1080 5191 eum
1106 5137 1410 5204 Dominum,
1434 5138 1639 5206 dicens,
1668 5141 1810 5196 Dixit
1834 5143 2091 5199 Dominus

511 5226 736 5282 Domino
765 5243 905 5294 meo,
931 5227 1069 5285 Sede
1096 5229 1161 5285 ad
1190 5229 1465 5287 dexteram
1491 5248 1687 5301 meam,
1711 5233 1883 5290 donec
1899 5250 2091 5305 ponam

508 5318 750 5376 inimicos
781 5332 901 5377 tuos
929 5322 1028 5377 sub
1060 5322 1281 5391 pedibus
1324 5323 1464 5379 tuis?
1507 5325 1561 5381 Si
1593 5342 1721 5396 ergo
1748 5327 1799 5380 in
1830 5327 2039 5397 Spiritu,
2066 5347 2086 5381 ›

508 5408 895 5479 inquit,«'vocat
912 5428 1034 5469 eum
1055 5413 1357 5483 Dominum.
1374 5416 1641 5487 Quomodo
1667 5418 1804 5472 ﬁlius
1830 5418 1945 5487 ejus
1961 5428 2046 5475 est
2066 5440 2085 5473 ι

510 5497 737 5571 (Matth.
784 5519 911 5573 χχιι,
966 5504 1215 5577 42-45γΐ
1258 5508 1339 5563 Ah
1376 5508 1478 5564 hoc
1511 5524 1668 5566 versu
1712 5510 1949 5581 psalmus
1993 5515 2093 5569 iste

509 5593 711 5666 incipit.

579 5687 633 5741 4.
686 5686 834 5761 [vers.
894 5689 972 5766 1.]
1011 5690 1155 5749 Dixit
1196 5690 1445 5749 Dominus
1476 5694 1695 5751 Domino
1739 5713 1866 5764 meo,
1899 5698 2032 5753 Sede
2059 5716 2092 5753 α

508 5775 699 5833 dextris
724 5782 865 5850 meis,
899 5783 1057 5840 donec
1084 5802 1269 5857 ponam
1305 5786 1534 5843 inimicos
1562 5797 1673 5843 tuos
1698 5788 1967 5844 scabellum
1998 5808 2089 5861 pe-

505 5869 629 5935 dum
652 5881 869 5934 tuorum.
899 5877 1047 5937 Hanc
1072 5896 1199 5954 ergo
1229 5881 1576 5953 quaestionem
1610 5880 1810 5939 ludatis
1837 5884 2084 5957 proposi-

1780 416 1838 474 S.
1876 413 2239 474 AUGUSTINI
2280 407 2579 475 EPlSCOPl

3684 428 3827 490 1448

2231 539 2338 586 tam
2372 547 2400 586 a
2426 534 2672 602 Domino,
2715 535 2769 590 in
2818 534 2937 608 ipso
2979 537 3222 611 ingressu
3264 540 3464 599 Psalmi
3492 554 3827 616 pertractare

2228 621 2506 679 debemus.
2539 627 2596 682 Si
2623 627 2764 682 enim
2795 629 2937 700 quod
2966 634 3356 701 responderunt
3377 636 3550 693 ειυάωί
3574 642 3826 713 exigatur

2229 730 2259 771 a
2286 717 2458 785 nobis,
2481 728 2657 775 utrum
2674 722 3023 779 conﬁteamur
3052 734 3105 780 et
3134 742 3251 794 nos,
3280 744 3347 783 an
3366 746 3650 801 negemus;
3678 736 3826 792 absit

2231 817 2288 863 ut
2307 825 2583 880 negemus.
2633 814 2692 870 Si
2728 816 2936 871 dicatur
2964 818 3138 887 nobis,
3162 820 3402 879 Christus
3434 825 3574 881 ﬁlius
3596 838 3677 883 est
3710 830 3821 884 Da-

2227 900 2336 966 vid,
2360 916 2535 958 annou
2557 904 2673 959 est?
2694 907 2738 960 si
2755 907 3047 964 dixerimus
3063 926 3191 977 non,
3209 915 3626 973 contradicimus
3647 920 3821 976 Evan-

2227 992 2364 1061 gelio
2381 1009 2397 1057 ;
2414 1010 2642 1066 namque
2662 997 2910 1053 Matthzeo
2937 1002 3227 1070 scribente,
3259 1005 3337 1059 sic
3364 1006 3546 1075 incipit
3574 1011 3817 1083 Evange-

2226 1081 2388 1137 lium:
2414 1084 2563 1140 Liber
2584 1090 2915 1157 generationis
2931 1090 2963 1143 .I
2968 1109 3054 1146 esu
3076 1093 3260 1148 Christi
3290 1096 3385 1163 ﬁlii
3402 1096 3571 1154 David
3600 1081 3818 1173 (Matth.

2227 1187 2265 1237 ι,
2290 1173 2364 1244 1).
2395 1175 2729 1246 Evangelista
2751 1179 2879 1234 dicit
2897 1182 3088 1237 librum
3114 1199 3171 1238 se
3197 1186 3431 1242 scribere
3455 1193 3818 1259 generationis
3870 1236 3877 1259 ς

2224 1263 2351 1319 Jesu
2379 1264 2601 1335 Christi,
2632 1270 2722 1324 ﬁlii
2748 1272 2929 1327 David.
2962 1274 3127 1330 Recte
3157 1292 3284 1348 ergo
3306 1277 3473 1335 Judzei
3505 1283 3817 1358 interrogati

2224 1372 2253 1412 a
2277 1358 2510 1437 Christo,
2542 1363 2694 1433 cujus
2719 1379 2837 1420 esse
2869 1366 3032 1422 ﬁlium
3074 1369 3361 1427 crederent
3397 1374 3691 1445 Christum,
3721 1396 3816 1437 re-

2222 1452 2571 1521 sponderunt,
2601 1454 2781 1511 David.
2802 1456 3157 1530 Responsioni
3175 1478 3360 1519 eorum
3380 1470 3625 1538 congruit
3643 1470 3816 1528 Even.

2220 1544 2441 1614 gelium.
2471 1546 2642 1604 Habet
2671 1550 2772 1606 hoc
2798 1567 2901 1608 non
2920 1554 3093 1610 solum
3110 1559 3342 1628 suspicio
3363 1560 3691 1630 Judazorum,
3713 1563 3813 1620 sed

2219 1645 2275 1691 et
2308 1637 2440 1693 ﬁdes
2465 1637 2913 1698 Christianorum.
2942 1646 3130 1702 Adhuc
3157 1649 3259 1703 alia
3301 1650 3634 1709 ﬁrmamenta
3673 1671 3811 1710 con-

2222 1728 2410 1797 spicio.
2436 1730 2569 1786 Dicit
2594 1734 2898 1802 Apostolus,
2927 1736 3029 1803 Qui
3049 1741 3214 1810 factus
3240 1751 3309 1796 est
3336 1744 3380 1797 ei
3408 1761 3469 1797 ea:
3494 1747 3683 1801 semine
3705 1747 3812 1802 Da-

2220 1821 2303 1874 vid
2331 1824 2605 1877 secundum
2630 1842 2832 1880 carnem
2860 1829 3033 1900 (Rom.
3063 1847 3100 1897 ι,
3130 1830 3187 1903 5)
3209 1850 3223 1886 :
3245 1833 3375 1889 dicit
3402 1838 3562 1893 etiam
3610 1839 3677 1892 ad
3716 1839 3812 1893 Ti-
3848 1829 3868 1848 ⁴

2219 1912 2515 1980 motheum,
2559 1915 2759 1971 Memor
2783 1929 2887 1972 esto
2915 1918 3168 1975 Christum
3210 1921 3387 1978 Iesum
3422 1930 3751 1983 resurrexisse
3777 1945 3814 1983 α

2219 2006 2429 2059 mortuis
2452 2023 2516 2060 ea:
2543 2008 2730 2062 semine
2757 2009 2945 2076 David,
2973 2014 3251 2067 secundum
3278 2019 3591 2089 evangelium
3617 2037 3809 2076 meum.

2218 2094 2287 2150 Et
2311 2096 2378 2152 de
2417 2097 2534 2167 ipso
2559 2102 2836 2172 evangelio
2865 2104 2991 2173 quid
3033 2105 3194 2160 dicit?
3222 2107 3288 2161 In
3318 2126 3416 2173 quo
3456 2112 3628 2167 laboro
3654 2130 3813 2185 usque

2216 2188 2285 2241 ad
2314 2190 2530 2258 vincula,
2564 2202 2803 2264 tanquam
2847 2197 3202 2268 malefaciens;
3247 2202 3338 2255 sed
3380 2220 3541 2258 sermo
3571 2204 3670 2259 Dei
3707 2224 3812 2262 non

2217 2290 2288 2334 est
2313 2281 2552 2352 alligatus
2577 2285 2647 2354 (ll
2689 2284 2823 2340 Tim.
2873 2302 2931 2353 ιι,
2964 2289 3018 2355 8,
3047 2290 3123 2360 9).
3148 2291 3451 2349 Laborabat
3481 2313 3611 2367 ergo
3640 2314 3814 2368 usque

2215 2372 2281 2426 ad
2311 2375 2521 2429 vincula
2566 2378 2852 2445 Apostolus
2882 2395 2975 2449 pro
3008 2385 3285 2451 evangelio
3316 2400 3433 2454 suo,
3478 2388 3530 2442 id
3577 2398 3661 2444 est
3711 2406 3809 2460 pro

2213 2461 2614 2534 dispensatione
2642 2472 2965 2540 evangelica,
3009 2490 3166 2544 quam
3216 2478 3424 2547 populis
3455 2482 3803 2551 praedicabat,

2212 2570 2370 2623 quam
2416 2557 2626 2626 populis
2656 2556 3031 2629 impendebat:
3066 2566 3156 2620 ille
3197 2569 3286 2637 qui
3318 2585 3484 2640 (mane
3530 2584 3806 2642 rapuerat,

2210 2661 2362 2701 escas
2382 2647 2446 2703 ad
2470 2664 2748 2719 vesperum
2772 2652 3038 2710 dividebat
3063 2656 3214 2727 (Gen.
3248 2676 3388 2726 xux,
3420 2662 3536 2733 27).
3569 2663 3812 2720 Labora-

2212 2738 2303 2793 bat
2328 2756 2453 2811 ergo
2479 2758 2645 2813 usque
2672 2744 2737 2800 ad
2783 2748 2995 2803 vincula
3038 2765 3135 2819 pro
3174 2754 3466 2823 evangelio.
3496 2756 3614 2823 Quo
3644 2774 3808 2815 evan-

2210 2833 2348 2905 gelio
2370 2834 2429 2888 “1
2457 2835 2711 2892 Christum
2736 2838 2914 2895 Jesum
2952 2847 3281 2899 resurrexisse
3306 2865 3336 2900 a
3366 2851 3596 2913 mortuis,
3627 2868 3689 2905 ex
3726 2868 3809 2906 se-

2211 2928 2345 2981 mine
2368 2927 2554 2985 David.
2586 2931 2690 2985 Pro
2719 2932 2819 2989 hoc
2846 2939 3125 3008 evangelio
3164 2942 3450 3010 Apostolus
3485 2944 3801 3001 laborabat:

2208 3027 2259 3072 et
2286 3027 2459 3074 tamen
2490 3021 2557 3076 de
2587 3022 2688 3078 hoc
2714 3024 2955 3081 Christus
2980 3027 3369 3100 interrogabat;
3395 3044 3448 3089 et
3471 3038 3805 3106 responden-

2211 3109 2352 3166 tibus
2392 3112 2591 3168 Judmis
2615 3115 2759 3186 quod
2789 3118 3112 3187 praedicabat
3140 3111 3448 3193 Apostolus,
3495 3130 3678 3183 retulit
3707 3146 3803 3185 vo-

2209 3217 2325 3256 cem
2356 3212 2605 3273 tanquam
2648 3208 3105 3277 contradictionis,
3147 3223 3200 3267 et
3226 3215 3336 3269 ait:
3369 3217 3634 3282 Quomodo
3679 3238 3801 3291 ergo

2207 3293 2375 3348 David
2400 3297 2451 3350 in
2475 3297 2657 3366 spiritu
2686 3300 2807 3355 dicit
2834 3318 2945 3355 eum
2967 3303 3279 3362 Dominum?
3304 3318 3357 3363 ct
3379 3310 3697 3382 interposuit
3720 3324 3799 3370 te-

2208 3388 2518 3443 stimonium
2543 3390 2610 3445 de
2636 3389 2739 3447 hoc
2756 3395 2982 3464 psalmo,
3002 3396 3143 3451 Dixit
3164 3399 3410 3457 Dominus
3431 3405 3647 3460 Domino
3663 3426 3796 3463 meo.

2208 3476 2270 3532 Si
2296 3495 2413 3550 ergo
2441 3480 2491 3533 in
2517 3482 2699 3551 spiritu
2727 3485 2847 3537 dicit
2889 3503 3005 3541 eum
3049 3488 3342 3561 Dominum,
3374 3498 3626 3565 quomodo
3656 3500 3798 3567 ﬁlius

2205 3580 2277 3625 est
2298 3572 2445 3642 ejus?
2468 3572 2633 3629 Judaei
2657 3577 2755 3631 sub
2773 3578 2870 3633 bac
2887 3577 3303 3653 interrogatione
3332 3599 3642 3656 tacuerunt;
3666 3593 3799 3662 quid

2203 3664 2588 3732 responderent
2608 3666 2861 3739 deinceps
2894 3686 2999 3725 non
3030 3672 3377 3731 invenerunt:
3406 3694 3503 3734 nec
3543 3697 3667 3736 eum
3713 3694 3797 3738 ta-

2204 3768 2326 3808 men
2364 3755 2643 3812 Dominum
2674 3761 3015 3829 quaesierunt,
3046 3765 3169 3834 quia
3191 3776 3245 3822 et
3285 3768 3455 3838 ipsum
3483 3786 3604 3827 esse
3644 3775 3797 3830 illum

2203 3844 2376 3901 ﬁlium
2398 3849 2558 3902 llavid
2582 3865 2687 3905 non
2722 3866 3070 3931 agnoverunt.
3097 3856 3207 3913 Nos
3226 3868 3424 3927 autem,
3451 3861 3798 3929 fratres,crc-

2202 3937 2414 4005 damus,
2440 3949 2492 3995 et
2512 3939 2750 3997 dicamus
2776 3961 2788 3997 :
2815 3945 2980 4001 corde
2999 3947 3140 4002 enim
3165 3950 3399 4007 creditur
3419 3954 3485 4008 ad
3503 3954 3792 4024 justitiam;

2200 4046 2294 4087 ore
2315 4044 2491 4088 autem
2513 4033 2781 4091 confessio
2806 4037 2861 4091 ﬁt
2889 4038 2953 4092 ad
2982 4039 3206 4095 salutem
3233 4041 3405 4109 (Rom.
3443 4062 3495 4112 x,
3523 4047 3650 4117 10):
3675 4065 3797 4105 crc-

2200 4124 2409 4191 damus,
2438 4126 2676 4196 inquam,
2700 4138 2753 4185 et
2780 4129 3019 4187 dicamus
3050 4142 3103 4188 et
3141 4135 3303 4190 lilium
3331 4138 3513 4205 David,
3537 4150 3591 4195 et
3612 4142 3797 4198 Domi-

2200 4231 2327 4270 num
2348 4216 2532 4272 David.
2556 4217 2670 4273 Non
2691 4221 3073 4279 erubescamus
3094 4226 3160 4280 de
3183 4227 3289 4283 ﬁlio
3314 4229 3497 4297 David,
3516 4233 3796 4290 neiratum

2199 4307 2535 4365 inveniamus
2559 4310 2837 4367 Dominum
2865 4314 3050 4370 David.

2272 4400 2326 4455 5.
2368 4400 2480 4456 Hoc
2504 4402 2646 4457 enim
2676 4405 2891 4462 nomine
2921 4407 3069 4464 illum
3101 4413 3400 4472 rectissime
3423 4426 3793 4479 transeuntem

2198 4493 2530 4563 appellantes
2575 4498 2745 4565 czeci,
2793 4498 3078 4557 illuminari
3122 4519 3452 4564 meruerunt.
3502 4512 3795 4573 Transibat

2197 4589 2338 4640 enim
2370 4587 2550 4655 Jesus,
2590 4601 2645 4644 et
2672 4591 2745 4645 illi
2772 4593 2957 4648 audito
3004 4598 3178 4652 sonitu
3227 4607 3551 4658 transeuntis
3593 4608 3790 4676 turbae,

2196 4692 2326 4733 aure
2347 4676 2455 4749 jam
2481 4692 2866 4751 cognoscentes
2888 4688 3029 4757 quod
3062 4690 3295 4746 nondum
3319 4704 3566 4764 poterant
3590 4698 3789 4767 oculis,

2196 4772 2629 4830 acclamaverunt
2654 4792 2783 4832 voce
2812 4795 3025 4850 magna,
3050 4793 3103 4837 et
3126 4784 3405 4841 dixerunt:
3430 4787 3674 4845 Miserere
3689 4808 3792 4846 no-

2195 4865 2306 4932 stri,
2334 4866 2408 4936 ﬁli
2454 4865 2641 4923 David.
2670 4869 2862 4927 Turba:
2885 4884 3063 4930 autem
3092 4877 3212 4933 illos
3236 4878 3600 4951 increpabant,
3628 4895 3685 4939 ut
3709 4894 3793 4940 ta-

2196 4969 2412 5014 cerent:
2442 4970 2496 5015 et
2521 4960 2594 5016 illi
2624 4961 2987 5033 nihilominus,
3013 4969 3145 5024 lucis
3170 4970 3461 5043 desiderio,
3506 4976 3792 5034 turbarum

2196 5053 2675 5112 contradictionem
2721 5059 3017 5129 vincentes,
3064 5063 3117 5117 in
3149 5064 3429 5123 clamando
3470 5084 3791 5140 persevera-

2196 5158 2421 5214 verunt;
2455 5159 2815 5207 transeuntem
2850 5163 3152 5225 tenuerunt;
3182 5168 3237 5214 et
3263 5175 3291 5214 a
3321 5171 3572 5233 tangente
3592 5164 3795 5220 illumi-

2196 5243 2310 5296 nari
2339 5252 2667 5297 meruerunt.
2697 5245 2952 5302 Dicebant
2992 5251 3136 5305 enim
3182 5257 3477 5310 transeunti
3505 5274 3519 5311 :
3546 5256 3796 5315 Miserere

2194 5333 2371 5397 nostri,
2401 5333 2480 5401 ﬁli
2533 5333 2717 5388 David.
2758 5337 2913 5392 Stetit
2958 5340 3066 5407 ille,
3111 5352 3164 5396 et
3189 5343 3327 5399 victo
3353 5346 3420 5399 ab
3444 5348 3523 5403 eis
3552 5350 3795 5407 clamore

2195 5423 2673 5479 contradicentium
2703 5444 2716 5480 :
2743 5425 2902 5495 Quid,
2934 5429 3123 5501 inquit,
3151 5433 3301 5489 vultis
3320 5446 3374 5489 ut
3398 5438 3586 5505 faciam
3610 5440 3796 5495 vobis?

2195 5516 2265 5572 Et
2286 5516 2383 5583 illi,
2408 5515 2645 5584 Domine,
2672 5527 2726 5572 ut
2750 5518 3028 5575 videamus.
3052 5523 3248 5595 Tetigit
3271 5536 3327 5583 et
3344 5531 3569 5598 aperuit
3599 5532 3792 5588 oculos

2194 5623 2414 5673 eorum;
2444 5608 2689 5664 viderunt
2724 5620 3063 5681 praesentem,
3100 5630 3257 5685 quem
3296 5630 3577 5676 senserant
3610 5631 3797 5680 trans-

2195 5712 2410 5759 euntem
2435 5702 2647 5774 (Matth.
2673 5720 2762 5773 xx,
2784 5704 2987 5777 29-54).
3020 5708 3233 5781 Aliquid
3261 5726 3390 5784 ergo
3420 5716 3796 5775 transitorium

2192 5835 2286 5951 “is
2310 5833 2442 5901 Edd.,
2477 5847 2572 5901 quo
2601 5837 2853 5904 evangelio
2873 5839 3191 5905 pradicabat.
3232 5846 3394 5910 Abest,
3414 5848 3743 5919 pradicant,
3764 5866 3802 5911 ts
