  <div class='ocr_page' id='page_1' title='image "/cluster/home/n/w/nwhite01/storage/ocr_20150623/37/hvd.32044015471477/218.png"; bbox 0 0 4090 6470; ppageno 0'>
   <div class='ocr_carea' id='block_1_1' title="bbox 303 362 441 418">
    <p class='ocr_par' dir='ltr' id='par_1_1' title="bbox 303 362 441 418">
     <span class='ocr_line' id='line_1_1' title="bbox 303 362 441 418; baseline 0 0"><span class='ocrx_word' id='word_1_1' title='bbox 303 363 326 418; x_wconf 78' lang='lat' dir='ltr'><strong>i</strong></span> <span class='ocrx_word' id='word_1_2' title='bbox 342 362 441 418; x_wconf 69' lang='lat'><strong>“9</strong></span> 
     </span>
    </p>
   </div>
   <div class='ocr_carea' id='block_1_2' title="bbox 297 463 1876 542">
    <p class='ocr_par' dir='ltr' id='par_1_2' title="bbox 297 463 1876 542">
     <span class='ocr_line' id='line_1_2' title="bbox 297 463 1876 542; baseline -0.011 -6"><span class='ocrx_word' id='word_1_3' title='bbox 297 480 555 536; x_wconf 85' lang='lat' dir='ltr'><strong>Dominus</strong></span> <span class='ocrx_word' id='word_1_4' title='bbox 573 476 729 534; x_wconf 83' lang='lat' dir='ltr'><strong>fecit:</strong></span> <span class='ocrx_word' id='word_1_5' title='bbox 752 479 1023 532; x_wconf 87' lang='lat' dir='ltr'><strong>estautem</strong></span> <span class='ocrx_word' id='word_1_6' title='bbox 1046 471 1186 528; x_wconf 83' lang='lat' dir='ltr'><strong>aliud</strong></span> <span class='ocrx_word' id='word_1_7' title='bbox 1210 470 1348 542; x_wconf 89' lang='lat' dir='ltr'><strong>quod</strong></span> <span class='ocrx_word' id='word_1_8' title='bbox 1367 479 1489 525; x_wconf 89' lang='lat' dir='ltr'><strong>stat.</strong></span> <span class='ocrx_word' id='word_1_9' title='bbox 1506 467 1660 523; x_wconf 83' lang='lat' dir='ltr'><strong>Aliud</strong></span> <span class='ocrx_word' id='word_1_10' title='bbox 1685 472 1788 532; x_wconf 91' lang='lat' dir='ltr'><strong>est,</strong></span> <span class='ocrx_word' id='word_1_11' title='bbox 1803 463 1876 519; x_wconf 88' lang='lat' dir='ltr'><strong>in-</strong></span> 
     </span>
    </p>
   </div>
   <div class='ocr_carea' id='block_1_3' title="bbox 294 559 1880 645">
    <p class='ocr_par' dir='ltr' id='par_1_3' title="bbox 294 559 1880 645">
     <span class='ocr_line' id='line_1_3' title="bbox 294 559 1880 645; baseline -0.009 -16"><span class='ocrx_word' id='word_1_12' title='bbox 294 589 476 645; x_wconf 79' lang='lat' dir='ltr'><strong>quam,</strong></span> <span class='ocrx_word' id='word_1_13' title='bbox 491 571 851 627; x_wconf 87' lang='lat' dir='ltr'><strong>transitorium</strong></span> <span class='ocrx_word' id='word_1_14' title='bbox 869 563 1243 631; x_wconf 90' lang='lat' dir='ltr'><strong>Domini,aliud</strong></span> <span class='ocrx_word' id='word_1_15' title='bbox 1256 563 1444 619; x_wconf 75' lang='lat' dir='ltr'><strong>stabile</strong></span> <span class='ocrx_word' id='word_1_16' title='bbox 1459 559 1880 617; x_wconf 83' lang='lat' dir='ltr'><strong>Domini.Trans-</strong></span> 
     </span>
    </p>
   </div>
   <div class='ocr_carea' id='block_1_4' title="bbox 294 653 1881 732">
    <p class='ocr_par' dir='ltr' id='par_1_4' title="bbox 294 653 1881 732">
     <span class='ocr_line' id='line_1_4' title="bbox 294 653 1881 732; baseline -0.009 -10"><span class='ocrx_word' id='word_1_17' title='bbox 294 666 508 723; x_wconf 89' lang='lat' dir='ltr'><strong>itorium</strong></span> <span class='ocrx_word' id='word_1_18' title='bbox 541 663 774 730; x_wconf 86' lang='lat' dir='ltr'><strong>Domini,</strong></span> <span class='ocrx_word' id='word_1_19' title='bbox 802 661 1031 732; x_wconf 77' lang='lat' dir='ltr'><strong>Virginis</strong></span> <span class='ocrx_word' id='word_1_20' title='bbox 1049 656 1413 731; x_wconf 88' lang='lat' dir='ltr'><strong>partus,Verbi</strong></span> <span class='ocrx_word' id='word_1_21' title='bbox 1432 653 1881 718; x_wconf 80' lang='lat' dir='ltr'><strong>incarnatio,:eta-</strong></span> 
     </span>
    </p>
   </div>
   <div class='ocr_carea' id='block_1_5' title="bbox 293 749 1880 830">
    <p class='ocr_par' dir='ltr' id='par_1_5' title="bbox 293 749 1880 830">
     <span class='ocr_line' id='line_1_5' title="bbox 293 749 1880 830; baseline -0.01 -15"><span class='ocrx_word' id='word_1_22' title='bbox 293 768 402 816; x_wconf 82' lang='lat' dir='ltr'><strong>tum</strong></span> <span class='ocrx_word' id='word_1_23' title='bbox 432 757 699 830; x_wconf 72' lang='lat' dir='ltr'><strong>gradatio,</strong></span> <span class='ocrx_word' id='word_1_24' title='bbox 722 755 1099 812; x_wconf 83' lang='lat' dir='ltr'><strong>miraculorum</strong></span> <span class='ocrx_word' id='word_1_25' title='bbox 1130 752 1406 816; x_wconf 77' lang='lat' dir='ltr'><strong>exhibitio,</strong></span> <span class='ocrx_word' id='word_1_26' title='bbox 1426 749 1730 821; x_wconf 84' lang='lat' dir='ltr'><strong>passionum</strong></span> <span class='ocrx_word' id='word_1_27' title='bbox 1760 761 1880 818; x_wconf 88' lang='lat' dir='ltr'><strong>per-</strong></span> 
     </span>
    </p>
   </div>
   <div class='ocr_carea' id='block_1_6' title="bbox 290 839 1879 922">
    <p class='ocr_par' dir='ltr' id='par_1_6' title="bbox 290 839 1879 922">
     <span class='ocr_line' id='line_1_6' title="bbox 290 839 1879 922; baseline -0.009 -16"><span class='ocrx_word' id='word_1_28' title='bbox 290 850 491 922; x_wconf 87' lang='lat' dir='ltr'><strong>pessio,</strong></span> <span class='ocrx_word' id='word_1_29' title='bbox 510 862 680 916; x_wconf 89' lang='lat' dir='ltr'><strong>mors,</strong></span> <span class='ocrx_word' id='word_1_30' title='bbox 696 847 1036 912; x_wconf 85' lang='lat' dir='ltr'><strong>resurrectio,</strong></span> <span class='ocrx_word' id='word_1_31' title='bbox 1068 842 1309 899; x_wconf 90' lang='lat' dir='ltr'><strong>ascensio</strong></span> <span class='ocrx_word' id='word_1_32' title='bbox 1328 842 1380 896; x_wconf 95' lang='lat' dir='ltr'><strong>in</strong></span> <span class='ocrx_word' id='word_1_33' title='bbox 1407 840 1600 897; x_wconf 65' lang='lat' dir='ltr'><strong>caelum</strong></span> <span class='ocrx_word' id='word_1_34' title='bbox 1625 857 1639 894; x_wconf 90' lang='lat'><strong>:</strong></span> <span class='ocrx_word' id='word_1_35' title='bbox 1670 839 1770 893; x_wconf 93' lang='lat' dir='ltr'><strong>hoe</strong></span> <span class='ocrx_word' id='word_1_36' title='bbox 1799 844 1879 891; x_wconf 88' lang='lat' dir='ltr'><strong>to-</strong></span> 
     </span>
    </p>
   </div>
   <div class='ocr_carea' id='block_1_7' title="bbox 292 927 1880 999">
    <p class='ocr_par' dir='ltr' id='par_1_7' title="bbox 292 927 1880 999">
     <span class='ocr_line' id='line_1_7' title="bbox 292 927 1880 999; baseline -0.011 0"><span class='ocrx_word' id='word_1_37' title='bbox 292 953 402 998; x_wconf 91' lang='lat' dir='ltr'><strong>tum</strong></span> <span class='ocrx_word' id='word_1_38' title='bbox 431 941 793 999; x_wconf 88' lang='lat' dir='ltr'><strong>transitorium</strong></span> <span class='ocrx_word' id='word_1_39' title='bbox 820 937 933 993; x_wconf 80' lang='lat' dir='ltr'><strong>fuit.</strong></span> <span class='ocrx_word' id='word_1_40' title='bbox 961 935 1075 993; x_wconf 89' lang='lat' dir='ltr'><strong>Non</strong></span> <span class='ocrx_word' id='word_1_41' title='bbox 1100 935 1240 992; x_wconf 88' lang='lat' dir='ltr'><strong>enim</strong></span> <span class='ocrx_word' id='word_1_42' title='bbox 1260 932 1432 989; x_wconf 87' lang='lat' dir='ltr'><strong>adhuc</strong></span> <span class='ocrx_word' id='word_1_43' title='bbox 1445 931 1688 988; x_wconf 75' lang='lat' dir='ltr'><strong>Christus</strong></span> <span class='ocrx_word' id='word_1_44' title='bbox 1708 927 1880 984; x_wconf 88' lang='lat' dir='ltr'><strong>nasci-</strong></span> 
     </span>
    </p>
   </div>
   <div class='ocr_carea' id='block_1_8' title="bbox 293 1018 1878 1103">
    <p class='ocr_par' dir='ltr' id='par_1_8' title="bbox 293 1018 1878 1103">
     <span class='ocr_line' id='line_1_8' title="bbox 293 1018 1878 1103; baseline -0.011 -12"><span class='ocrx_word' id='word_1_45' title='bbox 293 1045 398 1103; x_wconf 92' lang='lat' dir='ltr'><strong>tur,</strong></span> <span class='ocrx_word' id='word_1_46' title='bbox 429 1045 526 1092; x_wconf 90' lang='lat' dir='ltr'><strong>aut</strong></span> <span class='ocrx_word' id='word_1_47' title='bbox 547 1033 726 1090; x_wconf 87' lang='lat' dir='ltr'><strong>adhuc</strong></span> <span class='ocrx_word' id='word_1_48' title='bbox 762 1031 1009 1096; x_wconf 89' lang='lat' dir='ltr'><strong>moritur,</strong></span> <span class='ocrx_word' id='word_1_49' title='bbox 1041 1027 1318 1084; x_wconf 89' lang='lat' dir='ltr'><strong>autadhuc</strong></span> <span class='ocrx_word' id='word_1_50' title='bbox 1335 1024 1580 1096; x_wconf 87' lang='lat' dir='ltr'><strong>resurgit,</strong></span> <span class='ocrx_word' id='word_1_51' title='bbox 1596 1018 1878 1077; x_wconf 79' lang='lat' dir='ltr'><strong>auradhuc</strong></span> 
     </span>
    </p>
   </div>
   <div class='ocr_carea' id='block_1_9' title="bbox 290 1118 1878 1188">
    <p class='ocr_par' dir='ltr' id='par_1_9' title="bbox 290 1118 1878 1188">
     <span class='ocr_line' id='line_1_9' title="bbox 290 1118 1878 1188; baseline -0.01 -5"><span class='ocrx_word' id='word_1_52' title='bbox 290 1127 534 1184; x_wconf 87' lang='lat' dir='ltr'><strong>ascendit</strong></span> <span class='ocrx_word' id='word_1_53' title='bbox 547 1128 597 1182; x_wconf 93' lang='lat' dir='ltr'><strong>in</strong></span> <span class='ocrx_word' id='word_1_54' title='bbox 615 1128 829 1184; x_wconf 69' lang='lat' dir='ltr'><strong>coelum.</strong></span> <span class='ocrx_word' id='word_1_55' title='bbox 843 1123 1030 1180; x_wconf 87' lang='lat' dir='ltr'><strong>Nonne</strong></span> <span class='ocrx_word' id='word_1_56' title='bbox 1045 1121 1232 1178; x_wconf 84' lang='lat' dir='ltr'><strong>videtis</strong></span> <span class='ocrx_word' id='word_1_57' title='bbox 1249 1121 1344 1175; x_wconf 90' lang='lat' dir='ltr'><strong>ista</strong></span> <span class='ocrx_word' id='word_1_58' title='bbox 1359 1118 1514 1184; x_wconf 80' lang='lat' dir='ltr'><strong>facta,</strong></span> <span class='ocrx_word' id='word_1_59' title='bbox 1530 1132 1624 1188; x_wconf 89' lang='lat' dir='ltr'><strong>per</strong></span> <span class='ocrx_word' id='word_1_60' title='bbox 1641 1124 1878 1185; x_wconf 89' lang='lat' dir='ltr'><strong>tempora</strong></span> 
     </span>
    </p>
   </div>
   <div class='ocr_carea' id='block_1_10' title="bbox 293 1205 1882 1290">
    <p class='ocr_par' dir='ltr' id='par_1_10' title="bbox 293 1205 1882 1290">
     <span class='ocr_line' id='line_1_10' title="bbox 293 1205 1882 1290; baseline -0.009 -14"><span class='ocrx_word' id='word_1_61' title='bbox 293 1221 616 1286; x_wconf 87' lang='lat' dir='ltr'><strong>cucurrisse,</strong></span> <span class='ocrx_word' id='word_1_62' title='bbox 651 1235 748 1290; x_wconf 89' lang='lat' dir='ltr'><strong>per</strong></span> <span class='ocrx_word' id='word_1_63' title='bbox 778 1227 1020 1288; x_wconf 88' lang='lat' dir='ltr'><strong>tempora</strong></span> <span class='ocrx_word' id='word_1_64' title='bbox 1048 1213 1354 1271; x_wconf 78' lang='lat' dir='ltr'><strong>exhibuisse</strong></span> <span class='ocrx_word' id='word_1_65' title='bbox 1391 1210 1685 1266; x_wconf 82' lang='lat' dir='ltr'><strong>viatoribus</strong></span> <span class='ocrx_word' id='word_1_66' title='bbox 1724 1205 1882 1278; x_wconf 83' lang='lat' dir='ltr'><strong>quid-</strong></span> 
     </span>
    </p>
   </div>
   <div class='ocr_carea' id='block_1_11' title="bbox 293 1299 1878 1378">
    <p class='ocr_par' dir='ltr' id='par_1_11' title="bbox 293 1299 1878 1378">
     <span class='ocr_line' id='line_1_11' title="bbox 293 1299 1878 1378; baseline -0.009 -10"><span class='ocrx_word' id='word_1_67' title='bbox 293 1312 414 1368; x_wconf 87' lang='lat' dir='ltr'><strong>dam</strong></span> <span class='ocrx_word' id='word_1_68' title='bbox 446 1311 830 1378; x_wconf 86' lang='lat' dir='ltr'><strong>transitorium,</strong></span> <span class='ocrx_word' id='word_1_69' title='bbox 859 1325 926 1366; x_wconf 89' lang='lat' dir='ltr'><strong>ne</strong></span> <span class='ocrx_word' id='word_1_70' title='bbox 955 1314 1006 1364; x_wconf 90' lang='lat' dir='ltr'><strong>in</strong></span> <span class='ocrx_word' id='word_1_71' title='bbox 1037 1308 1122 1362; x_wconf 89' lang='lat' dir='ltr'><strong>via</strong></span> <span class='ocrx_word' id='word_1_72' title='bbox 1166 1313 1524 1366; x_wconf 87' lang='lat' dir='ltr'><strong>remanerent,</strong></span> <span class='ocrx_word' id='word_1_73' title='bbox 1557 1300 1652 1358; x_wconf 91' lang='lat' dir='ltr'><strong>sed</strong></span> <span class='ocrx_word' id='word_1_74' title='bbox 1681 1299 1746 1356; x_wconf 88' lang='lat' dir='ltr'><strong>ad</strong></span> <span class='ocrx_word' id='word_1_75' title='bbox 1778 1315 1878 1370; x_wconf 77' lang='lat' dir='ltr'><strong>pa-</strong></span> 
     </span>
    </p>
   </div>
   <div class='ocr_carea' id='block_1_12' title="bbox 296 1394 1878 1476">
    <p class='ocr_par' dir='ltr' id='par_1_12' title="bbox 296 1394 1878 1476">
     <span class='ocr_line' id='line_1_12' title="bbox 296 1394 1878 1476; baseline -0.01 -15"><span class='ocrx_word' id='word_1_76' title='bbox 296 1407 450 1462; x_wconf 89' lang='lat' dir='ltr'><strong>triam</strong></span> <span class='ocrx_word' id='word_1_77' title='bbox 484 1404 857 1476; x_wconf 88' lang='lat' dir='ltr'><strong>pervenirent?</strong></span> <span class='ocrx_word' id='word_1_78' title='bbox 890 1401 1127 1472; x_wconf 87' lang='lat' dir='ltr'><strong>Denique</strong></span> <span class='ocrx_word' id='word_1_79' title='bbox 1153 1408 1208 1455; x_wconf 90' lang='lat' dir='ltr'><strong>et</strong></span> <span class='ocrx_word' id='word_1_80' title='bbox 1248 1399 1320 1453; x_wconf 92' lang='lat' dir='ltr'><strong>illi</strong></span> <span class='ocrx_word' id='word_1_81' title='bbox 1351 1397 1478 1452; x_wconf 67' lang='grc' dir='ltr'><strong>(επεὶ</strong></span> <span class='ocrx_word' id='word_1_82' title='bbox 1508 1394 1576 1449; x_wconf 90' lang='lat' dir='ltr'><strong>ad</strong></span> <span class='ocrx_word' id='word_1_83' title='bbox 1622 1394 1759 1448; x_wconf 91' lang='lat' dir='ltr'><strong>viam</strong></span> <span class='ocrx_word' id='word_1_84' title='bbox 1786 1406 1878 1447; x_wconf 78' lang='lat' dir='ltr'><strong>se-</strong></span> 
     </span>
    </p>
   </div>
   <div class='ocr_carea' id='block_1_13' title="bbox 295 1485 1879 1564">
    <p class='ocr_par' dir='ltr' id='par_1_13' title="bbox 295 1485 1879 1564">
     <span class='ocr_line' id='line_1_13' title="bbox 295 1485 1879 1564; baseline -0.009 -10"><span class='ocrx_word' id='word_1_85' title='bbox 295 1498 510 1564; x_wconf 89' lang='lat' dir='ltr'><strong>debant,</strong></span> <span class='ocrx_word' id='word_1_86' title='bbox 532 1497 605 1552; x_wconf 86' lang='lat' dir='ltr'><strong>ibi</strong></span> <span class='ocrx_word' id='word_1_87' title='bbox 628 1505 987 1552; x_wconf 87' lang='lat' dir='ltr'><strong>transeuntem</strong></span> <span class='ocrx_word' id='word_1_88' title='bbox 1005 1500 1305 1556; x_wconf 88' lang='lat' dir='ltr'><strong>senserunt,</strong></span> <span class='ocrx_word' id='word_1_89' title='bbox 1328 1498 1382 1545; x_wconf 91' lang='lat' dir='ltr'><strong>et</strong></span> <span class='ocrx_word' id='word_1_90' title='bbox 1400 1485 1677 1544; x_wconf 89' lang='lat' dir='ltr'><strong>clamando</strong></span> <span class='ocrx_word' id='word_1_91' title='bbox 1695 1493 1879 1541; x_wconf 88' lang='lat' dir='ltr'><strong>tenue-</strong></span> 
     </span>
    </p>
   </div>
   <div class='ocr_carea' id='block_1_14' title="bbox 294 1575 1876 1658">
    <p class='ocr_par' dir='ltr' id='par_1_14' title="bbox 294 1575 1876 1658">
     <span class='ocr_line' id='line_1_14' title="bbox 294 1575 1876 1658; baseline -0.009 -14"><span class='ocrx_word' id='word_1_92' title='bbox 294 1600 435 1644; x_wconf 85' lang='lat' dir='ltr'><strong>runt.</strong></span> <span class='ocrx_word' id='word_1_93' title='bbox 469 1589 528 1644; x_wconf 92' lang='lat' dir='ltr'><strong>In</strong></span> <span class='ocrx_word' id='word_1_94' title='bbox 552 1590 634 1642; x_wconf 87' lang='lat' dir='ltr'><strong>via</strong></span> <span class='ocrx_word' id='word_1_95' title='bbox 662 1603 791 1658; x_wconf 85' lang='lat' dir='ltr'><strong>ergo</strong></span> <span class='ocrx_word' id='word_1_96' title='bbox 833 1586 1016 1642; x_wconf 81' lang='lat' dir='ltr'><strong>saeculi</strong></span> <span class='ocrx_word' id='word_1_97' title='bbox 1048 1585 1204 1654; x_wconf 85' lang='lat' dir='ltr'><strong>hujus</strong></span> <span class='ocrx_word' id='word_1_98' title='bbox 1247 1582 1351 1637; x_wconf 89' lang='lat' dir='ltr'><strong>hoc</strong></span> <span class='ocrx_word' id='word_1_99' title='bbox 1389 1577 1750 1635; x_wconf 90' lang='lat' dir='ltr'><strong>transitorium</strong></span> <span class='ocrx_word' id='word_1_100' title='bbox 1792 1575 1876 1631; x_wconf 91' lang='lat' dir='ltr'><strong>sui</strong></span> 
     </span>
    </p>
   </div>
   <div class='ocr_carea' id='block_1_15' title="bbox 294 1670 1878 1751">
    <p class='ocr_par' dir='ltr' id='par_1_15' title="bbox 294 1670 1878 1751">
     <span class='ocr_line' id='line_1_15' title="bbox 294 1670 1878 1751; baseline -0.008 -15"><span class='ocrx_word' id='word_1_101' title='bbox 294 1680 555 1736; x_wconf 85' lang='lat' dir='ltr'><strong>Domin‘us</strong></span> <span class='ocrx_word' id='word_1_102' title='bbox 583 1687 833 1751; x_wconf 87' lang='lat' dir='ltr'><strong>operatus</strong></span> <span class='ocrx_word' id='word_1_103' title='bbox 878 1685 980 1743; x_wconf 90' lang='lat' dir='ltr'><strong>est,</strong></span> <span class='ocrx_word' id='word_1_104' title='bbox 1022 1685 1078 1732; x_wconf 89' lang='lat' dir='ltr'><strong>et</strong></span> <span class='ocrx_word' id='word_1_105' title='bbox 1115 1675 1218 1731; x_wconf 88' lang='lat' dir='ltr'><strong>hoc</strong></span> <span class='ocrx_word' id='word_1_106' title='bbox 1255 1673 1616 1729; x_wconf 88' lang='lat' dir='ltr'><strong>transitorium</strong></span> <span class='ocrx_word' id='word_1_107' title='bbox 1648 1670 1878 1741; x_wconf 84' lang='lat' dir='ltr'><strong>pertinet</strong></span> 
     </span>
    </p>
   </div>
   <div class='ocr_carea' id='block_1_16' title="bbox 293 1763 1876 1829">
    <p class='ocr_par' dir='ltr' id='par_1_16' title="bbox 293 1763 1876 1829">
     <span class='ocr_line' id='line_1_16' title="bbox 293 1763 1876 1829; baseline -0.006 -1"><span class='ocrx_word' id='word_1_108' title='bbox 293 1774 359 1829; x_wconf 88' lang='lat' dir='ltr'><strong>ad</strong></span> <span class='ocrx_word' id='word_1_109' title='bbox 389 1774 558 1828; x_wconf 90' lang='lat' dir='ltr'><strong>ﬁlium</strong></span> <span class='ocrx_word' id='word_1_110' title='bbox 592 1773 776 1828; x_wconf 86' lang='lat' dir='ltr'><strong>David.</strong></span> <span class='ocrx_word' id='word_1_111' title='bbox 823 1771 947 1826; x_wconf 92' lang='lat' dir='ltr'><strong>Ideo</strong></span> <span class='ocrx_word' id='word_1_112' title='bbox 978 1771 1054 1825; x_wconf 91' lang='lat' dir='ltr'><strong>illi</strong></span> <span class='ocrx_word' id='word_1_113' title='bbox 1098 1768 1324 1824; x_wconf 89' lang='lat' dir='ltr'><strong>Domino</strong></span> <span class='ocrx_word' id='word_1_114' title='bbox 1349 1765 1644 1822; x_wconf 87' lang='lat' dir='ltr'><strong>transeunti</strong></span> <span class='ocrx_word' id='word_1_115' title='bbox 1671 1783 1683 1819; x_wconf 91' lang='lat'><strong>:</strong></span> <span class='ocrx_word' id='word_1_116' title='bbox 1713 1763 1876 1819; x_wconf 83' lang='lat' dir='ltr'><strong>Mise-</strong></span> 
     </span>
    </p>
   </div>
   <div class='ocr_carea' id='block_1_17' title="bbox 293 1858 1876 1934">
    <p class='ocr_par' dir='ltr' id='par_1_17' title="bbox 293 1858 1876 1934">
     <span class='ocr_line' id='line_1_17' title="bbox 293 1858 1876 1934; baseline -0.004 -15"><span class='ocrx_word' id='word_1_117' title='bbox 293 1882 403 1919; x_wconf 84' lang='lat' dir='ltr'><strong>rere</strong></span> <span class='ocrx_word' id='word_1_118' title='bbox 428 1865 606 1928; x_wconf 87' lang='lat' dir='ltr'><strong>nostri,</strong></span> <span class='ocrx_word' id='word_1_119' title='bbox 630 1865 707 1934; x_wconf 83' lang='lat' dir='ltr'><strong>ﬁli</strong></span> <span class='ocrx_word' id='word_1_120' title='bbox 747 1863 932 1918; x_wconf 96' lang='lat' dir='ltr'><strong>David.</strong></span> <span class='ocrx_word' id='word_1_121' title='bbox 958 1862 1234 1932; x_wconf 80' lang='lat' dir='ltr'><strong>Tanquam</strong></span> <span class='ocrx_word' id='word_1_122' title='bbox 1261 1861 1532 1916; x_wconf 84' lang='lat' dir='ltr'><strong>dicerent:</strong></span> <span class='ocrx_word' id='word_1_123' title='bbox 1556 1859 1747 1914; x_wconf 89' lang='lat' dir='ltr'><strong>Filium</strong></span> <span class='ocrx_word' id='word_1_124' title='bbox 1769 1858 1876 1912; x_wconf 90' lang='lat' dir='ltr'><strong>Da-</strong></span> 
     </span>
    </p>
   </div>
   <div class='ocr_carea' id='block_1_18' title="bbox 295 1951 1875 2026">
    <p class='ocr_par' dir='ltr' id='par_1_18' title="bbox 295 1951 1875 2026">
     <span class='ocr_line' id='line_1_18' title="bbox 295 1951 1875 2026; baseline -0.003 -14"><span class='ocrx_word' id='word_1_125' title='bbox 295 1958 380 2012; x_wconf 86' lang='lat' dir='ltr'><strong>vid</strong></span> <span class='ocrx_word' id='word_1_126' title='bbox 413 1957 466 2011; x_wconf 94' lang='lat' dir='ltr'><strong>in</strong></span> <span class='ocrx_word' id='word_1_127' title='bbox 497 1965 806 2012; x_wconf 87' lang='lat' dir='ltr'><strong>transeunte</strong></span> <span class='ocrx_word' id='word_1_128' title='bbox 830 1957 846 1988; x_wconf 85' lang='grc'>¹</span> <span class='ocrx_word' id='word_1_129' title='bbox 871 1955 1262 2026; x_wconf 81' lang='lat' dir='ltr'><strong>cognoscimus,</strong></span> <span class='ocrx_word' id='word_1_130' title='bbox 1295 1953 1460 2007; x_wconf 93' lang='lat' dir='ltr'><strong>ﬁlium</strong></span> <span class='ocrx_word' id='word_1_131' title='bbox 1487 1951 1651 2006; x_wconf 86' lang='lat' dir='ltr'><strong>David</strong></span> <span class='ocrx_word' id='word_1_132' title='bbox 1679 1951 1875 2007; x_wconf 80' lang='lat' dir='ltr'><strong>factum</strong></span> 
     </span>
    </p>
   </div>
   <div class='ocr_carea' id='block_1_19' title="bbox 296 2042 1875 2118">
    <p class='ocr_par' dir='ltr' id='par_1_19' title="bbox 296 2042 1875 2118">
     <span class='ocr_line' id='line_1_19' title="bbox 296 2042 1875 2118; baseline -0.004 -14"><span class='ocrx_word' id='word_1_133' title='bbox 296 2048 351 2104; x_wconf 90' lang='lat' dir='ltr'><strong>in</strong></span> <span class='ocrx_word' id='word_1_134' title='bbox 379 2049 606 2104; x_wconf 88' lang='lat' dir='ltr'><strong>transitu</strong></span> <span class='ocrx_word' id='word_1_135' title='bbox 632 2048 908 2104; x_wconf 86' lang='lat' dir='ltr'><strong>discimus.</strong></span> <span class='ocrx_word' id='word_1_136' title='bbox 941 2050 1308 2118; x_wconf 86' lang='lat' dir='ltr'><strong>Agnoscamus</strong></span> <span class='ocrx_word' id='word_1_137' title='bbox 1339 2060 1468 2116; x_wconf 86' lang='lat' dir='ltr'><strong>ergo</strong></span> <span class='ocrx_word' id='word_1_138' title='bbox 1492 2052 1546 2099; x_wconf 90' lang='lat' dir='ltr'><strong>et</strong></span> <span class='ocrx_word' id='word_1_139' title='bbox 1575 2058 1693 2108; x_wconf 88' lang='lat' dir='ltr'><strong>nos,</strong></span> <span class='ocrx_word' id='word_1_140' title='bbox 1725 2050 1781 2098; x_wconf 88' lang='lat' dir='ltr'><strong>et</strong></span> <span class='ocrx_word' id='word_1_141' title='bbox 1807 2042 1875 2098; x_wconf 86' lang='lat' dir='ltr'><strong>ﬁ-</strong></span> 
     </span>
    </p>
   </div>
   <div class='ocr_carea' id='block_1_20' title="bbox 294 2136 1871 2204">
    <p class='ocr_par' dir='ltr' id='par_1_20' title="bbox 294 2136 1871 2204">
     <span class='ocr_line' id='line_1_20' title="bbox 294 2136 1871 2204; baseline -0.003 -9"><span class='ocrx_word' id='word_1_142' title='bbox 294 2140 424 2196; x_wconf 92' lang='lat' dir='ltr'><strong>lium</strong></span> <span class='ocrx_word' id='word_1_143' title='bbox 479 2141 644 2196; x_wconf 83' lang='lat' dir='ltr'><strong>David</strong></span> <span class='ocrx_word' id='word_1_144' title='bbox 692 2140 1070 2204; x_wconf 88' lang='lat' dir='ltr'><strong>conﬁteamur,</strong></span> <span class='ocrx_word' id='word_1_145' title='bbox 1119 2147 1178 2194; x_wconf 90' lang='lat' dir='ltr'><strong>ut</strong></span> <span class='ocrx_word' id='word_1_146' title='bbox 1225 2136 1508 2192; x_wconf 88' lang='lat' dir='ltr'><strong>illuminari</strong></span> <span class='ocrx_word' id='word_1_147' title='bbox 1551 2150 1871 2191; x_wconf 88' lang='lat' dir='ltr'><strong>mereamur.</strong></span> 
     </span>
    </p>
   </div>
   <div class='ocr_carea' id='block_1_21' title="bbox 293 2228 1873 2298">
    <p class='ocr_par' dir='ltr' id='par_1_21' title="bbox 293 2228 1873 2298">
     <span class='ocr_line' id='line_1_21' title="bbox 293 2228 1873 2298; baseline -0.003 -8"><span class='ocrx_word' id='word_1_148' title='bbox 293 2233 567 2291; x_wconf 90' lang='lat' dir='ltr'><strong>Sentimus</strong></span> <span class='ocrx_word' id='word_1_149' title='bbox 604 2235 746 2289; x_wconf 89' lang='lat' dir='ltr'><strong>cnim</strong></span> <span class='ocrx_word' id='word_1_150' title='bbox 788 2240 1152 2289; x_wconf 89' lang='lat' dir='ltr'><strong>transeuntem</strong></span> <span class='ocrx_word' id='word_1_151' title='bbox 1184 2231 1348 2286; x_wconf 90' lang='lat' dir='ltr'><strong>ﬁlium</strong></span> <span class='ocrx_word' id='word_1_152' title='bbox 1376 2229 1566 2298; x_wconf 86' lang='lat' dir='ltr'><strong>David,</strong></span> <span class='ocrx_word' id='word_1_153' title='bbox 1591 2238 1646 2285; x_wconf 92' lang='lat' dir='ltr'><strong>et</strong></span> <span class='ocrx_word' id='word_1_154' title='bbox 1674 2228 1873 2285; x_wconf 87' lang='lat' dir='ltr'><strong>illumi-</strong></span> 
     </span>
    </p>
   </div>
   <div class='ocr_carea' id='block_1_22' title="bbox 294 2327 999 2384">
    <p class='ocr_par' dir='ltr' id='par_1_22' title="bbox 294 2327 999 2384">
     <span class='ocr_line' id='line_1_22' title="bbox 294 2327 999 2384; baseline -0.006 0"><span class='ocrx_word' id='word_1_155' title='bbox 294 2345 486 2384; x_wconf 83' lang='lat' dir='ltr'><strong>namur</strong></span> <span class='ocrx_word' id='word_1_156' title='bbox 507 2345 540 2384; x_wconf 88' lang='lat' dir='ltr'><strong>a</strong></span> <span class='ocrx_word' id='word_1_157' title='bbox 564 2328 788 2383; x_wconf 89' lang='lat' dir='ltr'><strong>Domino</strong></span> <span class='ocrx_word' id='word_1_158' title='bbox 815 2327 999 2382; x_wconf 85' lang='lat' dir='ltr'><strong>David.</strong></span> 
     </span>
    </p>
   </div>
   <div class='ocr_carea' id='block_1_23' title="bbox 365 2413 1875 2493">
    <p class='ocr_par' dir='ltr' id='par_1_23' title="bbox 365 2413 1875 2493">
     <span class='ocr_line' id='line_1_23' title="bbox 365 2413 1875 2493; baseline -0.005 -15"><span class='ocrx_word' id='word_1_159' title='bbox 365 2422 420 2478; x_wconf 85' lang='lat'><strong>6.</strong></span> <span class='ocrx_word' id='word_1_160' title='bbox 462 2423 600 2478; x_wconf 88' lang='lat' dir='ltr'><strong>Ecce</strong></span> <span class='ocrx_word' id='word_1_161' title='bbox 625 2437 751 2493; x_wconf 85' lang='lat' dir='ltr'><strong>ergo</strong></span> <span class='ocrx_word' id='word_1_162' title='bbox 775 2421 895 2492; x_wconf 87' lang='lat' dir='ltr'><strong>quia</strong></span> <span class='ocrx_word' id='word_1_163' title='bbox 924 2421 1174 2491; x_wconf 75' lang='lat' dir='ltr'><strong>Magister</strong></span> <span class='ocrx_word' id='word_1_164' title='bbox 1201 2426 1385 2474; x_wconf 90' lang='lat' dir='ltr'><strong>noster</strong></span> <span class='ocrx_word' id='word_1_165' title='bbox 1415 2417 1761 2488; x_wconf 75' lang='lat' dir='ltr'><strong>interrogavit</strong></span> <span class='ocrx_word' id='word_1_166' title='bbox 1779 2413 1875 2472; x_wconf 85' lang='lat' dir='ltr'><strong>Ju-</strong></span> 
     </span>
    </p>
   </div>
   <div class='ocr_carea' id='block_1_24' title="bbox 293 2507 1875 2584">
    <p class='ocr_par' dir='ltr' id='par_1_24' title="bbox 293 2507 1875 2584">
     <span class='ocr_line' id='line_1_24' title="bbox 293 2507 1875 2584; baseline -0.003 -15"><span class='ocrx_word' id='word_1_167' title='bbox 293 2513 464 2580; x_wconf 63' lang='lat' dir='ltr'><strong>datos,</strong></span> <span class='ocrx_word' id='word_1_168' title='bbox 505 2523 560 2569; x_wconf 89' lang='lat' dir='ltr'><strong>et</strong></span> <span class='ocrx_word' id='word_1_169' title='bbox 602 2514 722 2568; x_wconf 86' lang='lat' dir='ltr'><strong>ideo</strong></span> <span class='ocrx_word' id='word_1_170' title='bbox 748 2529 855 2568; x_wconf 92' lang='lat' dir='ltr'><strong>non</strong></span> <span class='ocrx_word' id='word_1_171' title='bbox 882 2511 1294 2584; x_wconf 66' lang='lat' dir='ltr'><strong>restionderunt,</strong></span> <span class='ocrx_word' id='word_1_172' title='bbox 1329 2510 1451 2581; x_wconf 86' lang='lat' dir='ltr'><strong>quia</strong></span> <span class='ocrx_word' id='word_1_173' title='bbox 1478 2507 1722 2579; x_wconf 89' lang='lat' dir='ltr'><strong>discipuli</strong></span> <span class='ocrx_word' id='word_1_174' title='bbox 1755 2522 1875 2564; x_wconf 89' lang='lat' dir='ltr'><strong>esse</strong></span> 
     </span>
    </p>
   </div>
   <div class='ocr_carea' id='block_1_25' title="bbox 292 2598 1871 2674">
    <p class='ocr_par' dir='ltr' id='par_1_25' title="bbox 292 2598 1871 2674">
     <span class='ocr_line' id='line_1_25' title="bbox 292 2598 1871 2674; baseline -0.005 -12"><span class='ocrx_word' id='word_1_175' title='bbox 292 2608 616 2670; x_wconf 87' lang='lat' dir='ltr'><strong>noluerunt;</strong></span> <span class='ocrx_word' id='word_1_176' title='bbox 647 2620 774 2661; x_wconf 92' lang='lat' dir='ltr'><strong>ecce</strong></span> <span class='ocrx_word' id='word_1_177' title='bbox 802 2605 845 2659; x_wconf 90' lang='lat' dir='ltr'><strong>si</strong></span> <span class='ocrx_word' id='word_1_178' title='bbox 878 2619 976 2660; x_wconf 91' lang='lat' dir='ltr'><strong>nos</strong></span> <span class='ocrx_word' id='word_1_179' title='bbox 1007 2603 1383 2674; x_wconf 76' lang='lat' dir='ltr'><strong>interrogaret,</strong></span> <span class='ocrx_word' id='word_1_180' title='bbox 1417 2601 1544 2672; x_wconf 78' lang='lat' dir='ltr'><strong>quid</strong></span> <span class='ocrx_word' id='word_1_181' title='bbox 1575 2598 1871 2670; x_wconf 90' lang='lat' dir='ltr'><strong>responde-</strong></span> 
     </span>
    </p>
   </div>
   <div class='ocr_carea' id='block_1_26' title="bbox 293 2691 1876 2766">
    <p class='ocr_par' dir='ltr' id='par_1_26' title="bbox 293 2691 1876 2766">
     <span class='ocr_line' id='line_1_26' title="bbox 293 2691 1876 2766; baseline -0.005 -13"><span class='ocrx_word' id='word_1_182' title='bbox 293 2700 508 2753; x_wconf 86' lang='lat' dir='ltr'><strong>rcmus?</strong></span> <span class='ocrx_word' id='word_1_183' title='bbox 540 2697 853 2753; x_wconf 80' lang='lat' dir='ltr'><strong>Defecerunt</strong></span> <span class='ocrx_word' id='word_1_184' title='bbox 877 2697 930 2751; x_wconf 94' lang='lat' dir='ltr'><strong>in</strong></span> <span class='ocrx_word' id='word_1_185' title='bbox 959 2695 1056 2751; x_wconf 90' lang='lat' dir='ltr'><strong>hac</strong></span> <span class='ocrx_word' id='word_1_186' title='bbox 1083 2694 1500 2766; x_wconf 87' lang='lat' dir='ltr'><strong>interrogatione</strong></span> <span class='ocrx_word' id='word_1_187' title='bbox 1528 2691 1718 2758; x_wconf 80' lang='lat' dir='ltr'><strong>Judaei,</strong></span> <span class='ocrx_word' id='word_1_188' title='bbox 1752 2705 1876 2761; x_wconf 89' lang='lat' dir='ltr'><strong>pro-</strong></span> 
     </span>
    </p>
   </div>
   <div class='ocr_carea' id='block_1_27' title="bbox 293 2785 1873 2859">
    <p class='ocr_par' dir='ltr' id='par_1_27' title="bbox 293 2785 1873 2859">
     <span class='ocr_line' id='line_1_27' title="bbox 293 2785 1873 2859; baseline -0.004 -15"><span class='ocrx_word' id='word_1_189' title='bbox 293 2791 474 2846; x_wconf 88' lang='lat' dir='ltr'><strong>ﬁciant</strong></span> <span class='ocrx_word' id='word_1_190' title='bbox 499 2789 819 2856; x_wconf 84' lang='lat' dir='ltr'><strong>Christiani;</strong></span> <span class='ocrx_word' id='word_1_191' title='bbox 852 2803 959 2844; x_wconf 92' lang='lat' dir='ltr'><strong>non</strong></span> <span class='ocrx_word' id='word_1_192' title='bbox 990 2788 1393 2859; x_wconf 86' lang='lat' dir='ltr'><strong>perturbentur,</strong></span> <span class='ocrx_word' id='word_1_193' title='bbox 1416 2785 1514 2841; x_wconf 90' lang='lat' dir='ltr'><strong>sed</strong></span> <span class='ocrx_word' id='word_1_194' title='bbox 1542 2785 1873 2841; x_wconf 88' lang='lat' dir='ltr'><strong>erudiantur.</strong></span> 
     </span>
    </p>
   </div>
   <div class='ocr_carea' id='block_1_28' title="bbox 291 2875 1875 2950">
    <p class='ocr_par' dir='ltr' id='par_1_28' title="bbox 291 2875 1875 2950">
     <span class='ocr_line' id='line_1_28' title="bbox 291 2875 1875 2950; baseline -0.003 -13"><span class='ocrx_word' id='word_1_195' title='bbox 291 2883 408 2937; x_wconf 79' lang='lat' dir='ltr'><strong>Non</strong></span> <span class='ocrx_word' id='word_1_196' title='bbox 451 2883 592 2938; x_wconf 90' lang='lat' dir='ltr'><strong>enim</strong></span> <span class='ocrx_word' id='word_1_197' title='bbox 637 2882 891 2936; x_wconf 89' lang='lat' dir='ltr'><strong>Dominus</strong></span> <span class='ocrx_word' id='word_1_198' title='bbox 933 2880 1224 2950; x_wconf 82' lang='lat' dir='ltr'><strong>interrogat</strong></span> <span class='ocrx_word' id='word_1_199' title='bbox 1272 2878 1482 2934; x_wconf 90' lang='lat' dir='ltr'><strong>discere</strong></span> <span class='ocrx_word' id='word_1_200' title='bbox 1522 2877 1736 2943; x_wconf 87' lang='lat' dir='ltr'><strong>volens,</strong></span> <span class='ocrx_word' id='word_1_201' title='bbox 1778 2875 1875 2932; x_wconf 78' lang='lat' dir='ltr'><strong>sed</strong></span> 
     </span>
    </p>
   </div>
   <div class='ocr_carea' id='block_1_29' title="bbox 293 2967 1871 3043">
    <p class='ocr_par' dir='ltr' id='par_1_29' title="bbox 293 2967 1871 3043">
     <span class='ocr_line' id='line_1_29' title="bbox 293 2967 1871 3043; baseline -0.002 -15"><span class='ocrx_word' id='word_1_202' title='bbox 293 2983 545 3043; x_wconf 86' lang='lat' dir='ltr'><strong>tanquam</strong></span> <span class='ocrx_word' id='word_1_203' title='bbox 586 2973 771 3028; x_wconf 89' lang='lat' dir='ltr'><strong>doctor</strong></span> <span class='ocrx_word' id='word_1_204' title='bbox 806 2973 1117 3042; x_wconf 81' lang='lat' dir='ltr'><strong>interrogat.</strong></span> <span class='ocrx_word' id='word_1_205' title='bbox 1151 2972 1401 3026; x_wconf 90' lang='lat' dir='ltr'><strong>Dicerent</strong></span> <span class='ocrx_word' id='word_1_206' title='bbox 1427 2969 1611 3025; x_wconf 86' lang='lat' dir='ltr'><strong>miseri</strong></span> <span class='ocrx_word' id='word_1_207' title='bbox 1653 2967 1825 3025; x_wconf 81' lang='lat' dir='ltr'><strong>Judaei</strong></span> <span class='ocrx_word' id='word_1_208' title='bbox 1855 2985 1871 3025; x_wconf 96' lang='lat'><strong>:</strong></span> 
     </span>
    </p>
   </div>
   <div class='ocr_carea' id='block_1_30' title="bbox 292 3062 1877 3132">
    <p class='ocr_par' dir='ltr' id='par_1_30' title="bbox 292 3062 1877 3132">
     <span class='ocr_line' id='line_1_30' title="bbox 292 3062 1877 3132; baseline -0.004 -9"><span class='ocrx_word' id='word_1_209' title='bbox 292 3068 394 3132; x_wconf 88' lang='lat' dir='ltr'><strong>Tu,</strong></span> <span class='ocrx_word' id='word_1_210' title='bbox 423 3067 509 3122; x_wconf 90' lang='lat' dir='ltr'><strong>dic</strong></span> <span class='ocrx_word' id='word_1_211' title='bbox 535 3067 708 3123; x_wconf 88' lang='lat' dir='ltr'><strong>nobis.</strong></span> <span class='ocrx_word' id='word_1_212' title='bbox 737 3066 1035 3122; x_wconf 84' lang='lat' dir='ltr'><strong>Maluerunt</strong></span> <span class='ocrx_word' id='word_1_213' title='bbox 1065 3063 1243 3120; x_wconf 84' lang='lat' dir='ltr'><strong>inﬂata</strong></span> <span class='ocrx_word' id='word_1_214' title='bbox 1270 3065 1631 3120; x_wconf 88' lang='lat' dir='ltr'><strong>taciturnitate</strong></span> <span class='ocrx_word' id='word_1_215' title='bbox 1651 3062 1877 3118; x_wconf 86' lang='lat' dir='ltr'><strong>disrum-</strong></span> 
     </span>
    </p>
   </div>
   <div class='ocr_carea' id='block_1_31' title="bbox 292 3157 1875 3232">
    <p class='ocr_par' dir='ltr' id='par_1_31' title="bbox 292 3157 1875 3232">
     <span class='ocr_line' id='line_1_31' title="bbox 292 3157 1875 3232; baseline -0.003 -17"><span class='ocrx_word' id='word_1_216' title='bbox 292 3159 369 3230; x_wconf 91' lang='lat' dir='ltr'><strong>pi,</strong></span> <span class='ocrx_word' id='word_1_217' title='bbox 400 3175 557 3232; x_wconf 88' lang='lat' dir='ltr'><strong>quam</strong></span> <span class='ocrx_word' id='word_1_218' title='bbox 585 3158 772 3213; x_wconf 86' lang='lat' dir='ltr'><strong>humili</strong></span> <span class='ocrx_word' id='word_1_219' title='bbox 802 3158 1140 3215; x_wconf 84' lang='lat' dir='ltr'><strong>confessione</strong></span> <span class='ocrx_word' id='word_1_220' title='bbox 1166 3157 1401 3214; x_wconf 89' lang='lat' dir='ltr'><strong>edoceri.</strong></span> <span class='ocrx_word' id='word_1_221' title='bbox 1445 3158 1594 3213; x_wconf 86' lang='lat' dir='ltr'><strong>Dicat</strong></span> <span class='ocrx_word' id='word_1_222' title='bbox 1616 3172 1744 3228; x_wconf 90' lang='lat' dir='ltr'><strong>ergo</strong></span> <span class='ocrx_word' id='word_1_223' title='bbox 1773 3171 1875 3211; x_wconf 87' lang='lat' dir='ltr'><strong>no-</strong></span> 
     </span>
    </p>
   </div>
   <div class='ocr_carea' id='block_1_32' title="bbox 292 3241 1875 3322">
    <p class='ocr_par' dir='ltr' id='par_1_32' title="bbox 292 3241 1875 3322">
     <span class='ocr_line' id='line_1_32' title="bbox 292 3241 1875 3322; baseline 0.001 -17"><span class='ocrx_word' id='word_1_224' title='bbox 292 3252 376 3306; x_wconf 88' lang='lat' dir='ltr'><strong>bis</strong></span> <span class='ocrx_word' id='word_1_225' title='bbox 421 3251 668 3322; x_wconf 82' lang='lat' dir='ltr'><strong>Magister</strong></span> <span class='ocrx_word' id='word_1_226' title='bbox 706 3260 907 3318; x_wconf 90' lang='lat' dir='ltr'><strong>noster,</strong></span> <span class='ocrx_word' id='word_1_227' title='bbox 950 3260 1006 3307; x_wconf 91' lang='lat' dir='ltr'><strong>et</strong></span> <span class='ocrx_word' id='word_1_228' title='bbox 1045 3251 1323 3307; x_wconf 87' lang='lat' dir='ltr'><strong>videamus</strong></span> <span class='ocrx_word' id='word_1_229' title='bbox 1361 3241 1490 3322; x_wconf 86' lang='lat' dir='ltr'><strong>quid</strong></span> <span class='ocrx_word' id='word_1_230' title='bbox 1528 3249 1875 3322; x_wconf 84' lang='lat' dir='ltr'><strong>interroganti</strong></span> 
     </span>
    </p>
   </div>
   <div class='ocr_carea' id='block_1_33' title="bbox 292 3341 1878 3412">
    <p class='ocr_par' dir='ltr' id='par_1_33' title="bbox 292 3341 1878 3412">
     <span class='ocr_line' id='line_1_33' title="bbox 292 3341 1878 3412; baseline -0.001 -14"><span class='ocrx_word' id='word_1_231' title='bbox 292 3343 740 3412; x_wconf 83' lang='lat' dir='ltr'><strong>respondeamus:</strong></span> <span class='ocrx_word' id='word_1_232' title='bbox 767 3343 902 3410; x_wconf 82' lang='lat' dir='ltr'><strong>Quid</strong></span> <span class='ocrx_word' id='word_1_233' title='bbox 927 3341 1061 3398; x_wconf 84' lang='lat' dir='ltr'><strong>vobis</strong></span> <span class='ocrx_word' id='word_1_234' title='bbox 1086 3342 1281 3397; x_wconf 88' lang='lat' dir='ltr'><strong>videtur</strong></span> <span class='ocrx_word' id='word_1_235' title='bbox 1300 3342 1362 3396; x_wconf 85' lang='lat' dir='ltr'><strong>de</strong></span> <span class='ocrx_word' id='word_1_236' title='bbox 1381 3341 1620 3397; x_wconf 81' lang='lat' dir='ltr'><strong>Christo?</strong></span> <span class='ocrx_word' id='word_1_237' title='bbox 1637 3345 1783 3411; x_wconf 89' lang='lat' dir='ltr'><strong>cujus</strong></span> <span class='ocrx_word' id='word_1_238' title='bbox 1801 3350 1878 3397; x_wconf 86' lang='lat' dir='ltr'><strong>est</strong></span> 
     </span>
    </p>
   </div>
   <div class='ocr_carea' id='block_1_34' title="bbox 293 3433 1874 3504">
    <p class='ocr_par' dir='ltr' id='par_1_34' title="bbox 293 3433 1874 3504">
     <span class='ocr_line' id='line_1_34' title="bbox 293 3433 1874 3504; baseline 0.002 -18"><span class='ocrx_word' id='word_1_239' title='bbox 293 3435 472 3504; x_wconf 77' lang='lat' dir='ltr'><strong>ﬁlius?</strong></span> <span class='ocrx_word' id='word_1_240' title='bbox 501 3433 938 3504; x_wconf 82' lang='lat' dir='ltr'><strong>Respondeamus</strong></span> <span class='ocrx_word' id='word_1_241' title='bbox 963 3435 1183 3489; x_wconf 89' lang='lat' dir='ltr'><strong>omnino</strong></span> <span class='ocrx_word' id='word_1_242' title='bbox 1221 3433 1364 3504; x_wconf 90' lang='lat' dir='ltr'><strong>quod</strong></span> <span class='ocrx_word' id='word_1_243' title='bbox 1393 3434 1583 3498; x_wconf 69' lang='lat' dir='ltr'><strong>Judaei,</strong></span> <span class='ocrx_word' id='word_1_244' title='bbox 1633 3433 1727 3489; x_wconf 94' lang='lat' dir='ltr'><strong>sed</strong></span> <span class='ocrx_word' id='word_1_245' title='bbox 1767 3449 1874 3489; x_wconf 91' lang='lat' dir='ltr'><strong>non</strong></span> 
     </span>
    </p>
   </div>
   <div class='ocr_carea' id='block_1_35' title="bbox 294 3525 1875 3598">
    <p class='ocr_par' dir='ltr' id='par_1_35' title="bbox 294 3525 1875 3598">
     <span class='ocr_line' id='line_1_35' title="bbox 294 3525 1875 3598; baseline 0.002 -17"><span class='ocrx_word' id='word_1_246' title='bbox 294 3540 666 3582; x_wconf 84' lang='lat' dir='ltr'><strong>remaneamus</strong></span> <span class='ocrx_word' id='word_1_247' title='bbox 689 3527 774 3582; x_wconf 90' lang='lat' dir='ltr'><strong>ubi</strong></span> <span class='ocrx_word' id='word_1_248' title='bbox 802 3526 992 3582; x_wconf 71' lang='lat' dir='ltr'><strong>Judmi.</strong></span> <span class='ocrx_word' id='word_1_249' title='bbox 1016 3527 1338 3586; x_wconf 82' lang='lat' dir='ltr'><strong>Recolamus</strong></span> <span class='ocrx_word' id='word_1_250' title='bbox 1362 3526 1707 3598; x_wconf 87' lang='lat' dir='ltr'><strong>Evangelium</strong></span> <span class='ocrx_word' id='word_1_251' title='bbox 1731 3525 1875 3597; x_wconf 89' lang='lat' dir='ltr'><strong>quod</strong></span> 
     </span>
    </p>
   </div>
   <div class='ocr_carea' id='block_1_36' title="bbox 291 3621 1874 3694">
    <p class='ocr_par' dir='ltr' id='par_1_36' title="bbox 291 3621 1874 3694">
     <span class='ocr_line' id='line_1_36' title="bbox 291 3621 1874 3694; baseline 0.003 -20"><span class='ocrx_word' id='word_1_252' title='bbox 291 3621 590 3677; x_wconf 80' lang='lat' dir='ltr'><strong>credimus:</strong></span> <span class='ocrx_word' id='word_1_253' title='bbox 626 3621 772 3677; x_wconf 87' lang='lat' dir='ltr'><strong>Liber</strong></span> <span class='ocrx_word' id='word_1_254' title='bbox 814 3623 1148 3694; x_wconf 84' lang='lat' dir='ltr'><strong>generationis</strong></span> <span class='ocrx_word' id='word_1_255' title='bbox 1172 3621 1298 3677; x_wconf 85' lang='lat' dir='ltr'><strong>Jesu</strong></span> <span class='ocrx_word' id='word_1_256' title='bbox 1327 3621 1533 3687; x_wconf 82' lang='lat' dir='ltr'><strong>Christi,</strong></span> <span class='ocrx_word' id='word_1_257' title='bbox 1564 3621 1660 3691; x_wconf 78' lang='lat' dir='ltr'><strong>ﬁlii</strong></span> <span class='ocrx_word' id='word_1_258' title='bbox 1685 3621 1874 3678; x_wconf 78' lang='lat' dir='ltr'><strong>David.</strong></span> 
     </span>
    </p>
   </div>
   <div class='ocr_carea' id='block_1_37' title="bbox 293 3714 1878 3788">
    <p class='ocr_par' dir='ltr' id='par_1_37' title="bbox 293 3714 1878 3788">
     <span class='ocr_line' id='line_1_37' title="bbox 293 3714 1878 3788; baseline 0.003 -20"><span class='ocrx_word' id='word_1_259' title='bbox 293 3714 409 3770; x_wconf 84' lang='lat' dir='ltr'><strong>Non</strong></span> <span class='ocrx_word' id='word_1_260' title='bbox 451 3717 572 3787; x_wconf 85' lang='lat' dir='ltr'><strong>quia</strong></span> <span class='ocrx_word' id='word_1_261' title='bbox 603 3717 994 3788; x_wconf 85' lang='lat' dir='ltr'><strong>interrogamur</strong></span> <span class='ocrx_word' id='word_1_262' title='bbox 1019 3717 1228 3773; x_wconf 76' lang='lat' dir='ltr'><strong>excidat</strong></span> <span class='ocrx_word' id='word_1_263' title='bbox 1269 3716 1420 3772; x_wconf 90' lang='lat' dir='ltr'><strong>nobis</strong></span> <span class='ocrx_word' id='word_1_264' title='bbox 1456 3716 1728 3772; x_wconf 83' lang='lat' dir='ltr'><strong>Christum</strong></span> <span class='ocrx_word' id='word_1_265' title='bbox 1756 3731 1878 3774; x_wconf 89' lang='lat' dir='ltr'><strong>esse</strong></span> 
     </span>
    </p>
   </div>
   <div class='ocr_carea' id='block_1_38' title="bbox 295 3808 1873 3883">
    <p class='ocr_par' dir='ltr' id='par_1_38' title="bbox 295 3808 1873 3883">
     <span class='ocr_line' id='line_1_38' title="bbox 295 3808 1873 3883; baseline 0.004 -19"><span class='ocrx_word' id='word_1_266' title='bbox 295 3808 461 3864; x_wconf 86' lang='lat' dir='ltr'><strong>ﬁlium</strong></span> <span class='ocrx_word' id='word_1_267' title='bbox 491 3809 675 3872; x_wconf 83' lang='lat' dir='ltr'><strong>David,</strong></span> <span class='ocrx_word' id='word_1_268' title='bbox 704 3810 844 3880; x_wconf 90' lang='lat' dir='ltr'><strong>quod</strong></span> <span class='ocrx_word' id='word_1_269' title='bbox 877 3811 1148 3866; x_wconf 87' lang='lat' dir='ltr'><strong>memoriae</strong></span> <span class='ocrx_word' id='word_1_270' title='bbox 1178 3809 1518 3866; x_wconf 84' lang='lat' dir='ltr'><strong>commendat</strong></span> <span class='ocrx_word' id='word_1_271' title='bbox 1551 3811 1873 3883; x_wconf 84' lang='lat' dir='ltr'><strong>Apostolus:</strong></span> 
     </span>
    </p>
   </div>
   <div class='ocr_carea' id='block_1_39' title="bbox 296 3899 1880 3968">
    <p class='ocr_par' dir='ltr' id='par_1_39' title="bbox 296 3899 1880 3968">
     <span class='ocr_line' id='line_1_39' title="bbox 296 3899 1880 3968; baseline 0.002 -14"><span class='ocrx_word' id='word_1_272' title='bbox 296 3899 412 3965; x_wconf 82' lang='lat' dir='ltr'><strong>Eia,</strong></span> <span class='ocrx_word' id='word_1_273' title='bbox 430 3900 643 3956; x_wconf 89' lang='lat' dir='ltr'><strong>christia</strong></span> <span class='ocrx_word' id='word_1_274' title='bbox 651 3918 736 3968; x_wconf 91' lang='lat' dir='ltr'><strong>ne,</strong></span> <span class='ocrx_word' id='word_1_275' title='bbox 757 3917 944 3955; x_wconf 85' lang='lat' dir='ltr'><strong>memor</strong></span> <span class='ocrx_word' id='word_1_276' title='bbox 959 3911 1059 3957; x_wconf 88' lang='lat' dir='ltr'><strong>esto</strong></span> <span class='ocrx_word' id='word_1_277' title='bbox 1079 3900 1335 3958; x_wconf 81' lang='lat' dir='ltr'><strong>Christum</strong></span> <span class='ocrx_word' id='word_1_278' title='bbox 1351 3899 1388 3954; x_wconf 87' lang='lat' dir='ltr'><strong>J</strong></span> <span class='ocrx_word' id='word_1_279' title='bbox 1391 3917 1530 3955; x_wconf 89' lang='lat' dir='ltr'><strong>esum</strong></span> <span class='ocrx_word' id='word_1_280' title='bbox 1549 3902 1880 3957; x_wconf 74' lang='lat' dir='ltr'><strong>resurrexisse</strong></span> 
     </span>
    </p>
   </div>
   <div class='ocr_carea' id='block_1_40' title="bbox 293 3993 1879 4066">
    <p class='ocr_par' dir='ltr' id='par_1_40' title="bbox 293 3993 1879 4066">
     <span class='ocr_line' id='line_1_40' title="bbox 293 3993 1879 4066; baseline 0.004 -20"><span class='ocrx_word' id='word_1_281' title='bbox 293 4010 328 4046; x_wconf 76' lang='grc' dir='ltr'><strong>α</strong></span> <span class='ocrx_word' id='word_1_282' title='bbox 356 3993 583 4060; x_wconf 81' lang='lat' dir='ltr'><strong>mortuis,</strong></span> <span class='ocrx_word' id='word_1_283' title='bbox 611 4010 671 4048; x_wconf 82' lang='lat' dir='ltr'><strong>ea:</strong></span> <span class='ocrx_word' id='word_1_284' title='bbox 691 3995 879 4050; x_wconf 82' lang='lat' dir='ltr'><strong>semine</strong></span> <span class='ocrx_word' id='word_1_285' title='bbox 914 3995 1098 4052; x_wconf 84' lang='lat' dir='ltr'><strong>David.</strong></span> <span class='ocrx_word' id='word_1_286' title='bbox 1131 3995 1269 4065; x_wconf 89' lang='lat' dir='ltr'><strong>Ergo</strong></span> <span class='ocrx_word' id='word_1_287' title='bbox 1300 3995 1689 4066; x_wconf 89' lang='lat' dir='ltr'><strong>interrogemnr</strong></span> <span class='ocrx_word' id='word_1_288' title='bbox 1709 4004 1764 4052; x_wconf 87' lang='lat' dir='ltr'><strong>et</strong></span> <span class='ocrx_word' id='word_1_289' title='bbox 1787 4011 1879 4052; x_wconf 85' lang='lat' dir='ltr'><strong>re-</strong></span> 
     </span>
    </p>
   </div>
   <div class='ocr_carea' id='block_1_41' title="bbox 295 4085 1878 4161">
    <p class='ocr_par' dir='ltr' id='par_1_41' title="bbox 295 4085 1878 4161">
     <span class='ocr_line' id='line_1_41' title="bbox 295 4085 1878 4161; baseline 0.004 -22"><span class='ocrx_word' id='word_1_290' title='bbox 295 4085 687 4157; x_wconf 84' lang='lat' dir='ltr'><strong>spondeamus:</strong></span> <span class='ocrx_word' id='word_1_291' title='bbox 716 4087 856 4154; x_wconf 83' lang='lat' dir='ltr'><strong>Quid</strong></span> <span class='ocrx_word' id='word_1_292' title='bbox 884 4087 1020 4143; x_wconf 84' lang='lat' dir='ltr'><strong>vobis</strong></span> <span class='ocrx_word' id='word_1_293' title='bbox 1057 4087 1252 4142; x_wconf 87' lang='lat' dir='ltr'><strong>videtur</strong></span> <span class='ocrx_word' id='word_1_294' title='bbox 1279 4089 1342 4142; x_wconf 86' lang='lat' dir='ltr'><strong>de</strong></span> <span class='ocrx_word' id='word_1_295' title='bbox 1370 4087 1607 4143; x_wconf 83' lang='lat' dir='ltr'><strong>Christo?</strong></span> <span class='ocrx_word' id='word_1_296' title='bbox 1635 4091 1782 4161; x_wconf 87' lang='lat' dir='ltr'><strong>cujus</strong></span> <span class='ocrx_word' id='word_1_297' title='bbox 1809 4090 1878 4160; x_wconf 84' lang='lat' dir='ltr'><strong>ﬁ-</strong></span> 
     </span>
    </p>
   </div>
   <div class='ocr_carea' id='block_1_42' title="bbox 295 4175 1876 4239">
    <p class='ocr_par' dir='ltr' id='par_1_42' title="bbox 295 4175 1876 4239">
     <span class='ocr_line' id='line_1_42' title="bbox 295 4175 1876 4239; baseline 0.006 -9"><span class='ocrx_word' id='word_1_298' title='bbox 295 4175 396 4230; x_wconf 82' lang='lat' dir='ltr'><strong>lius</strong></span> <span class='ocrx_word' id='word_1_299' title='bbox 420 4178 529 4232; x_wconf 83' lang='lat' dir='ltr'><strong>est?</strong></span> <span class='ocrx_word' id='word_1_300' title='bbox 563 4178 749 4233; x_wconf 90' lang='lat' dir='ltr'><strong>Dieant</strong></span> <span class='ocrx_word' id='word_1_301' title='bbox 773 4179 1056 4235; x_wconf 85' lang='lat' dir='ltr'><strong>concordia</strong></span> <span class='ocrx_word' id='word_1_302' title='bbox 1082 4195 1175 4235; x_wconf 89' lang='lat' dir='ltr'><strong>ora</strong></span> <span class='ocrx_word' id='word_1_303' title='bbox 1202 4179 1522 4236; x_wconf 89' lang='lat' dir='ltr'><strong>christiana:</strong></span> <span class='ocrx_word' id='word_1_304' title='bbox 1557 4181 1740 4236; x_wconf 88' lang='lat' dir='ltr'><strong>David.</strong></span> <span class='ocrx_word' id='word_1_305' title='bbox 1767 4182 1876 4239; x_wconf 81' lang='lat' dir='ltr'><strong>Re-</strong></span> 
     </span>
    </p>
   </div>
   <div class='ocr_carea' id='block_1_43' title="bbox 296 4268 1879 4346">
    <p class='ocr_par' dir='ltr' id='par_1_43' title="bbox 296 4268 1879 4346">
     <span class='ocr_line' id='line_1_43' title="bbox 296 4268 1879 4346; baseline 0.006 -24"><span class='ocrx_word' id='word_1_306' title='bbox 296 4268 433 4323; x_wconf 74' lang='lat' dir='ltr'><strong>ferat</strong></span> <span class='ocrx_word' id='word_1_307' title='bbox 461 4279 517 4324; x_wconf 87' lang='lat' dir='ltr'><strong>et</strong></span> <span class='ocrx_word' id='word_1_308' title='bbox 547 4270 784 4337; x_wconf 77' lang='lat' dir='ltr'><strong>Doctor,</strong></span> <span class='ocrx_word' id='word_1_309' title='bbox 815 4281 868 4327; x_wconf 88' lang='lat' dir='ltr'><strong>et</strong></span> <span class='ocrx_word' id='word_1_310' title='bbox 911 4283 1126 4329; x_wconf 83' lang='lat' dir='ltr'><strong>revocet</strong></span> <span class='ocrx_word' id='word_1_311' title='bbox 1167 4273 1358 4328; x_wconf 88' lang='lat' dir='ltr'><strong>nobis:</strong></span> <span class='ocrx_word' id='word_1_312' title='bbox 1387 4291 1404 4325; x_wconf 73' lang='grc' dir='ltr'>ι</span> <span class='ocrx_word' id='word_1_313' title='bbox 1439 4273 1721 4342; x_wconf 87' lang='lat' dir='ltr'><strong>Quomodo</strong></span> <span class='ocrx_word' id='word_1_314' title='bbox 1749 4289 1879 4346; x_wconf 88' lang='lat' dir='ltr'><strong>ergo</strong></span> 
     </span>
    </p>
   </div>
   <div class='ocr_carea' id='block_1_44' title="bbox 298 4361 1880 4434">
    <p class='ocr_par' dir='ltr' id='par_1_44' title="bbox 298 4361 1880 4434">
     <span class='ocr_line' id='line_1_44' title="bbox 298 4361 1880 4434; baseline 0.004 -19"><span class='ocrx_word' id='word_1_315' title='bbox 298 4361 462 4417; x_wconf 85' lang='lat' dir='ltr'><strong>David</strong></span> <span class='ocrx_word' id='word_1_316' title='bbox 492 4363 543 4416; x_wconf 91' lang='lat' dir='ltr'><strong>in</strong></span> <span class='ocrx_word' id='word_1_317' title='bbox 571 4365 758 4434; x_wconf 86' lang='lat' dir='ltr'><strong>spiritu</strong></span> <span class='ocrx_word' id='word_1_318' title='bbox 785 4365 912 4420; x_wconf 89' lang='lat' dir='ltr'><strong>dicit</strong></span> <span class='ocrx_word' id='word_1_319' title='bbox 951 4381 1073 4421; x_wconf 87' lang='lat' dir='ltr'><strong>eum</strong></span> <span class='ocrx_word' id='word_1_320' title='bbox 1103 4365 1422 4420; x_wconf 84' lang='lat' dir='ltr'><strong>Dominum?</strong></span> <span class='ocrx_word' id='word_1_321' title='bbox 1452 4365 1594 4421; x_wconf 75' lang='lat' dir='ltr'><strong>Dixit</strong></span> <span class='ocrx_word' id='word_1_322' title='bbox 1622 4366 1880 4422; x_wconf 88' lang='lat' dir='ltr'><strong>Dominus</strong></span> 
     </span>
    </p>
   </div>
   <div class='ocr_carea' id='block_1_45' title="bbox 298 4456 1878 4530">
    <p class='ocr_par' dir='ltr' id='par_1_45' title="bbox 298 4456 1878 4530">
     <span class='ocr_line' id='line_1_45' title="bbox 298 4456 1878 4530; baseline 0.005 -21"><span class='ocrx_word' id='word_1_323' title='bbox 298 4456 524 4512; x_wconf 89' lang='lat' dir='ltr'><strong>Domino</strong></span> <span class='ocrx_word' id='word_1_324' title='bbox 545 4473 685 4525; x_wconf 91' lang='lat' dir='ltr'><strong>meo,</strong></span> <span class='ocrx_word' id='word_1_325' title='bbox 708 4457 847 4514; x_wconf 90' lang='lat' dir='ltr'><strong>Sede</strong></span> <span class='ocrx_word' id='word_1_326' title='bbox 874 4458 940 4513; x_wconf 89' lang='lat' dir='ltr'><strong>ad</strong></span> <span class='ocrx_word' id='word_1_327' title='bbox 961 4458 1234 4514; x_wconf 73' lang='lat' dir='ltr'><strong>dexteram</strong></span> <span class='ocrx_word' id='word_1_328' title='bbox 1263 4475 1458 4525; x_wconf 89' lang='lat' dir='ltr'><strong>meam,</strong></span> <span class='ocrx_word' id='word_1_329' title='bbox 1485 4459 1656 4516; x_wconf 89' lang='lat' dir='ltr'><strong>donec</strong></span> <span class='ocrx_word' id='word_1_330' title='bbox 1685 4475 1878 4530; x_wconf 91' lang='lat' dir='ltr'><strong>ponam</strong></span> 
     </span>
    </p>
   </div>
   <div class='ocr_carea' id='block_1_46' title="bbox 295 4549 1881 4622">
    <p class='ocr_par' dir='ltr' id='par_1_46' title="bbox 295 4549 1881 4622">
     <span class='ocr_line' id='line_1_46' title="bbox 295 4549 1881 4622; baseline 0.005 -20"><span class='ocrx_word' id='word_1_331' title='bbox 295 4549 538 4605; x_wconf 80' lang='lat' dir='ltr'><strong>inimicos</strong></span> <span class='ocrx_word' id='word_1_332' title='bbox 567 4560 685 4606; x_wconf 89' lang='lat' dir='ltr'><strong>tuos</strong></span> <span class='ocrx_word' id='word_1_333' title='bbox 710 4553 808 4608; x_wconf 88' lang='lat' dir='ltr'><strong>sub</strong></span> <span class='ocrx_word' id='word_1_334' title='bbox 839 4551 1062 4622; x_wconf 87' lang='lat' dir='ltr'><strong>pedibus</strong></span> <span class='ocrx_word' id='word_1_335' title='bbox 1088 4553 1214 4607; x_wconf 87' lang='lat' dir='ltr'><strong>tuis.</strong></span> <span class='ocrx_word' id='word_1_336' title='bbox 1245 4571 1264 4605; x_wconf 78' lang='lat' dir='ltr'><strong>s</strong></span> <span class='ocrx_word' id='word_1_337' title='bbox 1295 4551 1574 4620; x_wconf 86' lang='lat' dir='ltr'><strong>Quomodo</strong></span> <span class='ocrx_word' id='word_1_338' title='bbox 1614 4568 1711 4610; x_wconf 91' lang='lat' dir='ltr'><strong>nos</strong></span> <span class='ocrx_word' id='word_1_339' title='bbox 1736 4553 1881 4610; x_wconf 82' lang='lat' dir='ltr'><strong>dice-</strong></span> 
     </span>
    </p>
   </div>
   <div class='ocr_carea' id='block_1_47' title="bbox 295 4642 1878 4718">
    <p class='ocr_par' dir='ltr' id='par_1_47' title="bbox 295 4642 1878 4718">
     <span class='ocr_line' id='line_1_47' title="bbox 295 4642 1878 4718; baseline 0.004 -22"><span class='ocrx_word' id='word_1_340' title='bbox 295 4655 499 4708; x_wconf 89' lang='lat' dir='ltr'><strong>remus,</strong></span> <span class='ocrx_word' id='word_1_341' title='bbox 533 4642 634 4698; x_wconf 91' lang='lat' dir='ltr'><strong>nisi</strong></span> <span class='ocrx_word' id='word_1_342' title='bbox 659 4659 691 4698; x_wconf 92' lang='lat' dir='ltr'><strong>a</strong></span> <span class='ocrx_word' id='word_1_343' title='bbox 719 4652 770 4699; x_wconf 92' lang='lat' dir='ltr'><strong>te</strong></span> <span class='ocrx_word' id='word_1_344' title='bbox 797 4643 1160 4700; x_wconf 86' lang='lat' dir='ltr'><strong>disceremus?</strong></span> <span class='ocrx_word' id='word_1_345' title='bbox 1203 4643 1354 4701; x_wconf 88' lang='lat' dir='ltr'><strong>Nune</strong></span> <span class='ocrx_word' id='word_1_346' title='bbox 1382 4661 1510 4718; x_wconf 91' lang='lat' dir='ltr'><strong>ergo</strong></span> <span class='ocrx_word' id='word_1_347' title='bbox 1539 4647 1658 4717; x_wconf 90' lang='lat' dir='ltr'><strong>quia</strong></span> <span class='ocrx_word' id='word_1_348' title='bbox 1686 4646 1878 4702; x_wconf 88' lang='lat' dir='ltr'><strong>didici-</strong></span> 
     </span>
    </p>
   </div>
   <div class='ocr_carea' id='block_1_48' title="bbox 293 4733 1877 4807">
    <p class='ocr_par' dir='ltr' id='par_1_48' title="bbox 293 4733 1877 4807">
     <span class='ocr_line' id='line_1_48' title="bbox 293 4733 1877 4807; baseline 0.005 -20"><span class='ocrx_word' id='word_1_349' title='bbox 293 4748 435 4796; x_wconf 87' lang='lat' dir='ltr'><strong>mus,</strong></span> <span class='ocrx_word' id='word_1_350' title='bbox 458 4733 719 4790; x_wconf 91' lang='lat' dir='ltr'><strong>dicimus:</strong></span> <span class='ocrx_word' id='word_1_351' title='bbox 750 4735 804 4790; x_wconf 92' lang='lat' dir='ltr'><strong>In</strong></span> <span class='ocrx_word' id='word_1_352' title='bbox 836 4737 1093 4807; x_wconf 90' lang='lat' dir='ltr'><strong>principio</strong></span> <span class='ocrx_word' id='word_1_353' title='bbox 1115 4752 1234 4793; x_wconf 89' lang='lat' dir='ltr'><strong>eras</strong></span> <span class='ocrx_word' id='word_1_354' title='bbox 1273 4736 1527 4805; x_wconf 90' lang='lat' dir='ltr'><strong>Verbum,</strong></span> <span class='ocrx_word' id='word_1_355' title='bbox 1560 4747 1615 4795; x_wconf 90' lang='lat' dir='ltr'><strong>et</strong></span> <span class='ocrx_word' id='word_1_356' title='bbox 1641 4738 1877 4796; x_wconf 83' lang='lat' dir='ltr'><strong>Verbum</strong></span> 
     </span>
    </p>
   </div>
   <div class='ocr_carea' id='block_1_49' title="bbox 295 4827 1880 4904">
    <p class='ocr_par' dir='ltr' id='par_1_49' title="bbox 295 4827 1880 4904">
     <span class='ocr_line' id='line_1_49' title="bbox 295 4827 1880 4904; baseline 0.004 -22"><span class='ocrx_word' id='word_1_357' title='bbox 295 4842 421 4882; x_wconf 89' lang='lat' dir='ltr'><strong>eras</strong></span> <span class='ocrx_word' id='word_1_358' title='bbox 443 4827 584 4896; x_wconf 90' lang='lat' dir='ltr'><strong>apud</strong></span> <span class='ocrx_word' id='word_1_359' title='bbox 616 4827 802 4894; x_wconf 91' lang='lat' dir='ltr'><strong>Deum,</strong></span> <span class='ocrx_word' id='word_1_360' title='bbox 832 4838 885 4884; x_wconf 91' lang='lat' dir='ltr'><strong>et</strong></span> <span class='ocrx_word' id='word_1_361' title='bbox 915 4829 1057 4885; x_wconf 90' lang='lat' dir='ltr'><strong>Deus</strong></span> <span class='ocrx_word' id='word_1_362' title='bbox 1099 4846 1220 4886; x_wconf 88' lang='lat' dir='ltr'><strong>eras</strong></span> <span class='ocrx_word' id='word_1_363' title='bbox 1246 4831 1513 4900; x_wconf 84' lang='lat' dir='ltr'><strong>Verbum;</strong></span> <span class='ocrx_word' id='word_1_364' title='bbox 1555 4833 1736 4888; x_wconf 90' lang='lat' dir='ltr'><strong>omnia</strong></span> <span class='ocrx_word' id='word_1_365' title='bbox 1781 4847 1880 4904; x_wconf 91' lang='lat' dir='ltr'><strong>per</strong></span> 
     </span>
    </p>
   </div>
   <div class='ocr_carea' id='block_1_50' title="bbox 296 4918 1881 4994">
    <p class='ocr_par' dir='ltr' id='par_1_50' title="bbox 296 4918 1881 4994">
     <span class='ocr_line' id='line_1_50' title="bbox 296 4918 1881 4994; baseline 0.004 -20"><span class='ocrx_word' id='word_1_366' title='bbox 296 4927 350 4974; x_wconf 69' lang='lat' dir='ltr'><strong>te</strong></span> <span class='ocrx_word' id='word_1_367' title='bbox 375 4918 513 4974; x_wconf 82' lang='lat' dir='ltr'><strong>facta</strong></span> <span class='ocrx_word' id='word_1_368' title='bbox 538 4929 694 4975; x_wconf 89' lang='lat' dir='ltr'><strong>sunt:</strong></span> <span class='ocrx_word' id='word_1_369' title='bbox 718 4936 842 4977; x_wconf 88' lang='lat' dir='ltr'><strong>ecce</strong></span> <span class='ocrx_word' id='word_1_370' title='bbox 868 4922 1127 4978; x_wconf 88' lang='lat' dir='ltr'><strong>Dominus</strong></span> <span class='ocrx_word' id='word_1_371' title='bbox 1152 4923 1336 4978; x_wconf 90' lang='lat' dir='ltr'><strong>David.</strong></span> <span class='ocrx_word' id='word_1_372' title='bbox 1359 4923 1462 4979; x_wconf 91' lang='lat' dir='ltr'><strong>Sed</strong></span> <span class='ocrx_word' id='word_1_373' title='bbox 1491 4933 1706 4994; x_wconf 91' lang='lat' dir='ltr'><strong>propter</strong></span> <span class='ocrx_word' id='word_1_374' title='bbox 1731 4925 1881 4981; x_wconf 85' lang='lat' dir='ltr'><strong>inﬁr-</strong></span> 
     </span>
    </p>
   </div>
   <div class='ocr_carea' id='block_1_51' title="bbox 293 5005 1880 5086">
    <p class='ocr_par' dir='ltr' id='par_1_51' title="bbox 293 5005 1880 5086">
     <span class='ocr_line' id='line_1_51' title="bbox 293 5005 1880 5086; baseline 0.003 -18"><span class='ocrx_word' id='word_1_375' title='bbox 293 5005 534 5068; x_wconf 62' lang='lat' dir='ltr'><strong>initatem</strong></span> <span class='ocrx_word' id='word_1_376' title='bbox 555 5023 808 5080; x_wconf 88' lang='lat' dir='ltr'><strong>nostram,</strong></span> <span class='ocrx_word' id='word_1_377' title='bbox 828 5015 948 5085; x_wconf 85' lang='lat' dir='ltr'><strong>quia</strong></span> <span class='ocrx_word' id='word_1_378' title='bbox 966 5030 1093 5071; x_wconf 90' lang='lat' dir='ltr'><strong>caro</strong></span> <span class='ocrx_word' id='word_1_379' title='bbox 1107 5015 1382 5086; x_wconf 87' lang='lat' dir='ltr'><strong>desperata</strong></span> <span class='ocrx_word' id='word_1_380' title='bbox 1399 5016 1728 5086; x_wconf 89' lang='lat' dir='ltr'><strong>jacebamus,</strong></span> <span class='ocrx_word' id='word_1_381' title='bbox 1749 5017 1880 5073; x_wconf 83' lang='lat' dir='ltr'><strong>Ver-</strong></span> 
     </span>
    </p>
   </div>
   <div class='ocr_carea' id='block_1_52' title="bbox 296 5104 1877 5181">
    <p class='ocr_par' dir='ltr' id='par_1_52' title="bbox 296 5104 1877 5181">
     <span class='ocr_line' id='line_1_52' title="bbox 296 5104 1877 5181; baseline 0.004 -21"><span class='ocrx_word' id='word_1_382' title='bbox 296 5105 420 5160; x_wconf 87' lang='lat' dir='ltr'><strong>bum</strong></span> <span class='ocrx_word' id='word_1_383' title='bbox 447 5119 574 5160; x_wconf 90' lang='lat' dir='ltr'><strong>earo</strong></span> <span class='ocrx_word' id='word_1_384' title='bbox 601 5104 794 5161; x_wconf 80' lang='lat' dir='ltr'><strong>factum</strong></span> <span class='ocrx_word' id='word_1_385' title='bbox 822 5122 901 5173; x_wconf 93' lang='lat' dir='ltr'><strong>es,</strong></span> <span class='ocrx_word' id='word_1_386' title='bbox 927 5115 984 5162; x_wconf 91' lang='lat' dir='ltr'><strong>ut</strong></span> <span class='ocrx_word' id='word_1_387' title='bbox 1011 5108 1277 5164; x_wconf 88' lang='lat' dir='ltr'><strong>habitarcs</strong></span> <span class='ocrx_word' id='word_1_388' title='bbox 1304 5109 1356 5163; x_wconf 91' lang='lat' dir='ltr'><strong>in</strong></span> <span class='ocrx_word' id='word_1_389' title='bbox 1380 5108 1533 5164; x_wconf 91' lang='lat' dir='ltr'><strong>nobis</strong></span> <span class='ocrx_word' id='word_1_390' title='bbox 1557 5109 1731 5181; x_wconf 85' lang='lat' dir='ltr'><strong>(Joan.</strong></span> <span class='ocrx_word' id='word_1_391' title='bbox 1764 5111 1877 5180; x_wconf 72' lang='lat'><strong>1,1,</strong></span> 
     </span>
    </p>
   </div>
   <div class='ocr_carea' id='block_1_53' title="bbox 295 5191 1879 5267">
    <p class='ocr_par' dir='ltr' id='par_1_53' title="bbox 295 5191 1879 5267">
     <span class='ocr_line' id='line_1_53' title="bbox 295 5191 1879 5267; baseline 0.004 -15"><span class='ocrx_word' id='word_1_392' title='bbox 295 5191 350 5262; x_wconf 77' lang='lat'><strong>5,</strong></span> <span class='ocrx_word' id='word_1_393' title='bbox 388 5196 474 5267; x_wconf 77' lang='grc' dir='ltr'><strong>Η)</strong></span> <span class='ocrx_word' id='word_1_394' title='bbox 498 5213 511 5249; x_wconf 91' lang='lat'><strong>:</strong></span> <span class='ocrx_word' id='word_1_395' title='bbox 536 5211 660 5253; x_wconf 84' lang='lat' dir='ltr'><strong>ecce</strong></span> <span class='ocrx_word' id='word_1_396' title='bbox 689 5199 826 5254; x_wconf 89' lang='lat' dir='ltr'><strong>ﬁlius</strong></span> <span class='ocrx_word' id='word_1_397' title='bbox 867 5199 1053 5255; x_wconf 90' lang='lat' dir='ltr'><strong>David.</strong></span> <span class='ocrx_word' id='word_1_398' title='bbox 1097 5200 1251 5256; x_wconf 89' lang='lat' dir='ltr'><strong>Certe</strong></span> <span class='ocrx_word' id='word_1_399' title='bbox 1277 5209 1334 5255; x_wconf 91' lang='lat' dir='ltr'><strong>tu</strong></span> <span class='ocrx_word' id='word_1_400' title='bbox 1361 5201 1415 5255; x_wconf 94' lang='lat' dir='ltr'><strong>in</strong></span> <span class='ocrx_word' id='word_1_401' title='bbox 1439 5199 1608 5256; x_wconf 80' lang='lat' dir='ltr'><strong>forma</strong></span> <span class='ocrx_word' id='word_1_402' title='bbox 1636 5201 1729 5258; x_wconf 90' lang='lat' dir='ltr'><strong>Dei</strong></span> <span class='ocrx_word' id='word_1_403' title='bbox 1757 5218 1879 5258; x_wconf 89' lang='lat' dir='ltr'><strong>cum</strong></span> 
     </span>
    </p>
   </div>
   <div class='ocr_carea' id='block_1_54' title="bbox 296 5292 1875 5366">
    <p class='ocr_par' dir='ltr' id='par_1_54' title="bbox 296 5292 1875 5366">
     <span class='ocr_line' id='line_1_54' title="bbox 296 5292 1875 5366; baseline 0.007 -24"><span class='ocrx_word' id='word_1_404' title='bbox 296 5302 465 5354; x_wconf 81' lang='lat' dir='ltr'><strong>esses,</strong></span> <span class='ocrx_word' id='word_1_405' title='bbox 516 5304 622 5344; x_wconf 90' lang='lat' dir='ltr'><strong>non</strong></span> <span class='ocrx_word' id='word_1_406' title='bbox 662 5292 902 5362; x_wconf 86' lang='lat' dir='ltr'><strong>rapinam</strong></span> <span class='ocrx_word' id='word_1_407' title='bbox 931 5293 1220 5349; x_wconf 88' lang='lat' dir='ltr'><strong>arbitratus</strong></span> <span class='ocrx_word' id='word_1_408' title='bbox 1249 5308 1308 5350; x_wconf 90' lang='lat' dir='ltr'><strong>es</strong></span> <span class='ocrx_word' id='word_1_409' title='bbox 1336 5309 1455 5350; x_wconf 87' lang='lat' dir='ltr'><strong>esse</strong></span> <span class='ocrx_word' id='word_1_410' title='bbox 1480 5295 1697 5364; x_wconf 64' lang='lat' dir='ltr'><strong>aequalis</strong></span> <span class='ocrx_word' id='word_1_411' title='bbox 1728 5296 1875 5366; x_wconf 91' lang='lat' dir='ltr'><strong>Deo;</strong></span> 
     </span>
    </p>
   </div>
   <div class='ocr_carea' id='block_1_55' title="bbox 298 5375 1880 5454">
    <p class='ocr_par' dir='ltr' id='par_1_55' title="bbox 298 5375 1880 5454">
     <span class='ocr_line' id='line_1_55' title="bbox 298 5375 1880 5454; baseline 0.008 -23"><span class='ocrx_word' id='word_1_412' title='bbox 298 5375 416 5432; x_wconf 91' lang='lat' dir='ltr'><strong>ideo</strong></span> <span class='ocrx_word' id='word_1_413' title='bbox 444 5378 704 5437; x_wconf 90' lang='lat' dir='ltr'><strong>Dominus</strong></span> <span class='ocrx_word' id='word_1_414' title='bbox 739 5381 933 5438; x_wconf 89' lang='lat' dir='ltr'><strong>David:</strong></span> <span class='ocrx_word' id='word_1_415' title='bbox 961 5384 1052 5439; x_wconf 92' lang='lat' dir='ltr'><strong>sed</strong></span> <span class='ocrx_word' id='word_1_416' title='bbox 1081 5385 1417 5454; x_wconf 90' lang='lat' dir='ltr'><strong>temetipsum</strong></span> <span class='ocrx_word' id='word_1_417' title='bbox 1468 5386 1750 5442; x_wconf 80' lang='lat' dir='ltr'><strong>exinanisti</strong></span> <span class='ocrx_word' id='word_1_418' title='bbox 1773 5387 1880 5443; x_wconf 81' lang='lat' dir='ltr'><strong>for-</strong></span> 
     </span>
    </p>
   </div>
   <div class='ocr_carea' id='block_1_56' title="bbox 298 5471 1879 5550">
    <p class='ocr_par' dir='ltr' id='par_1_56' title="bbox 298 5471 1879 5550">
     <span class='ocr_line' id='line_1_56' title="bbox 298 5471 1879 5550; baseline 0.008 -26"><span class='ocrx_word' id='word_1_419' title='bbox 298 5485 438 5524; x_wconf 88' lang='lat' dir='ltr'><strong>mam</strong></span> <span class='ocrx_word' id='word_1_420' title='bbox 465 5471 608 5526; x_wconf 88' lang='lat' dir='ltr'><strong>servi</strong></span> <span class='ocrx_word' id='word_1_421' title='bbox 634 5474 904 5544; x_wconf 88' lang='lat' dir='ltr'><strong>accipiens</strong></span> <span class='ocrx_word' id='word_1_422' title='bbox 949 5475 1205 5548; x_wconf 82' lang='lat' dir='ltr'><strong>(Philipp.</strong></span> <span class='ocrx_word' id='word_1_423' title='bbox 1248 5494 1302 5544; x_wconf 86' lang='grc' dir='ltr'><strong>ιι,</strong></span> <span class='ocrx_word' id='word_1_424' title='bbox 1330 5479 1420 5550; x_wconf 87' lang='grc'><strong>7);</strong></span> <span class='ocrx_word' id='word_1_425' title='bbox 1453 5479 1574 5535; x_wconf 91' lang='lat' dir='ltr'><strong>inde</strong></span> <span class='ocrx_word' id='word_1_426' title='bbox 1598 5480 1742 5536; x_wconf 92' lang='lat' dir='ltr'><strong>ﬁlius</strong></span> <span class='ocrx_word' id='word_1_427' title='bbox 1770 5481 1879 5537; x_wconf 82' lang='lat' dir='ltr'><strong>Da-</strong></span> 
     </span>
    </p>
   </div>
   <div class='ocr_carea' id='block_1_57' title="bbox 298 5562 1876 5644">
    <p class='ocr_par' dir='ltr' id='par_1_57' title="bbox 298 5562 1876 5644">
     <span class='ocr_line' id='line_1_57' title="bbox 298 5562 1876 5644; baseline 0.01 -29"><span class='ocrx_word' id='word_1_428' title='bbox 298 5562 402 5616; x_wconf 88' lang='lat' dir='ltr'><strong>vid.</strong></span> <span class='ocrx_word' id='word_1_429' title='bbox 433 5563 679 5636; x_wconf 87' lang='lat' dir='ltr'><strong>Denique</strong></span> <span class='ocrx_word' id='word_1_430' title='bbox 721 5577 775 5622; x_wconf 93' lang='lat' dir='ltr'><strong>et</strong></span> <span class='ocrx_word' id='word_1_431' title='bbox 821 5569 874 5623; x_wconf 91' lang='lat' dir='ltr'><strong>in</strong></span> <span class='ocrx_word' id='word_1_432' title='bbox 916 5569 1029 5640; x_wconf 86' lang='lat' dir='ltr'><strong>ipsa</strong></span> <span class='ocrx_word' id='word_1_433' title='bbox 1079 5570 1492 5640; x_wconf 82' lang='lat' dir='ltr'><strong>interrogatione</strong></span> <span class='ocrx_word' id='word_1_434' title='bbox 1543 5581 1628 5628; x_wconf 87' lang='lat' dir='ltr'><strong>tua</strong></span> <span class='ocrx_word' id='word_1_435' title='bbox 1657 5572 1876 5644; x_wconf 89' lang='lat' dir='ltr'><strong>dicens,</strong></span> 
     </span>
    </p>
   </div>
   <div class='ocr_carea' id='block_1_58' title="bbox 299 5655 1921 5747">
    <p class='ocr_par' dir='ltr' id='par_1_58' title="bbox 299 5655 1921 5747">
     <span class='ocr_line' id='line_1_58' title="bbox 299 5655 1921 5747; baseline 0.009 -37"><span class='ocrx_word' id='word_1_436' title='bbox 299 5655 566 5722; x_wconf 79' lang='lat' dir='ltr'><strong>Quomodo</strong></span> <span class='ocrx_word' id='word_1_437' title='bbox 589 5659 725 5729; x_wconf 84' lang='lat' dir='ltr'><strong>ﬁlius</strong></span> <span class='ocrx_word' id='word_1_438' title='bbox 744 5662 859 5733; x_wconf 87' lang='lat' dir='ltr'><strong>ejus</strong></span> <span class='ocrx_word' id='word_1_439' title='bbox 875 5663 983 5718; x_wconf 86' lang='lat' dir='ltr'><strong>est?</strong></span> <span class='ocrx_word' id='word_1_440' title='bbox 1010 5676 1114 5718; x_wconf 92' lang='lat' dir='ltr'><strong>non</strong></span> <span class='ocrx_word' id='word_1_441' title='bbox 1136 5671 1187 5718; x_wconf 91' lang='lat' dir='ltr'><strong>te</strong></span> <span class='ocrx_word' id='word_1_442' title='bbox 1205 5662 1370 5718; x_wconf 91' lang='lat' dir='ltr'><strong>ﬁlium</strong></span> <span class='ocrx_word' id='word_1_443' title='bbox 1395 5664 1512 5735; x_wconf 87' lang='lat' dir='ltr'><strong>ejus</strong></span> <span class='ocrx_word' id='word_1_444' title='bbox 1537 5667 1761 5739; x_wconf 87' lang='lat' dir='ltr'><strong>negasti,</strong></span> <span class='ocrx_word' id='word_1_445' title='bbox 1784 5665 1880 5724; x_wconf 89' lang='lat' dir='ltr'><strong>sed</strong></span> <span class='ocrx_word' id='word_1_446' title='bbox 1913 5743 1921 5747; x_wconf 90' lang='lat'><strong><em>_</em></strong></span> 
     </span>
    </p>
   </div>
   <div class='ocr_carea' id='block_1_59' title="bbox 359 5859 1619 5931">
    <p class='ocr_par' dir='ltr' id='par_1_59' title="bbox 359 5859 1619 5931">
     <span class='ocr_line' id='line_1_59' title="bbox 359 5859 1619 5931; baseline 0.01 -22"><span class='ocrx_word' id='word_1_447' title='bbox 359 5859 376 5895; x_wconf 78' lang='grc'><em>³</em></span> <span class='ocrx_word' id='word_1_448' title='bbox 412 5859 485 5911; x_wconf 73' lang='lat' dir='ltr'><strong>Sic</strong></span> <span class='ocrx_word' id='word_1_449' title='bbox 507 5866 611 5910; x_wconf 77' lang='lat' dir='ltr'><strong>Mss.</strong></span> <span class='ocrx_word' id='word_1_450' title='bbox 636 5861 750 5912; x_wconf 76' lang='lat' dir='ltr'><strong>Edd.</strong></span> <span class='ocrx_word' id='word_1_451' title='bbox 775 5875 913 5923; x_wconf 84' lang='lat' dir='ltr'><strong>vero,</strong></span> <span class='ocrx_word' id='word_1_452' title='bbox 937 5868 1257 5915; x_wconf 79' lang='lat' dir='ltr'><strong>transeuntem</strong></span> <span class='ocrx_word' id='word_1_453' title='bbox 1277 5863 1619 5931; x_wconf 73' lang='lat' dir='ltr'><strong>cognoscimus.</strong></span> 
     </span>
    </p>
   </div>
   <div class='ocr_carea' id='block_1_60' title="bbox 537 5943 1232 6030">
    <p class='ocr_par' dir='ltr' id='par_1_60' title="bbox 537 5943 1232 6030">
     <span class='ocr_line' id='line_1_60' title="bbox 537 5943 1232 6030; baseline 0.017 -20"><span class='ocrx_word' id='word_1_454' title='bbox 537 5943 763 6016; x_wconf 75' lang='lat' dir='ltr'><strong>SANG’I‘.</strong></span> <span class='ocrx_word' id='word_1_455' title='bbox 812 5949 1090 6019; x_wconf 71' lang='lat' dir='ltr'><strong>Aususr.</strong></span> <span class='ocrx_word' id='word_1_456' title='bbox 1137 5950 1232 6030; x_wconf 82' lang='lat' dir='ltr'><strong>IV.</strong></span> 
     </span>
    </p>
   </div>
   <div class='ocr_carea' id='block_1_61' title="bbox 1359 339 2407 408">
    <p class='ocr_par' dir='ltr' id='par_1_61' title="bbox 1359 339 2407 408">
     <span class='ocr_line' id='line_1_61' title="bbox 1359 339 2407 408; baseline -0.007 0"><span class='ocrx_word' id='word_1_457' title='bbox 1359 345 1757 408; x_wconf 82' lang='lat' dir='ltr'><strong>ENABRATIO</strong></span> <span class='ocrx_word' id='word_1_458' title='bbox 1808 339 1873 401; x_wconf 80' lang='lat' dir='ltr'><strong>IN</strong></span> <span class='ocrx_word' id='word_1_459' title='bbox 1913 341 2233 403; x_wconf 80' lang='lat' dir='ltr'><strong>PSALMUM</strong></span> <span class='ocrx_word' id='word_1_460' title='bbox 2271 345 2407 402; x_wconf 76' lang='lat' dir='ltr'><strong>CIX.</strong></span> 
     </span>
    </p>
   </div>
   <div class='ocr_carea' id='block_1_62' title="bbox 3428 355 3568 416">
    <p class='ocr_par' dir='ltr' id='par_1_62' title="bbox 3428 355 3568 416">
     <span class='ocr_line' id='line_1_62' title="bbox 3428 355 3568 416; baseline 0.014 -2"><span class='ocrx_word' id='word_1_461' title='bbox 3428 355 3568 416; x_wconf 75' lang='lat'><strong>“50</strong></span> 
     </span>
    </p>
   </div>
   <div class='ocr_carea' id='block_1_63' title="bbox 1988 463 3568 543">
    <p class='ocr_par' dir='ltr' id='par_1_63' title="bbox 1988 463 3568 543">
     <span class='ocr_line' id='line_1_63' title="bbox 1988 463 3568 543; baseline 0.006 -26"><span class='ocrx_word' id='word_1_462' title='bbox 1988 463 2200 519; x_wconf 85' lang='lat' dir='ltr'><strong>modum</strong></span> <span class='ocrx_word' id='word_1_463' title='bbox 2230 480 2334 536; x_wconf 89' lang='lat' dir='ltr'><strong>quo</strong></span> <span class='ocrx_word' id='word_1_464' title='bbox 2359 464 2408 518; x_wconf 90' lang='lat' dir='ltr'><strong>id</strong></span> <span class='ocrx_word' id='word_1_465' title='bbox 2441 463 2589 521; x_wconf 81' lang='lat' dir='ltr'><strong>ﬁeret</strong></span> <span class='ocrx_word' id='word_1_466' title='bbox 2619 465 2901 537; x_wconf 81' lang='lat' dir='ltr'><strong>inquisisli.</strong></span> <span class='ocrx_word' id='word_1_467' title='bbox 2931 465 3062 524; x_wconf 87' lang='lat' dir='ltr'><strong>Dicit</strong></span> <span class='ocrx_word' id='word_1_468' title='bbox 3084 484 3218 537; x_wconf 85' lang='lat' dir='ltr'><strong>eum,</strong></span> <span class='ocrx_word' id='word_1_469' title='bbox 3245 469 3437 543; x_wconf 89' lang='lat' dir='ltr'><strong>inquis,</strong></span> <span class='ocrx_word' id='word_1_470' title='bbox 3461 473 3568 527; x_wconf 81' lang='lat' dir='ltr'><strong>Da-</strong></span> 
     </span>
    </p>
   </div>
   <div class='ocr_carea' id='block_1_64' title="bbox 1987 556 3566 637">
    <p class='ocr_par' dir='ltr' id='par_1_64' title="bbox 1987 556 3566 637">
     <span class='ocr_line' id='line_1_64' title="bbox 1987 556 3566 637; baseline 0.008 -27"><span class='ocrx_word' id='word_1_471' title='bbox 1987 557 2072 611; x_wconf 87' lang='lat' dir='ltr'><strong>vid</strong></span> <span class='ocrx_word' id='word_1_472' title='bbox 2102 556 2411 625; x_wconf 86' lang='lat' dir='ltr'><strong>Dominum;</strong></span> <span class='ocrx_word' id='word_1_473' title='bbox 2440 559 2706 630; x_wconf 91' lang='lat' dir='ltr'><strong>quomodo</strong></span> <span class='ocrx_word' id='word_1_474' title='bbox 2734 560 2872 617; x_wconf 91' lang='lat' dir='ltr'><strong>ﬁlius</strong></span> <span class='ocrx_word' id='word_1_475' title='bbox 2887 562 3001 633; x_wconf 91' lang='lat' dir='ltr'><strong>ejus</strong></span> <span class='ocrx_word' id='word_1_476' title='bbox 3023 565 3135 618; x_wconf 88' lang='lat' dir='ltr'><strong>est?</strong></span> <span class='ocrx_word' id='word_1_477' title='bbox 3161 580 3263 620; x_wconf 86' lang='lat' dir='ltr'><strong>non</strong></span> <span class='ocrx_word' id='word_1_478' title='bbox 3293 581 3446 637; x_wconf 88' lang='lat' dir='ltr'><strong>nego,</strong></span> <span class='ocrx_word' id='word_1_479' title='bbox 3471 569 3566 623; x_wconf 86' lang='lat' dir='ltr'><strong>sed</strong></span> 
     </span>
    </p>
   </div>
   <div class='ocr_carea' id='block_1_65' title="bbox 1987 648 3567 728">
    <p class='ocr_par' dir='ltr' id='par_1_65' title="bbox 1987 648 3567 728">
     <span class='ocr_line' id='line_1_65' title="bbox 1987 648 3567 728; baseline 0.007 -25"><span class='ocrx_word' id='word_1_480' title='bbox 1987 648 2074 704; x_wconf 91' lang='lat' dir='ltr'><strong>die</strong></span> <span class='ocrx_word' id='word_1_481' title='bbox 2099 652 2385 721; x_wconf 92' lang='lat' dir='ltr'><strong>quomodo.</strong></span> <span class='ocrx_word' id='word_1_482' title='bbox 2427 651 2506 707; x_wconf 93' lang='lat' dir='ltr'><strong>Illi</strong></span> <span class='ocrx_word' id='word_1_483' title='bbox 2535 669 2663 724; x_wconf 88' lang='lat' dir='ltr'><strong>ergo</strong></span> <span class='ocrx_word' id='word_1_484' title='bbox 2705 670 2770 710; x_wconf 84' lang='lat' dir='ltr'><strong>ex</strong></span> <span class='ocrx_word' id='word_1_485' title='bbox 2811 654 3029 712; x_wconf 91' lang='lat' dir='ltr'><strong>Litteris</strong></span> <span class='ocrx_word' id='word_1_486' title='bbox 3054 672 3186 728; x_wconf 90' lang='lat' dir='ltr'><strong>quas</strong></span> <span class='ocrx_word' id='word_1_487' title='bbox 3215 658 3478 728; x_wconf 82' lang='lat' dir='ltr'><strong>legebant,</strong></span> <span class='ocrx_word' id='word_1_488' title='bbox 3510 669 3567 714; x_wconf 85' lang='lat' dir='ltr'><strong>et</strong></span> 
     </span>
    </p>
   </div>
   <div class='ocr_carea' id='block_1_66' title="bbox 1988 742 3568 819">
    <p class='ocr_par' dir='ltr' id='par_1_66' title="bbox 1988 742 3568 819">
     <span class='ocr_line' id='line_1_66' title="bbox 1988 742 3568 819; baseline 0.005 -23"><span class='ocrx_word' id='word_1_489' title='bbox 1988 755 2094 796; x_wconf 91' lang='lat' dir='ltr'><strong>non</strong></span> <span class='ocrx_word' id='word_1_490' title='bbox 2127 742 2510 814; x_wconf 89' lang='lat' dir='ltr'><strong>intelligebant,</strong></span> <span class='ocrx_word' id='word_1_491' title='bbox 2544 744 2588 800; x_wconf 91' lang='lat' dir='ltr'><strong>si</strong></span> <span class='ocrx_word' id='word_1_492' title='bbox 2615 745 2668 800; x_wconf 91' lang='lat' dir='ltr'><strong>in</strong></span> <span class='ocrx_word' id='word_1_493' title='bbox 2695 746 2793 801; x_wconf 90' lang='lat' dir='ltr'><strong>ista</strong></span> <span class='ocrx_word' id='word_1_494' title='bbox 2823 747 3240 819; x_wconf 81' lang='lat' dir='ltr'><strong>interrogatione</strong></span> <span class='ocrx_word' id='word_1_495' title='bbox 3260 749 3568 806; x_wconf 87' lang='lat' dir='ltr'><strong>recolerent</strong></span> 
     </span>
    </p>
   </div>
   <div class='ocr_carea' id='block_1_67' title="bbox 1986 834 3565 913">
    <p class='ocr_par' dir='ltr' id='par_1_67' title="bbox 1986 834 3565 913">
     <span class='ocr_line' id='line_1_67' title="bbox 1986 834 3565 913; baseline 0.005 -24"><span class='ocrx_word' id='word_1_496' title='bbox 1986 834 2224 898; x_wconf 88' lang='lat' dir='ltr'><strong>modum,</strong></span> <span class='ocrx_word' id='word_1_497' title='bbox 2255 851 2432 892; x_wconf 90' lang='lat' dir='ltr'><strong>nonne</strong></span> <span class='ocrx_word' id='word_1_498' title='bbox 2474 838 2896 908; x_wconf 88' lang='lat' dir='ltr'><strong>responderent:</strong></span> <span class='ocrx_word' id='word_1_499' title='bbox 2922 840 3201 906; x_wconf 88' lang='lat' dir='ltr'><strong>Quomodo</strong></span> <span class='ocrx_word' id='word_1_500' title='bbox 3230 841 3565 913; x_wconf 81' lang='lat' dir='ltr'><strong>interrogas?</strong></span> 
     </span>
    </p>
   </div>
   <div class='ocr_carea' id='block_1_68' title="bbox 1987 922 3567 1002">
    <p class='ocr_par' dir='ltr' id='par_1_68' title="bbox 1987 922 3567 1002">
     <span class='ocr_line' id='line_1_68' title="bbox 1987 922 3567 1002; baseline 0.005 -24"><span class='ocrx_word' id='word_1_501' title='bbox 1987 922 2120 979; x_wconf 83' lang='lat' dir='ltr'><strong>Ecce</strong></span> <span class='ocrx_word' id='word_1_502' title='bbox 2156 926 2296 997; x_wconf 84' lang='lat' dir='ltr'><strong>virgo</strong></span> <span class='ocrx_word' id='word_1_503' title='bbox 2323 927 2532 998; x_wconf 85' lang='lat' dir='ltr'><strong>accipiet</strong></span> <span class='ocrx_word' id='word_1_504' title='bbox 2559 929 2611 982; x_wconf 91' lang='lat' dir='ltr'><strong>in</strong></span> <span class='ocrx_word' id='word_1_505' title='bbox 2641 938 2802 998; x_wconf 89' lang='lat' dir='ltr'><strong>utero,</strong></span> <span class='ocrx_word' id='word_1_506' title='bbox 2844 939 2890 984; x_wconf 88' lang='lat' dir='ltr'><strong>et</strong></span> <span class='ocrx_word' id='word_1_507' title='bbox 2927 932 3089 1000; x_wconf 86' lang='lat' dir='ltr'><strong>pariet</strong></span> <span class='ocrx_word' id='word_1_508' title='bbox 3125 932 3310 1002; x_wconf 77' lang='lat' dir='ltr'><strong>filium,</strong></span> <span class='ocrx_word' id='word_1_509' title='bbox 3342 942 3388 987; x_wconf 90' lang='lat' dir='ltr'><strong>et</strong></span> <span class='ocrx_word' id='word_1_510' title='bbox 3415 948 3567 988; x_wconf 79' lang='lat' dir='ltr'><strong>voca-</strong></span> 
     </span>
    </p>
   </div>
   <div class='ocr_carea' id='block_1_69' title="bbox 1988 1014 3564 1093">
    <p class='ocr_par' dir='ltr' id='par_1_69' title="bbox 1988 1014 3564 1093">
     <span class='ocr_line' id='line_1_69' title="bbox 1988 1014 3564 1093; baseline 0.005 -25"><span class='ocrx_word' id='word_1_511' title='bbox 1988 1014 2108 1069; x_wconf 90' lang='lat' dir='ltr'><strong>bunt</strong></span> <span class='ocrx_word' id='word_1_512' title='bbox 2134 1032 2314 1071; x_wconf 83' lang='lat' dir='ltr'><strong>nomen</strong></span> <span class='ocrx_word' id='word_1_513' title='bbox 2360 1019 2469 1088; x_wconf 89' lang='lat' dir='ltr'><strong>ejus</strong></span> <span class='ocrx_word' id='word_1_514' title='bbox 2509 1017 2832 1085; x_wconf 82' lang='lat' dir='ltr'><strong>Emmanuel,</strong></span> <span class='ocrx_word' id='word_1_515' title='bbox 2879 1021 3013 1092; x_wconf 88' lang='lat' dir='ltr'><strong>quod</strong></span> <span class='ocrx_word' id='word_1_516' title='bbox 3049 1031 3122 1076; x_wconf 89' lang='lat' dir='ltr'><strong>est</strong></span> <span class='ocrx_word' id='word_1_517' title='bbox 3157 1022 3564 1093; x_wconf 79' lang='lat' dir='ltr'><strong>interpretatum,</strong></span> 
     </span>
    </p>
   </div>
   <div class='ocr_carea' id='block_1_70' title="bbox 1989 1106 3569 1188">
    <p class='ocr_par' dir='ltr' id='par_1_70' title="bbox 1989 1106 3569 1188">
     <span class='ocr_line' id='line_1_70' title="bbox 1989 1106 3569 1188; baseline 0.008 -28"><span class='ocrx_word' id='word_1_518' title='bbox 1989 1106 2269 1163; x_wconf 87' lang='lat' dir='ltr'><strong>Nobiscum</strong></span> <span class='ocrx_word' id='word_1_519' title='bbox 2294 1108 2433 1164; x_wconf 80' lang='lat' dir='ltr'><strong>Deus</strong></span> <span class='ocrx_word' id='word_1_520' title='bbox 2463 1109 2612 1182; x_wconf 87' lang='lat' dir='ltr'><strong>(lsai.</strong></span> <span class='ocrx_word' id='word_1_521' title='bbox 2653 1129 2747 1179; x_wconf 86' lang='lat' dir='ltr'><strong>vn,</strong></span> <span class='ocrx_word' id='word_1_522' title='bbox 2777 1114 2872 1179; x_wconf 66' lang='grc' dir='ltr'>υς</span> <span class='ocrx_word' id='word_1_523' title='bbox 2905 1114 3091 1170; x_wconf 82' lang='lat' dir='ltr'><strong>Matth.</strong></span> <span class='ocrx_word' id='word_1_524' title='bbox 3119 1129 3157 1184; x_wconf 91' lang='lat' dir='ltr'><strong>l,</strong></span> <span class='ocrx_word' id='word_1_525' title='bbox 3187 1115 3301 1188; x_wconf 73' lang='grc'><strong>25).</strong></span> <span class='ocrx_word' id='word_1_526' title='bbox 3327 1117 3569 1188; x_wconf 80' lang='lat' dir='ltr'><strong>Accipiet</strong></span> 
     </span>
    </p>
   </div>
   <div class='ocr_carea' id='block_1_71' title="bbox 1986 1200 3570 1283">
    <p class='ocr_par' dir='ltr' id='par_1_71' title="bbox 1986 1200 3570 1283">
     <span class='ocr_line' id='line_1_71' title="bbox 1986 1200 3570 1283; baseline 0.009 -30"><span class='ocrx_word' id='word_1_527' title='bbox 1986 1200 2135 1272; x_wconf 89' lang='lat' dir='ltr'><strong>virgo</strong></span> <span class='ocrx_word' id='word_1_528' title='bbox 2162 1204 2212 1283; x_wconf 82' lang='lat' dir='ltr'><strong>in</strong></span> <span class='ocrx_word' id='word_1_529' title='bbox 2242 1211 2414 1270; x_wconf 91' lang='lat' dir='ltr'><strong>utero,</strong></span> <span class='ocrx_word' id='word_1_530' title='bbox 2438 1204 2589 1276; x_wconf 86' lang='lat' dir='ltr'><strong>virgo</strong></span> <span class='ocrx_word' id='word_1_531' title='bbox 2613 1221 2676 1261; x_wconf 86' lang='lat' dir='ltr'><strong>ex</strong></span> <span class='ocrx_word' id='word_1_532' title='bbox 2698 1207 2902 1262; x_wconf 90' lang='lat' dir='ltr'><strong>semine</strong></span> <span class='ocrx_word' id='word_1_533' title='bbox 2925 1207 3088 1264; x_wconf 88' lang='lat' dir='ltr'><strong>David</strong></span> <span class='ocrx_word' id='word_1_534' title='bbox 3111 1211 3279 1280; x_wconf 89' lang='lat' dir='ltr'><strong>pariet</strong></span> <span class='ocrx_word' id='word_1_535' title='bbox 3303 1210 3492 1280; x_wconf 85' lang='lat' dir='ltr'><strong>ﬁlium,</strong></span> <span class='ocrx_word' id='word_1_536' title='bbox 3511 1219 3570 1266; x_wconf 86' lang='lat' dir='ltr'><strong>ut</strong></span> 
     </span>
    </p>
   </div>
   <div class='ocr_carea' id='block_1_72' title="bbox 1985 1292 3570 1370">
    <p class='ocr_par' dir='ltr' id='par_1_72' title="bbox 1985 1292 3570 1370">
     <span class='ocr_line' id='line_1_72' title="bbox 1985 1292 3570 1370; baseline 0.007 -23"><span class='ocrx_word' id='word_1_537' title='bbox 1985 1292 2056 1347; x_wconf 90' lang='lat' dir='ltr'><strong>sit</strong></span> <span class='ocrx_word' id='word_1_538' title='bbox 2084 1292 2223 1348; x_wconf 91' lang='lat' dir='ltr'><strong>ﬁlius</strong></span> <span class='ocrx_word' id='word_1_539' title='bbox 2253 1295 2415 1351; x_wconf 88' lang='lat' dir='ltr'><strong>David</strong></span> <span class='ocrx_word' id='word_1_540' title='bbox 2439 1315 2453 1350; x_wconf 92' lang='lat'><strong>:</strong></span> <span class='ocrx_word' id='word_1_541' title='bbox 2481 1306 2635 1351; x_wconf 88' lang='lat' dir='ltr'><strong>erant</strong></span> <span class='ocrx_word' id='word_1_542' title='bbox 2659 1299 2800 1352; x_wconf 91' lang='lat' dir='ltr'><strong>enim</strong></span> <span class='ocrx_word' id='word_1_543' title='bbox 2826 1299 3027 1370; x_wconf 87' lang='lat' dir='ltr'><strong>Joseph</strong></span> <span class='ocrx_word' id='word_1_544' title='bbox 3053 1309 3106 1356; x_wconf 89' lang='lat' dir='ltr'><strong>et</strong></span> <span class='ocrx_word' id='word_1_545' title='bbox 3130 1301 3293 1356; x_wconf 87' lang='lat' dir='ltr'><strong>Maria</strong></span> <span class='ocrx_word' id='word_1_546' title='bbox 3316 1302 3382 1358; x_wconf 90' lang='lat' dir='ltr'><strong>de</strong></span> <span class='ocrx_word' id='word_1_547' title='bbox 3408 1301 3570 1358; x_wconf 93' lang='lat' dir='ltr'><strong>domo</strong></span> 
     </span>
    </p>
   </div>
   <div class='ocr_carea' id='block_1_73' title="bbox 1986 1388 3572 1468">
    <p class='ocr_par' dir='ltr' id='par_1_73' title="bbox 1986 1388 3572 1468">
     <span class='ocr_line' id='line_1_73' title="bbox 1986 1388 3572 1468; baseline 0.005 -28"><span class='ocrx_word' id='word_1_548' title='bbox 1986 1393 2041 1440; x_wconf 89' lang='lat' dir='ltr'><strong>et</strong></span> <span class='ocrx_word' id='word_1_549' title='bbox 2087 1388 2254 1457; x_wconf 90' lang='lat' dir='ltr'><strong>patria</strong></span> <span class='ocrx_word' id='word_1_550' title='bbox 2295 1389 2458 1444; x_wconf 89' lang='lat' dir='ltr'><strong>David</strong></span> <span class='ocrx_word' id='word_1_551' title='bbox 2498 1389 2648 1463; x_wconf 91' lang='lat' dir='ltr'><strong>(Luc.</strong></span> <span class='ocrx_word' id='word_1_552' title='bbox 2677 1407 2716 1457; x_wconf 85' lang='grc' dir='ltr'><strong>ι,</strong></span> <span class='ocrx_word' id='word_1_553' title='bbox 2743 1391 2834 1457; x_wconf 79' lang='grc'><strong>27,</strong></span> <span class='ocrx_word' id='word_1_554' title='bbox 2863 1391 2962 1458; x_wconf 75' lang='lat'><strong>52;</strong></span> <span class='ocrx_word' id='word_1_555' title='bbox 2994 1402 3039 1447; x_wconf 91' lang='lat' dir='ltr'><strong>et</strong></span> <span class='ocrx_word' id='word_1_556' title='bbox 3066 1409 3102 1448; x_wconf 89' lang='lat' dir='ltr'><strong>u</strong></span> <span class='ocrx_word' id='word_1_557' title='bbox 3122 1435 3136 1459; x_wconf 86' lang='lat'><strong>,</strong></span> <span class='ocrx_word' id='word_1_558' title='bbox 3163 1394 3218 1458; x_wconf 71' lang='grc'><strong>4,</strong></span> <span class='ocrx_word' id='word_1_559' title='bbox 3248 1393 3326 1468; x_wconf 76' lang='grc'><strong>5).</strong></span> <span class='ocrx_word' id='word_1_560' title='bbox 3357 1394 3572 1465; x_wconf 88' lang='lat' dir='ltr'><strong>Peperit</strong></span> 
     </span>
    </p>
   </div>
   <div class='ocr_carea' id='block_1_74' title="bbox 1986 1479 3569 1557">
    <p class='ocr_par' dir='ltr' id='par_1_74' title="bbox 1986 1479 3569 1557">
     <span class='ocr_line' id='line_1_74' title="bbox 1986 1479 3569 1557; baseline 0.005 -24"><span class='ocrx_word' id='word_1_561' title='bbox 1986 1492 2116 1548; x_wconf 84' lang='lat' dir='ltr'><strong>ergo</strong></span> <span class='ocrx_word' id='word_1_562' title='bbox 2144 1479 2294 1551; x_wconf 85' lang='lat' dir='ltr'><strong>virgo</strong></span> <span class='ocrx_word' id='word_1_563' title='bbox 2329 1482 2438 1546; x_wconf 89' lang='lat' dir='ltr'><strong>illa,</strong></span> <span class='ocrx_word' id='word_1_564' title='bbox 2467 1492 2524 1537; x_wconf 92' lang='lat' dir='ltr'><strong>ut</strong></span> <span class='ocrx_word' id='word_1_565' title='bbox 2545 1491 2690 1538; x_wconf 89' lang='lat' dir='ltr'><strong>esset</strong></span> <span class='ocrx_word' id='word_1_566' title='bbox 2721 1482 2860 1538; x_wconf 90' lang='lat' dir='ltr'><strong>ﬁlius</strong></span> <span class='ocrx_word' id='word_1_567' title='bbox 2907 1484 3092 1540; x_wconf 88' lang='lat' dir='ltr'><strong>David.</strong></span> <span class='ocrx_word' id='word_1_568' title='bbox 3121 1484 3226 1542; x_wconf 92' lang='lat' dir='ltr'><strong>Sed</strong></span> <span class='ocrx_word' id='word_1_569' title='bbox 3270 1486 3362 1542; x_wconf 90' lang='lat' dir='ltr'><strong>ille</strong></span> <span class='ocrx_word' id='word_1_570' title='bbox 3409 1487 3569 1557; x_wconf 88' lang='lat' dir='ltr'><strong>quem</strong></span> 
     </span>
    </p>
   </div>
   <div class='ocr_carea' id='block_1_75' title="bbox 1985 1571 3570 1648">
    <p class='ocr_par' dir='ltr' id='par_1_75' title="bbox 1985 1571 3570 1648">
     <span class='ocr_line' id='line_1_75' title="bbox 1985 1571 3570 1648; baseline 0.006 -23"><span class='ocrx_word' id='word_1_571' title='bbox 1985 1571 2213 1641; x_wconf 88' lang='lat' dir='ltr'><strong>peperit,</strong></span> <span class='ocrx_word' id='word_1_572' title='bbox 2253 1572 2499 1628; x_wconf 87' lang='lat' dir='ltr'><strong>vocabunt</strong></span> <span class='ocrx_word' id='word_1_573' title='bbox 2529 1591 2710 1630; x_wconf 87' lang='lat' dir='ltr'><strong>nomen</strong></span> <span class='ocrx_word' id='word_1_574' title='bbox 2753 1576 2868 1647; x_wconf 86' lang='lat' dir='ltr'><strong>ejus</strong></span> <span class='ocrx_word' id='word_1_575' title='bbox 2917 1575 3238 1648; x_wconf 81' lang='lat' dir='ltr'><strong>Emmanuel,</strong></span> <span class='ocrx_word' id='word_1_576' title='bbox 3286 1577 3570 1636; x_wconf 83' lang='lat' dir='ltr'><strong>Nobiscum</strong></span> 
     </span>
    </p>
   </div>
   <div class='ocr_carea' id='block_1_76' title="bbox 1983 1661 3091 1726">
    <p class='ocr_par' dir='ltr' id='par_1_76' title="bbox 1983 1661 3091 1726">
     <span class='ocr_line' id='line_1_76' title="bbox 1983 1661 3091 1726; baseline 0.009 -10"><span class='ocrx_word' id='word_1_577' title='bbox 1983 1661 2124 1718; x_wconf 89' lang='lat' dir='ltr'><strong>Deus</strong></span> <span class='ocrx_word' id='word_1_578' title='bbox 2141 1679 2160 1718; x_wconf 91' lang='lat'><strong>:</strong></span> <span class='ocrx_word' id='word_1_579' title='bbox 2179 1679 2304 1721; x_wconf 90' lang='lat' dir='ltr'><strong>ecce</strong></span> <span class='ocrx_word' id='word_1_580' title='bbox 2329 1665 2498 1722; x_wconf 89' lang='lat' dir='ltr'><strong>habes</strong></span> <span class='ocrx_word' id='word_1_581' title='bbox 2517 1676 2571 1722; x_wconf 89' lang='lat' dir='ltr'><strong>et</strong></span> <span class='ocrx_word' id='word_1_582' title='bbox 2600 1668 2879 1723; x_wconf 91' lang='lat' dir='ltr'><strong>Dominum</strong></span> <span class='ocrx_word' id='word_1_583' title='bbox 2905 1669 3091 1726; x_wconf 88' lang='lat' dir='ltr'><strong>David.</strong></span> 
     </span>
    </p>
   </div>
   <div class='ocr_carea' id='block_1_77' title="bbox 2057 1758 3570 1836">
    <p class='ocr_par' dir='ltr' id='par_1_77' title="bbox 2057 1758 3570 1836">
     <span class='ocr_line' id='line_1_77' title="bbox 2057 1758 3570 1836; baseline 0.009 -26"><span class='ocrx_word' id='word_1_584' title='bbox 2057 1758 2112 1811; x_wconf 91' lang='lat'><strong>7.</strong></span> <span class='ocrx_word' id='word_1_585' title='bbox 2143 1758 2355 1828; x_wconf 88' lang='lat' dir='ltr'><strong>Aliquid</strong></span> <span class='ocrx_word' id='word_1_586' title='bbox 2403 1760 2559 1815; x_wconf 90' lang='lat' dir='ltr'><strong>nobis</strong></span> <span class='ocrx_word' id='word_1_587' title='bbox 2597 1759 2838 1817; x_wconf 83' lang='lat' dir='ltr'><strong>fortassis</strong></span> <span class='ocrx_word' id='word_1_588' title='bbox 2881 1778 2945 1818; x_wconf 81' lang='lat' dir='ltr'><strong>ex</strong></span> <span class='ocrx_word' id='word_1_589' title='bbox 2998 1763 3097 1819; x_wconf 91' lang='lat' dir='ltr'><strong>hac</strong></span> <span class='ocrx_word' id='word_1_590' title='bbox 3136 1780 3245 1834; x_wconf 76' lang='lat' dir='ltr'><strong>re,</strong></span> <span class='ocrx_word' id='word_1_591' title='bbox 3299 1767 3570 1836; x_wconf 90' lang='lat' dir='ltr'><strong>quomodo</strong></span> 
     </span>
    </p>
   </div>
   <div class='ocr_carea' id='block_1_78' title="bbox 1984 1846 3569 1925">
    <p class='ocr_par' dir='ltr' id='par_1_78' title="bbox 1984 1846 3569 1925">
     <span class='ocr_line' id='line_1_78' title="bbox 1984 1846 3569 1925; baseline 0.008 -23"><span class='ocrx_word' id='word_1_592' title='bbox 1984 1846 2229 1905; x_wconf 90' lang='lat' dir='ltr'><strong>Christus</strong></span> <span class='ocrx_word' id='word_1_593' title='bbox 2255 1860 2309 1905; x_wconf 89' lang='lat' dir='ltr'><strong>et</strong></span> <span class='ocrx_word' id='word_1_594' title='bbox 2338 1850 2480 1905; x_wconf 89' lang='lat' dir='ltr'><strong>ﬁlius</strong></span> <span class='ocrx_word' id='word_1_595' title='bbox 2509 1852 2578 1906; x_wconf 88' lang='lat' dir='ltr'><strong>sit</strong></span> <span class='ocrx_word' id='word_1_596' title='bbox 2614 1853 2799 1919; x_wconf 87' lang='lat' dir='ltr'><strong>David,</strong></span> <span class='ocrx_word' id='word_1_597' title='bbox 2823 1862 2878 1910; x_wconf 91' lang='lat' dir='ltr'><strong>et</strong></span> <span class='ocrx_word' id='word_1_598' title='bbox 2907 1855 3162 1912; x_wconf 88' lang='lat' dir='ltr'><strong>Dominus</strong></span> <span class='ocrx_word' id='word_1_599' title='bbox 3186 1857 3373 1925; x_wconf 88' lang='lat' dir='ltr'><strong>David,</strong></span> <span class='ocrx_word' id='word_1_600' title='bbox 3406 1858 3569 1914; x_wconf 89' lang='lat' dir='ltr'><strong>etiam</strong></span> 
     </span>
    </p>
   </div>
   <div class='ocr_carea' id='block_1_79' title="bbox 1985 1940 3571 2021">
    <p class='ocr_par' dir='ltr' id='par_1_79' title="bbox 1985 1940 3571 2021">
     <span class='ocr_line' id='line_1_79' title="bbox 1985 1940 3571 2021; baseline 0.008 -27"><span class='ocrx_word' id='word_1_601' title='bbox 1985 1940 2222 2010; x_wconf 88' lang='lat' dir='ltr'><strong>psalmus</strong></span> <span class='ocrx_word' id='word_1_602' title='bbox 2249 1942 2349 1998; x_wconf 90' lang='lat' dir='ltr'><strong>iste</strong></span> <span class='ocrx_word' id='word_1_603' title='bbox 2393 1943 2677 1998; x_wconf 86' lang='lat' dir='ltr'><strong>intimabit.</strong></span> <span class='ocrx_word' id='word_1_604' title='bbox 2730 1945 3023 2002; x_wconf 79' lang='lat' dir='ltr'><strong>Audiamus</strong></span> <span class='ocrx_word' id='word_1_605' title='bbox 3067 1963 3227 2020; x_wconf 87' lang='lat' dir='ltr'><strong>ergo,</strong></span> <span class='ocrx_word' id='word_1_606' title='bbox 3264 1956 3322 2005; x_wconf 88' lang='lat' dir='ltr'><strong>et</strong></span> <span class='ocrx_word' id='word_1_607' title='bbox 3361 1959 3571 2021; x_wconf 79' lang='lat' dir='ltr'><strong>pertra-</strong></span> 
     </span>
    </p>
   </div>
   <div class='ocr_carea' id='block_1_80' title="bbox 1983 2039 3571 2113">
    <p class='ocr_par' dir='ltr' id='par_1_80' title="bbox 1983 2039 3571 2113">
     <span class='ocr_line' id='line_1_80' title="bbox 1983 2039 3571 2113; baseline 0.006 -23"><span class='ocrx_word' id='word_1_608' title='bbox 1983 2044 2190 2091; x_wconf 89' lang='lat' dir='ltr'><strong>ctemus</strong></span> <span class='ocrx_word' id='word_1_609' title='bbox 2211 2052 2366 2102; x_wconf 90' lang='lat' dir='ltr'><strong>eum;</strong></span> <span class='ocrx_word' id='word_1_610' title='bbox 2409 2039 2679 2108; x_wconf 89' lang='lat' dir='ltr'><strong>pulscmus</strong></span> <span class='ocrx_word' id='word_1_611' title='bbox 2706 2040 2921 2111; x_wconf 90' lang='lat' dir='ltr'><strong>pietate,</strong></span> <span class='ocrx_word' id='word_1_612' title='bbox 2952 2051 3366 2113; x_wconf 78' lang='lat' dir='ltr'><strong>extorqueamus</strong></span> <span class='ocrx_word' id='word_1_613' title='bbox 3394 2043 3571 2100; x_wconf 79' lang='lat' dir='ltr'><strong>chari-</strong></span> 
     </span>
    </p>
   </div>
   <div class='ocr_carea' id='block_1_81' title="bbox 1987 2130 3565 2206">
    <p class='ocr_par' dir='ltr' id='par_1_81' title="bbox 1987 2130 3565 2206">
     <span class='ocr_line' id='line_1_81' title="bbox 1987 2130 3565 2206; baseline 0.006 -23"><span class='ocrx_word' id='word_1_614' title='bbox 1987 2137 2112 2185; x_wconf 89' lang='lat' dir='ltr'><strong>tate.</strong></span> <span class='ocrx_word' id='word_1_615' title='bbox 2143 2130 2307 2186; x_wconf 87' lang='lat' dir='ltr'><strong>David</strong></span> <span class='ocrx_word' id='word_1_616' title='bbox 2335 2145 2462 2202; x_wconf 83' lang='lat' dir='ltr'><strong>ergo</strong></span> <span class='ocrx_word' id='word_1_617' title='bbox 2485 2133 2596 2203; x_wconf 90' lang='lat' dir='ltr'><strong>ipse</strong></span> <span class='ocrx_word' id='word_1_618' title='bbox 2617 2133 2745 2189; x_wconf 88' lang='lat' dir='ltr'><strong>dicit</strong></span> <span class='ocrx_word' id='word_1_619' title='bbox 2770 2153 2784 2189; x_wconf 92' lang='lat'><strong>:</strong></span> <span class='ocrx_word' id='word_1_620' title='bbox 2809 2150 2980 2206; x_wconf 87' lang='lat' dir='ltr'><strong>neque</strong></span> <span class='ocrx_word' id='word_1_621' title='bbox 3004 2137 3146 2191; x_wconf 89' lang='lat' dir='ltr'><strong>enim</strong></span> <span class='ocrx_word' id='word_1_622' title='bbox 3177 2138 3404 2194; x_wconf 87' lang='lat' dir='ltr'><strong>Domino</strong></span> <span class='ocrx_word' id='word_1_623' title='bbox 3429 2153 3565 2194; x_wconf 85' lang='lat' dir='ltr'><strong>con-</strong></span> 
     </span>
    </p>
   </div>
   <div class='ocr_carea' id='block_1_82' title="bbox 1982 2223 3569 2302">
    <p class='ocr_par' dir='ltr' id='par_1_82' title="bbox 1982 2223 3569 2302">
     <span class='ocr_line' id='line_1_82' title="bbox 1982 2223 3569 2302; baseline 0.006 -25"><span class='ocrx_word' id='word_1_624' title='bbox 1982 2223 2248 2280; x_wconf 89' lang='lat' dir='ltr'><strong>tradicere</strong></span> <span class='ocrx_word' id='word_1_625' title='bbox 2291 2225 2417 2281; x_wconf 92' lang='lat' dir='ltr'><strong>licet</strong></span> <span class='ocrx_word' id='word_1_626' title='bbox 2459 2243 2470 2279; x_wconf 95' lang='lat'><strong>:</strong></span> <span class='ocrx_word' id='word_1_627' title='bbox 2503 2224 2702 2290; x_wconf 81' lang='lat' dir='ltr'><strong>David,</strong></span> <span class='ocrx_word' id='word_1_628' title='bbox 2747 2226 2956 2299; x_wconf 90' lang='lat' dir='ltr'><strong>inquit,</strong></span> <span class='ocrx_word' id='word_1_629' title='bbox 2996 2229 3049 2284; x_wconf 89' lang='lat' dir='ltr'><strong>in</strong></span> <span class='ocrx_word' id='word_1_630' title='bbox 3079 2231 3262 2302; x_wconf 78' lang='lat' dir='ltr'><strong>spiritu</strong></span> <span class='ocrx_word' id='word_1_631' title='bbox 3303 2231 3428 2285; x_wconf 87' lang='lat' dir='ltr'><strong>dicit</strong></span> <span class='ocrx_word' id='word_1_632' title='bbox 3452 2247 3569 2286; x_wconf 83' lang='lat' dir='ltr'><strong>cum</strong></span> 
     </span>
    </p>
   </div>
   <div class='ocr_carea' id='block_1_83' title="bbox 1983 2314 3570 2392">
    <p class='ocr_par' dir='ltr' id='par_1_83' title="bbox 1983 2314 3570 2392">
     <span class='ocr_line' id='line_1_83' title="bbox 1983 2314 3570 2392; baseline 0.006 -24"><span class='ocrx_word' id='word_1_633' title='bbox 1983 2314 2278 2370; x_wconf 84' lang='lat' dir='ltr'><strong>Dominum.</strong></span> <span class='ocrx_word' id='word_1_634' title='bbox 2333 2315 2450 2386; x_wconf 87' lang='lat' dir='ltr'><strong>Ipse</strong></span> <span class='ocrx_word' id='word_1_635' title='bbox 2493 2333 2620 2388; x_wconf 90' lang='lat' dir='ltr'><strong>ergo</strong></span> <span class='ocrx_word' id='word_1_636' title='bbox 2670 2318 2833 2374; x_wconf 86' lang='lat' dir='ltr'><strong>David</strong></span> <span class='ocrx_word' id='word_1_637' title='bbox 2877 2319 2944 2374; x_wconf 86' lang='lat' dir='ltr'><strong>de</strong></span> <span class='ocrx_word' id='word_1_638' title='bbox 2969 2319 3180 2376; x_wconf 85' lang='lat' dir='ltr'><strong>Christo</strong></span> <span class='ocrx_word' id='word_1_639' title='bbox 3219 2321 3345 2392; x_wconf 91' lang='lat' dir='ltr'><strong>quid</strong></span> <span class='ocrx_word' id='word_1_640' title='bbox 3397 2321 3570 2377; x_wconf 80' lang='lat' dir='ltr'><strong>dicit?</strong></span> 
     </span>
    </p>
   </div>
   <div class='ocr_carea' id='block_1_84' title="bbox 1982 2405 3566 2481">
    <p class='ocr_par' dir='ltr' id='par_1_84' title="bbox 1982 2405 3566 2481">
     <span class='ocr_line' id='line_1_84' title="bbox 1982 2405 3566 2481; baseline 0.004 -20"><span class='ocrx_word' id='word_1_641' title='bbox 1982 2405 2136 2471; x_wconf 82' lang='lat' dir='ltr'><strong>Nam,</strong></span> <span class='ocrx_word' id='word_1_642' title='bbox 2184 2405 2294 2478; x_wconf 86' lang='lat' dir='ltr'><strong>Ipsi</strong></span> <span class='ocrx_word' id='word_1_643' title='bbox 2324 2407 2492 2462; x_wconf 89' lang='lat' dir='ltr'><strong>David</strong></span> <span class='ocrx_word' id='word_1_644' title='bbox 2519 2408 2760 2464; x_wconf 88' lang='lat' dir='ltr'><strong>Psalmus</strong></span> <span class='ocrx_word' id='word_1_645' title='bbox 2793 2426 2811 2464; x_wconf 92' lang='lat'><strong>:</strong></span> <span class='ocrx_word' id='word_1_646' title='bbox 2839 2417 2894 2466; x_wconf 88' lang='lat' dir='ltr'><strong>et</strong></span> <span class='ocrx_word' id='word_1_647' title='bbox 2921 2411 3020 2467; x_wconf 90' lang='lat' dir='ltr'><strong>iste</strong></span> <span class='ocrx_word' id='word_1_648' title='bbox 3055 2420 3138 2468; x_wconf 90' lang='lat' dir='ltr'><strong>est</strong></span> <span class='ocrx_word' id='word_1_649' title='bbox 3166 2421 3309 2468; x_wconf 93' lang='lat' dir='ltr'><strong>totus</strong></span> <span class='ocrx_word' id='word_1_650' title='bbox 3339 2413 3524 2469; x_wconf 90' lang='lat' dir='ltr'><strong>titulus</strong></span> <span class='ocrx_word' id='word_1_651' title='bbox 3547 2455 3566 2481; x_wconf 92' lang='lat'><strong>,</strong></span> 
     </span>
    </p>
   </div>
   <div class='ocr_carea' id='block_1_85' title="bbox 1982 2498 3568 2572">
    <p class='ocr_par' dir='ltr' id='par_1_85' title="bbox 1982 2498 3568 2572">
     <span class='ocr_line' id='line_1_85' title="bbox 1982 2498 3568 2572; baseline 0.004 -18"><span class='ocrx_word' id='word_1_652' title='bbox 1982 2498 2228 2570; x_wconf 85' lang='lat' dir='ltr'><strong>simplex,</strong></span> <span class='ocrx_word' id='word_1_653' title='bbox 2251 2501 2368 2556; x_wconf 92' lang='lat' dir='ltr'><strong>sine</strong></span> <span class='ocrx_word' id='word_1_654' title='bbox 2391 2500 2552 2571; x_wconf 88' lang='lat' dir='ltr'><strong>ﬁgura</strong></span> <span class='ocrx_word' id='word_1_655' title='bbox 2583 2502 2894 2572; x_wconf 71' lang='lat' dir='ltr'><strong>qumstionis</strong></span> <span class='ocrx_word' id='word_1_656' title='bbox 2913 2545 2928 2569; x_wconf 95' lang='lat'><strong>,</strong></span> <span class='ocrx_word' id='word_1_657' title='bbox 2957 2504 3074 2560; x_wconf 90' lang='lat' dir='ltr'><strong>sine</strong></span> <span class='ocrx_word' id='word_1_658' title='bbox 3105 2504 3212 2559; x_wconf 90' lang='lat' dir='ltr'><strong>ullo</strong></span> <span class='ocrx_word' id='word_1_659' title='bbox 3250 2504 3392 2560; x_wconf 92' lang='lat' dir='ltr'><strong>nodo</strong></span> <span class='ocrx_word' id='word_1_660' title='bbox 3419 2503 3568 2560; x_wconf 58' lang='lat' dir='ltr'><strong>difﬁc</strong></span> 
     </span>
    </p>
   </div>
   <div class='ocr_carea' id='block_1_86' title="bbox 1981 2592 3570 2663">
    <p class='ocr_par' dir='ltr' id='par_1_86' title="bbox 1981 2592 3570 2663">
     <span class='ocr_line' id='line_1_86' title="bbox 1981 2592 3570 2663; baseline 0.004 -17"><span class='ocrx_word' id='word_1_661' title='bbox 1981 2592 2214 2646; x_wconf 87' lang='lat' dir='ltr'><strong>cultatis.</strong></span> <span class='ocrx_word' id='word_1_662' title='bbox 2263 2592 2398 2660; x_wconf 88' lang='lat' dir='ltr'><strong>Quid</strong></span> <span class='ocrx_word' id='word_1_663' title='bbox 2430 2608 2558 2663; x_wconf 89' lang='lat' dir='ltr'><strong>ergo</strong></span> <span class='ocrx_word' id='word_1_664' title='bbox 2588 2593 2718 2648; x_wconf 91' lang='lat' dir='ltr'><strong>dicit</strong></span> <span class='ocrx_word' id='word_1_665' title='bbox 2765 2593 2973 2650; x_wconf 82' lang='lat' dir='ltr'><strong>David?</strong></span> <span class='ocrx_word' id='word_1_666' title='bbox 2997 2593 3142 2651; x_wconf 74' lang='lat' dir='ltr'><strong>Dixit</strong></span> <span class='ocrx_word' id='word_1_667' title='bbox 3187 2594 3439 2651; x_wconf 90' lang='lat' dir='ltr'><strong>Dominus</strong></span> <span class='ocrx_word' id='word_1_668' title='bbox 3461 2596 3570 2653; x_wconf 83' lang='lat' dir='ltr'><strong>Do-</strong></span> 
     </span>
    </p>
   </div>
   <div class='ocr_carea' id='block_1_87' title="bbox 1982 2683 3568 2758">
    <p class='ocr_par' dir='ltr' id='par_1_87' title="bbox 1982 2683 3568 2758">
     <span class='ocr_line' id='line_1_87' title="bbox 1982 2683 3568 2758; baseline 0.006 -23"><span class='ocrx_word' id='word_1_669' title='bbox 1982 2683 2118 2737; x_wconf 84' lang='lat' dir='ltr'><strong>mino</strong></span> <span class='ocrx_word' id='word_1_670' title='bbox 2147 2699 2256 2736; x_wconf 87' lang='lat' dir='ltr'><strong>meo</strong></span> <span class='ocrx_word' id='word_1_671' title='bbox 2281 2725 2296 2750; x_wconf 92' lang='lat'><strong>,</strong></span> <span class='ocrx_word' id='word_1_672' title='bbox 2326 2683 2460 2738; x_wconf 86' lang='lat' dir='ltr'><strong>Sede</strong></span> <span class='ocrx_word' id='word_1_673' title='bbox 2485 2701 2518 2738; x_wconf 90' lang='lat' dir='ltr'><strong>a</strong></span> <span class='ocrx_word' id='word_1_674' title='bbox 2545 2686 2735 2740; x_wconf 76' lang='lat' dir='ltr'><strong>dextris</strong></span> <span class='ocrx_word' id='word_1_675' title='bbox 2763 2687 2903 2751; x_wconf 85' lang='lat' dir='ltr'><strong>meis,</strong></span> <span class='ocrx_word' id='word_1_676' title='bbox 2946 2687 3105 2741; x_wconf 86' lang='lat' dir='ltr'><strong>donec</strong></span> <span class='ocrx_word' id='word_1_677' title='bbox 3135 2705 3319 2758; x_wconf 88' lang='lat' dir='ltr'><strong>ponam</strong></span> <span class='ocrx_word' id='word_1_678' title='bbox 3338 2689 3568 2745; x_wconf 85' lang='lat' dir='ltr'><strong>inimicos</strong></span> 
     </span>
    </p>
   </div>
   <div class='ocr_carea' id='block_1_88' title="bbox 1982 2775 3570 2852">
    <p class='ocr_par' dir='ltr' id='par_1_88' title="bbox 1982 2775 3570 2852">
     <span class='ocr_line' id='line_1_88' title="bbox 1982 2775 3570 2852; baseline 0.005 -23"><span class='ocrx_word' id='word_1_679' title='bbox 1982 2784 2095 2830; x_wconf 87' lang='lat' dir='ltr'><strong>tuos</strong></span> <span class='ocrx_word' id='word_1_680' title='bbox 2119 2775 2395 2830; x_wconf 87' lang='lat' dir='ltr'><strong>scabellum</strong></span> <span class='ocrx_word' id='word_1_681' title='bbox 2423 2779 2606 2848; x_wconf 84' lang='lat' dir='ltr'><strong>pedum</strong></span> <span class='ocrx_word' id='word_1_682' title='bbox 2633 2789 2852 2833; x_wconf 89' lang='lat' dir='ltr'><strong>tuorum.</strong></span> <span class='ocrx_word' id='word_1_683' title='bbox 2874 2779 3024 2847; x_wconf 91' lang='lat' dir='ltr'><strong>Quod</strong></span> <span class='ocrx_word' id='word_1_684' title='bbox 3051 2787 3155 2845; x_wconf 90' lang='lat' dir='ltr'><strong>est,</strong></span> <span class='ocrx_word' id='word_1_685' title='bbox 3182 2781 3454 2836; x_wconf 88' lang='lat' dir='ltr'><strong>scabellum</strong></span> <span class='ocrx_word' id='word_1_686' title='bbox 3481 2797 3570 2852; x_wconf 83' lang='lat' dir='ltr'><strong>pe-</strong></span> 
     </span>
    </p>
   </div>
   <div class='ocr_carea' id='block_1_89' title="bbox 1984 2867 3569 2940">
    <p class='ocr_par' dir='ltr' id='par_1_89' title="bbox 1984 2867 3569 2940">
     <span class='ocr_line' id='line_1_89' title="bbox 1984 2867 3569 2940; baseline 0.004 -18"><span class='ocrx_word' id='word_1_687' title='bbox 1984 2869 2107 2922; x_wconf 86' lang='lat' dir='ltr'><strong>dum</strong></span> <span class='ocrx_word' id='word_1_688' title='bbox 2157 2878 2390 2936; x_wconf 86' lang='lat' dir='ltr'><strong>tuorum;</strong></span> <span class='ocrx_word' id='word_1_689' title='bbox 2418 2870 2519 2925; x_wconf 88' lang='lat' dir='ltr'><strong>hoc</strong></span> <span class='ocrx_word' id='word_1_690' title='bbox 2546 2879 2629 2924; x_wconf 88' lang='lat' dir='ltr'><strong>est</strong></span> <span class='ocrx_word' id='word_1_691' title='bbox 2652 2911 2666 2935; x_wconf 94' lang='lat'><strong>,</strong></span> <span class='ocrx_word' id='word_1_692' title='bbox 2718 2870 2812 2924; x_wconf 87' lang='lat' dir='ltr'><strong>sub</strong></span> <span class='ocrx_word' id='word_1_693' title='bbox 2859 2867 3070 2940; x_wconf 84' lang='lat' dir='ltr'><strong>pedibus</strong></span> <span class='ocrx_word' id='word_1_694' title='bbox 3101 2873 3200 2926; x_wconf 83' lang='lat' dir='ltr'><strong>tuis</strong></span> <span class='ocrx_word' id='word_1_695' title='bbox 3231 2889 3251 2927; x_wconf 86' lang='lat'><strong>.&#39;</strong></span> <span class='ocrx_word' id='word_1_696' title='bbox 3274 2873 3569 2929; x_wconf 88' lang='lat' dir='ltr'><strong>scabellum</strong></span> 
     </span>
    </p>
   </div>
   <div class='ocr_carea' id='block_1_90' title="bbox 1982 2961 3570 3034">
    <p class='ocr_par' dir='ltr' id='par_1_90' title="bbox 1982 2961 3570 3034">
     <span class='ocr_line' id='line_1_90' title="bbox 1982 2961 3570 3034; baseline 0.002 -19"><span class='ocrx_word' id='word_1_697' title='bbox 1982 2961 2123 3016; x_wconf 86' lang='lat' dir='ltr'><strong>enim</strong></span> <span class='ocrx_word' id='word_1_698' title='bbox 2152 2961 2345 3032; x_wconf 84' lang='lat' dir='ltr'><strong>pedum</strong></span> <span class='ocrx_word' id='word_1_699' title='bbox 2378 2961 2476 3016; x_wconf 88' lang='lat' dir='ltr'><strong>sub</strong></span> <span class='ocrx_word' id='word_1_700' title='bbox 2518 2961 2744 3032; x_wconf 91' lang='lat' dir='ltr'><strong>pedibus</strong></span> <span class='ocrx_word' id='word_1_701' title='bbox 2769 2972 2870 3018; x_wconf 91' lang='lat' dir='ltr'><strong>est.</strong></span> <span class='ocrx_word' id='word_1_702' title='bbox 2899 2961 3063 3029; x_wconf 70' lang='lat' dir='ltr'><strong>Dixit,</strong></span> <span class='ocrx_word' id='word_1_703' title='bbox 3093 2963 3285 3034; x_wconf 86' lang='lat' dir='ltr'><strong>inquit,</strong></span> <span class='ocrx_word' id='word_1_704' title='bbox 3315 2963 3570 3018; x_wconf 88' lang='lat' dir='ltr'><strong>Dominus</strong></span> 
     </span>
    </p>
   </div>
   <div class='ocr_carea' id='block_1_91' title="bbox 1980 3053 3561 3128">
    <p class='ocr_par' dir='ltr' id='par_1_91' title="bbox 1980 3053 3561 3128">
     <span class='ocr_line' id='line_1_91' title="bbox 1980 3053 3561 3128; baseline 0.002 -19"><span class='ocrx_word' id='word_1_705' title='bbox 1980 3053 2202 3110; x_wconf 87' lang='lat' dir='ltr'><strong>Domino</strong></span> <span class='ocrx_word' id='word_1_706' title='bbox 2228 3072 2361 3110; x_wconf 86' lang='lat' dir='ltr'><strong>meo.</strong></span> <span class='ocrx_word' id='word_1_707' title='bbox 2398 3055 2617 3110; x_wconf 85' lang='lat' dir='ltr'><strong>Audivit</strong></span> <span class='ocrx_word' id='word_1_708' title='bbox 2656 3056 2755 3112; x_wconf 92' lang='lat' dir='ltr'><strong>hoc</strong></span> <span class='ocrx_word' id='word_1_709' title='bbox 2788 3057 2977 3121; x_wconf 89' lang='lat' dir='ltr'><strong>David,</strong></span> <span class='ocrx_word' id='word_1_710' title='bbox 2997 3057 3208 3112; x_wconf 75' lang='lat' dir='ltr'><strong>audivit</strong></span> <span class='ocrx_word' id='word_1_711' title='bbox 3240 3059 3292 3113; x_wconf 91' lang='lat' dir='ltr'><strong>in</strong></span> <span class='ocrx_word' id='word_1_712' title='bbox 3320 3057 3510 3128; x_wconf 89' lang='lat' dir='ltr'><strong>spiritu</strong></span> <span class='ocrx_word' id='word_1_713' title='bbox 3543 3074 3561 3112; x_wconf 95' lang='lat'><strong>:</strong></span> 
     </span>
    </p>
   </div>
   <div class='ocr_carea' id='block_1_92' title="bbox 1982 3147 3567 3221">
    <p class='ocr_par' dir='ltr' id='par_1_92' title="bbox 1982 3147 3567 3221">
     <span class='ocr_line' id='line_1_92' title="bbox 1982 3147 3567 3221; baseline 0.001 -19"><span class='ocrx_word' id='word_1_714' title='bbox 1982 3148 2072 3203; x_wconf 91' lang='lat' dir='ltr'><strong>ubi</strong></span> <span class='ocrx_word' id='word_1_715' title='bbox 2094 3163 2212 3213; x_wconf 92' lang='lat' dir='ltr'><strong>nos,</strong></span> <span class='ocrx_word' id='word_1_716' title='bbox 2231 3147 2444 3218; x_wconf 88' lang='lat' dir='ltr'><strong>quando</strong></span> <span class='ocrx_word' id='word_1_717' title='bbox 2468 3148 2689 3216; x_wconf 89' lang='lat' dir='ltr'><strong>audivit,</strong></span> <span class='ocrx_word' id='word_1_718' title='bbox 2719 3164 2825 3203; x_wconf 90' lang='lat' dir='ltr'><strong>non</strong></span> <span class='ocrx_word' id='word_1_719' title='bbox 2849 3150 3182 3216; x_wconf 88' lang='lat' dir='ltr'><strong>audivimus;</strong></span> <span class='ocrx_word' id='word_1_720' title='bbox 3207 3150 3301 3206; x_wconf 92' lang='lat' dir='ltr'><strong>sed</strong></span> <span class='ocrx_word' id='word_1_721' title='bbox 3327 3148 3567 3221; x_wconf 86' lang='lat' dir='ltr'><strong>loquenti</strong></span> 
     </span>
    </p>
   </div>
   <div class='ocr_carea' id='block_1_93' title="bbox 1980 3239 3566 3314">
    <p class='ocr_par' dir='ltr' id='par_1_93' title="bbox 1980 3239 3566 3314">
     <span class='ocr_line' id='line_1_93' title="bbox 1980 3239 3566 3314; baseline 0.003 -21"><span class='ocrx_word' id='word_1_722' title='bbox 1980 3239 2121 3310; x_wconf 91' lang='lat' dir='ltr'><strong>quod</strong></span> <span class='ocrx_word' id='word_1_723' title='bbox 2157 3239 2360 3295; x_wconf 87' lang='lat' dir='ltr'><strong>audivit</strong></span> <span class='ocrx_word' id='word_1_724' title='bbox 2407 3251 2461 3296; x_wconf 91' lang='lat' dir='ltr'><strong>et</strong></span> <span class='ocrx_word' id='word_1_725' title='bbox 2511 3240 2767 3296; x_wconf 88' lang='lat' dir='ltr'><strong>scribenti</strong></span> <span class='ocrx_word' id='word_1_726' title='bbox 2811 3241 3161 3296; x_wconf 87' lang='lat' dir='ltr'><strong>credidimus.</strong></span> <span class='ocrx_word' id='word_1_727' title='bbox 3190 3243 3409 3296; x_wconf 88' lang='lat' dir='ltr'><strong>Audivit</strong></span> <span class='ocrx_word' id='word_1_728' title='bbox 3436 3257 3566 3314; x_wconf 84' lang='lat' dir='ltr'><strong>ergo</strong></span> 
     </span>
    </p>
   </div>
   <div class='ocr_carea' id='block_1_94' title="bbox 1982 3332 3568 3405">
    <p class='ocr_par' dir='ltr' id='par_1_94' title="bbox 1982 3332 3568 3405">
     <span class='ocr_line' id='line_1_94' title="bbox 1982 3332 3568 3405; baseline 0.001 -16"><span class='ocrx_word' id='word_1_729' title='bbox 1982 3347 2238 3405; x_wconf 89' lang='lat' dir='ltr'><strong>prorsus,</strong></span> <span class='ocrx_word' id='word_1_730' title='bbox 2267 3332 2472 3388; x_wconf 91' lang='lat' dir='ltr'><strong>audivit</strong></span> <span class='ocrx_word' id='word_1_731' title='bbox 2499 3334 2552 3388; x_wconf 91' lang='lat' dir='ltr'><strong>in</strong></span> <span class='ocrx_word' id='word_1_732' title='bbox 2595 3333 2825 3405; x_wconf 91' lang='lat' dir='ltr'><strong>quodam</strong></span> <span class='ocrx_word' id='word_1_733' title='bbox 2868 3335 3162 3390; x_wconf 84' lang='lat' dir='ltr'><strong>secretario</strong></span> <span class='ocrx_word' id='word_1_734' title='bbox 3207 3335 3484 3402; x_wconf 87' lang='lat' dir='ltr'><strong>veritatis,</strong></span> <span class='ocrx_word' id='word_1_735' title='bbox 3512 3335 3568 3390; x_wconf 91' lang='lat' dir='ltr'><strong>in</strong></span> 
     </span>
    </p>
   </div>
   <div class='ocr_carea' id='block_1_95' title="bbox 1981 3423 3563 3498">
    <p class='ocr_par' dir='ltr' id='par_1_95' title="bbox 1981 3423 3563 3498">
     <span class='ocr_line' id='line_1_95' title="bbox 1981 3423 3563 3498; baseline 0.003 -18"><span class='ocrx_word' id='word_1_736' title='bbox 1981 3423 2212 3496; x_wconf 84' lang='lat' dir='ltr'><strong>quodam</strong></span> <span class='ocrx_word' id='word_1_737' title='bbox 2253 3425 2631 3498; x_wconf 86' lang='lat' dir='ltr'><strong>mysteriorum</strong></span> <span class='ocrx_word' id='word_1_738' title='bbox 2671 3429 3014 3482; x_wconf 89' lang='lat' dir='ltr'><strong>sanctuario:</strong></span> <span class='ocrx_word' id='word_1_739' title='bbox 3048 3427 3138 3483; x_wconf 92' lang='lat' dir='ltr'><strong>ubi</strong></span> <span class='ocrx_word' id='word_1_740' title='bbox 3182 3428 3466 3498; x_wconf 76' lang='lat' dir='ltr'><strong>Propheta:</strong></span> <span class='ocrx_word' id='word_1_741' title='bbox 3509 3427 3563 3484; x_wconf 90' lang='lat' dir='ltr'><strong>in</strong></span> 
     </span>
    </p>
   </div>
   <div class='ocr_carea' id='block_1_96' title="bbox 1980 3519 3563 3592">
    <p class='ocr_par' dir='ltr' id='par_1_96' title="bbox 1980 3519 3563 3592">
     <span class='ocr_line' id='line_1_96' title="bbox 1980 3519 3563 3592; baseline 0.003 -19"><span class='ocrx_word' id='word_1_742' title='bbox 1980 3519 2197 3574; x_wconf 90' lang='lat' dir='ltr'><strong>occulto</strong></span> <span class='ocrx_word' id='word_1_743' title='bbox 2241 3519 2552 3586; x_wconf 87' lang='lat' dir='ltr'><strong>audierunt,</strong></span> <span class='ocrx_word' id='word_1_744' title='bbox 2597 3520 2740 3591; x_wconf 90' lang='lat' dir='ltr'><strong>quod</strong></span> <span class='ocrx_word' id='word_1_745' title='bbox 2790 3522 2842 3576; x_wconf 91' lang='lat' dir='ltr'><strong>in</strong></span> <span class='ocrx_word' id='word_1_746' title='bbox 2887 3531 3074 3592; x_wconf 89' lang='lat' dir='ltr'><strong>aperto</strong></span> <span class='ocrx_word' id='word_1_747' title='bbox 3105 3522 3563 3592; x_wconf 73' lang='lat' dir='ltr'><strong>prmdicaverunt;</strong></span> 
     </span>
    </p>
   </div>
   <div class='ocr_carea' id='block_1_97' title="bbox 1981 3611 3567 3685">
    <p class='ocr_par' dir='ltr' id='par_1_97' title="bbox 1981 3611 3567 3685">
     <span class='ocr_line' id='line_1_97' title="bbox 1981 3611 3567 3685; baseline 0.002 -19"><span class='ocrx_word' id='word_1_748' title='bbox 1981 3611 2055 3667; x_wconf 90' lang='lat' dir='ltr'><strong>ibi</strong></span> <span class='ocrx_word' id='word_1_749' title='bbox 2082 3611 2282 3666; x_wconf 87' lang='lat' dir='ltr'><strong>audivit</strong></span> <span class='ocrx_word' id='word_1_750' title='bbox 2308 3611 2496 3678; x_wconf 89' lang='lat' dir='ltr'><strong>David,</strong></span> <span class='ocrx_word' id='word_1_751' title='bbox 2529 3611 2619 3681; x_wconf 91' lang='lat' dir='ltr'><strong>qui</strong></span> <span class='ocrx_word' id='word_1_752' title='bbox 2645 3627 2766 3667; x_wconf 88' lang='lat' dir='ltr'><strong>cum</strong></span> <span class='ocrx_word' id='word_1_753' title='bbox 2791 3612 2980 3667; x_wconf 89' lang='lat' dir='ltr'><strong>ﬁducia</strong></span> <span class='ocrx_word' id='word_1_754' title='bbox 3024 3629 3215 3685; x_wconf 87' lang='lat' dir='ltr'><strong>magna</strong></span> <span class='ocrx_word' id='word_1_755' title='bbox 3245 3613 3392 3682; x_wconf 90' lang='lat' dir='ltr'><strong>dicit,</strong></span> <span class='ocrx_word' id='word_1_756' title='bbox 3418 3613 3567 3669; x_wconf 78' lang='lat' dir='ltr'><strong>Dixit</strong></span> 
     </span>
    </p>
   </div>
   <div class='ocr_carea' id='block_1_98' title="bbox 1981 3703 3560 3778">
    <p class='ocr_par' dir='ltr' id='par_1_98' title="bbox 1981 3703 3560 3778">
     <span class='ocr_line' id='line_1_98' title="bbox 1981 3703 3560 3778; baseline 0.002 -20"><span class='ocrx_word' id='word_1_757' title='bbox 1981 3703 2234 3760; x_wconf 88' lang='lat' dir='ltr'><strong>Dominus</strong></span> <span class='ocrx_word' id='word_1_758' title='bbox 2261 3703 2480 3759; x_wconf 89' lang='lat' dir='ltr'><strong>Domino</strong></span> <span class='ocrx_word' id='word_1_759' title='bbox 2503 3721 2633 3771; x_wconf 88' lang='lat' dir='ltr'><strong>meo,</strong></span> <span class='ocrx_word' id='word_1_760' title='bbox 2670 3703 2804 3759; x_wconf 83' lang='lat' dir='ltr'><strong>Sede</strong></span> <span class='ocrx_word' id='word_1_761' title='bbox 2825 3721 2858 3758; x_wconf 93' lang='lat' dir='ltr'><strong>a</strong></span> <span class='ocrx_word' id='word_1_762' title='bbox 2883 3704 3072 3760; x_wconf 71' lang='lat' dir='ltr'><strong>dextris</strong></span> <span class='ocrx_word' id='word_1_763' title='bbox 3112 3706 3253 3772; x_wconf 87' lang='lat' dir='ltr'><strong>meis,</strong></span> <span class='ocrx_word' id='word_1_764' title='bbox 3293 3707 3450 3760; x_wconf 87' lang='lat' dir='ltr'><strong>donec</strong></span> <span class='ocrx_word' id='word_1_765' title='bbox 3475 3723 3560 3778; x_wconf 79' lang='lat' dir='ltr'><strong>po-</strong></span> 
     </span>
    </p>
   </div>
   <div class='ocr_carea' id='block_1_99' title="bbox 1982 3798 3569 3869">
    <p class='ocr_par' dir='ltr' id='par_1_99' title="bbox 1982 3798 3569 3869">
     <span class='ocr_line' id='line_1_99' title="bbox 1982 3798 3569 3869; baseline 0.001 -17"><span class='ocrx_word' id='word_1_766' title='bbox 1982 3813 2101 3852; x_wconf 89' lang='lat' dir='ltr'><strong>nam</strong></span> <span class='ocrx_word' id='word_1_767' title='bbox 2141 3798 2372 3852; x_wconf 89' lang='lat' dir='ltr'><strong>inimicos</strong></span> <span class='ocrx_word' id='word_1_768' title='bbox 2416 3807 2528 3852; x_wconf 89' lang='lat' dir='ltr'><strong>tuos</strong></span> <span class='ocrx_word' id='word_1_769' title='bbox 2556 3799 2828 3853; x_wconf 74' lang='lat' dir='ltr'><strong>scabellstm</strong></span> <span class='ocrx_word' id='word_1_770' title='bbox 2854 3799 3038 3869; x_wconf 87' lang='lat' dir='ltr'><strong>pedum</strong></span> <span class='ocrx_word' id='word_1_771' title='bbox 3068 3808 3285 3852; x_wconf 87' lang='lat' dir='ltr'><strong>tuorum.</strong></span> <span class='ocrx_word' id='word_1_772' title='bbox 3312 3798 3569 3854; x_wconf 83' lang='lat' dir='ltr'><strong>Novimus</strong></span> 
     </span>
    </p>
   </div>
   <div class='ocr_carea' id='block_1_100' title="bbox 1981 3889 3570 3960">
    <p class='ocr_par' dir='ltr' id='par_1_100' title="bbox 1981 3889 3570 3960">
     <span class='ocr_line' id='line_1_100' title="bbox 1981 3889 3570 3960; baseline 0 -14"><span class='ocrx_word' id='word_1_773' title='bbox 1981 3890 2252 3946; x_wconf 88' lang='lat' dir='ltr'><strong>Christum</strong></span> <span class='ocrx_word' id='word_1_774' title='bbox 2275 3889 2463 3946; x_wconf 91' lang='lat' dir='ltr'><strong>sedere</strong></span> <span class='ocrx_word' id='word_1_775' title='bbox 2488 3889 2555 3946; x_wconf 89' lang='lat' dir='ltr'><strong>ad</strong></span> <span class='ocrx_word' id='word_1_776' title='bbox 2578 3889 2850 3945; x_wconf 81' lang='lat' dir='ltr'><strong>dexteram</strong></span> <span class='ocrx_word' id='word_1_777' title='bbox 2881 3891 3052 3946; x_wconf 89' lang='lat' dir='ltr'><strong>Patris</strong></span> <span class='ocrx_word' id='word_1_778' title='bbox 3078 3898 3198 3960; x_wconf 87' lang='lat' dir='ltr'><strong>post</strong></span> <span class='ocrx_word' id='word_1_779' title='bbox 3222 3892 3570 3946; x_wconf 87' lang='lat' dir='ltr'><strong>resurrectio-</strong></span> 
     </span>
    </p>
   </div>
   <div class='ocr_carea' id='block_1_101' title="bbox 1981 3982 3572 4050">
    <p class='ocr_par' dir='ltr' id='par_1_101' title="bbox 1981 3982 3572 4050">
     <span class='ocr_line' id='line_1_101' title="bbox 1981 3982 3572 4050; baseline 0.001 -12"><span class='ocrx_word' id='word_1_780' title='bbox 1981 3997 2106 4038; x_wconf 89' lang='lat' dir='ltr'><strong>nem</strong></span> <span class='ocrx_word' id='word_1_781' title='bbox 2140 3998 2170 4037; x_wconf 88' lang='lat' dir='ltr'><strong>a</strong></span> <span class='ocrx_word' id='word_1_782' title='bbox 2199 3982 2447 4050; x_wconf 91' lang='lat' dir='ltr'><strong>mortuis,</strong></span> <span class='ocrx_word' id='word_1_783' title='bbox 2482 3983 2608 4038; x_wconf 92' lang='lat' dir='ltr'><strong>etin</strong></span> <span class='ocrx_word' id='word_1_784' title='bbox 2631 3983 2795 4039; x_wconf 79' lang='lat' dir='ltr'><strong>caelos</strong></span> <span class='ocrx_word' id='word_1_785' title='bbox 2827 3985 3213 4040; x_wconf 87' lang='lat' dir='ltr'><strong>ascensionem.</strong></span> <span class='ocrx_word' id='word_1_786' title='bbox 3247 3983 3465 4040; x_wconf 88' lang='lat' dir='ltr'><strong>Factum</strong></span> <span class='ocrx_word' id='word_1_787' title='bbox 3486 3991 3572 4040; x_wconf 90' lang='lat' dir='ltr'><strong>est</strong></span> 
     </span>
    </p>
   </div>
   <div class='ocr_carea' id='block_1_102' title="bbox 1977 4076 3568 4149">
    <p class='ocr_par' dir='ltr' id='par_1_102' title="bbox 1977 4076 3568 4149">
     <span class='ocr_line' id='line_1_102' title="bbox 1977 4076 3568 4149; baseline 0.001 -17"><span class='ocrx_word' id='word_1_788' title='bbox 1977 4077 2121 4149; x_wconf 89' lang='lat' dir='ltr'><strong>jam;</strong></span> <span class='ocrx_word' id='word_1_789' title='bbox 2152 4092 2251 4133; x_wconf 90' lang='lat' dir='ltr'><strong>nec</strong></span> <span class='ocrx_word' id='word_1_790' title='bbox 2278 4077 2524 4141; x_wconf 90' lang='lat' dir='ltr'><strong>vidimus,</strong></span> <span class='ocrx_word' id='word_1_791' title='bbox 2549 4076 2644 4132; x_wconf 91' lang='lat' dir='ltr'><strong>sed</strong></span> <span class='ocrx_word' id='word_1_792' title='bbox 2664 4076 3021 4132; x_wconf 88' lang='lat' dir='ltr'><strong>credidimus:</strong></span> <span class='ocrx_word' id='word_1_793' title='bbox 3049 4078 3102 4132; x_wconf 92' lang='lat' dir='ltr'><strong>in</strong></span> <span class='ocrx_word' id='word_1_794' title='bbox 3122 4077 3295 4132; x_wconf 86' lang='lat' dir='ltr'><strong>Libris</strong></span> <span class='ocrx_word' id='word_1_795' title='bbox 3318 4077 3568 4149; x_wconf 85' lang='lat' dir='ltr'><strong>legimus,</strong></span> 
     </span>
    </p>
   </div>
   <div class='ocr_carea' id='block_1_103' title="bbox 1983 4167 3571 4242">
    <p class='ocr_par' dir='ltr' id='par_1_103' title="bbox 1983 4167 3571 4242">
     <span class='ocr_line' id='line_1_103' title="bbox 1983 4167 3571 4242; baseline 0.001 -18"><span class='ocrx_word' id='word_1_796' title='bbox 1983 4169 2325 4239; x_wconf 68' lang='lat' dir='ltr'><strong>praedicatum</strong></span> <span class='ocrx_word' id='word_1_797' title='bbox 2343 4169 2660 4232; x_wconf 89' lang='lat' dir='ltr'><strong>audivimus,</strong></span> <span class='ocrx_word' id='word_1_798' title='bbox 2681 4167 2783 4223; x_wconf 90' lang='lat' dir='ltr'><strong>ﬁde</strong></span> <span class='ocrx_word' id='word_1_799' title='bbox 2797 4171 3109 4224; x_wconf 89' lang='lat' dir='ltr'><strong>retinemus.</strong></span> <span class='ocrx_word' id='word_1_800' title='bbox 3129 4169 3280 4225; x_wconf 90' lang='lat' dir='ltr'><strong>Unde</strong></span> <span class='ocrx_word' id='word_1_801' title='bbox 3292 4179 3346 4224; x_wconf 91' lang='lat' dir='ltr'><strong>et</strong></span> <span class='ocrx_word' id='word_1_802' title='bbox 3366 4186 3431 4225; x_wconf 93' lang='lat' dir='ltr'><strong>eo</strong></span> <span class='ocrx_word' id='word_1_803' title='bbox 3452 4169 3571 4242; x_wconf 89' lang='lat' dir='ltr'><strong>ipso</strong></span> 
     </span>
    </p>
   </div>
   <div class='ocr_carea' id='block_1_104' title="bbox 1983 4259 3570 4332">
    <p class='ocr_par' dir='ltr' id='par_1_104' title="bbox 1983 4259 3570 4332">
     <span class='ocr_line' id='line_1_104' title="bbox 1983 4259 3570 4332; baseline 0.001 -17"><span class='ocrx_word' id='word_1_804' title='bbox 1983 4261 2124 4332; x_wconf 90' lang='lat' dir='ltr'><strong>quod</strong></span> <span class='ocrx_word' id='word_1_805' title='bbox 2141 4269 2254 4316; x_wconf 89' lang='lat' dir='ltr'><strong>erat</strong></span> <span class='ocrx_word' id='word_1_806' title='bbox 2281 4261 2418 4316; x_wconf 90' lang='lat' dir='ltr'><strong>ﬁlius</strong></span> <span class='ocrx_word' id='word_1_807' title='bbox 2435 4260 2600 4316; x_wconf 86' lang='lat' dir='ltr'><strong>David</strong></span> <span class='ocrx_word' id='word_1_808' title='bbox 2621 4260 2884 4328; x_wconf 84' lang='lat' dir='ltr'><strong>Christus,</strong></span> <span class='ocrx_word' id='word_1_809' title='bbox 2905 4259 3076 4316; x_wconf 79' lang='lat' dir='ltr'><strong>factus</strong></span> <span class='ocrx_word' id='word_1_810' title='bbox 3091 4271 3172 4316; x_wconf 90' lang='lat' dir='ltr'><strong>est</strong></span> <span class='ocrx_word' id='word_1_811' title='bbox 3187 4261 3441 4317; x_wconf 89' lang='lat' dir='ltr'><strong>Dominus</strong></span> <span class='ocrx_word' id='word_1_812' title='bbox 3465 4263 3570 4318; x_wconf 88' lang='lat' dir='ltr'><strong>Da-</strong></span> 
     </span>
    </p>
   </div>
   <div class='ocr_carea' id='block_1_105' title="bbox 1983 4354 3574 4426">
    <p class='ocr_par' dir='ltr' id='par_1_105' title="bbox 1983 4354 3574 4426">
     <span class='ocr_line' id='line_1_105' title="bbox 1983 4354 3574 4426; baseline 0 -15"><span class='ocrx_word' id='word_1_813' title='bbox 1983 4354 2092 4411; x_wconf 85' lang='lat' dir='ltr'><strong>vid.</strong></span> <span class='ocrx_word' id='word_1_814' title='bbox 2110 4354 2243 4410; x_wconf 92' lang='lat' dir='ltr'><strong>Illud</strong></span> <span class='ocrx_word' id='word_1_815' title='bbox 2258 4355 2398 4411; x_wconf 91' lang='lat' dir='ltr'><strong>enim</strong></span> <span class='ocrx_word' id='word_1_816' title='bbox 2415 4355 2554 4426; x_wconf 89' lang='lat' dir='ltr'><strong>quod</strong></span> <span class='ocrx_word' id='word_1_817' title='bbox 2571 4363 2751 4410; x_wconf 90' lang='lat' dir='ltr'><strong>natum</strong></span> <span class='ocrx_word' id='word_1_818' title='bbox 2768 4363 2935 4410; x_wconf 81' lang='lat' dir='ltr'><strong>estex</strong></span> <span class='ocrx_word' id='word_1_819' title='bbox 2954 4355 3156 4410; x_wconf 91' lang='lat' dir='ltr'><strong>semine</strong></span> <span class='ocrx_word' id='word_1_820' title='bbox 3175 4356 3359 4424; x_wconf 88' lang='lat' dir='ltr'><strong>David,</strong></span> <span class='ocrx_word' id='word_1_821' title='bbox 3379 4358 3450 4411; x_wconf 87' lang='lat' dir='ltr'><strong>ita</strong></span> <span class='ocrx_word' id='word_1_822' title='bbox 3474 4354 3574 4412; x_wconf 76' lang='lat' dir='ltr'><strong>ho-</strong></span> 
     </span>
    </p>
   </div>
   <div class='ocr_carea' id='block_1_106' title="bbox 1984 4446 3570 4512">
    <p class='ocr_par' dir='ltr' id='par_1_106' title="bbox 1984 4446 3570 4512">
     <span class='ocr_line' id='line_1_106' title="bbox 1984 4446 3570 4512; baseline 0.003 -10"><span class='ocrx_word' id='word_1_823' title='bbox 1984 4456 2230 4503; x_wconf 90' lang='lat' dir='ltr'><strong>noratum</strong></span> <span class='ocrx_word' id='word_1_824' title='bbox 2259 4457 2371 4512; x_wconf 92' lang='lat' dir='ltr'><strong>est,</strong></span> <span class='ocrx_word' id='word_1_825' title='bbox 2402 4455 2459 4501; x_wconf 93' lang='lat' dir='ltr'><strong>ut</strong></span> <span class='ocrx_word' id='word_1_826' title='bbox 2486 4459 2630 4502; x_wconf 91' lang='lat' dir='ltr'><strong>esset</strong></span> <span class='ocrx_word' id='word_1_827' title='bbox 2653 4457 2707 4502; x_wconf 90' lang='lat' dir='ltr'><strong>et</strong></span> <span class='ocrx_word' id='word_1_828' title='bbox 2734 4447 2991 4502; x_wconf 90' lang='lat' dir='ltr'><strong>Dominus</strong></span> <span class='ocrx_word' id='word_1_829' title='bbox 3017 4446 3199 4503; x_wconf 89' lang='lat' dir='ltr'><strong>David.</strong></span> <span class='ocrx_word' id='word_1_830' title='bbox 3229 4447 3305 4503; x_wconf 90' lang='lat' dir='ltr'><strong>Ita</strong></span> <span class='ocrx_word' id='word_1_831' title='bbox 3333 4447 3570 4506; x_wconf 89' lang='lat' dir='ltr'><strong>admira-</strong></span> 
     </span>
    </p>
   </div>
   <div class='ocr_carea' id='block_1_107' title="bbox 1983 4539 3572 4612">
    <p class='ocr_par' dir='ltr' id='par_1_107' title="bbox 1983 4539 3572 4612">
     <span class='ocr_line' id='line_1_107' title="bbox 1983 4539 3572 4612; baseline 0.003 -17"><span class='ocrx_word' id='word_1_832' title='bbox 1983 4539 2058 4595; x_wconf 91' lang='lat' dir='ltr'><strong>ris</strong></span> <span class='ocrx_word' id='word_1_833' title='bbox 2084 4539 2214 4606; x_wconf 89' lang='lat' dir='ltr'><strong>hoc,</strong></span> <span class='ocrx_word' id='word_1_834' title='bbox 2247 4540 2400 4612; x_wconf 88' lang='lat' dir='ltr'><strong>quasi</strong></span> <span class='ocrx_word' id='word_1_835' title='bbox 2435 4548 2489 4595; x_wconf 90' lang='lat' dir='ltr'><strong>et</strong></span> <span class='ocrx_word' id='word_1_836' title='bbox 2516 4539 2570 4596; x_wconf 92' lang='lat' dir='ltr'><strong>in</strong></span> <span class='ocrx_word' id='word_1_837' title='bbox 2599 4540 2758 4596; x_wconf 90' lang='lat' dir='ltr'><strong>rebus</strong></span> <span class='ocrx_word' id='word_1_838' title='bbox 2788 4539 3033 4596; x_wconf 91' lang='lat' dir='ltr'><strong>humanis</strong></span> <span class='ocrx_word' id='word_1_839' title='bbox 3056 4542 3156 4597; x_wconf 90' lang='lat' dir='ltr'><strong>ista</strong></span> <span class='ocrx_word' id='word_1_840' title='bbox 3185 4559 3292 4598; x_wconf 89' lang='lat' dir='ltr'><strong>non</strong></span> <span class='ocrx_word' id='word_1_841' title='bbox 3323 4543 3472 4599; x_wconf 89' lang='lat' dir='ltr'><strong>ﬁant.</strong></span> <span class='ocrx_word' id='word_1_842' title='bbox 3512 4543 3572 4601; x_wconf 88' lang='lat' dir='ltr'><strong>Si</strong></span> 
     </span>
    </p>
   </div>
   <div class='ocr_carea' id='block_1_108' title="bbox 1984 4632 3574 4708">
    <p class='ocr_par' dir='ltr' id='par_1_108' title="bbox 1984 4632 3574 4708">
     <span class='ocr_line' id='line_1_108' title="bbox 1984 4632 3574 4708; baseline 0.003 -19"><span class='ocrx_word' id='word_1_843' title='bbox 1984 4634 2127 4689; x_wconf 89' lang='lat' dir='ltr'><strong>enim</strong></span> <span class='ocrx_word' id='word_1_844' title='bbox 2155 4634 2427 4705; x_wconf 88' lang='lat' dir='ltr'><strong>contingat</strong></span> <span class='ocrx_word' id='word_1_845' title='bbox 2470 4633 2632 4688; x_wconf 89' lang='lat' dir='ltr'><strong>ﬁlium</strong></span> <span class='ocrx_word' id='word_1_846' title='bbox 2678 4632 2988 4704; x_wconf 86' lang='lat' dir='ltr'><strong>cujusquam</strong></span> <span class='ocrx_word' id='word_1_847' title='bbox 3033 4650 3212 4706; x_wconf 87' lang='lat' dir='ltr'><strong>regem</strong></span> <span class='ocrx_word' id='word_1_848' title='bbox 3260 4634 3374 4692; x_wconf 92' lang='lat' dir='ltr'><strong>ﬁeri</strong></span> <span class='ocrx_word' id='word_1_849' title='bbox 3417 4644 3574 4708; x_wconf 85' lang='lat' dir='ltr'><strong>patre</strong></span> 
     </span>
    </p>
   </div>
   <div class='ocr_carea' id='block_1_109' title="bbox 1985 4725 3574 4798">
    <p class='ocr_par' dir='ltr' id='par_1_109' title="bbox 1985 4725 3574 4798">
     <span class='ocr_line' id='line_1_109' title="bbox 1985 4725 3574 4798; baseline 0.003 -16"><span class='ocrx_word' id='word_1_850' title='bbox 1985 4730 2212 4798; x_wconf 88' lang='lat' dir='ltr'><strong>privato,</strong></span> <span class='ocrx_word' id='word_1_851' title='bbox 2238 4741 2415 4781; x_wconf 88' lang='lat' dir='ltr'><strong>nonne</strong></span> <span class='ocrx_word' id='word_1_852' title='bbox 2443 4727 2546 4780; x_wconf 89' lang='lat' dir='ltr'><strong>erit</strong></span> <span class='ocrx_word' id='word_1_853' title='bbox 2572 4725 2820 4780; x_wconf 88' lang='lat' dir='ltr'><strong>dominus</strong></span> <span class='ocrx_word' id='word_1_854' title='bbox 2848 4727 3058 4796; x_wconf 86' lang='lat' dir='ltr'><strong>patris?</strong></span> <span class='ocrx_word' id='word_1_855' title='bbox 3084 4726 3461 4784; x_wconf 85' lang='lat' dir='ltr'><strong>Admirabilius</strong></span> <span class='ocrx_word' id='word_1_856' title='bbox 3490 4736 3574 4786; x_wconf 89' lang='lat' dir='ltr'><strong>est</strong></span> 
     </span>
    </p>
   </div>
   <div class='ocr_carea' id='block_1_110' title="bbox 1984 4818 3574 4891">
    <p class='ocr_par' dir='ltr' id='par_1_110' title="bbox 1984 4818 3574 4891">
     <span class='ocr_line' id='line_1_110' title="bbox 1984 4818 3574 4891; baseline -0.001 -16"><span class='ocrx_word' id='word_1_857' title='bbox 1984 4819 2126 4891; x_wconf 89' lang='lat' dir='ltr'><strong>quod</strong></span> <span class='ocrx_word' id='word_1_858' title='bbox 2155 4828 2328 4890; x_wconf 90' lang='lat' dir='ltr'><strong>potest</strong></span> <span class='ocrx_word' id='word_1_859' title='bbox 2351 4818 2660 4889; x_wconf 87' lang='lat' dir='ltr'><strong>contingere</strong></span> <span class='ocrx_word' id='word_1_860' title='bbox 2678 4861 2693 4886; x_wconf 92' lang='lat'><strong>,</strong></span> <span class='ocrx_word' id='word_1_861' title='bbox 2721 4831 2777 4872; x_wconf 92' lang='lat' dir='ltr'><strong>ut</strong></span> <span class='ocrx_word' id='word_1_862' title='bbox 2803 4833 2909 4884; x_wconf 83' lang='lat' dir='ltr'><strong>non</strong></span> <span class='ocrx_word' id='word_1_863' title='bbox 2940 4819 3110 4874; x_wconf 90' lang='lat' dir='ltr'><strong>solum</strong></span> <span class='ocrx_word' id='word_1_864' title='bbox 3139 4835 3229 4874; x_wconf 76' lang='lat' dir='ltr'><strong>rex</strong></span> <span class='ocrx_word' id='word_1_865' title='bbox 3260 4818 3432 4874; x_wconf 80' lang='lat' dir='ltr'><strong>factus</strong></span> <span class='ocrx_word' id='word_1_866' title='bbox 3459 4821 3574 4890; x_wconf 86' lang='lat' dir='ltr'><strong>pri-</strong></span> 
     </span>
    </p>
   </div>
   <div class='ocr_carea' id='block_1_111' title="bbox 1985 4911 3571 4983">
    <p class='ocr_par' dir='ltr' id='par_1_111' title="bbox 1985 4911 3571 4983">
     <span class='ocr_line' id='line_1_111' title="bbox 1985 4911 3571 4983; baseline 0 -14"><span class='ocrx_word' id='word_1_867' title='bbox 1985 4915 2092 4970; x_wconf 90' lang='lat' dir='ltr'><strong>vati</strong></span> <span class='ocrx_word' id='word_1_868' title='bbox 2137 4913 2298 4978; x_wconf 90' lang='lat' dir='ltr'><strong>ﬁlius,</strong></span> <span class='ocrx_word' id='word_1_869' title='bbox 2352 4912 2599 4968; x_wconf 88' lang='lat' dir='ltr'><strong>dominus</strong></span> <span class='ocrx_word' id='word_1_870' title='bbox 2643 4912 2713 4966; x_wconf 90' lang='lat' dir='ltr'><strong>sit</strong></span> <span class='ocrx_word' id='word_1_871' title='bbox 2759 4913 2924 4983; x_wconf 87' lang='lat' dir='ltr'><strong>patris</strong></span> <span class='ocrx_word' id='word_1_872' title='bbox 2967 4912 3087 4978; x_wconf 90' lang='lat' dir='ltr'><strong>sui;</strong></span> <span class='ocrx_word' id='word_1_873' title='bbox 3145 4911 3237 4968; x_wconf 91' lang='lat' dir='ltr'><strong>sed</strong></span> <span class='ocrx_word' id='word_1_874' title='bbox 3287 4912 3571 4983; x_wconf 82' lang='lat' dir='ltr'><strong>episcopus</strong></span> 
     </span>
    </p>
   </div>
   <div class='ocr_carea' id='block_1_112' title="bbox 1986 5004 3572 5076">
    <p class='ocr_par' dir='ltr' id='par_1_112' title="bbox 1986 5004 3572 5076">
     <span class='ocr_line' id='line_1_112' title="bbox 1986 5004 3572 5076; baseline -0.001 -14"><span class='ocrx_word' id='word_1_875' title='bbox 1986 5007 2156 5062; x_wconf 80' lang='lat' dir='ltr'><strong>factus</strong></span> <span class='ocrx_word' id='word_1_876' title='bbox 2182 5006 2300 5061; x_wconf 89' lang='lat' dir='ltr'><strong>laici</strong></span> <span class='ocrx_word' id='word_1_877' title='bbox 2327 5004 2486 5072; x_wconf 90' lang='lat' dir='ltr'><strong>ﬁlius,</strong></span> <span class='ocrx_word' id='word_1_878' title='bbox 2518 5005 2586 5059; x_wconf 93' lang='lat' dir='ltr'><strong>sit</strong></span> <span class='ocrx_word' id='word_1_879' title='bbox 2616 5013 2767 5074; x_wconf 89' lang='lat' dir='ltr'><strong>pater</strong></span> <span class='ocrx_word' id='word_1_880' title='bbox 2797 5005 2962 5076; x_wconf 89' lang='lat' dir='ltr'><strong>patris</strong></span> <span class='ocrx_word' id='word_1_881' title='bbox 2987 5005 3088 5059; x_wconf 89' lang='lat' dir='ltr'><strong>sui.</strong></span> <span class='ocrx_word' id='word_1_882' title='bbox 3119 5005 3261 5076; x_wconf 84' lang='lat' dir='ltr'><strong>Ergo</strong></span> <span class='ocrx_word' id='word_1_883' title='bbox 3280 5015 3335 5061; x_wconf 91' lang='lat' dir='ltr'><strong>et</strong></span> <span class='ocrx_word' id='word_1_884' title='bbox 3361 5021 3427 5062; x_wconf 90' lang='lat' dir='ltr'><strong>eo</strong></span> <span class='ocrx_word' id='word_1_885' title='bbox 3452 5005 3572 5076; x_wconf 86' lang='lat' dir='ltr'><strong>ipso</strong></span> 
     </span>
    </p>
   </div>
   <div class='ocr_carea' id='block_1_113' title="bbox 1985 5096 3572 5171">
    <p class='ocr_par' dir='ltr' id='par_1_113' title="bbox 1985 5096 3572 5171">
     <span class='ocr_line' id='line_1_113' title="bbox 1985 5096 3572 5171; baseline 0.001 -18"><span class='ocrx_word' id='word_1_886' title='bbox 1985 5098 2127 5171; x_wconf 91' lang='lat' dir='ltr'><strong>quod</strong></span> <span class='ocrx_word' id='word_1_887' title='bbox 2157 5113 2371 5154; x_wconf 90' lang='lat' dir='ltr'><strong>carnem</strong></span> <span class='ocrx_word' id='word_1_888' title='bbox 2414 5096 2618 5168; x_wconf 90' lang='lat' dir='ltr'><strong>accepit</strong></span> <span class='ocrx_word' id='word_1_889' title='bbox 2644 5097 2918 5161; x_wconf 89' lang='lat' dir='ltr'><strong>Christus,</strong></span> <span class='ocrx_word' id='word_1_890' title='bbox 2951 5096 3090 5168; x_wconf 92' lang='lat' dir='ltr'><strong>quod</strong></span> <span class='ocrx_word' id='word_1_891' title='bbox 3135 5097 3186 5152; x_wconf 92' lang='lat' dir='ltr'><strong>in</strong></span> <span class='ocrx_word' id='word_1_892' title='bbox 3227 5112 3386 5152; x_wconf 88' lang='lat' dir='ltr'><strong>carne</strong></span> <span class='ocrx_word' id='word_1_893' title='bbox 3419 5113 3572 5154; x_wconf 84' lang='lat' dir='ltr'><strong>mor-</strong></span> 
     </span>
    </p>
   </div>
   <div class='ocr_carea' id='block_1_114' title="bbox 1986 5189 3572 5262">
    <p class='ocr_par' dir='ltr' id='par_1_114' title="bbox 1986 5189 3572 5262">
     <span class='ocr_line' id='line_1_114' title="bbox 1986 5189 3572 5262; baseline 0.001 -14"><span class='ocrx_word' id='word_1_894' title='bbox 1986 5201 2109 5248; x_wconf 93' lang='lat' dir='ltr'><strong>tuus</strong></span> <span class='ocrx_word' id='word_1_895' title='bbox 2136 5200 2252 5260; x_wconf 90' lang='lat' dir='ltr'><strong>est,</strong></span> <span class='ocrx_word' id='word_1_896' title='bbox 2287 5190 2428 5262; x_wconf 91' lang='lat' dir='ltr'><strong>quod</strong></span> <span class='ocrx_word' id='word_1_897' title='bbox 2469 5190 2520 5244; x_wconf 93' lang='lat' dir='ltr'><strong>in</strong></span> <span class='ocrx_word' id='word_1_898' title='bbox 2566 5189 2753 5247; x_wconf 88' lang='lat' dir='ltr'><strong>eadem</strong></span> <span class='ocrx_word' id='word_1_899' title='bbox 2794 5206 2955 5246; x_wconf 90' lang='lat' dir='ltr'><strong>carne</strong></span> <span class='ocrx_word' id='word_1_900' title='bbox 2995 5189 3316 5257; x_wconf 76' lang='lat' dir='ltr'><strong>resurrexit,</strong></span> <span class='ocrx_word' id='word_1_901' title='bbox 3347 5190 3490 5262; x_wconf 90' lang='lat' dir='ltr'><strong>quod</strong></span> <span class='ocrx_word' id='word_1_902' title='bbox 3517 5192 3572 5250; x_wconf 89' lang='lat' dir='ltr'><strong>in</strong></span> 
     </span>
    </p>
   </div>
   <div class='ocr_carea' id='block_1_115' title="bbox 1985 5285 3572 5355">
    <p class='ocr_par' dir='ltr' id='par_1_115' title="bbox 1985 5285 3572 5355">
     <span class='ocr_line' id='line_1_115' title="bbox 1985 5285 3572 5355; baseline -0.003 -9"><span class='ocrx_word' id='word_1_903' title='bbox 1985 5288 2171 5346; x_wconf 90' lang='lat' dir='ltr'><strong>eadem</strong></span> <span class='ocrx_word' id='word_1_904' title='bbox 2192 5287 2434 5345; x_wconf 90' lang='lat' dir='ltr'><strong>ascendit</strong></span> <span class='ocrx_word' id='word_1_905' title='bbox 2458 5288 2512 5342; x_wconf 92' lang='lat' dir='ltr'><strong>in</strong></span> <span class='ocrx_word' id='word_1_906' title='bbox 2531 5288 2726 5344; x_wconf 65' lang='lat' dir='ltr'><strong>coelum</strong></span> <span class='ocrx_word' id='word_1_907' title='bbox 2747 5297 2802 5344; x_wconf 90' lang='lat' dir='ltr'><strong>et</strong></span> <span class='ocrx_word' id='word_1_908' title='bbox 2819 5287 2973 5344; x_wconf 92' lang='lat' dir='ltr'><strong>sedet</strong></span> <span class='ocrx_word' id='word_1_909' title='bbox 2991 5287 3057 5342; x_wconf 91' lang='lat' dir='ltr'><strong>ad</strong></span> <span class='ocrx_word' id='word_1_910' title='bbox 3080 5287 3352 5343; x_wconf 79' lang='lat' dir='ltr'><strong>dexteram</strong></span> <span class='ocrx_word' id='word_1_911' title='bbox 3376 5285 3572 5355; x_wconf 87' lang='lat' dir='ltr'><strong>Patris,</strong></span> 
     </span>
    </p>
   </div>
   <div class='ocr_carea' id='block_1_116' title="bbox 1985 5378 3572 5452">
    <p class='ocr_par' dir='ltr' id='par_1_116' title="bbox 1985 5378 3572 5452">
     <span class='ocr_line' id='line_1_116' title="bbox 1985 5378 3572 5452; baseline -0.003 -15"><span class='ocrx_word' id='word_1_912' title='bbox 1985 5391 2040 5438; x_wconf 88' lang='lat' dir='ltr'><strong>et</strong></span> <span class='ocrx_word' id='word_1_913' title='bbox 2069 5383 2120 5437; x_wconf 92' lang='lat' dir='ltr'><strong>in</strong></span> <span class='ocrx_word' id='word_1_914' title='bbox 2149 5381 2336 5438; x_wconf 90' lang='lat' dir='ltr'><strong>eadem</strong></span> <span class='ocrx_word' id='word_1_915' title='bbox 2371 5381 2486 5452; x_wconf 89' lang='lat' dir='ltr'><strong>ipsa</strong></span> <span class='ocrx_word' id='word_1_916' title='bbox 2524 5397 2685 5437; x_wconf 91' lang='lat' dir='ltr'><strong>carne</strong></span> <span class='ocrx_word' id='word_1_917' title='bbox 2713 5381 2794 5437; x_wconf 90' lang='lat' dir='ltr'><strong>sic</strong></span> <span class='ocrx_word' id='word_1_918' title='bbox 2829 5380 3088 5435; x_wconf 89' lang='lat' dir='ltr'><strong>honorata</strong></span> <span class='ocrx_word' id='word_1_919' title='bbox 3108 5420 3124 5448; x_wconf 95' lang='lat'><strong>,</strong></span> <span class='ocrx_word' id='word_1_920' title='bbox 3155 5380 3233 5434; x_wconf 90' lang='lat' dir='ltr'><strong>sic</strong></span> <span class='ocrx_word' id='word_1_921' title='bbox 3259 5378 3572 5448; x_wconf 84' lang='lat' dir='ltr'><strong>clariﬁeata,</strong></span> 
     </span>
    </p>
   </div>
   <div class='ocr_carea' id='block_1_117' title="bbox 1986 5471 3574 5540">
    <p class='ocr_par' dir='ltr' id='par_1_117' title="bbox 1986 5471 3574 5540">
     <span class='ocr_line' id='line_1_117' title="bbox 1986 5471 3574 5540; baseline -0.004 -8"><span class='ocrx_word' id='word_1_922' title='bbox 1986 5475 2138 5532; x_wconf 87' lang='lat' dir='ltr'><strong>sicin</strong></span> <span class='ocrx_word' id='word_1_923' title='bbox 2171 5475 2446 5530; x_wconf 80' lang='lat' dir='ltr'><strong>caelestem</strong></span> <span class='ocrx_word' id='word_1_924' title='bbox 2474 5473 2713 5529; x_wconf 90' lang='lat' dir='ltr'><strong>habitum</strong></span> <span class='ocrx_word' id='word_1_925' title='bbox 2740 5479 3088 5540; x_wconf 85' lang='lat' dir='ltr'><strong>commutata,</strong></span> <span class='ocrx_word' id='word_1_926' title='bbox 3112 5481 3166 5527; x_wconf 89' lang='lat' dir='ltr'><strong>et</strong></span> <span class='ocrx_word' id='word_1_927' title='bbox 3194 5471 3333 5526; x_wconf 91' lang='lat' dir='ltr'><strong>ﬁlius</strong></span> <span class='ocrx_word' id='word_1_928' title='bbox 3361 5479 3443 5526; x_wconf 89' lang='lat' dir='ltr'><strong>est</strong></span> <span class='ocrx_word' id='word_1_929' title='bbox 3468 5471 3574 5526; x_wconf 83' lang='lat' dir='ltr'><strong>Da-</strong></span> 
     </span>
    </p>
   </div>
   <div class='ocr_carea' id='block_1_118' title="bbox 1987 5563 3572 5634">
    <p class='ocr_par' dir='ltr' id='par_1_118' title="bbox 1987 5563 3572 5634">
     <span class='ocr_line' id='line_1_118' title="bbox 1987 5563 3572 5634; baseline -0.004 -10"><span class='ocrx_word' id='word_1_930' title='bbox 1987 5567 2111 5634; x_wconf 89' lang='lat' dir='ltr'><strong>vid,</strong></span> <span class='ocrx_word' id='word_1_931' title='bbox 2143 5577 2196 5623; x_wconf 88' lang='lat' dir='ltr'><strong>et</strong></span> <span class='ocrx_word' id='word_1_932' title='bbox 2233 5568 2486 5623; x_wconf 90' lang='lat' dir='ltr'><strong>Dominus</strong></span> <span class='ocrx_word' id='word_1_933' title='bbox 2532 5575 2615 5622; x_wconf 89' lang='lat' dir='ltr'><strong>est</strong></span> <span class='ocrx_word' id='word_1_934' title='bbox 2661 5567 2846 5621; x_wconf 90' lang='lat' dir='ltr'><strong>David.</strong></span> <span class='ocrx_word' id='word_1_935' title='bbox 2899 5563 3203 5621; x_wconf 85' lang='lat' dir='ltr'><strong>Secundum</strong></span> <span class='ocrx_word' id='word_1_936' title='bbox 3247 5563 3386 5621; x_wconf 89' lang='lat' dir='ltr'><strong>hanc</strong></span> <span class='ocrx_word' id='word_1_937' title='bbox 3427 5563 3572 5620; x_wconf 91' lang='lat' dir='ltr'><strong>enim</strong></span> 
     </span>
    </p>
   </div>
   <div class='ocr_carea' id='block_1_119' title="bbox 1987 5656 3577 5734">
    <p class='ocr_par' dir='ltr' id='par_1_119' title="bbox 1987 5656 3577 5734">
     <span class='ocr_line' id='line_1_119' title="bbox 1987 5656 3577 5734; baseline -0.004 -15"><span class='ocrx_word' id='word_1_938' title='bbox 1987 5661 2439 5734; x_wconf 89' lang='lat' dir='ltr'><strong>dispensationem</strong></span> <span class='ocrx_word' id='word_1_939' title='bbox 2487 5661 2740 5718; x_wconf 84' lang='lat' dir='ltr'><strong>transitus</strong></span> <span class='ocrx_word' id='word_1_940' title='bbox 2781 5662 2798 5693; x_wconf 83' lang='grc'>¹</span> <span class='ocrx_word' id='word_1_941' title='bbox 2843 5657 3074 5728; x_wconf 88' lang='lat' dir='ltr'><strong>Christi,</strong></span> <span class='ocrx_word' id='word_1_942' title='bbox 3120 5661 3281 5717; x_wconf 89' lang='lat' dir='ltr'><strong>etiam</strong></span> <span class='ocrx_word' id='word_1_943' title='bbox 3334 5657 3464 5716; x_wconf 91' lang='lat' dir='ltr'><strong>illud</strong></span> <span class='ocrx_word' id='word_1_944' title='bbox 3505 5656 3577 5712; x_wconf 88' lang='lat' dir='ltr'><strong>ab</strong></span> 
     </span>
    </p>
   </div>
   <div class='ocr_carea' id='block_1_120' title="bbox 2056 5863 2765 5935">
    <p class='ocr_par' dir='ltr' id='par_1_120' title="bbox 2056 5863 2765 5935">
     <span class='ocr_line' id='line_1_120' title="bbox 2056 5863 2765 5935; baseline -0.006 -13"><span class='ocrx_word' id='word_1_945' title='bbox 2056 5869 2078 5910; x_wconf 75' lang='grc'><em>³</em></span> <span class='ocrx_word' id='word_1_946' title='bbox 2109 5869 2295 5935; x_wconf 78' lang='lat' dir='ltr'><strong>Aliquot</strong></span> <span class='ocrx_word' id='word_1_947' title='bbox 2315 5873 2421 5919; x_wconf 75' lang='lat' dir='ltr'><strong>Mss.</strong></span> <span class='ocrx_word' id='word_1_948' title='bbox 2463 5863 2765 5919; x_wconf 70' lang='lat' dir='ltr'><strong>transiliam.</strong></span> 
     </span>
    </p>
   </div>
   <div class='ocr_carea' id='block_1_121' title="bbox 2867 5933 3440 6040">
    <p class='ocr_par' dir='ltr' id='par_1_121' title="bbox 2867 5933 3440 6040">
     <span class='ocr_line' id='line_1_121' title="bbox 2867 5933 3440 6040; baseline 0 -28"><span class='ocrx_word' id='word_1_949' title='bbox 2867 5933 3440 6040; x_wconf 46' lang='lat' dir='ltr'><strong>(Quartint’é-six&#39;.)</strong></span> 
     </span>
    </p>
   </div>
  </div>
