4070 6472
487 416 510 472 Ι
520 411 618 472 451

485 524 742 599 Apostolo
768 521 997 578 dicitur:
1030 516 1254 584 Propter
1277 509 1414 585 quod
1444 508 1590 564 illum
1615 506 1849 562 exultavit
1879 522 1908 557 a
1938 519 2072 557 mor-

485 621 605 681 tuis,
636 626 683 672 et
709 615 913 671 donavit
938 612 1014 666 illi
1042 624 1222 664 nomen
1250 605 1384 678 quod
1412 614 1482 658 est
1508 618 1660 671 super
1687 615 1833 672 omne
1857 612 2072 661 nomen;

486 723 544 768 ut
569 714 621 767 in
650 709 849 765 nomine
877 705 1000 761 Jesu
1026 718 1172 758 omne
1194 716 1322 770 genu
1343 699 1607 774 ﬂectatur,
1637 693 1906 748 caelestium
1926 731 1940 756 ,
1975 699 2074 744 ter-

489 804 724 860 restrium
750 810 796 856 et
819 800 1132 870 infernarum
1161 792 1179 864 (
1203 790 1438 861 Philipp.
1468 804 1544 854 ιι,
1571 785 1604 842 9
1626 829 1640 854 ,
1670 785 1801 856 10).
1830 782 2072 847 Donavit,

499 898 690 967 inquit,
721 891 766 948 ei
795 907 972 947 nomen
999 885 1132 960 quod
1161 895 1232 940 est
1258 901 1409 954 super
1436 897 1581 937 omne
1617 896 1792 934 nomen
1818 893 1836 932 :
1863 875 2074 931 Christo

495 986 788 1045 secundum
817 982 1109 1044 hominem,
1132 976 1347 1033 Christo
1372 973 1661 1030 secundum
1688 985 1903 1026 carnem
1932 982 2076 1022 mor-

493 1092 603 1142 tuo,
633 1073 936 1145 resurgenli
955 1113 971 1136 ,
1001 1067 1311 1126 ascendenti
1338 1108 1352 1132 ,
1381 1065 1584 1119 donavit
1625 1078 1804 1116 nomen
1844 1057 1978 1130 quod
2003 1065 2076 1111 est

491 1187 642 1240 super
669 1183 815 1223 omne
844 1180 1022 1220 nomen
1045 1180 1064 1229 ;
1105 1170 1156 1214 ut
1194 1161 1247 1213 in
1286 1157 1486 1212 nomine
1508 1154 1631 1209 Jesu
1662 1169 1806 1207 omne
1834 1167 1961 1223 genu
1985 1151 2077 1219 [le-

491 1271 677 1328 ctatur,
705 1258 978 1314 crelestium
1001 1297 1016 1321 ,
1048 1253 1353 1308 terrestrium
1391 1257 1435 1303 et
1483 1247 1817 1316 infernarum.
1847 1242 1945 1298 Ubi
1973 1243 2076 1296 erit

495 1351 656 1408 David
676 1393 691 1418 ,
721 1359 908 1404 utnon
936 1347 983 1402 ei
1025 1345 1091 1401 sit
1120 1339 1418 1398 Dominus?
1462 1337 1517 1393 In
1547 1337 1685 1391 cmlo
1716 1335 1816 1395 sit.
1852 1335 1901 1414 in
1938 1342 2075 1387 terra

491 1446 580 1509 sit,
612 1445 665 1498 in
708 1442 914 1497 inferno
946 1439 1051 1502 sit;
1088 1434 1347 1490 Dominus
1375 1430 1490 1504 ejus
1521 1429 1621 1485 erit
1656 1427 1745 1498 qui
1777 1435 1858 1480 est
1889 1411 2072 1478 Domi-

496 1554 595 1594 nus
625 1535 918 1593 caelestium
941 1573 956 1597 ,
990 1529 1323 1586 terrestrium
1364 1535 1417 1580 et
1447 1523 1796 1578 infernarum.
1839 1518 2077 1573 Gaudeat

492 1645 620 1702 ergo
647 1629 922 1684 nobiscqu
952 1633 1002 1678 et
1023 1620 1211 1686 David,
1235 1617 1326 1673 lilii
1356 1617 1436 1672 sui
1466 1613 1737 1670 nativitatc
1767 1612 2074 1675 honoratus,

493 1701 768 1778 dominatu
801 1718 1088 1778 liberatus;
1119 1721 1172 1768 et
1199 1710 1433 1782 gaudens
1460 1708 1636 1770 dicat,
1669 1721 1697 1759 a
1728 1701 2077 1774 gaudentibus

497 1816 745 1872 audiatur
777 1830 790 1867 :
822 1810 966 1866 Dixit
994 1807 1241 1862 Dominus
1263 1802 1484 1857 Domino
1511 1817 1638 1864 meo,
1675 1797 1808 1852 Sede
1835 1813 1865 1849 a
1892 1794 2078 1847 dextris

495 1907 619 1960 meis
645 1946 661 1971 ,
710 1905 866 1958 donec
911 1916 1096 1973 ponam
1140 1895 1367 1951 inimicos
1415 1902 1523 1947 tuos
1574 1888 1842 1946 scabellum
1891 1885 2076 1958 pedum

492 2006 713 2054 tuorum.

564 2088 618 2143 8.
662 2085 828 2152 Sede,
872 2099 975 2138 non
1007 2081 1177 2136 solum
1227 2079 1279 2132 in
1329 2075 1468 2141 alto,
1501 2075 1593 2130 sed
1635 2072 1774 2128 etin
1821 2071 2074 2125 occulto:

492 2178 762 2235 excellens
788 2183 846 2230 ut
873 2171 1182 2238 domineris,
1214 2160 1380 2223 latens
1406 2177 1464 2222 ut
1493 2164 1750 2221 credaris.
1780 2162 1908 2241 Qua;
1936 2163 2078 2216 enim

492 2279 636 2326 esset
661 2282 869 2323 merces
900 2261 1043 2330 ﬁdei,
1076 2263 1177 2318 nisi
1209 2261 1396 2315 lateret
1425 2256 1564 2328 quod
1595 2252 1906 2310 credimus?
1936 2252 2076 2306 Mer-

492 2376 582 2417 ces
611 2371 788 2415 autem
819 2357 942 2412 ﬁdei
989 2365 1073 2412 est
1098 2396 1110 2418 ,
1143 2353 1326 2408 videre
1368 2351 1508 2422 quod
1553 2348 1876 2404 credidimus
1921 2353 2077 2399 ante—

492 2437 650 2523 quam
689 2450 1009 2505 videremus.
1064 2447 1212 2501 Sicut
1257 2453 1432 2498 autem
1481 2439 1754 2508 Scriptura
1801 2445 2074 2509 personat,

492 2544 671 2599 Justus
700 2559 761 2597 ex
787 2541 888 2612 [ide
913 2529 1028 2593 vivit
1054 2538 1226 2610 (Rom.
1251 2551 1288 2598 ι,
1322 2533 1431 2605 i7).
1462 2532 1575 2587 Non
1604 2545 1730 2601 ergo
1753 2538 1896 2585 esset
1921 2527 2078 2597 justi-

492 2639 561 2694 tia
595 2637 756 2701 ﬁdei,
789 2634 888 2688 nisi
935 2611 1079 2687 esset
1125 2627 1492 2684 absconditum
1541 2624 1681 2694 quod
1731 2621 2077 2692 praedicatum

492 2728 855 2787 crederemus,
879 2732 931 2778 et
957 2719 1224 2777 credendo
1250 2717 1315 2771 ad
1345 2714 1626 2769 videndum
1659 2710 2075 2782 perveniremus.

498 2819 664 2888 Quam
698 2818 839 2871 enim
878 2816 1035 2868 amita
1073 2809 1342 2864 multitudo
1372 2805 1650 2860 dulcedinis
1677 2815 1775 2857 tua:
1795 2844 1807 2864 ,
1838 2800 2074 2868 Domine,

493 2929 643 2981 quam
689 2906 994 2964 abscondisti
1036 2900 1319 2958 timentibus
1349 2898 1436 2953 te!
1478 2897 1618 2966 Ergo
1661 2893 1998 2957 abscondisti,
2025 2899 2081 2945 et

494 2979 909 3059 remanserunt?
951 2995 1100 3050 Absit
1133 3011 1147 3047 :
1175 2991 1440 3061 Perfecisti
1479 2998 1644 3041 autem
1681 2979 1998 3055 sperantibus
2024 2982 2078 3036 in

497 3107 543 3151 te
571 3092 754 3168 (Psol.
783 3108 911 3153 xxx,
937 3085 1064 3160 20).
1094 3083 1328 3140 Mirabile
1369 3067 1495 3150 ergo
1532 3077 1842 3149 mysterium
1883 3073 2078 3129 Christi

499 3165 734 3242 sedentis
763 3183 828 3238 ad
858 3181 1129 3236 dexteram
1165 3177 1254 3230 Dei
1292 3193 1304 3228 τ
1339 3172 1660 3228 occultatum
1691 3177 1772 3224 est
1803 3176 1858 3221 ut
1887 3165 2073 3220 crede-

495 3289 674 3349 retur,
705 3279 1029 3333 subtractum
1060 3281 1140 3327 est
1179 3279 1237 3325 ut
1275 3274 1598 3337 speraretur.
1632 3261 1738 3332 Spe
1780 3261 1910 3314 enim
1954 3255 2080 3312 salvi

500 3374 619 3432 facti
659 3387 850 3426 sumus.
900 3368 1030 3436 Spes
1069 3375 1234 3419 autem
1265 3377 1376 3430 qua:
1403 3357 1631 3421 videtur,
1679 3371 1781 3408 non
1822 3361 1892 3406 est
1920 3367 2032 3420 spes
2060 3363 2079 3403 :

502 3465 632 3535 quod
681 3464 810 3517 etim
856 3460 984 3512 videt
1032 3457 1178 3528 quis,
1229 3453 1348 3524 quid
1390 3449 1603 3519 sperat?
1647 3444 1887 3516 Apostoli
1915 3441 2078 3496 verba

501 3565 643 3611 sunt.
676 3549 1075 3620 Recognoscitis
1101 3537 1337 3615 quidem,
1371 3537 1464 3594 sed
1495 3545 1710 3606 propter
1737 3535 1895 3588 rudes
1925 3547 2074 3586 com-

503 3633 712 3702 mendo.
745 3617 882 3710 Quid
911 3653 1039 3708 ergo
1069 3636 1139 3689 ait
1169 3631 1496 3702 Apostolus?
1543 3628 1648 3693 Spe
1669 3669 1683 3691 ,
1717 3617 1887 3694 inquit
1908 3665 1921 3689 ,
1955 3621 2080 3677 salvi

502 3739 624 3810 [acti
665 3751 860 3789 sumus.
906 3730 1036 3800 Spes
1063 3736 1228 3780 autem
1257 3738 1368 3793 qua:
1397 3719 1620 3783 videtur,
1662 3733 1763 3770 non
1806 3725 1876 3769 est
1920 3723 2033 3783 spes
2061 3725 2082 3767 .'

499 3806 632 3902 quod
659 3826 789 3880 enim
817 3823 945 3876 videt
971 3819 1100 3889 quis,
1129 3814 1252 3887 quid
1281 3819 1448 3882 sperat
1472 3809 1496 3864 ?
1527 3808 1586 3864 Si
1627 3816 1791 3861 autem
1821 3806 1954 3876 quod
1981 3817 2080 3858 non

501 3919 722 3975 videmus
769 3929 1027 3986 speramus
1052 3951 1065 3973 ,
1097 3925 1208 3962 cum
1252 3904 1490 3976 patientia
1519 3911 1862 3971 exspectamus
1891 3895 2076 3969 (Rom.

499 4030 588 4075 vn,
621 4011 710 4073 24,
729 4005 856 4079 25).
889 4005 1021 4073 Quia
1051 4001 1180 4071 ergo
1204 4014 1317 4070 qure
1341 3995 1536 4051 videtur
1560 4004 1657 4048 non
1675 4001 1746 4046 est
1771 4005 1882 4062 spes
1903 4005 1923 4055 ,°
1951 3989 2079 4044 Abs-

497 4105 708 4160 condisti
769 4098 1102 4155 dulcedinem
1153 4093 1439 4147 timentibus
1484 4097 1549 4143 te.
1604 4087 1736 4156 Quia
1787 4081 1920 4156 quod
1980 4083 2082 4138 non

502 4195 724 4249 videmus
746 4235 758 4255 ,
802 4203 1061 4260 speramus
1088 4227 1100 4248 ,
1146 4192 1200 4238 et
1243 4199 1328 4252 per
1367 4179 1659 4251 patientiam
1696 4175 2038 4246 exspectamus
2059 4190 2082 4241 ,'

503 4272 767 4355 Perfecisti
796 4277 1112 4349 sperantibus
1141 4276 1193 4327 in
1234 4281 1297 4326 te.
1334 4271 1567 4340 Denique
1588 4309 1604 4334 ,
1631 4266 1931 4322 charissimi
1951 4308 1965 4332 ,
2003 4267 2081 4320 in-

501 4391 643 4436 tente
682 4375 905 4445 accipite
943 4371 1083 4442 quod
1114 4369 1352 4423 dicturus
1395 4379 1531 4418 sum.
1576 4362 1837 4429 Quoniam
1877 4358 2081 4428 justitia

501 4482 678 4529 nostra
719 4484 785 4522 ex
827 4465 930 4518 ﬁde
958 4469 1075 4525 est,
1104 4468 1158 4515 et
1200 4456 1304 4511 ﬁde
1339 4454 1660 4510 inundantur
1684 4450 1842 4506 corda
1876 4458 2078 4516 nostra,

500 4576 556 4620 ut
600 4559 739 4634 quod
788 4555 1148 4617 credidimus,
1195 4547 1377 4603 videre
1427 4545 1692 4615 possimus
1738 4559 1752 4596 :
1798 4550 2084 4609 utrumque

501 4631 640 4714 enini
685 4650 912 4723 positum
942 4654 1023 4700 est
1049 4659 1064 4708 ;
1109 4649 1162 4696 et
1187 4681 1202 4706 ,
1234 4637 1377 4692 Beati
1424 4631 1775 4689 mundicordes
1799 4673 1814 4700 ,
1843 4631 2080 4702 quoniam

499 4750 596 4821 ipsi
627 4745 788 4800 Deum
817 4737 1050 4795 videbunt
1079 4731 1288 4802 (Matth.
1315 4744 1370 4796 v,
1398 4727 1463 4798 8)
1493 4742 1507 4792 ;
1539 4736 1591 4780 ct
1615 4767 1629 4788 ,
1658 4723 1790 4778 Fide
1830 4722 2082 4776 inundans

497 4815 651 4901 corda
681 4853 850 4894 eorum
881 4833 1027 4903 (Act.
1055 4843 1155 4894 xv,
1183 4824 1271 4895 9).
1301 4821 1434 4890 Quia
1463 4833 1590 4888 ergo
1622 4818 1733 4872 haec
1759 4824 1840 4872 est
1875 4815 2081 4885 justitia

507 4933 626 4992 ﬁdei
655 4936 671 4965 ¹
697 4975 712 5001 ,
744 4927 963 4985 credere
990 4919 1128 4992 quod
1161 4932 1263 4972 non
1292 4913 1439 4968 vides
1459 4955 1472 4978 ,
1513 4921 1567 4966 et
1596 4910 1711 4980 ipso
1740 4907 1932 4963 merito
1959 4906 2080 4960 lidei

498 5029 562 5084 ad
609 4999 866 5081 visionem
916 5031 1013 5074 suo
1064 5023 1304 5081 tempore
1355 5004 1676 5076 pervenire;
1725 5001 1980 5057 Dominus
2026 4999 2081 5053 in

500 5118 786 5188 Evangelia
825 5128 945 5168 cmn
993 5106 1324 5178 promitteret
1364 5099 1617 5168 Spiritum
1664 5105 1905 5151 sanctum
1931 5135 1944 5159 ,
1981 5093 2081 5148 hoc

499 5214 571 5267 ait
601 5229 614 5267 2
647 5187 766 5279 pse
793 5210 968 5276 arguet
995 5195 1237 5253 mundum
1268 5193 1329 5247 de
1355 5199 1556 5262 peccato
1580 5231 1592 5253 ,
1625 5199 1671 5242 et
1696 5187 1758 5241 de
1772 5187 2004 5259 justitia,
2031 5191 2080 5238 et

500 5305 560 5358 ile
583 5301 798 5376 judicio.
837 5297 910 5350 De
939 5307 1046 5363 quo
1078 5286 1334 5359 peccato?
1373 5284 1440 5340 de
1469 5287 1571 5355 qua
1593 5280 1840 5352 justitia?
1879 5279 1945 5333 de
1972 5290 2080 5349 quo

493 5372 734 5467 judicio?
763 5391 878 5460 Ipse
903 5386 1142 5457 sequitur
1169 5393 1221 5437 et
1251 5378 1466 5451 exponit
1491 5395 1506 5444 ;
1539 5376 1872 5445 conjecturas
1899 5372 2078 5427 homi-

501 5504 624 5544 mun
655 5503 757 5541 non
786 5482 1054 5537 admittit:
1092 5475 1166 5532 De
1195 5484 1396 5547 peccato
1437 5470 1637 5544 quidem
1663 5510 1678 5535 ,
1711 5468 1915 5537 inquit,
1961 5466 2081 5534 quia

499 5597 596 5634 non
627 5573 947 5632 crediderunt
992 5573 1045 5626 in
1090 5585 1185 5624 me.
1228 5568 1433 5635 Quanta
1476 5564 1576 5618 alia
1622 5566 1836 5632 peccata
1863 5557 2078 5614 Judrco-

499 5688 614 5728 rum
639 5651 654 5724 ι
706 5665 772 5723 Et
796 5675 973 5721 tamen
1021 5662 1171 5734 quasi
1203 5643 1304 5716 hoc
1334 5660 1496 5713 unum
1545 5655 1649 5721 sit,
1697 5653 1770 5708 ita
1799 5651 1929 5707 dixit
1959 5667 1973 5704 :
2003 5649 2079 5704 De

488 5892 523 5944 α
554 5829 569 5858 ι
605 5826 677 5876 sic
700 5830 804 5873 uss.
833 5828 886 5872 At
915 5818 1052 5880 θύει,
1073 5823 1186 5878 Qua:
1208 5827 1324 5879 ergo
1345 5812 1450 5866 lucc
1473 5818 1542 5865 est
1556 5807 1747 5874 justitis
1769 5805 1888 5874 fidei
1906 5807 1929 5858 1’
1960 5817 2076 5859 cre-

523 5902 622 5944 erc.
647 5899 742 5939 etc.

523 5902 622 5952 ere,
647 5899 742 5939 etc.

1725 393 1782 450 S.
1825 384 2192 448 AUGUSTINI
2231 372 2530 444 EPISCOPI

3629 357 3772 436 lissi

2181 510 2386 570 peccato
2415 497 2617 569 quidem
2642 539 2656 563 ,
2685 495 2803 568 quia
2847 511 2945 550 non
2977 493 3293 549 crediderunt
3322 495 3373 548 in
3401 509 3496 549 me.
3543 487 3655 549 Hoc
3686 502 3769 550 est

2180 591 2302 646 illud
2336 599 2634 661 peccatum,
2673 588 2740 643 d'e
2770 603 2875 658 quo
2914 587 3040 640 alibi
3079 586 3209 643 dicit
3241 604 3251 639 :
3284 585 3342 641 Si
3373 604 3471 640 non
3497 588 3767 651 venissem,

2180 693 2436 754 peccatum
2463 700 2563 736 non
2593 680 2826 734 haberent
2854 675 3043 752 (Joan.
3075 683 3140 732 liv
3160 720 3175 745 ,
3206 677 3328 748 22).
3364 675 3500 746 Quid
3530 687 3610 732 est
3641 675 3767 745 hoc,

2183 775 2244 830 Si
2266 792 2365 829 non
2395 776 2654 838 venissent,
2681 782 2939 844 peccatum
2965 787 3063 824 non
3095 769 3376 825 haberent?
3413 769 3554 840 Ergo
3580 765 3649 824 ad
3679 768 3770 838 ju-

2181 875 2292 921 stos
2321 866 2548 931 venisti,
2580 875 2634 920 et
2659 880 2751 920 eos
2780 871 3086 934 peccatores
3126 855 3344 916 fecisti?
3382 859 3486 916 Sed
3527 861 3772 931 exceptis

2180 957 2296 1011 aliis
2325 957 2587 1028 peccatis,
2622 972 2738 1027 quae
2784 957 3004 1026 possent
3051 953 3247 1010 remitti
3300 967 3393 1023 per
3434 951 3630 1017 ﬁdem,
3665 958 3768 1008 hoc

2183 1065 2343 1104 unum
2370 1057 2641 1120 peccatum
2670 1049 2984 1115 nominavit,
3008 1047 3146 1117 quod
3174 1047 3216 1100 si
3245 1062 3347 1101 non
3371 1047 3768 1113 admitteretur,

2183 1141 2361 1195 omnia
2395 1142 2784 1195 relaxarentur.
2815 1139 2893 1193 De
2919 1149 3123 1211 peccato
3144 1139 3364 1210 quidem,
3393 1137 3492 1204 ait,
3523 1139 3643 1208 quia
3671 1143 3773 1192 non

2182 1232 2503 1286 crediderunt
2531 1233 2583 1287 in
2612 1250 2689 1286 me
2715 1241 2801 1287 :et
2833 1233 2980 1298 alibi,
3007 1231 3069 1287 Si
3095 1248 3194 1284 non
3221 1232 3480 1293 venissem,
3509 1241 3774 1301 peccatum

2183 1344 2282 1380 non
2312 1327 2569 1380 haberent.
2619 1327 2694 1380 Eo
2736 1326 2876 1380 enim
2910 1327 3024 1395 ipso
3055 1340 3161 1394 quo
3191 1327 3333 1378 venit
3360 1331 3412 1378 et
3460 1341 3562 1378 non
3595 1322 3774 1378 credi.

2184 1420 2376 1473 derunt
2403 1419 2456 1473 in
2485 1435 2627 1484 eum,
2661 1417 2961 1472 inciderunt
2992 1417 3043 1471 iu
3075 1415 3348 1488 peccatan
3380 1431 3394 1470 :
3423 1413 3562 1486 quod
3588 1417 3631 1469 si
3663 1432 3770 1471 non

2185 1509 2504 1572 inciderent,
2537 1509 2714 1564 omnia
2743 1519 2932 1564 caetera
2963 1517 3174 1577 peccata
3202 1507 3396 1562 dimitti
3429 1517 3648 1577 possent
3675 1521 3772 1576 per

2185 1601 2566 1672 indulgentiam
2612 1601 2793 1672 gratia:
2837 1602 3168 1669 impetratam
3199 1615 3291 1670 per
3323 1599 3497 1654 ﬁdem.
3543 1599 3682 1669 Ergo
3707 1599 3772 1653 de

2183 1705 2385 1766 peccato
2407 1738 2419 1760 ,
2451 1696 2572 1766 quia
2601 1713 2701 1748 non
2728 1693 3048 1748 crediderunt
3079 1695 3127 1747 in
3155 1710 3231 1746 me
3255 1708 3272 1747 :
3302 1693 3363 1746 de
3381 1693 3582 1764 justitia
3609 1735 3620 1757 ,
3650 1694 3774 1762 quia

2182 1787 2249 1838 ad
2288 1785 2497 1840 Patrem
2540 1787 2703 1852 vado,
2736 1797 2782 1839 et
2813 1787 2926 1857 jam
2971 1801 3069 1838 non
3114 1784 3338 1838 videbitis
3383 1802 3458 1838 me
3496 1782 3617 1858 (Id.
3653 1801 3766 1850 xv't,

2182 1876 2363 1950 8-10).
2389 1878 2513 1932 H;cc
2541 1885 2622 1933 est
2644 1877 2872 1947 justitia,
2900 1877 3020 1945 quia
3046 1876 3109 1930 ad
3144 1877 3351 1931 Patrem
3379 1877 3549 1940 vadis,
3584 1886 3636 1931 et
3656 1877 3769 1946 jam

2183 1983 2287 2024 non
2313 1969 2566 2023 videbunt
2598 1979 2647 2023 te
2673 1985 2687 2022 :
2716 1967 2829 2022 haec
2851 1968 3052 2037 justitia
3076 1969 3215 2021 enim
3244 1983 3305 2022 ex
3335 1966 3439 2021 ﬁde
3467 1978 3564 2020 est.
3589 1965 3773 2023 Justus

2183 2063 2322 2116 enim
2350 2078 2412 2116 ex
2436 2061 2537 2130 ﬁde
2561 2062 2717 2126 vivit;
2744 2070 2798 2115 et
2826 2069 2951 2115 tunc
2979 2075 3042 2114 ex
3078 2060 3177 2113 iide
3205 2061 3349 2124 vivit,
3381 2059 3422 2112 si
3455 2075 3556 2113 non
3585 2061 3770 2115 videat

2182 2153 2322 2223 quod
2353 2152 2542 2208 credit.
2591 2151 2722 2218 Quia
2768 2167 2894 2222 ergo
2917 2152 2980 2205 ad
3005 2152 3262 2220 justitiam
3297 2153 3524 2220 pertinet
3567 2168 3629 2206 ex
3666 2152 3772 2207 ﬁde

2182 2247 2391 2312 vivere,
2420 2255 2474 2302 et
2499 2261 2563 2301 ex
2592 2243 2696 2300 ﬁde
2723 2259 2880 2299 nemo
2903 2245 3030 2298 vivit
3055 2286 3069 2311 ,
3102 2245 3200 2298 nisi
3234 2259 3337 2296 non
3370 2240 3597 2297 videndo
3627 2243 3771 2313 quod

2183 2341 2389 2406 credit;
2435 2350 2493 2394 ut
2535 2341 2701 2409 ipsam
2743 2338 3001 2408 justitiam
3045 2337 3240 2392 laceret
3278 2338 3327 2390 in
3360 2337 3683 2398 hominibus,
3718 2336 3772 2390 id

2183 2441 2284 2499 est,
2317 2441 2374 2485 ut
2398 2431 2678 2486 crederent
2705 2429 2846 2500 quod
2878 2445 2985 2482 non
3013 2427 3272 2492 viderent,
3316 2426 3389 2481 De
3420 2428 3651 2496 justitia,
3684 2428 3770 2480 in-

2183 2528 2315 2597 quit,
2347 2529 2462 2597 quia
2492 2526 2557 2578 ad
2585 2523 2788 2578 Patrem
2842 2522 2968 2576 vado
2994 2564 3007 2586 ,
3057 2531 3104 2575 et
3124 2521 3236 2594 jam
3266 2538 3365 2574 non
3413 2520 3640 2574 videbitis
3670 2537 3770 2574 me.

2184 2621 2331 2687 llzec,
2381 2619 2550 2689 inquit
2575 2660 2589 2685 ,
2618 2616 2950 2686 erit-justitia
2981 2623 3175 2678 vestra,
3225 2621 3280 2667 ut
3306 2612 3535 2667 credatis
3567 2613 3616 2666 in
3647 2625 3772 2666 eum

2183 2729 2338 2783 quem
2367 2729 2470 2767 non
2494 2711 2705 2776 videtis,
2738 2719 2790 2764 et
2823 2709 2924 2763 lidc
2954 2707 3212 2769 mundali,
3242 2721 3363 2762 eum
3389 2706 3438 2759 in
3469 2722 3624 2776 quem
3650 2721 3773 2761 cre-

2184 2806 2415 2870 didistis,
2448 2805 2499 2858 in
2531 2806 2616 2858 die
2646 2799 3054 2859 reSurrectionis
3087 2802 3103 2832 ¹
3134 2809 3311 2869 postea
3346 2799 3586 2853 videatis.

2254 2897 2307 2954 9.
2348 2897 2507 2951 Sedet
2559 2909 2686 2964 ergo
2725 2910 2752 2946 a
2793 2893 2993 2947 dextris
3034 2890 3128 2946 Dei
3169 2891 3410 2946 Christus
3435 2933 3447 2953 ,
3490 2905 3517 2943 a
3559 2888 3768 2945 dextris

2185 2990 2355 3044 Patris
2386 2985 2554 3043 Filius
2599 2988 2651 3040 in
2679 2985 2887 3040 occulto
2913 2993 2996 3059 est
3026 3001 3040 3038 :
3070 2982 3368 3038 credamus.
3399 2979 3606 3036 Etenim
3637 2982 3775 3036 duas

2184 3097 2272 3137 res
2299 3081 2383 3134 hic
2408 3080 2550 3145 dicit,
2578 3079 2698 3148 quia
2727 3085 2778 3131 et
2802 3076 2936 3132 dixit
2958 3077 3114 3140 Deus,
3146 3073 3279 3130 Sede
3319 3091 3351 3127 a
3395 3071 3581 3127 dextris
3609 3074 3775 3139 meis;

2183 3183 2237 3230 et
2262 3173 2484 3237 addidit,
2511 3171 2667 3224 donec
2693 3186 2877 3240 ponam
2903 3169 3132 3222 inimicos
3159 3177 3267 3220 tuos
3292 3164 3560 3220 scabellum
3585 3165 3776 3234 pedum

2185 3276 2417 3330 tuorum,
2450 3263 2549 3317 hoc
2577 3269 2678 3329 est,
2711 3262 2811 3317 sub
2856 3261 3078 3331 pedibus
3125 3259 3248 3314 tuis.
3283 3257 3396 3312 Non
3424 3258 3574 3311 vides
3603 3255 3773 3312 Chri-

2188 3371 2327 3415 stum
2359 3358 2634 3414 sedentem
2664 3355 2730 3410 ad
2773 3355 3046 3410 dexteram
3077 3351 3248 3406 Patris
3280 3368 3294 3406 :
3329 3351 3411 3404 vel
3446 3353 3543 3405 hoc
3575 3360 3726 3420 potes
3751 3351 3775 3381 ³

2187 3453 2403 3516 videre,
2451 3447 2717 3519 quomodo
2767 3456 3030 3516 ponantur
3078 3443 3276 3498 inimici
3321 3443 3434 3511 ejus
3479 3441 3772 3496 scabellum

2188 3543 2376 3614 [nedum
2404 3542 2540 3611 ejus.
2569 3543 2699 3595 Cum
2731 3541 2831 3594 hoc
2862 3537 3110 3608 impletur
3137 3537 3189 3590 in
3217 3547 3422 3606 aperto,
3453 3535 3609 3588 crede
3639 3533 3775 3589 illud

2186 3653 2304 3691 esse
2335 3637 2385 3690 in
2415 3636 2644 3689 occulto.
2693 3633 2791 3700 Qui
2823 3630 3020 3686 inimici
3053 3638 3320 3700 ponuntur
3350 3628 3634 3684 scabellum
3673 3643 3773 3696 pe-

2184 3731 2307 3785 dum
2335 3726 2486 3799 ejus?
2520 3719 2720 3796 Quibus
2751 3725 2930 3780 inania
2961 3723 3340 3779 meditantibus
3360 3721 3569 3788 dicitur,
3599 3720 3778 3786 Quare

2184 3824 2493 3894 fremuerunt
2517 3829 2706 3892 gentes,
2731 3827 2779 3872 et
2807 3817 2980 3888 populi
3004 3814 3228 3869 meditati
3253 3821 3369 3868 sunt
3394 3813 3568 3866 inania
3587 3814 3612 3866 ?
3637 3812 3776 3867 Asti-

2185 3919 2348 3972 terunt
2376 3932 2516 3987 reges
2554 3923 2733 3979 terrae,
2764 3921 2809 3966 et
2845 3912 3096 3981 principes
3137 3915 3472 3962 convenerunt
3499 3907 3552 3960 in
3589 3922 3770 3972 unum,

2183 4014 2422 4068 adversus
2448 4009 2722 4064 Dominum
2754 4015 2800 4060 et
2831 4005 3069 4060 adversus
3089 4001 3342 4058 Christum
3369 4001 3515 4070 ejus;
3543 4009 3596 4054 et
3621 3999 3775 4054 dixe-

2186 4113 2341 4170 runt,
2391 4102 2780 4172 Disrumpamus
2828 4097 3027 4152 vincula
3075 4111 3246 4149 eorum
3271 4137 3284 4157 ,
3318 4101 3362 4146 et
3404 4091 3702 4164 abjiciamns
3740 4107 3775 4145 α

2185 4199 2326 4252 nobis
2367 4197 2549 4265 iugum
2591 4195 2816 4263 ipsorum
2845 4205 2864 4244 :
2889 4205 2992 4244 non
3047 4186 3200 4243 nobis
3243 4184 3618 4246 dominentur,
3663 4196 3772 4237 non

2187 4305 2284 4345 nos
2314 4288 2412 4343 sibi
2444 4285 2746 4356 snhjugent.
2778 4282 2878 4349 Qui
2904 4281 3094 4334 habitat
3121 4279 3171 4331 in
3196 4277 3362 4339 caelis,
3396 4275 3622 4329 irridebit
3650 4289 3776 4330 eos:

2187 4383 2431 4437 inimicus
2459 4394 2578 4435 eras
2603 4393 2616 4442 ;
2647 4377 2753 4432 eris
2783 4375 2880 4430 sub
2911 4372 3136 4444 pedibus
3161 4371 3276 4441 ejus
3298 4413 3311 4431 .
3342 4378 3434 4423 aut
3463 4369 3772 4440 adoptatus,

2185 4484 2274 4530 aut
2301 4476 2490 4527 victus.
2523 4469 2714 4538 Quaere
2755 4481 2884 4537 ergo
2916 4481 3074 4536 quem
3120 4465 3294 4518 locum
3325 4463 3522 4516 habeas
3549 4461 3648 4514 sub
3678 4475 3774 4530 pe-

2184 4565 2340 4622 dibus
2370 4564 2574 4620 Domini
2607 4561 2700 4616 Dei
2747 4560 2857 4626 tui;
2899 4574 3019 4612 nam
3067 4571 3287 4611 necesse
3332 4561 3415 4609 est
3455 4561 3513 4607 ut
3549 4551 3771 4624 habeas,

2184 4667 2274 4712 aut
2301 4657 2518 4729 gratim,
2548 4663 2638 4709 aut
2667 4667 2858 4724 pinnae.
2892 4651 3061 4706 Sedet
3087 4664 3215 4730 ergo
3248 4647 3310 4702 ad
3343 4648 3618 4701 dexteram
3653 4645 3772 4711 Dei,

2121 4787 2136 4802 .
2185 4749 2355 4805 donec
2384 4745 2647 4819 ponantur
2691 4743 2890 4799 inimici
2936 4743 3050 4812 ejus
3093 4740 3190 4795 sub
3233 4739 3452 4808 pedibus
3491 4738 3626 4806 ejus.
3661 4737 3777 4794 Hoc

2186 4841 2264 4904 ﬁt,
2297 4841 2396 4895 hoc
2420 4842 2592 4910 agitur
2618 4854 2631 4893 :
2661 4837 2760 4891 etsi
2789 4835 3038 4905 pmtlatim
3068 4832 3371 4903 peragitur,
3410 4829 3776 4884 indesinenter

2185 4936 2376 5004 agitur.
2408 4929 2750 4988 Fremucrint
2793 4929 2933 4984 enim
2975 4931 3189 4997 gentes,
3224 4932 3278 4980 et
3316 4923 3498 4994 populi
3520 4921 3774 4978 meditati

2185 5030 2292 5082 sint
2320 5027 2492 5082 inania
2518 5042 2532 5090 ;
2577 5022 2842 5078 astiterint
2871 5033 3022 5090 reges
3053 5029 3235 5082 terrae,
3271 5027 3322 5071 et
3347 5017 3615 5088 principes
3639 5031 3768 5070 con-

2187 5121 2430 5176 venerint
2475 5119 2525 5173 in
2571 5132 2755 5179 unum,
2802 5113 3058 5168 adversus
3094 5109 3375 5166 Dominum
3423 5117 3476 5164 et
3517 5110 3768 5165 adversus

2183 5211 2454 5269 Christum
2478 5210 2595 5280 ejus
2625 5226 2639 5264 :
2678 5204 2931 5275 numquid
2971 5201 3247 5258 fremendo
3269 5245 3283 5267 ,
3313 5200 3569 5270 numquid
3600 5199 3766 5254 medi-

2186 5303 2346 5359 tando
2374 5302 2546 5355 inania
2573 5340 2586 5364 ,
2618 5295 2872 5366 numquid
2901 5297 2951 5349 in
2994 5309 3155 5348 unum
3202 5292 3459 5346 adversus
3499 5289 3763 5346 Christum

2183 5391 2583 5458 conveniendo,
2624 5387 2858 5444 efﬁcient
2899 5397 2960 5442 ut
3006 5401 3108 5440 non
3155 5384 3472 5454 impleatur,
3512 5381 3655 5434 Dabo
3685 5379 3768 5435 tibi

2184 5497 2351 5559 gentes
2383 5483 2724 5539 haereditate»:
2757 5490 2893 5534 tuam
2913 5522 2927 5546 ,
2965 5487 3010 5533 et
3038 5477 3397 5549 possessionem
3428 5485 3566 5526 tuam
3597 5473 3772 5526 termi-

2186 5597 2274 5636 nos
2305 5577 2494 5634 terrae!
2534 5574 2843 5645 lmplebitur
2874 5574 3123 5636 omnino,
3159 5579 3214 5624 et
3254 5569 3360 5623 illis
3390 5566 3776 5636 frementibus,

2245 5745 2258 5776 ί
2285 5739 2452 5791 Plures
2487 5734 2652 5801 probae
2688 5740 2819 5784 notae
2865 5739 2969 5781 Mss.
2995 5740 3093 5778 non
3129 5726 3330 5785 habent,
3370 5723 3422 5774 in
3445 5720 3525 5773 die
3548 5701 3790 5774 resurre-

2179 5803 2373 5918 “ﬂii:
2396 5864 2578 5928 aliquot
2600 5865 2703 5912 me.
2726 5857 2838 5909 me.
2863 5865 3002 5919 vero,
3025 5863 3115 5906 nec
3137 5850 3226 5904 hoc
3246 5849 3395 5915 potes.
