4070 6504
306 396 444 487 “Si

306 528 361 585 et
383 518 487 575 illis
513 517 692 595 inania
718 518 1098 579 meditantibus
1116 561 1134 588 ,
1161 517 1307 575 Dabo
1346 518 1435 573 tibi
1469 528 1639 591 gentes
1666 518 1888 577 accredi-

306 621 457 668 tatem
483 621 663 689 tuant,
691 611 1132 691 et‘possessionem
1171 619 1311 687 tuam
1342 611 1578 666 terminos
1607 620 1789 691 terra.
1814 607 1892 691 llli

304 703 446 771 enim
474 701 665 785 inania
697 688 1030 784 meditantur
1058 719 1071 756 :
1103 712 1161 757 ut
1189 711 1367 759 autem
1398 701 1716 772 impleatur,
1744 688 1892 777 Dabo

302 796 390 873 tibi
424 780 603 871 gentes
652 780 997 863 hdreditatem
1038 804 1178 861 tuam
1196 836 1212 864 ,
1260 804 1309 850 et
1352 795 1713 866 possessionem
1751 801 1891 848 tuam

302 885 553 969 ωηιξηοει
588 895 775 953 teme,-
820 900 927 942 non
968 872 1150 964 nescio
1190 885 1308 956 quis
1351 883 1765 956 inaniloquus‘,
1795 883 1890 965 sed

301 964 556 1033 Dominus
581 976 709 1032 dixit
733 976 802 1031 ad
843 992 923 1039 me
950 972 1135 1051 (Psal.
1164 974 1240 1043 ιι,
1268 975 1296 1032 1
1323 1007 1349 1019 -
1370 973 1466 1049 8).
1508 974 1597 1031 Sic
1627 984 1681 1031 et
1709 974 1761 1030 in
1791 964 1891 1031 hoc

300 1056 510 1145 psalmo
532 1056 815 1153 possumus
839 1054 1059 1153 dicere:
1084 1068 1250 1138 Dixit,
1278 1085 1385 1127 non
1411 1070 1754 1143 quicumque,
1780 1082 1888 1133 non

301 1164 375 1219 illi
399 1164 491 1236 qui
520 1162 758 1243 fremunt
786 1148 841 1221 et
868 1148 1197 1223 meditantur
1220 1163 1396 1219 inania
1421 1180 1435 1230 ;
1478 1160 1572 1218 sed
1606 1152 1746 1216 Dixit
1775 1159 1887 1216 Doo

298 1256 467 1311 minus
488 1254 715 1313 Domino
737 1272 871 1323 meo,
890 1255 1028 1313 Sede
1052 1272 1084 1310 ιι
1126 1255 1316 1325 dextris
1343 1255 1488 1323 meis,
1518 1254 1676 1309 donec
1701 1269 1890 1325 ponam

299 1351 533 1406 inimicos
561 1360 673 1407 tuos
702 1350 976 1406 scabellum
1005 1349 1190 1423 pedum
1221 1360 1441 1404 tuorum.
1470 1348 1745 1414 Fremant,
1772 1361 1888 1425 me-

298 1441 538 1501 ditentur
582 1442 794 1510 inania,
839 1450 1212 1513 perstrepant;
1255 1439 1511 1512 numquid
1550 1454 1657 1495 non
1695 1435 1887 1509 imple-

297 1532 438 1589 bitur
461 1535 486 1587 ι
529 1532 691 1589 Periit
726 1535 972 1609 memoria
1014 1550 1189 1588 eorum
1214 1549 1329 1587 cum
1356 1531 1585 1602 strepitu.
1630 1529 1889 1601 Loquitur

298 1636 445 1684 certe
472 1635 531 1682 et
553 1628 692 1683 alius
717 1618 972 1700 psalmus,
1004 1626 1098 1683 sed
1137 1642 1245 1682 non
1275 1614 1411 1683 alius
1436 1625 1655 1696 spiritus
1684 1642 1697 1677 :
1728 1620 1888 1677 Periit

298 1721 542 1795 memoria
569 1736 746 1776 eorum
784 1728 916 1787 eum,
937 1719 1183 1789 strepitu,
1219 1728 1265 1773 et
1290 1717 1540 1773 Dominus
1567 1716 1620 1771 in
1645 1725 1888 1770 aeternum

298 1822 466 1869 manet
494 1810 668 1891 (Paul.
694 1828 769 1875 ix,
797 1812 852 1880 7,
883 1812 960 1886 8).
992 1811 1085 1869 Ille
1123 1826 1253 1881 ergo
1293 1810 1382 1882 qui
1420 1808 1676 1889 memoria
1701 1822 1885 1863 eorum

298 1914 560 1983 pereunte
583 1922 704 1962 cum
735 1905 992 1975 strepitu,
1023 1904 1075 1960 in
1105 1914 1364 1961 aeternum
1392 1911 1591 1970 manet,
1620 1902 1734 1974 ipse
1759 1898 1889 1954 dixit

296 1996 521 2059 Domino
549 2015 681 2066 meo,
708 1997 845 2075 Sede
869 2015 901 2052 a
926 1996 1115 2053 dextris
1142 1997 1285 2052 meis.
1328 1995 1493 2053 Sedet
1528 1994 1670 2050 enim
1696 2008 1727 2048 a
1756 1990 1888 2048 dex-

300 2090 396 2145 tris
421 2088 622 2169 Patris,
653 2089 826 2147 donec
855 2096 1019 2160 ponat
1046 2102 1234 2144 omnes
1262 2086 1505 2142 inimicos
1534 2083 1651 2155 ejus
1675 2080 1886 2140 scabel-

297 2181 405 2238 lum
432 2181 632 2263 pedum
659 2184 795 2251 ejus.
834 2240 835 2247 η
1614 2226 1619 2235 .

368 2272 456 2328 10.
491 2270 511 2345 [
516 2290 645 2329 vers.
666 2271 748 2346 2.]
771 2271 837 2327 Et
864 2271 988 2343 quid
1011 2269 1289 2342 sequitur?
1337 2267 1545 2343 Virgam
1568 2264 1766 2321 virtutis
1788 2273 1887 2321 tua:

298 2366 483 2420 emittet
512 2350 766 2420 Dominus
791 2381 854 2420 ex
878 2365 1026 2421 Sion.
1060 2364 1326 2436 Apparet,
1357 2361 1569 2429 fratres,
1598 2354 1885 2416 evidentis-

297 2458 432 2533 sime
473 2464 699 2529 apparet
727 2472 831 2517 non
859 2455 926 2511 de
970 2455 1061 2509 illo
1107 2452 1515 2533 regno.Christi
1559 2450 1881 2523 Prophetam

296 2538 475 2619 loqui,
521 2563 628 2619 quo
654 2555 844 2621 regnat
871 2562 1083 2618 semper
1107 2545 1246 2618 apud
1278 2546 1486 2601 Patrem
1511 2587 1527 2613 ,
1574 2560 1753 2600 rerum
1781 2545 1888 2600 Do-

297 2641 499 2697 minam
524 2655 645 2712 quae
674 2630 768 2710 per
794 2640 941 2696 illum
967 2649 1159 2695 creatae
1185 2647 1308 2693 sunt
1332 2655 1346 2692 :
1374 2639 1584 2709 quando
1611 2637 1755 2692 enim
1777 2622 1883 2692 non

295 2724 487 2807 regnat
516 2734 568 2790 in
612 2735 874 2807 principio
900 2730 1133 2790 Verbum
1166 2733 1307 2788 Deus
1353 2729 1491 2801 apud
1530 2731 1735 2786 Deum?
1796 2728 1887 2786 Di-

298 2825 433 2881 citur
483 2825 628 2882 euim
662 2842 675 2883 :
725 2843 744 2878 ι
780 2825 911 2897 Regi
965 2834 1143 2881 autem
1187 2823 1504 2879 saeculorum
1530 2824 1551 2854 ’
1593 2821 1882 2903 invisibili,

296 2918 722 2997 incorruptibili,
777 2919 876 2995 soli
929 2918 1037 2974 Deo
1084 2916 1259 2973 honor
1300 2924 1355 2973 et
1402 2915 1610 2988 gloria,
1677 2915 1731 2970 in
1777 2930 1884 2997 sae-

295 2998 410 3093 cula
435 2994 754 3071 saeculorum
793 3030 812 3065 ι
852 2994 907 3083 (Ι
933 3009 1063 3065 Tim.
1094 3026 1147 3078 ι,
1176 3008 1305 3081 17).
1345 3027 1365 3062 t
1402 3005 1535 3079 Regi
1564 2994 1884 3063 saeculorum

297 3104 470 3161 honor
493 3114 549 3161 et
567 3105 756 3176 gloria,
781 3105 832 3159 in
849 3103 1043 3160 smcula
1073 3101 1423 3159 stt-culorum:
1451 3120 1471 3154 ι
1491 3099 1575 3156 cui
1597 3118 1616 3152 t
1653 3092 1767 3171 regi
1787 3114 1888 3156 sa:-

296 3199 538 3255 culorum
562 3198 888 3277 ‘ilnjvisihili,
912 3194 1318 3266 incorruptibili.
1347 3213 1366 3247 ι
1396 3192 1457 3249 In
1484 3208 1550 3248 co
1578 3193 1719 3248 enim
1743 3190 1887 3263 quod

296 3301 348 3346 et
374 3272 623 3345 Christus
649 3272 731 3345 est
758 3304 878 3344 cum
912 3289 1070 3343 Patre
1111 3286 1389 3341 invisibilis
1415 3295 1469 3341 et
1506 3280 1887 3378 incorruptibi-

296 3382 363 3439 lis
385 3425 399 3447 ,
430 3383 557 3453 quia
586 3381 817 3437 Verbum
844 3380 958 3451 ejus
983 3388 1065 3435 est
1088 3419 1102 3443 ,
1130 3385 1185 3435 et
1210 3376 1391 3433 Virtus
1416 3376 1552 3448 ejus,
1579 3385 1636 3431 et
1659 3373 1883 3453 Sapien-

298 3475 363 3528 tia
399 3450 520 3543 ejns
541 3513 557 3537 ,
600 3456 656 3527 et
702 3472 838 3527 Deus
868 3450 1007 3543 apud
1038 3469 1202 3525 Deum
1223 3511 1238 3537 ,
1290 3484 1383 3540 per
1411 3483 1569 3540 quem
1598 3467 1735 3522 facta
1761 3450 1887 3543 sunt

297 3540 510 3639 omnia;
538 3560 655 3629 Rex
685 3570 766 3618 est
794 3540 1108 3617 smehlorum
1139 3579 1152 3614 :
1183 3560 1277 3615 sed
1305 3569 1481 3615 tamen
1508 3554 1638 3614 illud
1663 3540 1885 3629 disponi-

296 3644 561 3712 siitorium'
586 3663 642 3709 et
670 3652 1033 3710 transitorium
1059 3693 1074 3721 ,
1124 3666 1229 3723 quo
1270 3666 1369 3706 nos
1398 3666 1495 3723 per
1538 3649 1882 3706 medietatem

297 3746 472 3803 carnis
499 3763 612 3803 sua:
638 3747 845 3803 vocavit
885 3747 939 3801 in
980 3745 1327 3803 aiternitatem
1349 3788 1364 3812 ,
1401 3760 1625 3815 regnum
1654 3743 1770 3819 ejus
1796 3726 1880 3819 inf—

299 3832 425 3910 cipit
461 3854 491 3893 a
531 3837 894 3905 Christianis;
949 3836 1045 3893 sed
1091 3837 1241 3907 regni
1285 3835 1400 3907 ejus
1447 3852 1551 3890 non
1593 3816 1695 3891 erit
1742 3816 1883 3890 finis.

301 3898 581 4021 Ponuntur
627 3946 756 4001 ergo
803 3930 1093 3985 scabellum
1138 3926 1335 4001 pedum
1366 3928 1481 4000 ejus
1521 3927 1721 3983 inimici
1746 3927 1883 4021 ejus,

300 4018 537 4097 sedentis
558 4021 625 4078 ad
653 4018 924 4078 dexteram
948 4021 1140 4089 Patris,
1163 4030 1454 4090 ponuntur,
1473 4029 1529 4075 ut
1552 4018 1750 4075 dictum
1773 4018 1883 4087 est;

300 4115 354 4172 id
381 4116 577 4189 agitur,
609 4114 662 4171 id
692 4130 859 4187 usque
888 4115 941 4169 in
969 4113 1126 4169 linem
1156 4102 1373 4169 omnino
1398 4111 1688 4185 peragitur.
1720 4102 1889 4166 Nemo

303 4210 441 4266 dicat
462 4225 568 4264 non
593 4224 749 4281 posse
775 4208 980 4279 impleri
1002 4207 1142 4283 quod
1171 4218 1405 4278 coeptum
1430 4215 1533 4262 est.
1556 4205 1693 4274 Quid
1726 4192 1887 4260 finem

303 4304 461 4374 empti
503 4301 801 4374 desperas?
847 4300 1196 4372 Omnipotens
1221 4301 1421 4371 coepit,
1467 4300 1805 4379 omnipotens
1832 4288 1890 4377 sic

304 4380 550 4469 promisit
598 4396 939 4466 impleturum
973 4411 1094 4452 esse
1132 4388 1276 4467 quod
1304 4394 1485 4469 erepit.
1529 4391 1682 4449 Unde
1712 4401 1890 4447 autem

306 4490 508 4562 cmpit?
564 4489 772 4562 Virgam
802 4491 998 4545 virtutis
1022 4498 1122 4544 tua:
1146 4489 1335 4545 emittet
1377 4485 1625 4542 Dominus
1650 4502 1711 4541 ex
1739 4485 1888 4540 Sion.

306 4582 431 4652 Qua:
455 4584 609 4649 Sion,
640 4583 752 4653 ipsa
774 4591 857 4638 est
881 4581 1196 4640 Jerusalem.
1226 4574 1361 4635 Audi
1382 4568 1552 4652 ipsum
1573 4578 1890 4635 Dominum:

311 4675 585 4748 Oportebat
615 4672 873 4729 Christum
909 4674 1017 4746 pati
1049 4681 1097 4728 et
1133 4688 1396 4744 resurgere
1427 4688 1459 4725 a
1495 4670 1707 4725 mortuis
1747 4662 1890 4723 tertio

307 4770 402 4825 die.
442 4769 583 4827 Hinc
617 4767 768 4829 sedet
795 4768 861 4824 ad
891 4768 1164 4824 dexteram
1198 4766 1291 4822 Dei
1318 4765 1489 4821 Patris
1512 4807 1527 4832 ,
1565 4761 1894 4836 resurgendo

306 4860 389 4916 ubi
416 4859 535 4918 fuit.
567 4859 771 4917 Deinde
795 4859 884 4915 illo
901 4842 1118 4916 sedente
1142 4858 1209 4915 ad
1237 4858 1509 4915 dexteram
1540 4856 1737 4924 Patris,
1764 4855 1894 4927 quid

242 5008 265 5023 ,
307 4953 521 5024 μείιιιιεῖ
565 4961 627 5009 ιιι
652 4960 918 5024 ponantur
968 4951 1169 5008 inimici
1217 4950 1336 5021 ejus
1378 4948 1666 5005 scabellum
1698 4938 1891 5019 pedum

307 5046 439 5114 ejus,
474 5043 605 5117 quid
632 5044 844 5116 agitur?
870 5042 1008 5100 Audi
1037 5043 1184 5098 illum
1214 5041 1499 5097 docentem
1530 5050 1585 5095 et
1614 5054 1892 5109 exponen-

310 5146 413 5194 tem
448 5156 463 5193 :
501 5155 521 5191 ‹
560 5136 632 5194 Ει
675 5135 1053 5208 praedicabitur
1094 5135 1147 5217 in
1194 5134 1411 5189 nomine
1437 5130 1553 5204 ejus
1585 5124 1893 5217 poenitentia

308 5241 360 5289 et
386 5233 636 5290 remissio
656 5239 996 5303 peccatorum
1024 5210 1119 5299 per
1146 5243 1331 5284 omnes
1366 5234 1570 5298 gentes,
1599 5210 1897 5294 incipienti-

308 5323 405 5380 bus
425 5325 494 5380 ab
512 5323 812 5382 Jerusalem
841 5340 861 5375 ι
900 5318 1047 5395 (Luc.
1081 5336 1230 5388 xxiv,
1260 5319 1352 5386 46,
1384 5317 1512 5389 i7);
1542 5316 1685 5389 quia,
1725 5332 1744 5365 ι
1775 5313 1895 5368 Vir-

309 5432 427 5491 gam
467 5416 687 5474 virtutis
718 5424 822 5471 tua:
865 5415 1075 5469 emittet
1101 5412 1356 5469 Dominus
1382 5426 1445 5465 ex
1473 5408 1624 5465 Sion.
1678 5404 1892 5477 Virgam

309 5511 519 5567 virtutis
557 5518 697 5578 tute,
733 5528 753 5562 ι
803 5507 905 5585 hoc
931 5516 1009 5564 est
1045 5522 1263 5579 regnum
1292 5504 1548 5576 potentiae
1574 5512 1716 5568 tum;
1749 5494 1893 5572 quia,

317 5594 539 5676 tReges
564 5617 659 5658 eos
691 5602 744 5659 in
773 5601 918 5672 virga
940 5598 1111 5655 ferrea
1154 5617 1173 5650 ι
1202 5596 1370 5670 (Psal.
1401 5612 1469 5661 ιι,
1501 5595 1556 5666 9)
1587 5613 1599 5649 :
1635 5612 1654 5645 t
1691 5592 1897 5648 emittet

314 5676 566 5771 Dominus
593 5709 658 5749 ex
687 5691 849 5760 Sion;
890 5710 909 5746 ι
960 5691 1119 5763 quia,
1154 5707 1173 5744 ι
1209 5686 1587 5759 lncipientibns
1628 5684 1695 5739 ab
1736 5681 1894 5739 Jeru-

315 5787 494 5843 salem.
535 5806 555 5839 ι

371 5879 613 5930 amnes.
640 5877 765 5927 Atio
782 5872 1089 5935 de.,in_anis
1113 5854 1294 5935 loeutus
1314 5872 1414 5935 est.)
1448 5930 1485 5935 ,ν
1536 5932 1541 5935 _
1641 5927 1655 5935 _

372 5942 394 5974 ²
414 5922 1221 6001 ἶιῖοἷιῖιιιιᾶῐιιᾘιωὲζεῖηηιὸνιαῑί
1247 5944 1265 5987 :
1287 5922 1418 5998 quod
1433 5930 1462 5981 ει
1481 5932 1590 5981 uss.
1614 5922 1772 5981 abest:

1404 400 1803 463 ENARBATID
1838 403 1907 462 IN
1943 397 2269 461 PSALMUM
2307 400 2443 461 CIX.

2073 517 2162 573 ti.
2214 515 2350 599 Qum
2401 531 2530 587 ergo
2575 517 2815 573 emiserit
2856 533 2923 575 ex
2959 518 3088 575 Sion
3127 519 3328 592 virgam
3371 523 3584 599 virtutis

1999 600 2147 687 ejus,
2172 606 2296 682 quid
2328 600 2460 668 lict?
2498 608 2569 666 Et
2588 611 2852 667 dominare
2873 612 2926 667 in
2946 613 3112 668 medio
3130 613 3446 671 inimicorum
3474 598 3588 674 tuo-

1998 718 2133 757 rum.
2183 690 2338 759 Prius
2378 703 2638 759 dominare
2684 703 2738 759 in
2781 703 2945 779 medio
2981 703 3302 761 inimicorum
3340 716 3540 764 tuorum
3565 727 3587 765 :

1999 792 2148 869 inter.
2183 792 2476 863 frementes
2501 807 2705 868 gentes.
2756 795 3023 869 Numquid
3062 798 3206 855 enim
3247 808 3433 873 postea
3460 818 3583 858 cum

1999 886 2306 957 acceperint
2332 887 2589 944 honorem
2615 905 2769 945 suum
2800 889 2992 957 sancti,
3018 899 3073 945 et
3101 906 3251 946 suam
3282 890 3584 951 damnatio-

1999 993 2122 1033 nem
2153 966 2336 1050 impii,
2365 978 2417 1034 in
2458 978 2635 1036 medio
2673 964 3010 1045 inimicorum
3037 997 3253 1038 suorum
3285 970 3587 1041 dominabi-

1984 1064 2128 1126 tur?
2174 1072 2241 1126 Et
2278 1072 2402 1144 quid
2440 1062 2634 1129 mirum
2663 1073 2709 1128 si
2735 1083 2861 1129 tunc
2888 1072 3247 1131 dominabitur
3267 1118 3285 1145 ,
3316 1092 3497 1135 secum
3528 1079 3581 1134 in

1995 1172 2255 1219 mternum
2280 1164 2626 1249 regnantibus
2644 1164 2805 1236 justis
2828 1207 2844 1233 ,
2869 1174 2925 1222 et
2945 1167 3164 1222 aeternis
3190 1169 3361 1239 poenis
3387 1169 3583 1224 ardeo.

1995 1255 2137 1312 tibus
2176 1255 2399 1328 impiis?
2427 1254 2557 1337 quid
2598 1257 2790 1312 mirum
2836 1257 2882 1313 si
2929 1257 3094 1313 tunc?
3144 1258 3295 1315 Modo
3322 1260 3375 1315 in
3405 1259 3584 1317 medio

1994 1344 2335 1404 inimicorum
2364 1359 2597 1418 tuorum,
2622 1364 2762 1405 nunc
2786 1349 2841 1404 in
2869 1350 2970 1405 isto
2995 1351 3216 1406 transitu
3236 1353 3579 1418 sreculorum,

1994 1438 2048 1495 in
2079 1444 2182 1495 ista
2225 1442 2605 1513 propagatione
2629 1450 2682 1496 et
2724 1442 3063 1497 successione
3106 1444 3444 1499 mortalitatis
3473 1443 3576 1500 hu-

1993 1546 2167 1587 manae
2190 1572 2207 1601 ,
2240 1547 2380 1588 nunc
2420 1532 2547 1588 dum
2593 1526 2805 1588 torrens
2832 1542 3134 1604 temporum
3163 1536 3578 1604 praeterlabitur,

1992 1621 2060 1677 ad
2088 1621 2190 1678 hoc
2226 1623 2425 1680 directa
2454 1634 2538 1679 est
2558 1623 2705 1696 virga
2747 1623 2959 1679 virtutis
2987 1634 3090 1679 tuae
3113 1641 3176 1680 ex
3205 1625 3333 1683 Sion
3356 1668 3372 1695 ,
3401 1637 3459 1682 ut
3485 1626 3582 1684 do-

1992 1714 2214 1770 mineris
2265 1715 2319 1771 in
2368 1714 2545 1772 medio
2593 1715 2928 1771 inimicorum
2977 1697 3210 1771 tuorum.
3267 1718 3576 1787 Dominare,

1992 1809 2270 1868 dominare
2298 1811 2353 1866 in
2373 1811 2549 1867 medio
2588 1809 2922 1883 Paganorum
2944 1853 2960 1878 ,
2985 1809 3291 1867 Judaaorum
3311 1854 3327 1881 ,
3359 1809 3580 1869 haereti-

1991 1918 2176 1959 corum
2202 1945 2219 1973 ,
2248 1904 2503 1960 falsorum
2531 1898 2777 1960 fratrum.
2831 1904 3148 1974 Dominare,
3177 1902 3473 1975 dominare,
3506 1904 3580 1964 (ili

1991 1995 2176 2063 David,
2201 1997 2424 2053 Domine
2437 1997 2620 2065 David,
2639 1997 2921 2055 dominare
2945 1997 2998 2053 in
3020 1998 3198 2054 medio
3218 1998 3576 2070 Paganorum,

1988 2084 2315 2154 Iudaeorum,
2335 2088 2731 2159 haereticorum,
2752 2087 3006 2145 falsorum
3033 2091 3275 2147 fratrum.
3304 2089 3582 2165 Dominam

1988 2179 2043 2234 in
2080 2180 2246 2236 medio
2276 2182 2596 2237 inimicorum
2622 2191 2845 2237 tuorum.
2875 2180 3031 2245 Hune
3059 2199 3273 2238 versum
3303 2200 3408 2239 non
3431 2178 3579 2243 recte

1990 2271 2366 2345 intelligimus,
2407 2276 2453 2330 si
2492 2289 2597 2330 non
2630 2274 2744 2331 ﬁeri
2778 2275 2890 2349 jam
2915 2276 3176 2331 videmus.
3230 2276 3367 2333 Sede
3392 2294 3519 2351 ergo
3544 2294 3576 2333 a

1988 2364 2198 2445 dextris
2228 2369 2342 2435 Dei,
2376 2369 2647 2427 occultare
2678 2379 2737 2425 ut
2765 2369 3019 2435 credaris,
3050 2368 3224 2425 donec
3253 2370 3577 2439 impleantur

1989 2467 2231 2532 tempora
2255 2461 2511 2533 gentium.
2533 2459 2622 2517 Sic
2646 2461 2786 2516 enim
2814 2461 3067 2532 scriptum
3089 2469 3173 2516 est
3198 2479 3210 2515 :
3241 2448 3398 2526 Quem
3420 2477 3574 2533 opor-

1990 2553 2120 2607 tebat
2150 2552 2327 2609 eretum
2365 2555 2587 2626 recipere
2611 2596 2629 2627 ,
2660 2554 2816 2609 donec
2844 2553 3149 2626 impleantur
3185 2565 3426 2625 temporax
3448 2572 3574 2627 gen-

1989 2646 2114 2701 tium
2142 2644 2278 2719 (Act.
2310 2662 2387 2714 tu,
2414 2644 2528 2722 21).
2564 2646 2633 2703 Ut
2664 2647 2805 2703 enim
2836 2662 3143 2718 resurgercs
3167 2689 3182 2715 ,
3212 2658 3451 2704 mortuus
3479 2663 3573 2714 es;

1991 2746 2050 2809 ut
2076 2738 2397 2813 ascenderes
2421 2781 2437 2809 ,
2480 2738 2815 2821 resurrexislti
2839 2753 2854 2803 ;
2885 2747 2940 2792 ut
2966 2736 3182 2792 sederes
3212 2736 3278 2792 ad
3303 2736 3574 2793 dexteram

1990 2829 2199 2896 Patris,
2229 2830 2517 2885 ascendisti
2549 2847 2563 2884 :
2590 2845 2719 2901 ergo
2763 2838 2819 2885 ut
2863 2827 2931 2883 ad
2972 2828 3246 2883 dexteram
3276 2826 3447 2884 Patris
3487 2844 3575 2885 se-

1989 2921 2146 2978 deres
2169 2963 2183 2990 ,
2233 2932 2476 2978 mortuus
2523 2939 2603 2978 es.
2657 2922 2734 2977 De
2762 2921 2932 2977 morte
2956 2921 3097 2975 enim
3130 2922 3477 2988 resurrectio,
3508 2920 3578 2978 de

1990 3016 2381 3089 resurrectione
2405 3014 2683 3079 ascensio,
2733 3014 2800 3070 de
2842 3012 3153 3069 ascensione
3195 3012 3260 3067 ad
3303 3011 3577 3068 dexteram

1988 3107 2159 3183 sessio
2190 3125 2204 3162 :
2233 3106 2337 3162 hoc
2380 3115 2548 3162 totum
2578 3121 2708 3177 ergo
2754 3106 2916 3177 ccepit
2953 3120 2982 3159 a
3008 3113 3201 3160 morte.
3253 3103 3578 3161 Excellentia

1994 3197 2255 3254 claritatis
2283 3197 2463 3267 hujus,
2496 3196 2811 3269 principium
2840 3194 2999 3250 habet
3026 3195 3356 3249 humilitatis.
3386 3195 3461 3252 Te
3482 3196 3581 3251 ita-

1989 3306 2095 3367 que
2118 3291 2340 3373 sedente
2376 3290 2443 3345 ad
2468 3289 2737 3345 dexteram
2769 3288 2941 3343 Patris
2965 3328 2978 3350 ,
3023 3287 3308 3358 implentur
3339 3295 3577 3358 tempora

1989 3383 2227 3463 gentium
2250 3424 2267 3452 ,
2314 3391 2583 3454 ponuntur
2609 3380 2805 3437 inimici
2836 3394 3024 3435 omnes
3059 3378 3349 3434 scabellum
3379 3376 3576 3450 pedum

1991 3485 2225 3555 tuorum,
2253 3485 2307 3533 et
2331 3475 2398 3532 ad
2422 3475 2525 3531 hoc
2555 3485 2611 3530 ut
2636 3473 2996 3546 perveniatur,
3031 3462 3176 3543 prius
3205 3472 3580 3529 dominabcris

1991 3566 2047 3629 in
2084 3568 2260 3624 medio
2300 3567 2635 3623 inimicorum
2676 3576 2886 3622 tuorum
2918 3582 2932 3618 :
2965 3562 3031 3619 ad
3077 3562 3180 3620 hoc
3211 3564 3352 3619 enim
3383 3564 3579 3636 virgam

1989 3662 2309 3716 uirtutis‘tua:
2343 3660 2530 3715 emittet
2561 3658 2809 3714 Dominus
2828 3674 2891 3713 ex
2919 3656 3068 3712 Sion.
3100 3655 3169 3712 Ut
3189 3666 3365 3712 autem
3395 3672 3577 3713 more-
3638 3666 3643 3671 ‘

1990 3754 2127 3807 reris
2149 3792 2165 3819 ,
2211 3759 2268 3807 et
2296 3767 2392 3822 per
2421 3758 2646 3806 mortem
2693 3760 2836 3805 tuam
2865 3748 3135 3804 deleretur
3161 3746 3576 3819 chirographum

1991 3854 2327 3926 peccatorum
2356 3842 2572 3918 (Coloss.
2602 3859 2660 3910 ιι,
2692 3841 2806 3915 ll),
2838 3849 2892 3896 et
2911 3839 3291 3911 praedicaretur
3314 3841 3581 3911 pmniten-

1993 3938 2062 3993 tia
2087 3947 2138 3992 et
2184 3935 2429 3992 remissio
2474 3935 2788 3990 delictorum
2828 3947 2923 4003 per
2966 3946 3153 3985 omnes
3188 3941 3375 4002 gentes
3399 3974 3413 3999 ,
3446 3932 3579 3987 inci-

1992 4030 2258 4103 pientibus
2307 4031 2374 4086 ab
2419 4029 2756 4093 Jerusalem,
2808 4025 3021 4082 caecitas
3069 4023 3374 4079 ludat-orum
3432 4023 3578 4080 fecit.

1992 4124 2126 4180 Aliis
2156 4120 2514 4178 illuminandis
2538 4162 2551 4187 ,
2596 4119 2822 4174 aliorum
2856 4117 3067 4172 cincitas
3097 4115 3341 4171 militavit
3371 4134 3385 4171 :
3416 4135 3435 4169 ί
3465 4114 3582 4175 Ca:-

1993 4218 2123 4274 citas
2156 4236 2177 4271 »
2212 4215 2353 4272 enim
2388 4232 2407 4266 ‹
2442 4228 2508 4269 ex
2538 4220 2687 4283 parte
2714 4208 2878 4265 lsrael
2909 4207 3045 4263 facta
3074 4216 3188 4274 est,
3220 4215 3277 4263 ut
3307 4192 3580 4278 plenitudo

1994 4310 2241 4371 Gentium
2271 4309 2529 4373 intraret,
2557 4315 2612 4362 et
2647 4304 2725 4359 sic
2754 4302 2928 4358 omnis
2958 4299 3122 4356 lsrael
3152 4300 3332 4356 salvus
3371 4302 3520 4356 tieret
3556 4321 3575 4354 ι

1995 4405 2171 4473 (liam.
2200 4417 2274 4471 χι,
2294 4400 2412 4473 25).
2442 4418 2460 4452 ι
2485 4396 2708 4454 Caecitas
2729 4411 2794 4451 ex
2820 4403 2970 4465 parte
3000 4391 3159 4448 lsrael
3191 4390 3325 4447 facta
3348 4412 3367 4444 ι
3390 4388 3584 4447 occidit

1997 4507 2083 4564 te;
2123 4497 2331 4553 occisus
2366 4491 2703 4549 resurrexisti
2725 4530 2742 4556 ,
2786 4486 3043 4560 sanguine
3073 4496 3163 4541 tuo
3190 4493 3405 4557 peccata
3435 4484 3583 4541 Gen-

1998 4592 2128 4645 tium
2159 4586 2381 4653 diluisti,
2410 4585 2477 4639 ad
2503 4583 2777 4639 dexteram
2806 4578 2979 4634 Patris
3008 4577 3201 4633 sedens
3224 4576 3465 4647 undique
3495 4593 3584 4647 pu-

1997 4658 2191 4738 tieutes
2216 4689 2271 4735 et
2292 4678 2358 4734 ad
2399 4687 2449 4733 te
2476 4673 2848 4746 confugientes
2875 4670 3156 4742 collegisti.
3205 4688 3223 4720 ι
3254 4668 3414 4724 Facta
3445 4680 3527 4725 est
3564 4689 3581 4723 ι

1997 4788 2126 4849 ergo
2154 4790 2173 4824 ‹
2202 4770 2414 4826 caicitas
2439 4784 2505 4823 ex
2535 4774 2684 4838 parte
2715 4763 2873 4819 lsrael
2895 4804 2910 4828 ,
2943 4759 3079 4816 facta
3109 4771 3189 4817 est
3213 4768 3273 4815 ut
3310 4760 3586 4830 plenitudo

1997 4865 2245 4923 Gentium
2271 4862 2524 4925 intraret,
2554 4866 2608 4913 et
2633 4856 2710 4912 sic
2739 4854 2912 4911 omnis
2933 4852 3097 4910 lsrael
3124 4850 3301 4906 salvus
3330 4848 3479 4905 fieret
3508 4892 3521 4915 ,
3561 4868 3580 4901 ι

1998 4969 2053 5016 et
2091 4972 2278 5014 omnes
2308 4952 2506 5010 inimici
2537 4951 2611 5007 tui
2638 4957 2821 5007 essent
2850 4948 2867 4980 ¹
2895 4944 3184 5003 scabellum
3228 4934 3423 5016 pedum
3467 4950 3584 4997 tuo-

1998 5068 2137 5110 rum.
2165 5048 2270 5107 Sed
2299 5047 2402 5103 hoc
2430 5059 2588 5109 nunc,
2618 5050 2800 5115 postea
2826 5036 2993 5112 quid?

2070 5144 2156 5207 12.
2188 5141 2338 5217 [vers.
2366 5137 2446 5213 5.]
2492 5137 2676 5193 Tecum
2707 5133 3011 5208 principium
3047 5131 3100 5185 in
3128 5126 3209 5182 die
3239 5127 3436 5182 uirtutis
3460 5135 3579 5182 tum.

1998 5238 2129 5306 Quis
2158 5233 2256 5290 iste
2280 5232 2394 5288 dies
2421 5238 2502 5286 est
2522 5227 2735 5285 virtutis
2763 5223 2918 5296 ejus?
2943 5218 3166 5291 Quando
3192 5234 3312 5273 cum
3331 5218 3420 5273 illo
3448 5219 3582 5289 prin-

1999 5329 2196 5400 cipium
2222 5367 2235 5392 ,
2268 5324 2350 5381 vel
2372 5321 2511 5394 quod
2544 5318 2863 5395 principium
2885 5356 2900 5380 ,
2943 5313 3025 5368 vel
3054 5309 3321 5382 quomodo
3340 5325 3460 5366 cum
3490 5310 3583 5367 illo

2001 5419 2314 5492 principium
2338 5432 2355 5484 ;
2402 5409 2830 5487 quandoquidem
2852 5414 2905 5462 et
2931 5406 3045 5475 ipse
3073 5401 3431 5474 principium?
3474 5400 3583 5459 Ad-

1994 5515 2144 5587 juvet
2171 5512 2428 5568 Dominus
2450 5548 2468 5577 ,
2499 5516 2557 5563 ut
2594 5519 2694 5561 nec
2720 5501 2849 5558 mihi
2877 5499 3056 5587 dicere
3082 5497 3440 5569 perturbetur,
3482 5508 3582 5553 nec

1999 5582 2150 5665 vobis
2187 5602 2391 5660 audire.
2441 5597 2612 5654 Video
2648 5594 2789 5650 enim
2829 5582 2970 5662 quod
3013 5588 3123 5660 jam
3164 5586 3360 5645 factum
3390 5596 3504 5657 est,
3531 5596 3585 5646 et

2001 5676 2274 5753 vobiscum
2310 5672 2467 5748 video
2518 5670 2686 5744 oculis
2734 5684 2900 5739 fidei:
2931 5682 3103 5739 oculis
3154 5680 3364 5755 quoque
3407 5680 3587 5736 carnis

2042 5800 2085 5833 -ι
2120 5798 2445 5853 Restituimus,
2467 5790 2556 5849 tui,
2569 5797 2640 5849 et,
2658 5796 2830 5848 essem,
2854 5800 2919 5837 ex
2942 5793 3018 5836 Fr.
3041 5786 3189 5853 Lugd.
3216 5794 3338 5853 ven.
3375 5790 3428 5834 et
3453 5790 3585 5845 Lov.;

2002 5874 2206 5926 quorum
2230 5850 2503 5926 verborum
2521 5853 2629 5904 loco
2653 5854 2700 5902 in
2722 5859 2770 5901 Β.
2787 5858 2978 5902 notatur
3001 5850 3059 5900 ad
3081 5850 3353 5914 marginem
3377 5859 3390 5896 :
3424 5863 3448 5893 α
3465 5853 3584 5912 sup-

2007 5919 2107 5989 ple,
2130 5919 2318 5988 ﬁerent.
2344 5936 2366 5966 ι
2467 5924 2522 5968 n.
