4070 6500
538 436 562 502 ι
575 441 678 503 A55

538 560 696 614 video
723 554 860 626 quod
901 553 1012 623 jam
1053 553 1148 616 ﬁt,
1179 562 1469 620 rursusque
1498 547 1665 603 oculis
1699 545 1819 601 ﬁdei
1847 546 2122 601 vobiscum

541 665 700 721 spero
731 646 870 718 quod
905 647 1140 698 futurum
1168 651 1270 696 est.
1303 639 1440 709 Quid
1463 655 1588 711 ergo
1613 638 1810 694 factum
1841 637 1964 694 est?
1994 634 2123 707 quid

538 743 644 797 fit?
685 740 808 811 quid
840 739 1070 792 ﬁiturum
1097 734 1216 792 est?
1257 733 1499 789 Christus
1526 748 1712 803 passus
1736 740 1852 800 est,
1883 741 2125 786 mortuus

541 842 643 898 εει,
676 831 965 889 resurrexit
996 829 1144 884 tertia
1177 827 1264 882 die
1287 869 1303 893 ,
1334 826 1573 882 ascendit
1603 827 1654 880 in
1681 826 1876 882 caelum
1903 867 1917 890 ,
1946 834 2006 879 ut
2027 838 2126 879 no-

539 930 735 992 vimus,
763 923 1166 996 qnadragesimo
1191 920 1276 977 die
1299 961 1314 987 ,
1347 921 1498 976 sedet
1518 920 1582 975 ad
1614 920 1884 976 dexteram
1915 919 2122 974 Patris:

541 1021 644 1076 hoc
668 1022 776 1090 jam
806 1020 996 1072 factum
1029 1024 1107 1072 est
1129 1057 1144 1080 ,
1173 1013 1277 1070 hoc
1294 1028 1399 1069 non
1423 1012 1673 1079 vidimus,
1715 1011 1809 1067 sed
1830 1011 2121 1066 credimus.

541 1113 675 1180 Quid
703 1127 842 1166 nunc
871 1109 970 1164 ﬁt?
1011 1107 1321 1163 Dominatnr
1351 1106 1405 1161 in
1435 1105 1610 1160 medio
1637 1103 1972 1158 inimicorum
2003 1116 2127 1156 suo-

541 1223 657 1261 rum
681 1247 693 1268 ,
733 1203 926 1260 emissa
966 1202 1110 1272 virga
1150 1199 1361 1254 virtutis
1391 1197 1505 1268 ejus
1539 1213 1603 1253 ex
1629 1196 1796 1259 Sion;
1829 1195 1889 1250 ﬁt
1915 1195 2048 1260 hoc,
2072 1192 2128 1248 id

540 1301 730 1370 agitur.
776 1296 1022 1350 Formam
1072 1293 1211 1348 servi
1241 1293 1259 1324 ¹
1286 1301 1340 1347 ει
1379 1299 1698 1362 praesentem
1729 1296 1854 1342 tunc
1883 1288 2129 1341 viderunt

542 1391 704 1452 servi,
739 1400 790 1444 et
817 1388 1091 1443 absentem
1115 1399 1256 1439 nunc
1284 1383 1506 1438 credunt
1532 1382 1691 1437 servi.
1723 1380 1837 1435 Hoc
1861 1377 2129 1434 credimus

542 1484 608 1538 de
638 1485 803 1538 forma
831 1480 1006 1545 servi,
1050 1477 1188 1548 quod
1219 1491 1501 1546 possumus
1525 1489 1717 1544 capere
1741 1515 1756 1540 ,
1805 1473 1930 1527 dum
1957 1470 2130 1526 adhuc

543 1590 728 1631 sumus
743 1573 902 1628 servi.
935 1572 1044 1627 lloc
1063 1579 1143 1624 est
1172 1569 1312 1624 enim
1332 1567 1460 1621 illud
1490 1566 1570 1621 lac
1598 1565 1959 1636 parvulorum,
1987 1561 2129 1632 quod

545 1665 879 1736 temperavit,
910 1677 1101 1733 panem
1131 1659 1397 1729 trajiciens
1425 1673 1520 1728 per
1542 1672 1776 1712 carnem.
1821 1653 1952 1710 Nam
1979 1651 2129 1722 panis

544 1757 636 1813 ille
664 1756 1012 1826 Angelorum,
1046 1753 1097 1806 in
1132 1751 1392 1823 principio
1419 1758 1534 1804 erat
1558 1748 1790 1802 Verbum
1826 1763 1839 1798 :
1866 1754 1922 1800 ut
1951 1754 2129 1800 tamen

542 1865 736 1920 panem
783 1846 1103 1917 Angelorum
1157 1841 1498 1896 rnanducaret
1541 1839 1702 1893 homo
1729 1837 1896 1912 (Psal.
1929 1851 2125 1902 Lxxvn,

540 1941 637 2012 25)
666 1982 682 2008 ,
710 1937 930 1994 Creator
966 1935 1288 2007 Angelorum
1327 1933 1496 1987 factus
1534 1942 1616 1986 est
1659 1931 1838 1985 homo.
1871 1929 1945 1982 lla
1976 1927 2130 1983 nobis

541 2030 779 2087 Verbum
808 2028 1141 2083 incarnatum
1169 2025 1360 2079 factum
1391 2032 1472 2078 est
1499 2021 1802 2092 receptibile
1832 2017 2016 2090 :"quod
2042 2033 2131 2074 re-

542 2125 720 2194 cipere
757 2136 862 2176 non
893 2119 1192 2174 valercmus
1213 2157 1228 2182 ,
1270 2116 1314 2169 si
1355 2115 1520 2169 Filius
1547 2112 1763 2181 :equalis
1792 2111 1901 2166 Deo
1934 2126 2036 2164 non
2069 2125 2130 2166 se

542 2215 848 2272 exinaniret
867 2211 1090 2266 formam
1113 2209 1251 2263 servi
1278 2207 1560 2277 accipiens,
1592 2207 1644 2259 in
1669 2204 2015 2260 similitudine
2033 2203 2132 2258 ho-

543 2308 746 2362 minum
775 2303 941 2358 factus
964 2345 979 2365 ,
1011 2309 1066 2356 et
1095 2299 1275 2354 habitu
1306 2299 1549 2352 inventus
1579 2304 1635 2350 ut
1675 2295 1834 2350 homo
1870 2293 2124 2366 (Philipp.

539 2414 599 2464 ιι,
622 2397 656 2453 6
693 2405 740 2451 et
770 2394 847 2468 7).
881 2393 948 2451 Ut
974 2407 1101 2463 ergo
1142 2400 1428 2460 utcumque
1466 2402 1659 2459 capere
1701 2400 1981 2458 possemus
2005 2400 2125 2439 eum

541 2491 633 2562 qui
657 2504 763 2544 non
791 2494 972 2558 posset
1007 2484 1123 2556 capi
1149 2499 1177 2538 a
1211 2483 1521 2538 mortalibus
1540 2523 1554 2545 ,
1584 2480 1823 2534 mortalis
1849 2477 2018 2533 factus
2043 2487 2129 2534 est

540 2580 892 2645 immortalis;
920 2585 979 2632 ut
1008 2583 1219 2648 peracta
1246 2589 1341 2629 sua
1369 2581 1540 2629 morte
1561 2571 1756 2626 faceret
1776 2569 2124 2637 immortales,

540 2683 596 2729 et
624 2671 822 2742 aliquid
863 2669 1014 2725 daret
1056 2665 1445 2738 inspiciendum
1471 2707 1485 2732 ,
1530 2663 1729 2734 aliquid
1775 2663 2124 2729 credendum,

541 2763 738 2834 aliquid
780 2770 898 2833 post
941 2759 1250 2815 videndum.
1306 2757 1693 2827 lnSpiciendam
1725 2755 1871 2811 dedit
1899 2755 2125 2810 formam

539 2856 679 2911 servi
721 2855 1104 2926 prmsentibus,
1144 2868 1248 2906 non
1280 2851 1449 2905 solum
1481 2850 1646 2905 oculis
1681 2849 2002 2914 videndam,
2030 2847 2127 2904 sed

539 2951 697 3005 etiam
751 2947 995 3002 manibus
1037 2942 1482 3014 pertractandam.
1532 2941 1667 2996 Cum
1713 2941 1899 2996 eadem
1956 2940 2128 2995 forma

539 3039 777 3096 ascendit
803 3038 856 3093 in
878 3037 1070 3093 coelum
1089 3076 1103 3100 ,
1142 3035 1362 3090 credere
1399 3033 1550 3087 nobis
1575 3031 1733 3102 jussit
1751 3030 1893 3101 quod
1917 3031 2021 3086 illis
2041 3032 2122 3086 vi-

541 3134 670 3189 dere
703 3129 990 3187 concessit.
1029 3127 1135 3182 Sed
1161 3135 1216 3182 et
1241 3141 1337 3183 nos
1362 3125 1619 3180 habemus
1643 3123 1782 3195 quod
1813 3124 2122 3179 videamus:

538 3225 616 3281 illi
643 3225 784 3280 enim
804 3223 1053 3277 viderunt
1079 3220 1280 3289 virgam
1307 3217 1558 3274 emissam
1581 3232 1647 3272 ex
1676 3216 1827 3283 Sion,
1850 3231 1950 3272 nos
1978 3216 2126 3272 vide-

539 3332 660 3372 mus
685 3314 947 3371 dominari
978 3312 1029 3367 in
1061 3309 1238 3366 medio
1268 3309 1602 3364 inimicorum
1630 3323 1868 3363 suorum.
1907 3307 2021 3363 Hoc
2045 3315 2126 3364 to-

537 3418 652 3464 tum
669 3450 685 3477 ,
715 3407 904 3462 fratres
929 3447 943 3473 ,
969 3403 1199 3474 pertinet
1226 3402 1291 3456 ad
1319 3401 1767 3471 diSpensationem
1793 3399 1979 3455 formae
2006 3413 2124 3456 ser-

540 3499 661 3554 vilis
681 3539 697 3565 ,
729 3513 848 3567 qua:
887 3494 1234 3550 tolerabiliter
1262 3493 1467 3562 capitur
1494 3508 1525 3547 a
1552 3493 1721 3547 servis
1744 3534 1757 3556 ,
1786 3501 1841 3548 et
1861 3499 2071 3547 amatur
2091 3507 2124 3548 ιι

538 3591 730 3645 futuris
763 3588 960 3643 liberis.
996 3585 1200 3642 Veritas
1218 3585 1360 3641 enim
1403 3584 1847 3640 incommutabilis
1875 3583 2018 3654 quod
2042 3593 2126 3640 est

540 3683 776 3739 Verbum
807 3681 933 3748 Dei,
967 3681 1110 3735 Deus
1133 3679 1271 3750 apud
1298 3678 1462 3733 Deum
1487 3717 1504 3744 ,
1536 3693 1630 3747 per
1654 3675 1808 3747 quem
1839 3678 1975 3732 facta
1999 3685 2124 3732 sunt

538 3777 747 3843 omnia,
795 3777 847 3831 in
878 3791 937 3831 se
973 3789 1194 3829 manens
1225 3774 1442 3828 innovat
1478 3771 1654 3825 omnia
1688 3769 1841 3843 (Sap.
1873 3784 1980 3837 vn,
2001 3769 2118 3842 27).

537 3870 686 3926 Ilauc
714 3879 772 3923 ut
803 3867 1074 3922 videamus
1097 3907 1111 3931 ,
1139 3880 1328 3935 magna
1354 3873 1408 3919 et
1433 3863 1666 3932 perfecta
1692 3862 1870 3916 cordis
1909 3860 2119 3916 mundi-

537 3965 610 4020 tia
628 3961 926 4019 necessaria
943 3969 1044 4025 est,
1063 3975 1181 4028 qua:
1204 3958 1261 4012 ﬁt
1279 3973 1372 4027 per
1389 3956 1568 4012 ﬁdem.
1593 3956 1957 4010 Demonstrata
1980 3953 2122 4010 enim

537 4059 706 4113 forma
741 4055 913 4120 servi,
960 4052 1121 4108 dilata
1146 4053 1166 4082 ²
1197 4060 1279 4106 εει
1305 4050 1368 4105 ad
1399 4049 1864 4104 demonstrandam
1896 4047 2120 4102 formam

537 4151 654 4206 Dei.
685 4150 826 4205 idem
854 4148 1046 4218 quippe
1074 4145 1126 4200 in
1156 4143 1324 4202 forma
1366 4143 1504 4200 servi
1556 4144 1780 4214 loquens
1818 4142 1985 4198 servis
2012 4142 2119 4196 ait:

544 4261 563 4292 ι
599 4241 698 4308 Qui
720 4240 889 4309 diligit
916 4253 1036 4301 me,
1065 4237 1312 4290 mandata
1345 4251 1463 4290 mea
1495 4235 1726 4290 custodit
1753 4253 1765 4288 :
1799 4245 1853 4290 et
1878 4235 1965 4304 qui
1997 4233 2121 4287 dili-

536 4335 614 4405 git
640 4347 724 4386 me
747 4372 763 4398 ,
809 4330 1058 4399 diligetur
1080 4344 1110 4383 a
1143 4328 1296 4382 Patre
1325 4343 1448 4382 meo
1473 4346 1486 4393 ;
1519 4336 1568 4382 et
1608 4343 1706 4396 ego
1733 4326 1946 4397 diligam
1975 4343 2118 4392 eum,

537 4433 592 4479 et
616 4421 889 4478 ostendam
922 4422 1180 4490 meipsum
1213 4418 1286 4472 illi
1317 4437 1335 4470 ι
1368 4417 1541 4488 (Joan.
1575 4434 1694 4481 xrv,
1725 4418 1836 4488 2f).
1883 4416 2122 4472 Videnti-

536 4518 637 4573 bus
667 4533 725 4572 se
752 4514 992 4586 promisit
1026 4513 1514 4567 demonslraturum
1544 4525 1621 4564 se.
1669 4509 1806 4578 Quid
1835 4509 2121 4565 videbant?

537 4608 661 4680 quid
691 4602 1066 4677 promittebat?
1103 4601 1365 4657 Videbant
1394 4601 1614 4654 formam
1638 4601 1775 4655 servi
1802 4642 1816 4667 ,
1850 4602 2122 4672 promitte-

537 4703 627 4757 bat
657 4700 880 4754 formatn
910 4696 1022 4752 Dei.
1058 4693 1354 4758 Ostendam,
1389 4692 1577 4761 inquit,
1603 4692 1847 4763 meipsum
1873 4692 1966 4746 illi.
2003 4693 2119 4763 Ipsa

540 4805 623 4850 est
646 4792 860 4849 claritas
887 4788 954 4843 ad
983 4803 1140 4859 quam
1187 4785 1493 4856 perducitur
1534 4799 1752 4854 regnum
1797 4784 1936 4855 quod
1963 4784 2121 4840 modo

540 4888 765 4944 transitu
815 4882 992 4939 saeculi
1045 4878 1201 4948 hujus
1247 4877 1509 4946 colligitur
1555 4894 1568 4930 :
1615 4875 1826 4930 ducitur
1869 4876 2010 4931 enim
2053 4877 2120 4931 ad

535 4978 818 5053 quamdam
847 4973 1108 5028 visionem
1138 4968 1481 5034 ineffabilem,
1516 4983 1672 5039 quam
1701 4983 1805 5022 non
1837 4968 2122 5023 merebun-

537 5085 623 5130 tur
655 5071 820 5141 impii.
862 5067 1122 5123 Czeternm
1155 5063 1320 5116 forma
1347 5062 1485 5117 servi
1520 5076 1639 5116 cum
1680 5061 1767 5115 hic
1803 5072 1978 5129 esset,
2011 5062 2120 5138 visa

538 5177 619 5224 est
648 5166 714 5220 ab
759 5161 932 5230 impiis
962 5176 976 5212 :
1010 5157 1256 5212 viderunt
1292 5170 1407 5207 eam
1447 5155 1532 5224 qui
1563 5154 1930 5218 crediderunt,
1974 5153 2117 5209 vide-

537 5267 662 5316 runt
691 5267 743 5312 et
768 5255 855 5324 qui
883 5250 1210 5306 occiderunt.
1251 5246 1327 5301 Ne
1361 5245 1560 5315 aliquid
1592 5261 1837 5315 magnum
1867 5254 2017 5315 putes
2039 5246 2118 5300 vi-

542 5352 656 5405 deri
681 5349 905 5403 formam
936 5344 1096 5408 illam,
1130 5340 1370 5394 viderunt
1391 5337 1566 5401 amici,
1603 5336 1850 5392 viderunt
1881 5337 2118 5404 inimici;

541 5453 597 5500 et
626 5441 838 5511 quidam
882 5437 1124 5491 videntes
1171 5431 1595 5496 interfecerunt,
1640 5430 1854 5500 quidam
1899 5447 2003 5486 non
2044 5432 2122 5485 vi-

545 5535 734 5590 dentes
772 5529 1131 5586 cretliderunt.
1176 5525 1324 5579 Hanc
1346 5538 1472 5595 ergo
1499 5523 1720 5576 formam
1743 5521 1917 5588 servi,
1963 5539 2120 5593 quam

543 5627 631 5682 hic
655 5626 763 5695 jam
807 5623 860 5676 in
903 5620 1203 5675 humilitate
1227 5615 1473 5672 viderunt
1498 5622 1552 5670 et
1576 5613 1645 5685 pii
1671 5623 1724 5670 et
1754 5613 1899 5685 impii
1925 5656 1942 5681 ,
1967 5615 2122 5671 vide-

605 5785 622 5814 ι
658 5781 732 5830 Sic
754 5785 860 5827 Mss.
897 5781 954 5825 At
983 5773 1117 5834 Edd.,
1143 5770 1197 5822 id
1220 5769 1378 5838 agitur
1399 5769 1453 5822 in
1471 5771 1628 5835 fbrma
1647 5770 1775 5822 serui
1799 5781 1819 5822 :
1843 5775 1892 5822 et
1911 5780 2124 5834 prasen-

540 5849 907 5969 mg'aifctugd.
933 5908 1052 5953 Ven.
1076 5903 1129 5950 et
1151 5901 1279 5961 Dom,
1302 5895 1520 5950 dilatata.
1646 5904 1700 5949 Μ.

1780 431 1837 490 ε.
1877 393 2245 489 Auensrmt
2283 423 2584 518 EPISCOPI

3647 428 3774 492 ιιεε

2232 541 2364 597 bunt
2389 515 2442 597 et
2472 541 2523 596 in
2544 537 2744 610 judicio
2764 544 2816 594 et
2843 536 2914 609 pii
2942 545 2995 592 et
3029 535 3195 609 impii.
3223 535 3354 594 Cum
3388 539 3522 596 enim
3543 541 3773 606 Dominus

2227 642 2354 690 ante
2386 635 2568 691 oculos
2596 632 2977 704 discipulorum
3017 647 3232 687 suorum
3259 617 3480 689 ferretur
3500 635 3547 688 in
3574 639 3773 706 oculum,

2231 728 2531 784 sonuitvox
2567 727 2803 797 angelica
2835 723 3162 780 intuentibus
3184 741 3302 779 eum
3338 743 3350 780 :
3384 744 3404 778 ι
3433 726 3540 784 Viri
3572 728 3773 801 Galilei,

2232 822 2356 892 quid
2381 821 2530 875 statis
2552 820 2818 875 intuentes
2845 820 2896 873 in
2926 818 3166 876 etelum?
3203 818 3306 873 Iste
3329 817 3480 877 Jcsus
3501 821 3572 877 sic
3598 825 3776 893 veniet,

2233 913 2500 985 quomodo
2521 929 2642 969 eum
2666 913 2868 968 vidistis
2885 923 3099 968 euntem
3122 911 3172 966 in
3199 913 3391 968 ccelum
3420 933 3438 966 ι
3470 915 3600 986 (Act.
3626 919 3778 992 1,“).

2235 1004 2325 1059 Sic
2360 1019 2518 1074 ergo,
2548 1005 2653 1070 sic,
2701 1004 2752 1058 in
2779 1003 2966 1060 eadem
3007 1003 3174 1058 forma
3218 1021 3232 1059 :
3275 1005 3393 1075 quia
3431 1005 3497 1061 de
3521 1005 3686 1078 impiis
3706 1010 3780 1067 di-

2233 1105 2376 1150 ctum
2420 1107 2530 1161 est,
2589 1092 2836 1150 Videbunt
2877 1097 2928 1150 in
2954 1112 3100 1166 quem
3140 1106 3457 1168 pupugerunt
3497 1096 3670 1169 (Zach.
3698 1115 3780 1170 xu,

2235 1187 2347 1261 10).
2388 1188 2649 1243 Videbunt
2673 1187 3029 1258 judicaturum
3052 1230 3066 1254 ,
3098 1204 3256 1258 quem
3297 1188 3569 1243 irriserunt
3595 1189 3784 1260 judica-

2234 1289 2366 1334 tum.
2394 1280 2509 1350 Ipsa
2537 1282 2713 1350 itaque
2745 1280 2914 1335 forma
2940 1280 3078 1334 servi
3101 1280 3150 1334 in
3174 1279 3377 1350 judicio
3399 1281 3673 1350 conspicua
3699 1285 3790 1340 erit

2233 1383 2289 1429 et
2307 1373 2466 1444 justis
2494 1383 2547 1428 et
2577 1373 2787 1443 injustis
2812 1415 2825 1439 ,
2873 1382 2926 1428 et
2951 1373 3051 1444 piis
3077 1382 3131 1428 ει
3167 1372 3343 1442 impiis
3363 1414 3378 1438 ,
3419 1382 3473 1427 et
3499 1372 3721 1428 ﬁdelibus
3743 1384 3789 1430 et

2234 1466 2555 1522 inﬁdelibus.
2596 1466 2732 1534 Quid
2757 1482 2885 1538 ergo
2925 1467 3070 1536 impii
3107 1482 3212 1521 non
3249 1466 3540 1522 videbunt?
3586 1466 3707 1523 Nam
3734 1470 3789 1524 de

2235 1558 2429 1628 quibus
2456 1558 2653 1612 dictum
2689 1567 2799 1624 est,
2840 1555 3092 1612 Videbunt
3117 1558 3169 1611 in
3189 1573 3334 1628 quem
3361 1568 3706 1629 pupugerunt;
3732 1559 3790 1616 de

2234 1651 2364 1721 ipsis
2391 1666 2601 1706 rursum
2641 1651 2838 1706 dictum
2866 1660 2979 1719 est,
3031 1649 3263 1704 Tollalur
3289 1651 3498 1720 impius.
3534 1661 3701 1714 utnon
3725 1652 3792 1707 vi-

2234 1741 2349 1796 deat
2375 1742 2658 1796 claritatem
2690 1741 2893 1796 Domini
2913 1739 3067 1812 (lsai.
3098 1757 3241 1808 xxvr,
3275 1741 3391 1813 10).
3416 1741 3551 1808 Quid
3578 1751 3658 1797 est
3685 1743 3790 1809 hoc,

2232 1834 2465 1892 fratres?
2508 1836 2916 1904 Discernamns,
2957 1835 3304 1891 discutiamus
3335 1835 3376 1890 ί.
3429 1835 3798 1890 Excitaturim-

2233 1929 2372 1999 pius,
2403 1937 2462 1983 ut
2481 1927 2675 1998 aliquid
2704 1927 2910 1991 videat;
2944 1927 3146 1982 tollitur
3166 1927 3382 1996 impius,
3409 1935 3467 1982 ut
3493 1925 3682 1997 aliquid
3704 1942 3796 1982 non

2233 2020 2430 2076 videat.
2480 2020 2595 2075 Jam
2625 2019 2752 2090 quid
2790 2021 2860 2074 sit
2883 2019 3125 2087 visurus,
3164 2010 3544 2085 ostendimus;
3593 2019 3798 2074 fortnam

2234 2111 2378 2166 illam
2395 2111 2461 2165 de
2488 2126 2588 2181 qua
2619 2111 2820 2166 dictum
2842 2121 2944 2177 est,
2973 2110 3062 2167 Sic
3090 2111 3268 2167 veniet.
3297 2110 3438 2177 Quid
3460 2126 3586 2182 ergo
3611 2125 3708 2164 non
3729 2117 3802 2166 est

2231 2204 2441 2259 visurus
2460 2204 2486 2258 ἲ
2510 2203 2575 2258 Et
2595 2205 2854 2258 ostendam
2871 2205 3116 2274 meipsnm
3135 2205 3230 2259 illi.
3251 2206 3392 2273 Quid
3413 2217 3517 2270 est,
3539 2205 3804 2276 meipsnnt.’

2231 2293 2346 2350 Non
2372 2295 2594 2350 formam
2621 2298 2782 2353 servi.
2823 2296 2958 2366 Quid
2987 2306 3086 2360 est.
3106 2297 3357 2368 meipsum
3379 2300 3405 2353 γ
3434 2297 3677 2353 Formam
3701 2297 3800 2362 Dei,

2233 2389 2286 2444 in
2309 2404 2409 2460 qua
2446 2405 2552 2444 non
2589 2391 2828 2459 rapinam
2860 2389 3144 2445 arbitratus
3171 2406 3286 2444 sum
3316 2405 3441 2446 esse
3469 2391 3684 2462 :equalis
3705 2390 3805 2446 Deo

2233 2482 2492 2555 (Philipp.
2513 2499 2570 2551 ιι,
2595 2484 2684 2539 ﬁet
2702 2484 2781 2555 7).
2813 2483 2948 2551 Quid
2967 2493 3067 2552 est,
3093 2502 3110 2535 ι
3134 2484 3442 2555 meipsum?
3465 2482 3804 2549 Dilectissimi,

2232 2573 2324 2629 ﬁlii
2369 2575 2465 2631 Dei
2514 2589 2731 2642 sumus,
2781 2587 2835 2631 et
2881 2576 3116 2631 nondum
3142 2577 3393 2646 apparuit
3419 2576 3546 2648 quid
3576 2577 3805 2632 erimus:

2233 2666 2432 2722 scimus
2460 2665 2579 2735 quia
2606 2682 2728 2721 cum
2755 2666 3084 2737 apparuerit,
3107 2667 3312 2722 similes
3346 2668 3396 2722 ei
3428 2668 3627 2722 erimus
3651 2683 3664 2732 ;
3691 2678 3810 2734 quo-

2231 2758 2374 2812 niam
2401 2757 2698 2812 videbimus
2725 2773 2846 2812 eum
2877 2759 3030 2813 sicuti
3057 2768 3140 2813 est
3167 2777 3186 2810 ι
3209 2757 3252 2829 (l
3279 2757 3445 2812 Joan.
3474 2774 3554 2826 ιιι,
3588 2756 3667 2826 2).
3696 2754 3810 2810 Haec

2232 2850 2448 2906 claritas
2481 2851 2572 2904 Dei
2598 2861 2682 2906 est
2711 2850 2992 2904 ineffabilis
3026 2849 3113 2904 lux
3134 2893 3148 2916 ,
3195 2848 3316 2904 fons
3362 2849 3500 2905 lucis
3543 2850 3655 2903 sine
3676 2862 3812 2902 com-

2231 2941 2580 2998 mutabilitate
2602 2983 2618 3008 ,
2655 2942 2852 2997 veritas
2880 2943 2996 2998 sine
3021 2941 3254 3009 defectu,
3277 2941 3548 3012 sapientia
3571 2941 3622 2995 in
3652 2941 3812 3010 seipse

2231 3050 2476 3100 manens,
2526 3036 2788 3090 innovans
2827 3036 3005 3090 omnia
3039 3054 3052 3089 :
3091 3035 3205 3090 htec
3241 3037 3547 3091 substantia
3593 3034 3683 3089 Dei
3719 3039 3812 3088 est.

2231 3128 2415 3200 Itaque
2443 3129 2658 3184 tolletur
2681 3129 2875 3200 impius
2897 3171 2912 3195 ,
2946 3137 3003 3184 ut
3039 3145 3144 3184 non
3180 3129 3367 3185 videat
3393 3131 3539 3185 hunc
3566 3129 3815 3184 honorem

2229 3220 2461 3276 Domini.
2494 3219 2636 3276 Beati
2657 3220 3186 3286 enimmundicordes,
3218 3223 3344 3293 quia
3375 3222 3478 3293 ipsi
3501 3221 3664 3276 Deum
3691 3219 3816 3273 ride-

2228 3311 2349 3368 bunt
2379 3312 2589 3387 (Matth.
2625 3329 2678 3383 v,
2705 3314 2784 3385 8).

2301 3407 2390 3464 15.
2432 3407 2653 3463 Videtur
2689 3422 2815 3478 ergo
2858 3407 2986 3462 mihi
3013 3449 3026 3475 ,
3060 3407 3254 3464 fratres
3277 3448 3292 3476 ,
3329 3417 3600 3480 quantum
3632 3413 3820 3463 nostra:

2227 3499 2508 3573 capacitati
2541 3500 2800 3555 Dominus
2831 3500 3089 3572 impertiri
3121 3500 3392 3572 dignatur,
3439 3501 3510 3557 de
3544 3502 3662 3572 ipso
3691 3508 3820 3554 terno

2227 3608 2400 3664 pore:
2431 3593 2476 3647 si
2507 3601 2680 3648 tamen
2728 3592 3011 3648 dicendum
3061 3601 3177 3662 est,
3222 3602 3476 3665 tempore
3502 3597 3555 3660 ’;
3601 3590 3822 3664 quodam

2228 3687 2370 3743 enim
2403 3696 2644 3757 tempore
2671 3687 2879 3742 venturi
2918 3702 3104 3743 sumus
3145 3686 3210 3742 ad
3247 3703 3362 3743 non
3415 3698 3634 3757 tempus
3663 3704 3677 3741 :
3708 3682 3822 3739 inde

2227 3779 2360 3835 mihi
2386 3778 2595 3833 videtur
2622 3778 2855 3845 dictum;
2885 3778 3024 3849 quod
3057 3779 3174 3834 sine
3202 3775 3529 3848 pnejudicio
3560 3777 3756 3842 dicam,
3782 3773 3826 3830 si

2228 3870 2351 3940 quis
2376 3870 2676 3941 intelligere
2703 3869 2903 3940 aliquid
2943 3870 3155 3937 melius,
3196 3871 3538 3941 expeditius,
3575 3867 3824 3941 probabi-

2227 3961 2334 4018 lius
2358 3962 2524 4032 possit
2548 3981 2560 4016 :
2592 3961 2713 4017 inde
2741 3960 2870 4016 mihi
2898 3961 3105 4016 videtur
3128 3961 3331 4016 dictum
3353 4006 3369 4030 ,
3396 3961 3600 4019 Tecum
3641 3958 3827 4033 princi-

2227 4056 2368 4127 piunt
2392 4056 2446 4110 in
2471 4056 2551 4109 die
2579 4055 2776 4109 uirtutis
2804 4065 2921 4109 tute.
2954 4054 3192 4125 Denique
3219 4054 3325 4109 hoc
3347 4099 3361 4121 ,
3388 4067 3659 4126 quantum
3683 4061 3823 4124 puto,

2226 4164 2384 4206 versu
2427 4158 2784 4219 consequente
2821 4148 2949 4202 satis
2989 4147 3254 4217 explanat.
3287 4147 3434 4216 Quia
3467 4149 3619 4205 enim
3653 4157 3705 4203 ct
3746 4144 3830 4200 hic

2225 4232 2366 4297 dicta
2395 4249 2479 4296 est
2505 4242 2673 4296 virtus
2711 4240 2856 4310 ejus,
2897 4255 3000 4310 qua
3030 4240 3252 4309 subjecit
3290 4250 3498 4311 gentes
3545 4242 3676 4312 jugo
3705 4252 3826 4303 suo,

2226 4347 2330 4403 qua
2373 4333 2560 4388 stravit
2589 4333 2814 4403 populos
2836 4373 2853 4400 ,
2904 4347 3010 4386 non
3041 4330 3183 4387 ferro
3207 4374 3222 4399 ,
3272 4333 3377 4388 sed
3411 4333 3565 4405 ligno
3591 4374 3606 4401 ,
3654 4331 3754 4389 etsi
3783 4330 3835 4386 in

2226 4439 2387 4480 carne
2410 4465 2425 4491 ,
2451 4425 2549 4479 etsi
2576 4424 2628 4478 in
2655 4417 2951 4478 humilitate
2976 4465 2991 4490 ,
3023 4423 3122 4478 etsi
3153 4423 3331 4479 adhuc
3361 4436 3637 4495 quantum
3669 4420 3834 4481 servi-

2227 4515 2292 4569 lis
2317 4515 2485 4570 forma
2517 4516 2710 4585 patitur
2732 4556 2747 4582 ,
2784 4514 2990 4584 capitur
3017 4523 3192 4568 tamen
3234 4529 3439 4586 magna
3473 4517 3654 4572 virtus
3686 4515 3837 4585 ejus;

2226 4608 2346 4679 quia
2376 4607 2516 4678 quod
2563 4607 2830 4662 inﬁrmum
2878 4615 2959 4661 est
2999 4607 3132 4673 Dei,
3176 4606 3376 4664 fortius
3410 4619 3501 4664 est
3533 4608 3840 4663 hominibus

2228 4701 2270 4772 (l
2301 4700 2417 4756 Cor.
2444 4717 2496 4765 ι,
2527 4698 2619 4772 25)
2654 4717 2668 4753 :
2700 4699 2820 4771 quia
2850 4715 2977 4769 ergo
3002 4699 3140 4754 dicta
3167 4708 3248 4754 est
3271 4709 3330 4754 et
3364 4701 3460 4756 hic
3481 4703 3664 4757 virtus
3689 4699 3838 4772 ejus,

2227 4807 2383 4862 quam
2413 4791 2801 4846 commendavit
2821 4789 3064 4854 dicendo,
3100 4790 3302 4862 Vit-9am
3332 4793 3550 4849 uirtutis
3576 4802 3682 4848 ture
3703 4791 3844 4846 emil-

2227 4894 2292 4938 tet
2319 4883 2567 4938 Dominus
2593 4900 2656 4938 ea:
2684 4883 2832 4950 Sion,
2864 4891 2910 4936 et
2935 4883 3193 4938 dominare
3221 4884 3273 4937 in
3299 4887 3486 4940 medio
3516 4886 3846 4940 inimicorum

2227 4986 2429 5031 tuorum
2461 4991 2480 5030 :
2508 4986 2701 5045 quanta
2732 4976 2872 5031 enim
2902 4976 3070 5031 virtus
3097 4976 3212 5046 ejus
3239 4975 3551 5034 dominans
3582 4981 3636 5034 in
3671 4976 3847 5033 medio

2227 5067 2558 5122 inimicorum
2591 5083 2806 5123 suorum
2837 5068 3301 5137 perstrepentium,
3330 5069 3477 5125 nihil
3506 5079 3702 5126 contra
3726 5081 3846 5126 eum

2225 5163 2533 5226 valentium,
2563 5160 2799 5231 quotidie
2822 5160 2919 5214 sibi
2948 5160 3258 5222 dicentium,
3290 5159 3532 5226 Quando
3576 5163 3845 5223 morietur,

2199 5246 2202 5248 ’
2227 5264 2274 5310 et
2308 5254 2483 5324 peribit
2517 5270 2698 5307 nomen
2724 5253 2834 5324 ejus
2861 5252 3031 5320 (Psal.
3061 5269 3126 5307 xi.
3146 5295 3160 5318 ,
3191 5251 3287 5323 6)?
3319 5269 3455 5308 cum
3486 5265 3705 5310 crescat
3735 5252 3850 5324 glo-

2227 5347 2304 5402 ria
2333 5346 2449 5415 cjus
2493 5359 2587 5413 per
2612 5344 2838 5414 populos
2863 5385 2876 5408 ,
2909 5360 3028 5398 cum
3075 5345 3188 5414 ejus
3217 5346 3432 5400 nomini
3487 5347 3853 5417 subjiciuntur

2226 5448 2413 5508 gentes
2437 5479 2451 5504 ,
2500 5451 2618 5490 cum
2654 5444 2897 5506 peccator
2925 5437 3100 5492 videat
3142 5446 3196 5492 et
3239 5438 3521 5495 irascatur
3547 5482 3563 5506 ,
3599 5438 3854 5495 dentibus

2228 5530 2340 5585 suis
2383 5527 2591 5583 frendat
2617 5535 2671 5582 et
2700 5527 2936 5582 tabescat
2965 5527 3150 5599 (Psal.
3198 5543 3317 5591 cst,
3355 5529 3477 5601 10)
3519 5549 3532 5585 :
3569 5532 3700 5602 quia
3730 5544 3856 5595 ergo

2228 5631 2311 5679 est
2338 5630 2390 5676 e‘t
2416 5621 2530 5674 hree
2552 5620 2718 5673 virtus
2746 5619 2864 5689 ejus
2887 5660 2900 5684 ,
2930 5619 3116 5674 volens
3143 5619 3422 5687 Propheta
3452 5605 3858 5677 commendare

2229 5715 2384 5771 aliter
2407 5714 2655 5769 virtutem
2681 5712 2797 5783 ejus
2819 5751 2836 5778 ,
2867 5711 3020 5768 sicuti
3062 5722 3145 5780 est
3174 5712 3359 5768 Virtus
3393 5713 3500 5771 Dei
3531 5725 3590 5772 ει
3623 5714 3858 5788 Sapiens

2295 5831 2316 5864 ⁸
2347 5837 2527 5880 omnes
2547 5835 2676 5888 Mss.,
2699 5824 2959 5878 discamus

2297 5895 2320 5929 ²
2350 5897 2425 5944 llr.
2449 5898 2566 5944 Ven.
2595 5898 2647 5942 et
2668 5895 2799 5954 Lov.,
2822 5895 3022 5942 tsmnus.
3076 5895 3118 5943 nt
