  <div class='ocr_page' id='page_1' title='image "/cluster/home/n/w/nwhite01/storage/ocr_20150623/37/hvd.32044015471477/222.png"; bbox 0 0 4090 6470; ppageno 0'>
   <div class='ocr_carea' id='block_1_1' title="bbox 320 358 562 432">
    <p class='ocr_par' dir='ltr' id='par_1_1' title="bbox 320 358 562 432">
     <span class='ocr_line' id='line_1_1' title="bbox 320 358 562 432; baseline -0.012 1"><span class='ocrx_word' id='word_1_1' title='bbox 320 371 456 432; x_wconf 73' lang='grc' dir='ltr'>ιιοντ</span> <span class='ocrx_word' id='word_1_2' title='bbox 549 358 562 364; x_wconf 78' lang='grc'><em>”</em></span> 
     </span>
    </p>
   </div>
   <div class='ocr_carea' id='block_1_2' title="bbox 313 477 1897 558">
    <p class='ocr_par' dir='ltr' id='par_1_2' title="bbox 313 477 1897 558">
     <span class='ocr_line' id='line_1_2' title="bbox 313 477 1897 558; baseline -0.002 -13"><span class='ocrx_word' id='word_1_3' title='bbox 313 488 388 545; x_wconf 78' lang='lat' dir='ltr'><strong>tis</strong></span> <span class='ocrx_word' id='word_1_4' title='bbox 416 485 514 544; x_wconf 85' lang='lat' dir='ltr'><strong>Dei</strong></span> <span class='ocrx_word' id='word_1_5' title='bbox 541 483 788 544; x_wconf 78' lang='lat' dir='ltr'><strong>Christus</strong></span> <span class='ocrx_word' id='word_1_6' title='bbox 829 481 885 545; x_wconf 83' lang='lat' dir='ltr'><strong>in</strong></span> <span class='ocrx_word' id='word_1_7' title='bbox 924 482 1124 542; x_wconf 89' lang='lat' dir='ltr'><strong>lumine</strong></span> <span class='ocrx_word' id='word_1_8' title='bbox 1151 477 1420 558; x_wconf 12' lang='lat' dir='ltr'><strong>perpetuo.</strong></span> <span class='ocrx_word' id='word_1_9' title='bbox 1451 485 1897 542; x_wconf 74' lang='lat' dir='ltr'><strong>incommutabilis</strong></span> 
     </span>
    </p>
   </div>
   <div class='ocr_carea' id='block_1_3' title="bbox 311 571 1900 654">
    <p class='ocr_par' dir='ltr' id='par_1_3' title="bbox 311 571 1900 654">
     <span class='ocr_line' id='line_1_3' title="bbox 311 571 1900 654; baseline -0.001 -16"><span class='ocrx_word' id='word_1_10' title='bbox 311 580 596 648; x_wconf 74' lang='lat' dir='ltr'><strong>veritatis;</strong></span> <span class='ocrx_word' id='word_1_11' title='bbox 623 581 691 637; x_wconf 86' lang='lat' dir='ltr'><strong>ad</strong></span> <span class='ocrx_word' id='word_1_12' title='bbox 719 595 878 654; x_wconf 88' lang='lat' dir='ltr'><strong>quam</strong></span> <span class='ocrx_word' id='word_1_13' title='bbox 907 580 1166 636; x_wconf 87' lang='lat' dir='ltr'><strong>visionem</strong></span> <span class='ocrx_word' id='word_1_14' title='bbox 1197 571 1508 650; x_wconf 19' lang='lat' dir='ltr'><strong>servamnr‘,</strong></span> <span class='ocrx_word' id='word_1_15' title='bbox 1540 581 1607 636; x_wconf 90' lang='lat' dir='ltr'><strong>ad</strong></span> <span class='ocrx_word' id='word_1_16' title='bbox 1633 596 1792 652; x_wconf 86' lang='lat' dir='ltr'><strong>quam</strong></span> <span class='ocrx_word' id='word_1_17' title='bbox 1825 581 1900 636; x_wconf 86' lang='lat' dir='ltr'><strong>vi-</strong></span> 
     </span>
    </p>
   </div>
   <div class='ocr_carea' id='block_1_4' title="bbox 311 673 1896 745">
    <p class='ocr_par' dir='ltr' id='par_1_4' title="bbox 311 673 1896 745">
     <span class='ocr_line' id='line_1_4' title="bbox 311 673 1896 745; baseline -0.003 -13"><span class='ocrx_word' id='word_1_18' title='bbox 311 675 522 732; x_wconf 88' lang='lat' dir='ltr'><strong>sionem</strong></span> <span class='ocrx_word' id='word_1_19' title='bbox 539 675 856 741; x_wconf 77' lang='lat' dir='ltr'><strong>diﬂ’erimur,</strong></span> <span class='ocrx_word' id='word_1_20' title='bbox 877 673 944 729; x_wconf 88' lang='lat' dir='ltr'><strong>ad</strong></span> <span class='ocrx_word' id='word_1_21' title='bbox 971 689 1130 745; x_wconf 91' lang='lat' dir='ltr'><strong>quam</strong></span> <span class='ocrx_word' id='word_1_22' title='bbox 1147 675 1403 730; x_wconf 79' lang='lat' dir='ltr'><strong>visionem</strong></span> <span class='ocrx_word' id='word_1_23' title='bbox 1429 674 1531 730; x_wconf 91' lang='lat' dir='ltr'><strong>ﬁde</strong></span> <span class='ocrx_word' id='word_1_24' title='bbox 1558 674 1896 742; x_wconf 91' lang='lat' dir='ltr'><strong>mundamur,</strong></span> 
     </span>
    </p>
   </div>
   <div class='ocr_carea' id='block_1_5' title="bbox 311 767 1900 838">
    <p class='ocr_par' dir='ltr' id='par_1_5' title="bbox 311 767 1900 838">
     <span class='ocr_line' id='line_1_5' title="bbox 311 767 1900 838; baseline 0.001 -15"><span class='ocrx_word' id='word_1_25' title='bbox 311 782 341 823; x_wconf 86' lang='lat' dir='ltr'><strong>a</strong></span> <span class='ocrx_word' id='word_1_26' title='bbox 371 785 476 838; x_wconf 88' lang='lat' dir='ltr'><strong>qua</strong></span> <span class='ocrx_word' id='word_1_27' title='bbox 506 768 712 824; x_wconf 79' lang='lat' dir='ltr'><strong>visione</strong></span> <span class='ocrx_word' id='word_1_28' title='bbox 739 767 942 824; x_wconf 90' lang='lat' dir='ltr'><strong>tollitur</strong></span> <span class='ocrx_word' id='word_1_29' title='bbox 971 767 1183 838; x_wconf 88' lang='lat' dir='ltr'><strong>impius,</strong></span> <span class='ocrx_word' id='word_1_30' title='bbox 1216 783 1283 822; x_wconf 89' lang='lat' dir='ltr'><strong>ne</strong></span> <span class='ocrx_word' id='word_1_31' title='bbox 1309 767 1488 823; x_wconf 88' lang='lat' dir='ltr'><strong>videat</strong></span> <span class='ocrx_word' id='word_1_32' title='bbox 1517 768 1769 824; x_wconf 87' lang='lat' dir='ltr'><strong>honorem</strong></span> <span class='ocrx_word' id='word_1_33' title='bbox 1797 769 1900 824; x_wconf 85' lang='lat' dir='ltr'><strong>D0-</strong></span> 
     </span>
    </p>
   </div>
   <div class='ocr_carea' id='block_1_6' title="bbox 312 857 1897 930">
    <p class='ocr_par' dir='ltr' id='par_1_6' title="bbox 312 857 1897 930">
     <span class='ocr_line' id='line_1_6' title="bbox 312 857 1897 930; baseline 0 -16"><span class='ocrx_word' id='word_1_34' title='bbox 312 859 442 915; x_wconf 87' lang='lat' dir='ltr'><strong>mini</strong></span> <span class='ocrx_word' id='word_1_35' title='bbox 470 876 486 925; x_wconf 91' lang='lat'><strong>;</strong></span> <span class='ocrx_word' id='word_1_36' title='bbox 538 860 641 916; x_wconf 90' lang='lat' dir='ltr'><strong>hoc</strong></span> <span class='ocrx_word' id='word_1_37' title='bbox 669 875 798 929; x_wconf 81' lang='lat' dir='ltr'><strong>ergo</strong></span> <span class='ocrx_word' id='word_1_38' title='bbox 833 860 1016 914; x_wconf 86' lang='lat' dir='ltr'><strong>volens</strong></span> <span class='ocrx_word' id='word_1_39' title='bbox 1044 857 1326 914; x_wconf 78' lang='lat' dir='ltr'><strong>ostendere</strong></span> <span class='ocrx_word' id='word_1_40' title='bbox 1347 899 1363 926; x_wconf 92' lang='lat'><strong>,</strong></span> <span class='ocrx_word' id='word_1_41' title='bbox 1414 858 1602 914; x_wconf 84' lang='lat' dir='ltr'><strong>Tecum</strong></span> <span class='ocrx_word' id='word_1_42' title='bbox 1623 900 1640 927; x_wconf 93' lang='lat'><strong>,</strong></span> <span class='ocrx_word' id='word_1_43' title='bbox 1691 859 1897 930; x_wconf 91' lang='lat' dir='ltr'><strong>inquit,</strong></span> 
     </span>
    </p>
   </div>
   <div class='ocr_carea' id='block_1_7' title="bbox 312 950 1898 1024">
    <p class='ocr_par' dir='ltr' id='par_1_7' title="bbox 312 950 1898 1024">
     <span class='ocr_line' id='line_1_7' title="bbox 312 950 1898 1024; baseline -0.001 -18"><span class='ocrx_word' id='word_1_44' title='bbox 312 952 620 1024; x_wconf 75' lang='lat' dir='ltr'><strong>principium</strong></span> <span class='ocrx_word' id='word_1_45' title='bbox 638 952 694 1006; x_wconf 84' lang='lat' dir='ltr'><strong>in</strong></span> <span class='ocrx_word' id='word_1_46' title='bbox 717 952 799 1005; x_wconf 88' lang='lat' dir='ltr'><strong>die</strong></span> <span class='ocrx_word' id='word_1_47' title='bbox 817 951 1014 1006; x_wconf 83' lang='lat' dir='ltr'><strong>virtutis</strong></span> <span class='ocrx_word' id='word_1_48' title='bbox 1042 961 1160 1005; x_wconf 78' lang='lat' dir='ltr'><strong>tute.</strong></span> <span class='ocrx_word' id='word_1_49' title='bbox 1183 950 1318 1018; x_wconf 84' lang='lat' dir='ltr'><strong>Quid</strong></span> <span class='ocrx_word' id='word_1_50' title='bbox 1349 959 1430 1006; x_wconf 88' lang='lat' dir='ltr'><strong>est</strong></span> <span class='ocrx_word' id='word_1_51' title='bbox 1453 995 1467 1016; x_wconf 94' lang='lat'><strong>,</strong></span> <span class='ocrx_word' id='word_1_52' title='bbox 1504 950 1685 1005; x_wconf 84' lang='lat' dir='ltr'><strong>Tecum</strong></span> <span class='ocrx_word' id='word_1_53' title='bbox 1713 951 1898 1022; x_wconf 87' lang='lat' dir='ltr'><strong>princi-</strong></span> 
     </span>
    </p>
   </div>
   <div class='ocr_carea' id='block_1_8' title="bbox 313 1042 1895 1116">
    <p class='ocr_par' dir='ltr' id='par_1_8' title="bbox 313 1042 1895 1116">
     <span class='ocr_line' id='line_1_8' title="bbox 313 1042 1895 1116; baseline -0.001 -18"><span class='ocrx_word' id='word_1_54' title='bbox 313 1043 791 1116; x_wconf 69' lang='lat' dir='ltr'><strong>piumiQuodlibet</strong></span> <span class='ocrx_word' id='word_1_55' title='bbox 808 1059 943 1112; x_wconf 89' lang='lat' dir='ltr'><strong>pone</strong></span> <span class='ocrx_word' id='word_1_56' title='bbox 976 1043 1308 1114; x_wconf 82' lang='lat' dir='ltr'><strong>principium.</strong></span> <span class='ocrx_word' id='word_1_57' title='bbox 1326 1042 1381 1099; x_wconf 90' lang='lat' dir='ltr'><strong>Si</strong></span> <span class='ocrx_word' id='word_1_58' title='bbox 1409 1043 1578 1112; x_wconf 92' lang='lat' dir='ltr'><strong>ipsum</strong></span> <span class='ocrx_word' id='word_1_59' title='bbox 1596 1043 1895 1109; x_wconf 84' lang='lat' dir='ltr'><strong>Christum;</strong></span> 
     </span>
    </p>
   </div>
   <div class='ocr_carea' id='block_1_9' title="bbox 312 1123 1902 1212">
    <p class='ocr_par' dir='ltr' id='par_1_9' title="bbox 312 1123 1902 1212">
     <span class='ocr_line' id='line_1_9' title="bbox 312 1123 1902 1212; baseline -0.001 -20"><span class='ocrx_word' id='word_1_60' title='bbox 312 1141 492 1212; x_wconf 83' lang='lat' dir='ltr'><strong>potius</strong></span> <span class='ocrx_word' id='word_1_61' title='bbox 519 1139 806 1204; x_wconf 91' lang='lat' dir='ltr'><strong>diceretur,</strong></span> <span class='ocrx_word' id='word_1_62' title='bbox 825 1137 904 1192; x_wconf 87' lang='lat' dir='ltr'><strong>Tu</strong></span> <span class='ocrx_word' id='word_1_63' title='bbox 932 1153 988 1193; x_wconf 90' lang='lat' dir='ltr'><strong>es</strong></span> <span class='ocrx_word' id='word_1_64' title='bbox 1020 1123 1356 1207; x_wconf 80' lang='lat' dir='ltr'><strong>principium,</strong></span> <span class='ocrx_word' id='word_1_65' title='bbox 1376 1153 1531 1207; x_wconf 91' lang='lat' dir='ltr'><strong>quam</strong></span> <span class='ocrx_word' id='word_1_66' title='bbox 1558 1136 1743 1192; x_wconf 83' lang='lat' dir='ltr'><strong>Tecum</strong></span> <span class='ocrx_word' id='word_1_67' title='bbox 1761 1137 1902 1208; x_wconf 85' lang='lat' dir='ltr'><strong>prin-</strong></span> 
     </span>
    </p>
   </div>
   <div class='ocr_carea' id='block_1_10' title="bbox 311 1229 1896 1304">
    <p class='ocr_par' dir='ltr' id='par_1_10' title="bbox 311 1229 1896 1304">
     <span class='ocr_line' id='line_1_10' title="bbox 311 1229 1896 1304; baseline -0.001 -18"><span class='ocrx_word' id='word_1_68' title='bbox 311 1235 518 1304; x_wconf 83' lang='lat' dir='ltr'><strong>cipium.</strong></span> <span class='ocrx_word' id='word_1_69' title='bbox 556 1232 850 1302; x_wconf 73' lang='lat' dir='ltr'><strong>Respondit</strong></span> <span class='ocrx_word' id='word_1_70' title='bbox 877 1232 1020 1288; x_wconf 92' lang='lat' dir='ltr'><strong>enim</strong></span> <span class='ocrx_word' id='word_1_71' title='bbox 1050 1230 1499 1302; x_wconf 80' lang='lat' dir='ltr'><strong>interrogantibus</strong></span> <span class='ocrx_word' id='word_1_72' title='bbox 1525 1273 1539 1295; x_wconf 86' lang='lat'><strong>,</strong></span> <span class='ocrx_word' id='word_1_73' title='bbox 1574 1229 1651 1285; x_wconf 90' lang='lat' dir='ltr'><strong>Tu</strong></span> <span class='ocrx_word' id='word_1_74' title='bbox 1674 1231 1784 1302; x_wconf 89' lang='lat' dir='ltr'><strong>quis</strong></span> <span class='ocrx_word' id='word_1_75' title='bbox 1806 1247 1858 1285; x_wconf 88' lang='lat' dir='ltr'><strong>es</strong></span> <span class='ocrx_word' id='word_1_76' title='bbox 1879 1271 1896 1298; x_wconf 94' lang='lat'><strong>,</strong></span> 
     </span>
    </p>
   </div>
   <div class='ocr_carea' id='block_1_11' title="bbox 313 1323 1894 1398">
    <p class='ocr_par' dir='ltr' id='par_1_11' title="bbox 313 1323 1894 1398">
     <span class='ocr_line' id='line_1_11' title="bbox 313 1323 1894 1398; baseline -0.001 -17"><span class='ocrx_word' id='word_1_77' title='bbox 313 1337 365 1382; x_wconf 87' lang='lat' dir='ltr'><strong>et</strong></span> <span class='ocrx_word' id='word_1_78' title='bbox 395 1327 506 1390; x_wconf 89' lang='lat' dir='ltr'><strong>ait,</strong></span> <span class='ocrx_word' id='word_1_79' title='bbox 543 1325 862 1398; x_wconf 89' lang='lat' dir='ltr'><strong>Principium</strong></span> <span class='ocrx_word' id='word_1_80' title='bbox 887 1368 900 1392; x_wconf 95' lang='lat'><strong>,</strong></span> <span class='ocrx_word' id='word_1_81' title='bbox 933 1326 1049 1397; x_wconf 89' lang='lat' dir='ltr'><strong>quia</strong></span> <span class='ocrx_word' id='word_1_82' title='bbox 1088 1325 1133 1380; x_wconf 80' lang='lat' dir='ltr'><strong>&#39;et</strong></span> <span class='ocrx_word' id='word_1_83' title='bbox 1165 1325 1340 1394; x_wconf 89' lang='lat' dir='ltr'><strong>loquor</strong></span> <span class='ocrx_word' id='word_1_84' title='bbox 1380 1324 1516 1380; x_wconf 92' lang='lat' dir='ltr'><strong>vobis</strong></span> <span class='ocrx_word' id='word_1_85' title='bbox 1543 1323 1740 1394; x_wconf 79' lang='lat' dir='ltr'><strong>(Joan.</strong></span> <span class='ocrx_word' id='word_1_86' title='bbox 1767 1340 1856 1379; x_wconf 85' lang='lat' dir='ltr'><strong>vnt</strong></span> <span class='ocrx_word' id='word_1_87' title='bbox 1879 1365 1894 1392; x_wconf 95' lang='lat'><strong>,</strong></span> 
     </span>
    </p>
   </div>
   <div class='ocr_carea' id='block_1_12' title="bbox 313 1415 1898 1488">
    <p class='ocr_par' dir='ltr' id='par_1_12' title="bbox 313 1415 1898 1488">
     <span class='ocr_line' id='line_1_12' title="bbox 313 1415 1898 1488; baseline -0.001 -15"><span class='ocrx_word' id='word_1_88' title='bbox 313 1417 406 1487; x_wconf 58' lang='grc' dir='ltr'><strong>επ)</strong></span> <span class='ocrx_word' id='word_1_89' title='bbox 441 1436 456 1474; x_wconf 86' lang='lat'><strong>:</strong></span> <span class='ocrx_word' id='word_1_90' title='bbox 488 1434 608 1474; x_wconf 91' lang='lat' dir='ltr'><strong>cum</strong></span> <span class='ocrx_word' id='word_1_91' title='bbox 635 1419 704 1473; x_wconf 87' lang='lat' dir='ltr'><strong>sit</strong></span> <span class='ocrx_word' id='word_1_92' title='bbox 733 1418 1045 1488; x_wconf 88' lang='lat' dir='ltr'><strong>principium</strong></span> <span class='ocrx_word' id='word_1_93' title='bbox 1069 1427 1122 1472; x_wconf 90' lang='lat' dir='ltr'><strong>et</strong></span> <span class='ocrx_word' id='word_1_94' title='bbox 1150 1417 1306 1471; x_wconf 88' lang='lat' dir='ltr'><strong>Pater</strong></span> <span class='ocrx_word' id='word_1_95' title='bbox 1328 1458 1344 1484; x_wconf 95' lang='lat'><strong>,</strong></span> <span class='ocrx_word' id='word_1_96' title='bbox 1375 1415 1440 1471; x_wconf 91' lang='lat' dir='ltr'><strong>de</strong></span> <span class='ocrx_word' id='word_1_97' title='bbox 1465 1431 1571 1487; x_wconf 92' lang='lat' dir='ltr'><strong>quo</strong></span> <span class='ocrx_word' id='word_1_98' title='bbox 1600 1415 1898 1486; x_wconf 81' lang='lat' dir='ltr'><strong>unigenitus</strong></span> 
     </span>
    </p>
   </div>
   <div class='ocr_carea' id='block_1_13' title="bbox 315 1506 1897 1580">
    <p class='ocr_par' dir='ltr' id='par_1_13' title="bbox 315 1506 1897 1580">
     <span class='ocr_line' id='line_1_13' title="bbox 315 1506 1897 1580; baseline -0.001 -16"><span class='ocrx_word' id='word_1_99' title='bbox 315 1509 500 1576; x_wconf 74' lang='lat' dir='ltr'><strong>Eilius,</strong></span> <span class='ocrx_word' id='word_1_100' title='bbox 552 1511 606 1565; x_wconf 95' lang='lat' dir='ltr'><strong>in</strong></span> <span class='ocrx_word' id='word_1_101' title='bbox 647 1526 756 1580; x_wconf 90' lang='lat' dir='ltr'><strong>quo</strong></span> <span class='ocrx_word' id='word_1_102' title='bbox 787 1510 1044 1580; x_wconf 90' lang='lat' dir='ltr'><strong>principio</strong></span> <span class='ocrx_word' id='word_1_103' title='bbox 1087 1516 1203 1564; x_wconf 89' lang='lat' dir='ltr'><strong>erat</strong></span> <span class='ocrx_word' id='word_1_104' title='bbox 1229 1507 1485 1573; x_wconf 89' lang='lat' dir='ltr'><strong>Verbum,</strong></span> <span class='ocrx_word' id='word_1_105' title='bbox 1516 1507 1637 1578; x_wconf 87' lang='lat' dir='ltr'><strong>quia</strong></span> <span class='ocrx_word' id='word_1_106' title='bbox 1666 1506 1897 1562; x_wconf 78' lang='lat' dir='ltr'><strong>Verbum</strong></span> 
     </span>
    </p>
   </div>
   <div class='ocr_carea' id='block_1_14' title="bbox 315 1598 1894 1672">
    <p class='ocr_par' dir='ltr' id='par_1_14' title="bbox 315 1598 1894 1672">
     <span class='ocr_line' id='line_1_14' title="bbox 315 1598 1894 1672; baseline -0.003 -14"><span class='ocrx_word' id='word_1_107' title='bbox 315 1611 434 1658; x_wconf 87' lang='lat' dir='ltr'><strong>erat</strong></span> <span class='ocrx_word' id='word_1_108' title='bbox 461 1600 600 1672; x_wconf 90' lang='lat' dir='ltr'><strong>apud</strong></span> <span class='ocrx_word' id='word_1_109' title='bbox 630 1601 815 1655; x_wconf 90' lang='lat' dir='ltr'><strong>Deum.</strong></span> <span class='ocrx_word' id='word_1_110' title='bbox 844 1600 978 1668; x_wconf 85' lang='lat' dir='ltr'><strong>Quid</strong></span> <span class='ocrx_word' id='word_1_111' title='bbox 1005 1615 1132 1671; x_wconf 80' lang='lat' dir='ltr'><strong>ergo</strong></span> <span class='ocrx_word' id='word_1_112' title='bbox 1157 1642 1172 1665; x_wconf 89' lang='lat'><strong>,</strong></span> <span class='ocrx_word' id='word_1_113' title='bbox 1204 1600 1248 1654; x_wconf 86' lang='lat' dir='ltr'><strong>si</strong></span> <span class='ocrx_word' id='word_1_114' title='bbox 1279 1608 1333 1654; x_wconf 89' lang='lat' dir='ltr'><strong>et</strong></span> <span class='ocrx_word' id='word_1_115' title='bbox 1363 1599 1518 1654; x_wconf 88' lang='lat' dir='ltr'><strong>Pater</strong></span> <span class='ocrx_word' id='word_1_116' title='bbox 1543 1598 1856 1669; x_wconf 87' lang='lat' dir='ltr'><strong>principium</strong></span> <span class='ocrx_word' id='word_1_117' title='bbox 1879 1639 1894 1664; x_wconf 92' lang='lat'><strong>,</strong></span> 
     </span>
    </p>
   </div>
   <div class='ocr_carea' id='block_1_15' title="bbox 315 1690 1896 1766">
    <p class='ocr_par' dir='ltr' id='par_1_15' title="bbox 315 1690 1896 1766">
     <span class='ocr_line' id='line_1_15' title="bbox 315 1690 1896 1766; baseline -0.004 -14"><span class='ocrx_word' id='word_1_118' title='bbox 315 1706 373 1752; x_wconf 91' lang='lat' dir='ltr'><strong>et</strong></span> <span class='ocrx_word' id='word_1_119' title='bbox 400 1696 570 1751; x_wconf 82' lang='lat' dir='ltr'><strong>Filius</strong></span> <span class='ocrx_word' id='word_1_120' title='bbox 595 1695 932 1766; x_wconf 88' lang='lat' dir='ltr'><strong>principium,</strong></span> <span class='ocrx_word' id='word_1_121' title='bbox 951 1693 1056 1749; x_wconf 90' lang='lat' dir='ltr'><strong>duo</strong></span> <span class='ocrx_word' id='word_1_122' title='bbox 1083 1692 1372 1764; x_wconf 86' lang='lat' dir='ltr'><strong>principia?</strong></span> <span class='ocrx_word' id='word_1_123' title='bbox 1389 1693 1558 1747; x_wconf 84' lang='lat' dir='ltr'><strong>Absit.</strong></span> <span class='ocrx_word' id='word_1_124' title='bbox 1581 1691 1727 1747; x_wconf 91' lang='lat' dir='ltr'><strong>Sicut</strong></span> <span class='ocrx_word' id='word_1_125' title='bbox 1755 1690 1896 1746; x_wconf 90' lang='lat' dir='ltr'><strong>enim</strong></span> 
     </span>
    </p>
   </div>
   <div class='ocr_carea' id='block_1_16' title="bbox 316 1781 1896 1854">
    <p class='ocr_par' dir='ltr' id='par_1_16' title="bbox 316 1781 1896 1854">
     <span class='ocr_line' id='line_1_16' title="bbox 316 1781 1896 1854; baseline -0.005 -9"><span class='ocrx_word' id='word_1_126' title='bbox 316 1786 477 1845; x_wconf 82' lang='lat' dir='ltr'><strong>Pater</strong></span> <span class='ocrx_word' id='word_1_127' title='bbox 507 1789 645 1844; x_wconf 90' lang='lat' dir='ltr'><strong>Deus</strong></span> <span class='ocrx_word' id='word_1_128' title='bbox 672 1797 728 1843; x_wconf 90' lang='lat' dir='ltr'><strong>et</strong></span> <span class='ocrx_word' id='word_1_129' title='bbox 751 1786 916 1842; x_wconf 89' lang='lat' dir='ltr'><strong>Filius</strong></span> <span class='ocrx_word' id='word_1_130' title='bbox 945 1786 1102 1854; x_wconf 90' lang='lat' dir='ltr'><strong>Deus,</strong></span> <span class='ocrx_word' id='word_1_131' title='bbox 1135 1785 1292 1841; x_wconf 89' lang='lat' dir='ltr'><strong>Pater</strong></span> <span class='ocrx_word' id='word_1_132' title='bbox 1317 1793 1494 1840; x_wconf 90' lang='lat' dir='ltr'><strong>autem</strong></span> <span class='ocrx_word' id='word_1_133' title='bbox 1520 1793 1574 1840; x_wconf 92' lang='lat' dir='ltr'><strong>et</strong></span> <span class='ocrx_word' id='word_1_134' title='bbox 1600 1781 1764 1839; x_wconf 88' lang='lat' dir='ltr'><strong>Filius</strong></span> <span class='ocrx_word' id='word_1_135' title='bbox 1789 1799 1896 1838; x_wconf 90' lang='lat' dir='ltr'><strong>non</strong></span> 
     </span>
    </p>
   </div>
   <div class='ocr_carea' id='block_1_17' title="bbox 313 1871 1900 1946">
    <p class='ocr_par' dir='ltr' id='par_1_17' title="bbox 313 1871 1900 1946">
     <span class='ocr_line' id='line_1_17' title="bbox 313 1871 1900 1946; baseline -0.003 -12"><span class='ocrx_word' id='word_1_136' title='bbox 313 1875 424 1935; x_wconf 86' lang='lat' dir='ltr'><strong>duo</strong></span> <span class='ocrx_word' id='word_1_137' title='bbox 445 1877 518 1932; x_wconf 91' lang='lat' dir='ltr'><strong>dii</strong></span> <span class='ocrx_word' id='word_1_138' title='bbox 543 1919 560 1945; x_wconf 94' lang='lat'><strong>,</strong></span> <span class='ocrx_word' id='word_1_139' title='bbox 587 1877 680 1933; x_wconf 91' lang='lat' dir='ltr'><strong>sed</strong></span> <span class='ocrx_word' id='word_1_140' title='bbox 709 1871 844 1933; x_wconf 87' lang='lat' dir='ltr'><strong>unus</strong></span> <span class='ocrx_word' id='word_1_141' title='bbox 875 1878 1015 1933; x_wconf 89' lang='lat' dir='ltr'><strong>Dens</strong></span> <span class='ocrx_word' id='word_1_142' title='bbox 1045 1893 1060 1930; x_wconf 89' lang='lat'><strong>:</strong></span> <span class='ocrx_word' id='word_1_143' title='bbox 1095 1876 1172 1933; x_wconf 91' lang='lat' dir='ltr'><strong>sic</strong></span> <span class='ocrx_word' id='word_1_144' title='bbox 1201 1876 1358 1932; x_wconf 90' lang='lat' dir='ltr'><strong>Pater</strong></span> <span class='ocrx_word' id='word_1_145' title='bbox 1387 1875 1702 1946; x_wconf 89' lang='lat' dir='ltr'><strong>principium</strong></span> <span class='ocrx_word' id='word_1_146' title='bbox 1727 1883 1782 1931; x_wconf 93' lang='lat' dir='ltr'><strong>et</strong></span> <span class='ocrx_word' id='word_1_147' title='bbox 1811 1874 1900 1930; x_wconf 89' lang='lat' dir='ltr'><strong>Fi-</strong></span> 
     </span>
    </p>
   </div>
   <div class='ocr_carea' id='block_1_18' title="bbox 313 1967 1897 2040">
    <p class='ocr_par' dir='ltr' id='par_1_18' title="bbox 313 1967 1897 2040">
     <span class='ocr_line' id='line_1_18' title="bbox 313 1967 1897 2040; baseline -0.001 -16"><span class='ocrx_word' id='word_1_148' title='bbox 313 1968 418 2024; x_wconf 89' lang='lat' dir='ltr'><strong>lius</strong></span> <span class='ocrx_word' id='word_1_149' title='bbox 446 1969 758 2040; x_wconf 84' lang='lat' dir='ltr'><strong>principium</strong></span> <span class='ocrx_word' id='word_1_150' title='bbox 785 2011 800 2036; x_wconf 89' lang='lat'><strong>,</strong></span> <span class='ocrx_word' id='word_1_151' title='bbox 831 1969 988 2025; x_wconf 86' lang='lat' dir='ltr'><strong>Pater</strong></span> <span class='ocrx_word' id='word_1_152' title='bbox 1025 1978 1203 2025; x_wconf 89' lang='lat' dir='ltr'><strong>autem</strong></span> <span class='ocrx_word' id='word_1_153' title='bbox 1227 1978 1280 2024; x_wconf 90' lang='lat' dir='ltr'><strong>et</strong></span> <span class='ocrx_word' id='word_1_154' title='bbox 1307 1967 1471 2023; x_wconf 87' lang='lat' dir='ltr'><strong>Filius</strong></span> <span class='ocrx_word' id='word_1_155' title='bbox 1501 1983 1604 2023; x_wconf 91' lang='lat' dir='ltr'><strong>non</strong></span> <span class='ocrx_word' id='word_1_156' title='bbox 1631 1967 1734 2023; x_wconf 92' lang='lat' dir='ltr'><strong>duo</strong></span> <span class='ocrx_word' id='word_1_157' title='bbox 1758 2009 1773 2034; x_wconf 97' lang='lat'><strong>,</strong></span> <span class='ocrx_word' id='word_1_158' title='bbox 1803 1967 1897 2023; x_wconf 91' lang='lat' dir='ltr'><strong>sed</strong></span> 
     </span>
    </p>
   </div>
   <div class='ocr_carea' id='block_1_19' title="bbox 315 2050 1898 2133">
    <p class='ocr_par' dir='ltr' id='par_1_19' title="bbox 315 2050 1898 2133">
     <span class='ocr_line' id='line_1_19' title="bbox 315 2050 1898 2133; baseline -0.002 -17"><span class='ocrx_word' id='word_1_159' title='bbox 315 2076 478 2116; x_wconf 80' lang='lat' dir='ltr'><strong>unum</strong></span> <span class='ocrx_word' id='word_1_160' title='bbox 506 2060 841 2131; x_wconf 87' lang='lat' dir='ltr'><strong>principium.</strong></span> <span class='ocrx_word' id='word_1_161' title='bbox 871 2050 1057 2116; x_wconf 85' lang='lat' dir='ltr'><strong>Tecum</strong></span> <span class='ocrx_word' id='word_1_162' title='bbox 1087 2061 1412 2133; x_wconf 81' lang='lat' dir='ltr'><strong>principium.</strong></span> <span class='ocrx_word' id='word_1_163' title='bbox 1443 2059 1594 2114; x_wconf 88' lang='lat' dir='ltr'><strong>Tunc</strong></span> <span class='ocrx_word' id='word_1_164' title='bbox 1632 2057 1898 2114; x_wconf 77' lang='lat' dir='ltr'><strong>videberis</strong></span> 
     </span>
    </p>
   </div>
   <div class='ocr_carea' id='block_1_20' title="bbox 313 2151 1897 2223">
    <p class='ocr_par' dir='ltr' id='par_1_20' title="bbox 313 2151 1897 2223">
     <span class='ocr_line' id='line_1_20' title="bbox 313 2151 1897 2223; baseline 0 -18"><span class='ocrx_word' id='word_1_165' title='bbox 313 2151 582 2223; x_wconf 83' lang='lat' dir='ltr'><strong>quomodo</strong></span> <span class='ocrx_word' id='word_1_166' title='bbox 613 2162 787 2207; x_wconf 88' lang='lat' dir='ltr'><strong>tecum</strong></span> <span class='ocrx_word' id='word_1_167' title='bbox 817 2152 886 2207; x_wconf 91' lang='lat' dir='ltr'><strong>sit</strong></span> <span class='ocrx_word' id='word_1_168' title='bbox 913 2152 1252 2222; x_wconf 90' lang='lat' dir='ltr'><strong>principium.</strong></span> <span class='ocrx_word' id='word_1_169' title='bbox 1277 2151 1395 2207; x_wconf 88' lang='lat' dir='ltr'><strong>Non</strong></span> <span class='ocrx_word' id='word_1_170' title='bbox 1421 2152 1562 2206; x_wconf 91' lang='lat' dir='ltr'><strong>enim</strong></span> <span class='ocrx_word' id='word_1_171' title='bbox 1595 2160 1649 2206; x_wconf 91' lang='lat' dir='ltr'><strong>et</strong></span> <span class='ocrx_word' id='word_1_172' title='bbox 1680 2151 1765 2206; x_wconf 91' lang='lat' dir='ltr'><strong>hic</strong></span> <span class='ocrx_word' id='word_1_173' title='bbox 1791 2167 1897 2205; x_wconf 91' lang='lat' dir='ltr'><strong>non</strong></span> 
     </span>
    </p>
   </div>
   <div class='ocr_carea' id='block_1_21' title="bbox 315 2241 1898 2313">
    <p class='ocr_par' dir='ltr' id='par_1_21' title="bbox 315 2241 1898 2313">
     <span class='ocr_line' id='line_1_21' title="bbox 315 2241 1898 2313; baseline -0.002 -14"><span class='ocrx_word' id='word_1_174' title='bbox 315 2252 491 2299; x_wconf 88' lang='lat' dir='ltr'><strong>tecum</strong></span> <span class='ocrx_word' id='word_1_175' title='bbox 524 2243 862 2313; x_wconf 87' lang='lat' dir='ltr'><strong>principium.</strong></span> <span class='ocrx_word' id='word_1_176' title='bbox 892 2243 1080 2298; x_wconf 83' lang='lat' dir='ltr'><strong>Nonne</strong></span> <span class='ocrx_word' id='word_1_177' title='bbox 1119 2244 1258 2298; x_wconf 88' lang='lat' dir='ltr'><strong>enim</strong></span> <span class='ocrx_word' id='word_1_178' title='bbox 1307 2252 1360 2297; x_wconf 90' lang='lat' dir='ltr'><strong>tu</strong></span> <span class='ocrx_word' id='word_1_179' title='bbox 1388 2243 1567 2297; x_wconf 78' lang='lat' dir='ltr'><strong>dixisti</strong></span> <span class='ocrx_word' id='word_1_180' title='bbox 1602 2259 1615 2296; x_wconf 89' lang='lat'><strong>:</strong></span> <span class='ocrx_word' id='word_1_181' title='bbox 1650 2241 1779 2296; x_wconf 83' lang='lat' dir='ltr'><strong>Ecce</strong></span> <span class='ocrx_word' id='word_1_182' title='bbox 1815 2243 1898 2296; x_wconf 90' lang='lat' dir='ltr'><strong>itis</strong></span> 
     </span>
    </p>
   </div>
   <div class='ocr_carea' id='block_1_22' title="bbox 315 2329 1899 2406">
    <p class='ocr_par' dir='ltr' id='par_1_22' title="bbox 315 2329 1899 2406">
     <span class='ocr_line' id='line_1_22' title="bbox 315 2329 1899 2406; baseline 0.001 -20"><span class='ocrx_word' id='word_1_183' title='bbox 315 2335 522 2405; x_wconf 86' lang='lat' dir='ltr'><strong>quisque</strong></span> <span class='ocrx_word' id='word_1_184' title='bbox 558 2333 625 2387; x_wconf 87' lang='lat' dir='ltr'><strong>ad</strong></span> <span class='ocrx_word' id='word_1_185' title='bbox 650 2329 745 2388; x_wconf 76' lang='lat' dir='ltr'><strong>sua</strong></span> <span class='ocrx_word' id='word_1_186' title='bbox 767 2375 782 2399; x_wconf 92' lang='lat'><strong>,</strong></span> <span class='ocrx_word' id='word_1_187' title='bbox 813 2343 860 2388; x_wconf 93' lang='lat' dir='ltr'><strong>et</strong></span> <span class='ocrx_word' id='word_1_188' title='bbox 889 2351 968 2390; x_wconf 90' lang='lat' dir='ltr'><strong>me</strong></span> <span class='ocrx_word' id='word_1_189' title='bbox 991 2335 1156 2390; x_wconf 88' lang='lat' dir='ltr'><strong>solum</strong></span> <span class='ocrx_word' id='word_1_190' title='bbox 1191 2335 1476 2406; x_wconf 74' lang='lat' dir='ltr'><strong>relinquetis</strong></span> <span class='ocrx_word' id='word_1_191' title='bbox 1500 2350 1518 2399; x_wconf 78' lang='lat'><strong>,°</strong></span> <span class='ocrx_word' id='word_1_192' title='bbox 1547 2335 1633 2388; x_wconf 89' lang='lat' dir='ltr'><strong>sed</strong></span> <span class='ocrx_word' id='word_1_193' title='bbox 1660 2350 1760 2388; x_wconf 89' lang='lat' dir='ltr'><strong>non</strong></span> <span class='ocrx_word' id='word_1_194' title='bbox 1788 2350 1899 2387; x_wconf 86' lang='lat' dir='ltr'><strong>sum</strong></span> 
     </span>
    </p>
   </div>
   <div class='ocr_carea' id='block_1_23' title="bbox 315 2425 1902 2500">
    <p class='ocr_par' dir='ltr' id='par_1_23' title="bbox 315 2425 1902 2500">
     <span class='ocr_line' id='line_1_23' title="bbox 315 2425 1902 2500; baseline -0.003 -17"><span class='ocrx_word' id='word_1_195' title='bbox 315 2429 456 2484; x_wconf 87' lang='lat' dir='ltr'><strong>solus</strong></span> <span class='ocrx_word' id='word_1_196' title='bbox 477 2471 492 2492; x_wconf 89' lang='lat'><strong><em>.</em></strong></span> <span class='ocrx_word' id='word_1_197' title='bbox 519 2429 638 2500; x_wconf 84' lang='lat' dir='ltr'><strong>quia</strong></span> <span class='ocrx_word' id='word_1_198' title='bbox 667 2427 821 2483; x_wconf 88' lang='lat' dir='ltr'><strong>Pater</strong></span> <span class='ocrx_word' id='word_1_199' title='bbox 838 2444 1030 2482; x_wconf 89' lang='lat' dir='ltr'><strong>mecum</strong></span> <span class='ocrx_word' id='word_1_200' title='bbox 1056 2437 1127 2482; x_wconf 92' lang='lat' dir='ltr'><strong>est</strong></span> <span class='ocrx_word' id='word_1_201' title='bbox 1159 2426 1266 2499; x_wconf 89' lang='lat' dir='ltr'><strong>(Id.</strong></span> <span class='ocrx_word' id='word_1_202' title='bbox 1294 2443 1379 2482; x_wconf 80' lang='lat' dir='ltr'><strong>xVI</strong></span> <span class='ocrx_word' id='word_1_203' title='bbox 1401 2469 1416 2494; x_wconf 92' lang='lat'><strong>,</strong></span> <span class='ocrx_word' id='word_1_204' title='bbox 1446 2426 1534 2497; x_wconf 72' lang='lat'><strong>52)</strong></span> <span class='ocrx_word' id='word_1_205' title='bbox 1557 2426 1582 2478; x_wconf 79' lang='lat'><strong>?</strong></span> <span class='ocrx_word' id='word_1_206' title='bbox 1613 2427 1669 2480; x_wconf 86' lang='lat' dir='ltr'><strong>Et</strong></span> <span class='ocrx_word' id='word_1_207' title='bbox 1701 2425 1788 2480; x_wconf 91' lang='lat' dir='ltr'><strong>hic</strong></span> <span class='ocrx_word' id='word_1_208' title='bbox 1815 2441 1902 2480; x_wconf 90' lang='lat' dir='ltr'><strong>er-</strong></span> 
     </span>
    </p>
   </div>
   <div class='ocr_carea' id='block_1_24' title="bbox 316 2515 1898 2590">
    <p class='ocr_par' dir='ltr' id='par_1_24' title="bbox 316 2515 1898 2590">
     <span class='ocr_line' id='line_1_24' title="bbox 316 2515 1898 2590; baseline -0.004 -14"><span class='ocrx_word' id='word_1_209' title='bbox 316 2535 386 2590; x_wconf 75' lang='lat' dir='ltr'><strong>go</strong></span> <span class='ocrx_word' id='word_1_210' title='bbox 411 2529 572 2574; x_wconf 81' lang='lat' dir='ltr'><strong>tecum</strong></span> <span class='ocrx_word' id='word_1_211' title='bbox 592 2521 916 2590; x_wconf 79' lang='lat' dir='ltr'><strong>principium.</strong></span> <span class='ocrx_word' id='word_1_212' title='bbox 953 2519 1146 2575; x_wconf 73' lang='lat' dir='ltr'><strong>Dixisti</strong></span> <span class='ocrx_word' id='word_1_213' title='bbox 1177 2519 1318 2574; x_wconf 88' lang='lat' dir='ltr'><strong>enim</strong></span> <span class='ocrx_word' id='word_1_214' title='bbox 1349 2527 1400 2573; x_wconf 88' lang='lat' dir='ltr'><strong>et</strong></span> <span class='ocrx_word' id='word_1_215' title='bbox 1429 2517 1593 2583; x_wconf 91' lang='lat' dir='ltr'><strong>alibi,</strong></span> <span class='ocrx_word' id='word_1_216' title='bbox 1628 2515 1784 2570; x_wconf 89' lang='lat' dir='ltr'><strong>Pater</strong></span> <span class='ocrx_word' id='word_1_217' title='bbox 1802 2533 1898 2570; x_wconf 85' lang='lat' dir='ltr'><strong>au-</strong></span> 
     </span>
    </p>
   </div>
   <div class='ocr_carea' id='block_1_25' title="bbox 317 2607 1901 2683">
    <p class='ocr_par' dir='ltr' id='par_1_25' title="bbox 317 2607 1901 2683">
     <span class='ocr_line' id='line_1_25' title="bbox 317 2607 1901 2683; baseline -0.003 -16"><span class='ocrx_word' id='word_1_218' title='bbox 317 2622 416 2667; x_wconf 84' lang='lat' dir='ltr'><strong>tem</strong></span> <span class='ocrx_word' id='word_1_219' title='bbox 440 2612 493 2666; x_wconf 90' lang='lat' dir='ltr'><strong>in</strong></span> <span class='ocrx_word' id='word_1_220' title='bbox 519 2628 598 2666; x_wconf 86' lang='lat' dir='ltr'><strong>me</strong></span> <span class='ocrx_word' id='word_1_221' title='bbox 623 2628 828 2666; x_wconf 85' lang='lat' dir='ltr'><strong>manens</strong></span> <span class='ocrx_word' id='word_1_222' title='bbox 853 2612 974 2682; x_wconf 79' lang='lat' dir='ltr'><strong>facit</strong></span> <span class='ocrx_word' id='word_1_223' title='bbox 1005 2628 1157 2681; x_wconf 88' lang='lat' dir='ltr'><strong>apera</strong></span> <span class='ocrx_word' id='word_1_224' title='bbox 1176 2627 1270 2666; x_wconf 86' lang='lat' dir='ltr'><strong>sua</strong></span> <span class='ocrx_word' id='word_1_225' title='bbox 1299 2609 1409 2683; x_wconf 87' lang='lat' dir='ltr'><strong>(Id.</strong></span> <span class='ocrx_word' id='word_1_226' title='bbox 1437 2625 1547 2676; x_wconf 79' lang='lat' dir='ltr'><strong>xw,</strong></span> <span class='ocrx_word' id='word_1_227' title='bbox 1574 2609 1684 2676; x_wconf 76' lang='grc'><strong>10).</strong></span> <span class='ocrx_word' id='word_1_228' title='bbox 1714 2607 1901 2663; x_wconf 86' lang='lat' dir='ltr'><strong>Tecum</strong></span> 
     </span>
    </p>
   </div>
   <div class='ocr_carea' id='block_1_26' title="bbox 317 2699 1898 2774">
    <p class='ocr_par' dir='ltr' id='par_1_26' title="bbox 317 2699 1898 2774">
     <span class='ocr_line' id='line_1_26' title="bbox 317 2699 1898 2774; baseline -0.001 -18"><span class='ocrx_word' id='word_1_229' title='bbox 317 2703 654 2774; x_wconf 82' lang='lat' dir='ltr'><strong>principium;</strong></span> <span class='ocrx_word' id='word_1_230' title='bbox 676 2718 776 2759; x_wconf 90' lang='lat' dir='ltr'><strong>nec</strong></span> <span class='ocrx_word' id='word_1_231' title='bbox 801 2718 1029 2772; x_wconf 87' lang='lat' dir='ltr'><strong>unquam</strong></span> <span class='ocrx_word' id='word_1_232' title='bbox 1053 2712 1158 2757; x_wconf 90' lang='lat' dir='ltr'><strong>ate</strong></span> <span class='ocrx_word' id='word_1_233' title='bbox 1181 2708 1458 2771; x_wconf 89' lang='lat' dir='ltr'><strong>separatus</strong></span> <span class='ocrx_word' id='word_1_234' title='bbox 1486 2709 1566 2755; x_wconf 86' lang='lat' dir='ltr'><strong>est</strong></span> <span class='ocrx_word' id='word_1_235' title='bbox 1589 2699 1766 2754; x_wconf 90' lang='lat' dir='ltr'><strong>Pater.</strong></span> <span class='ocrx_word' id='word_1_236' title='bbox 1793 2699 1898 2755; x_wconf 88' lang='lat' dir='ltr'><strong>Sed</strong></span> 
     </span>
    </p>
   </div>
   <div class='ocr_carea' id='block_1_27' title="bbox 319 2791 1899 2866">
    <p class='ocr_par' dir='ltr' id='par_1_27' title="bbox 319 2791 1899 2866">
     <span class='ocr_line' id='line_1_27' title="bbox 319 2791 1899 2866; baseline -0.003 -16"><span class='ocrx_word' id='word_1_237' title='bbox 319 2795 533 2866; x_wconf 78' lang='lat' dir='ltr'><strong>quando</strong></span> <span class='ocrx_word' id='word_1_238' title='bbox 559 2794 823 2850; x_wconf 82' lang='lat' dir='ltr'><strong>videbitur</strong></span> <span class='ocrx_word' id='word_1_239' title='bbox 854 2805 1024 2850; x_wconf 86' lang='lat' dir='ltr'><strong>tecum</strong></span> <span class='ocrx_word' id='word_1_240' title='bbox 1056 2809 1174 2850; x_wconf 89' lang='lat' dir='ltr'><strong>esse</strong></span> <span class='ocrx_word' id='word_1_241' title='bbox 1205 2793 1538 2863; x_wconf 87' lang='lat' dir='ltr'><strong>principium,</strong></span> <span class='ocrx_word' id='word_1_242' title='bbox 1575 2801 1696 2846; x_wconf 93' lang='lat' dir='ltr'><strong>tunc</strong></span> <span class='ocrx_word' id='word_1_243' title='bbox 1727 2791 1899 2845; x_wconf 87' lang='lat' dir='ltr'><strong>mani-</strong></span> 
     </span>
    </p>
   </div>
   <div class='ocr_carea' id='block_1_28' title="bbox 317 2881 1900 2953">
    <p class='ocr_par' dir='ltr' id='par_1_28' title="bbox 317 2881 1900 2953">
     <span class='ocr_line' id='line_1_28' title="bbox 317 2881 1900 2953; baseline -0.003 -12"><span class='ocrx_word' id='word_1_244' title='bbox 317 2885 513 2941; x_wconf 77' lang='lat' dir='ltr'><strong>festum</strong></span> <span class='ocrx_word' id='word_1_245' title='bbox 544 2887 645 2941; x_wconf 87' lang='lat' dir='ltr'><strong>erit</strong></span> <span class='ocrx_word' id='word_1_246' title='bbox 670 2886 918 2941; x_wconf 90' lang='lat' dir='ltr'><strong>omnibus</strong></span> <span class='ocrx_word' id='word_1_247' title='bbox 961 2885 1220 2940; x_wconf 84' lang='lat' dir='ltr'><strong>similibus</strong></span> <span class='ocrx_word' id='word_1_248' title='bbox 1245 2884 1355 2952; x_wconf 87' lang='lat' dir='ltr'><strong>jam</strong></span> <span class='ocrx_word' id='word_1_249' title='bbox 1401 2884 1492 2939; x_wconf 90' lang='lat' dir='ltr'><strong>tibi</strong></span> <span class='ocrx_word' id='word_1_250' title='bbox 1539 2881 1730 2950; x_wconf 84' lang='lat' dir='ltr'><strong>factis;</strong></span> <span class='ocrx_word' id='word_1_251' title='bbox 1764 2897 1900 2953; x_wconf 90' lang='lat' dir='ltr'><strong>quo-</strong></span> 
     </span>
    </p>
   </div>
   <div class='ocr_carea' id='block_1_29' title="bbox 317 2975 1899 3047">
    <p class='ocr_par' dir='ltr' id='par_1_29' title="bbox 317 2975 1899 3047">
     <span class='ocr_line' id='line_1_29' title="bbox 317 2975 1899 3047; baseline -0.002 -14"><span class='ocrx_word' id='word_1_252' title='bbox 317 2977 463 3033; x_wconf 84' lang='lat' dir='ltr'><strong>niam</strong></span> <span class='ocrx_word' id='word_1_253' title='bbox 507 2978 754 3032; x_wconf 78' lang='lat' dir='ltr'><strong>videbunt</strong></span> <span class='ocrx_word' id='word_1_254' title='bbox 788 2989 838 3034; x_wconf 91' lang='lat' dir='ltr'><strong>te</strong></span> <span class='ocrx_word' id='word_1_255' title='bbox 865 2978 1017 3033; x_wconf 88' lang='lat' dir='ltr'><strong>sicuti</strong></span> <span class='ocrx_word' id='word_1_256' title='bbox 1047 2992 1106 3032; x_wconf 91' lang='lat' dir='ltr'><strong>es</strong></span> <span class='ocrx_word' id='word_1_257' title='bbox 1149 2979 1166 3047; x_wconf 97' lang='lat'><strong>(</strong></span> <span class='ocrx_word' id='word_1_258' title='bbox 1194 2977 1209 3030; x_wconf 89' lang='grc' dir='ltr'><strong>Ι</strong></span> <span class='ocrx_word' id='word_1_259' title='bbox 1238 2975 1394 3031; x_wconf 85' lang='lat' dir='ltr'><strong>Joan.</strong></span> <span class='ocrx_word' id='word_1_260' title='bbox 1425 2992 1479 3030; x_wconf 91' lang='grc' dir='ltr'><strong>ιιι</strong></span> <span class='ocrx_word' id='word_1_261' title='bbox 1499 3017 1514 3041; x_wconf 90' lang='grc'>,</span> <span class='ocrx_word' id='word_1_262' title='bbox 1544 2975 1580 3030; x_wconf 73' lang='lat'><strong>2</strong></span> <span class='ocrx_word' id='word_1_263' title='bbox 1607 2977 1624 3045; x_wconf 93' lang='lat'>)</span> <span class='ocrx_word' id='word_1_264' title='bbox 1657 2993 1670 3029; x_wconf 91' lang='lat'><strong>:</strong></span> <span class='ocrx_word' id='word_1_265' title='bbox 1703 2977 1899 3030; x_wconf 90' lang='lat' dir='ltr'><strong>etenim</strong></span> 
     </span>
    </p>
   </div>
   <div class='ocr_carea' id='block_1_30' title="bbox 320 3067 1901 3140">
    <p class='ocr_par' dir='ltr' id='par_1_30' title="bbox 320 3067 1901 3140">
     <span class='ocr_line' id='line_1_30' title="bbox 320 3067 1901 3140; baseline 0 -18"><span class='ocrx_word' id='word_1_266' title='bbox 320 3067 410 3125; x_wconf 88' lang='lat' dir='ltr'><strong>hic</strong></span> <span class='ocrx_word' id='word_1_267' title='bbox 435 3068 709 3140; x_wconf 86' lang='lat' dir='ltr'><strong>Philippus</strong></span> <span class='ocrx_word' id='word_1_268' title='bbox 734 3081 786 3124; x_wconf 91' lang='lat' dir='ltr'><strong>te</strong></span> <span class='ocrx_word' id='word_1_269' title='bbox 819 3069 1029 3124; x_wconf 81' lang='lat' dir='ltr'><strong>videbat</strong></span> <span class='ocrx_word' id='word_1_270' title='bbox 1054 3110 1068 3134; x_wconf 93' lang='lat'><strong>,</strong></span> <span class='ocrx_word' id='word_1_271' title='bbox 1100 3077 1153 3124; x_wconf 92' lang='lat' dir='ltr'><strong>et</strong></span> <span class='ocrx_word' id='word_1_272' title='bbox 1181 3069 1392 3124; x_wconf 79' lang='lat' dir='ltr'><strong>Patrem</strong></span> <span class='ocrx_word' id='word_1_273' title='bbox 1421 3067 1709 3138; x_wconf 67' lang='lat' dir='ltr'><strong>quarrebat.</strong></span> <span class='ocrx_word' id='word_1_274' title='bbox 1752 3067 1901 3122; x_wconf 76' lang='lat' dir='ltr'><strong>&#39;l‘nnc</strong></span> 
     </span>
    </p>
   </div>
   <div class='ocr_carea' id='block_1_31' title="bbox 319 3160 1901 3234">
    <p class='ocr_par' dir='ltr' id='par_1_31' title="bbox 319 3160 1901 3234">
     <span class='ocr_line' id='line_1_31' title="bbox 319 3160 1901 3234; baseline -0.004 -17"><span class='ocrx_word' id='word_1_275' title='bbox 319 3177 451 3234; x_wconf 72' lang='lat' dir='ltr'><strong>ergo</strong></span> <span class='ocrx_word' id='word_1_276' title='bbox 503 3163 767 3218; x_wconf 89' lang='lat' dir='ltr'><strong>videbitur</strong></span> <span class='ocrx_word' id='word_1_277' title='bbox 818 3162 957 3233; x_wconf 89' lang='lat' dir='ltr'><strong>quod</strong></span> <span class='ocrx_word' id='word_1_278' title='bbox 1012 3177 1151 3217; x_wconf 89' lang='lat' dir='ltr'><strong>nunc</strong></span> <span class='ocrx_word' id='word_1_279' title='bbox 1203 3160 1439 3217; x_wconf 86' lang='lat' dir='ltr'><strong>creditur</strong></span> <span class='ocrx_word' id='word_1_280' title='bbox 1493 3178 1509 3216; x_wconf 89' lang='lat'><strong>:</strong></span> <span class='ocrx_word' id='word_1_281' title='bbox 1566 3170 1689 3216; x_wconf 93' lang='lat' dir='ltr'><strong>tunc</strong></span> <span class='ocrx_word' id='word_1_282' title='bbox 1740 3170 1901 3214; x_wconf 89' lang='lat' dir='ltr'><strong>tecum</strong></span> 
     </span>
    </p>
   </div>
   <div class='ocr_carea' id='block_1_32' title="bbox 321 3253 1898 3328">
    <p class='ocr_par' dir='ltr' id='par_1_32' title="bbox 321 3253 1898 3328">
     <span class='ocr_line' id='line_1_32' title="bbox 321 3253 1898 3328; baseline -0.001 -19"><span class='ocrx_word' id='word_1_283' title='bbox 321 3257 628 3328; x_wconf 76' lang='lat' dir='ltr'><strong>principium</strong></span> <span class='ocrx_word' id='word_1_284' title='bbox 682 3255 986 3311; x_wconf 84' lang='lat' dir='ltr'><strong>videntibus</strong></span> <span class='ocrx_word' id='word_1_285' title='bbox 1041 3255 1237 3310; x_wconf 84' lang='lat' dir='ltr'><strong>sanctis</strong></span> <span class='ocrx_word' id='word_1_286' title='bbox 1269 3297 1282 3318; x_wconf 88' lang='lat'><strong>,</strong></span> <span class='ocrx_word' id='word_1_287' title='bbox 1343 3254 1642 3309; x_wconf 83' lang='lat' dir='ltr'><strong>videntibus</strong></span> <span class='ocrx_word' id='word_1_288' title='bbox 1691 3253 1898 3324; x_wconf 84' lang='lat' dir='ltr'><strong>justis;</strong></span> 
     </span>
    </p>
   </div>
   <div class='ocr_carea' id='block_1_33' title="bbox 321 3346 1900 3420">
    <p class='ocr_par' dir='ltr' id='par_1_33' title="bbox 321 3346 1900 3420">
     <span class='ocr_line' id='line_1_33' title="bbox 321 3346 1900 3420; baseline -0.001 -16"><span class='ocrx_word' id='word_1_289' title='bbox 321 3350 544 3404; x_wconf 76' lang='lat' dir='ltr'><strong>sublatis</strong></span> <span class='ocrx_word' id='word_1_290' title='bbox 571 3349 639 3406; x_wconf 91' lang='lat' dir='ltr'><strong>de</strong></span> <span class='ocrx_word' id='word_1_291' title='bbox 679 3349 856 3405; x_wconf 90' lang='lat' dir='ltr'><strong>medio</strong></span> <span class='ocrx_word' id='word_1_292' title='bbox 885 3349 1062 3420; x_wconf 87' lang='lat' dir='ltr'><strong>impiis</strong></span> <span class='ocrx_word' id='word_1_293' title='bbox 1085 3391 1100 3416; x_wconf 97' lang='lat'><strong>,</strong></span> <span class='ocrx_word' id='word_1_294' title='bbox 1151 3363 1218 3404; x_wconf 90' lang='lat' dir='ltr'><strong>ne</strong></span> <span class='ocrx_word' id='word_1_295' title='bbox 1246 3347 1462 3404; x_wconf 88' lang='lat' dir='ltr'><strong>videant</strong></span> <span class='ocrx_word' id='word_1_296' title='bbox 1504 3346 1760 3402; x_wconf 85' lang='lat' dir='ltr'><strong>honorem</strong></span> <span class='ocrx_word' id='word_1_297' title='bbox 1793 3347 1900 3402; x_wconf 80' lang='lat' dir='ltr'><strong>Du-</strong></span> 
     </span>
    </p>
   </div>
   <div class='ocr_carea' id='block_1_34' title="bbox 321 3441 472 3496">
    <p class='ocr_par' dir='ltr' id='par_1_34' title="bbox 321 3441 472 3496">
     <span class='ocr_line' id='line_1_34' title="bbox 321 3441 472 3496; baseline -0.007 0"><span class='ocrx_word' id='word_1_298' title='bbox 321 3441 472 3496; x_wconf 79' lang='lat' dir='ltr'><strong>mini.</strong></span> 
     </span>
    </p>
   </div>
   <div class='ocr_carea' id='block_1_35' title="bbox 395 3531 1902 3606">
    <p class='ocr_par' dir='ltr' id='par_1_35' title="bbox 395 3531 1902 3606">
     <span class='ocr_line' id='line_1_35' title="bbox 395 3531 1902 3606; baseline -0.003 -16"><span class='ocrx_word' id='word_1_299' title='bbox 395 3536 482 3590; x_wconf 75' lang='lat' dir='ltr'><strong>M.</strong></span> <span class='ocrx_word' id='word_1_300' title='bbox 513 3535 668 3590; x_wconf 77' lang='lat' dir='ltr'><strong>Modo</strong></span> <span class='ocrx_word' id='word_1_301' title='bbox 696 3550 822 3606; x_wconf 80' lang='lat' dir='ltr'><strong>ergo</strong></span> <span class='ocrx_word' id='word_1_302' title='bbox 845 3534 1122 3590; x_wconf 77' lang='lat' dir='ltr'><strong>credamus</strong></span> <span class='ocrx_word' id='word_1_303' title='bbox 1145 3577 1161 3600; x_wconf 92' lang='lat'><strong>,</strong></span> <span class='ocrx_word' id='word_1_304' title='bbox 1208 3535 1398 3588; x_wconf 83' lang='lat' dir='ltr'><strong>fratres</strong></span> <span class='ocrx_word' id='word_1_305' title='bbox 1421 3575 1437 3600; x_wconf 92' lang='lat'><strong>,</strong></span> <span class='ocrx_word' id='word_1_306' title='bbox 1485 3531 1625 3602; x_wconf 91' lang='lat' dir='ltr'><strong>quod</strong></span> <span class='ocrx_word' id='word_1_307' title='bbox 1670 3540 1796 3587; x_wconf 91' lang='lat' dir='ltr'><strong>tunc</strong></span> <span class='ocrx_word' id='word_1_308' title='bbox 1821 3531 1902 3586; x_wconf 41' lang='lat' dir='ltr'><strong>vis</strong></span> 
     </span>
    </p>
   </div>
   <div class='ocr_carea' id='block_1_36' title="bbox 324 3623 1902 3696">
    <p class='ocr_par' dir='ltr' id='par_1_36' title="bbox 324 3623 1902 3696">
     <span class='ocr_line' id='line_1_36' title="bbox 324 3623 1902 3696; baseline -0.004 -12"><span class='ocrx_word' id='word_1_309' title='bbox 324 3629 566 3685; x_wconf 75' lang='lat' dir='ltr'><strong>denu-.us.</strong></span> <span class='ocrx_word' id='word_1_310' title='bbox 597 3629 724 3683; x_wconf 73' lang='lat' dir='ltr'><strong>Nam</strong></span> <span class='ocrx_word' id='word_1_311' title='bbox 758 3637 811 3682; x_wconf 79' lang='lat' dir='ltr'><strong>et</strong></span> <span class='ocrx_word' id='word_1_312' title='bbox 839 3627 1108 3696; x_wconf 84' lang='lat' dir='ltr'><strong>Philippus</strong></span> <span class='ocrx_word' id='word_1_313' title='bbox 1145 3626 1450 3696; x_wconf 76' lang='lat' dir='ltr'><strong>obiurgatus</strong></span> <span class='ocrx_word' id='word_1_314' title='bbox 1476 3633 1558 3679; x_wconf 88' lang='lat' dir='ltr'><strong>est</strong></span> <span class='ocrx_word' id='word_1_315' title='bbox 1585 3623 1724 3694; x_wconf 92' lang='lat' dir='ltr'><strong>quod</strong></span> <span class='ocrx_word' id='word_1_316' title='bbox 1753 3638 1902 3692; x_wconf 76' lang='lat' dir='ltr'><strong>qute-</strong></span> 
     </span>
    </p>
   </div>
   <div class='ocr_carea' id='block_1_37' title="bbox 325 3717 1902 3786">
    <p class='ocr_par' dir='ltr' id='par_1_37' title="bbox 325 3717 1902 3786">
     <span class='ocr_line' id='line_1_37' title="bbox 325 3717 1902 3786; baseline -0.004 -12"><span class='ocrx_word' id='word_1_317' title='bbox 325 3729 467 3776; x_wconf 85' lang='lat' dir='ltr'><strong>rerct</strong></span> <span class='ocrx_word' id='word_1_318' title='bbox 491 3720 673 3775; x_wconf 90' lang='lat' dir='ltr'><strong>videre</strong></span> <span class='ocrx_word' id='word_1_319' title='bbox 696 3720 905 3774; x_wconf 88' lang='lat' dir='ltr'><strong>Patrem</strong></span> <span class='ocrx_word' id='word_1_320' title='bbox 932 3761 948 3786; x_wconf 95' lang='lat'><strong>,</strong></span> <span class='ocrx_word' id='word_1_321' title='bbox 978 3733 1096 3772; x_wconf 90' lang='lat' dir='ltr'><strong>cum</strong></span> <span class='ocrx_word' id='word_1_322' title='bbox 1129 3717 1181 3772; x_wconf 92' lang='lat' dir='ltr'><strong>in</strong></span> <span class='ocrx_word' id='word_1_323' title='bbox 1212 3719 1324 3786; x_wconf 88' lang='lat' dir='ltr'><strong>ipso</strong></span> <span class='ocrx_word' id='word_1_324' title='bbox 1347 3717 1483 3772; x_wconf 89' lang='lat' dir='ltr'><strong>Filio</strong></span> <span class='ocrx_word' id='word_1_325' title='bbox 1512 3732 1616 3769; x_wconf 86' lang='lat' dir='ltr'><strong>non</strong></span> <span class='ocrx_word' id='word_1_326' title='bbox 1647 3729 1902 3784; x_wconf 77' lang='lat' dir='ltr'><strong>agnosce-</strong></span> 
     </span>
    </p>
   </div>
   <div class='ocr_carea' id='block_1_38' title="bbox 322 3809 1905 3881">
    <p class='ocr_par' dir='ltr' id='par_1_38' title="bbox 322 3809 1905 3881">
     <span class='ocr_line' id='line_1_38' title="bbox 322 3809 1905 3881; baseline -0.007 -13"><span class='ocrx_word' id='word_1_327' title='bbox 322 3826 402 3868; x_wconf 81' lang='lat' dir='ltr'><strong>ret</strong></span> <span class='ocrx_word' id='word_1_328' title='bbox 435 3815 642 3868; x_wconf 78' lang='lat' dir='ltr'><strong>Patrem</strong></span> <span class='ocrx_word' id='word_1_329' title='bbox 677 3830 690 3866; x_wconf 89' lang='lat'><strong>:</strong></span> <span class='ocrx_word' id='word_1_330' title='bbox 723 3810 887 3865; x_wconf 89' lang='lat' dir='ltr'><strong>Tanto</strong></span> <span class='ocrx_word' id='word_1_331' title='bbox 922 3820 1139 3881; x_wconf 88' lang='lat' dir='ltr'><strong>tempore</strong></span> <span class='ocrx_word' id='word_1_332' title='bbox 1161 3809 1414 3862; x_wconf 86' lang='lat' dir='ltr'><strong>vobiscum</strong></span> <span class='ocrx_word' id='word_1_333' title='bbox 1441 3823 1552 3861; x_wconf 87' lang='lat' dir='ltr'><strong>sum</strong></span> <span class='ocrx_word' id='word_1_334' title='bbox 1575 3846 1590 3872; x_wconf 94' lang='lat'><strong>,</strong></span> <span class='ocrx_word' id='word_1_335' title='bbox 1621 3816 1666 3858; x_wconf 93' lang='lat' dir='ltr'><strong>et</strong></span> <span class='ocrx_word' id='word_1_336' title='bbox 1695 3821 1793 3858; x_wconf 90' lang='lat' dir='ltr'><strong>non</strong></span> <span class='ocrx_word' id='word_1_337' title='bbox 1819 3821 1905 3858; x_wconf 87' lang='lat' dir='ltr'><strong>co-</strong></span> 
     </span>
    </p>
   </div>
   <div class='ocr_carea' id='block_1_39' title="bbox 324 3895 1901 3977">
    <p class='ocr_par' dir='ltr' id='par_1_39' title="bbox 324 3895 1901 3977">
     <span class='ocr_line' id='line_1_39' title="bbox 324 3895 1901 3977; baseline -0.003 -23"><span class='ocrx_word' id='word_1_338' title='bbox 324 3905 563 3977; x_wconf 82' lang='lat' dir='ltr'><strong>gnovistis</strong></span> <span class='ocrx_word' id='word_1_339' title='bbox 590 3905 710 3958; x_wconf 85' lang='lat' dir='ltr'><strong>me?</strong></span> <span class='ocrx_word' id='word_1_340' title='bbox 741 3902 981 3973; x_wconf 83' lang='lat' dir='ltr'><strong>Philippe</strong></span> <span class='ocrx_word' id='word_1_341' title='bbox 1002 3943 1016 3966; x_wconf 93' lang='lat'><strong>,</strong></span> <span class='ocrx_word' id='word_1_342' title='bbox 1047 3902 1130 3971; x_wconf 81' lang='lat' dir='ltr'><strong>qui</strong></span> <span class='ocrx_word' id='word_1_343' title='bbox 1172 3916 1248 3953; x_wconf 90' lang='lat' dir='ltr'><strong>me</strong></span> <span class='ocrx_word' id='word_1_344' title='bbox 1270 3899 1388 3953; x_wconf 89' lang='lat' dir='ltr'><strong>vidit</strong></span> <span class='ocrx_word' id='word_1_345' title='bbox 1411 3939 1425 3962; x_wconf 92' lang='lat'><strong>,</strong></span> <span class='ocrx_word' id='word_1_346' title='bbox 1456 3898 1577 3952; x_wconf 87' lang='lat' dir='ltr'><strong>vidit</strong></span> <span class='ocrx_word' id='word_1_347' title='bbox 1603 3907 1649 3951; x_wconf 88' lang='lat' dir='ltr'><strong>et</strong></span> <span class='ocrx_word' id='word_1_348' title='bbox 1679 3895 1901 3950; x_wconf 85' lang='lat' dir='ltr'><strong>Patrem.</strong></span> 
     </span>
    </p>
   </div>
   <div class='ocr_carea' id='block_1_40' title="bbox 325 3989 1900 4070">
    <p class='ocr_par' dir='ltr' id='par_1_40' title="bbox 325 3989 1900 4070">
     <span class='ocr_line' id='line_1_40' title="bbox 325 3989 1900 4070; baseline -0.008 -16"><span class='ocrx_word' id='word_1_349' title='bbox 325 3997 432 4054; x_wconf 84' lang='lat' dir='ltr'><strong>Sed</strong></span> <span class='ocrx_word' id='word_1_350' title='bbox 457 3997 545 4070; x_wconf 84' lang='lat' dir='ltr'><strong>qui</strong></span> <span class='ocrx_word' id='word_1_351' title='bbox 570 4013 646 4051; x_wconf 87' lang='lat' dir='ltr'><strong>me</strong></span> <span class='ocrx_word' id='word_1_352' title='bbox 671 3996 832 4062; x_wconf 89' lang='lat' dir='ltr'><strong>vidit,</strong></span> <span class='ocrx_word' id='word_1_353' title='bbox 861 4011 968 4050; x_wconf 86' lang='lat' dir='ltr'><strong>non</strong></span> <span class='ocrx_word' id='word_1_354' title='bbox 1009 3996 1098 4064; x_wconf 90' lang='lat' dir='ltr'><strong>qui</strong></span> <span class='ocrx_word' id='word_1_355' title='bbox 1131 3992 1351 4048; x_wconf 80' lang='lat' dir='ltr'><strong>formam</strong></span> <span class='ocrx_word' id='word_1_356' title='bbox 1379 3993 1516 4046; x_wconf 88' lang='lat' dir='ltr'><strong>servi</strong></span> <span class='ocrx_word' id='word_1_357' title='bbox 1546 3992 1597 4045; x_wconf 92' lang='lat' dir='ltr'><strong>in</strong></span> <span class='ocrx_word' id='word_1_358' title='bbox 1640 4006 1726 4046; x_wconf 91' lang='lat' dir='ltr'><strong>me</strong></span> <span class='ocrx_word' id='word_1_359' title='bbox 1753 3989 1900 4044; x_wconf 86' lang='lat' dir='ltr'><strong>vidit.</strong></span> 
     </span>
    </p>
   </div>
   <div class='ocr_carea' id='block_1_41' title="bbox 329 4083 1902 4160">
    <p class='ocr_par' dir='ltr' id='par_1_41' title="bbox 329 4083 1902 4160">
     <span class='ocr_line' id='line_1_41' title="bbox 329 4083 1902 4160; baseline -0.005 -15"><span class='ocrx_word' id='word_1_360' title='bbox 329 4091 425 4156; x_wconf 75' lang='lat' dir='ltr'><strong>Qui</strong></span> <span class='ocrx_word' id='word_1_361' title='bbox 446 4105 575 4160; x_wconf 78' lang='lat' dir='ltr'><strong>ergo</strong></span> <span class='ocrx_word' id='word_1_362' title='bbox 591 4105 668 4144; x_wconf 85' lang='lat' dir='ltr'><strong>me</strong></span> <span class='ocrx_word' id='word_1_363' title='bbox 691 4089 835 4156; x_wconf 86' lang='lat' dir='ltr'><strong>vidit,</strong></span> <span class='ocrx_word' id='word_1_364' title='bbox 856 4088 1064 4157; x_wconf 88' lang='lat' dir='ltr'><strong>qualem</strong></span> <span class='ocrx_word' id='word_1_365' title='bbox 1093 4102 1176 4140; x_wconf 92' lang='lat' dir='ltr'><strong>me</strong></span> <span class='ocrx_word' id='word_1_366' title='bbox 1193 4084 1443 4139; x_wconf 87' lang='lat' dir='ltr'><strong>abscondi</strong></span> <span class='ocrx_word' id='word_1_367' title='bbox 1473 4083 1778 4138; x_wconf 85' lang='lat' dir='ltr'><strong>timentibus</strong></span> <span class='ocrx_word' id='word_1_368' title='bbox 1798 4097 1902 4146; x_wconf 89' lang='lat' dir='ltr'><strong>me,</strong></span> 
     </span>
    </p>
   </div>
   <div class='ocr_carea' id='block_1_42' title="bbox 323 4173 1902 4253">
    <p class='ocr_par' dir='ltr' id='par_1_42' title="bbox 323 4173 1902 4253">
     <span class='ocr_line' id='line_1_42' title="bbox 323 4173 1902 4253; baseline -0.006 -17"><span class='ocrx_word' id='word_1_369' title='bbox 323 4182 538 4253; x_wconf 87' lang='lat' dir='ltr'><strong>qualem</strong></span> <span class='ocrx_word' id='word_1_370' title='bbox 555 4197 641 4237; x_wconf 87' lang='lat' dir='ltr'><strong>me</strong></span> <span class='ocrx_word' id='word_1_371' title='bbox 658 4181 938 4235; x_wconf 89' lang='lat' dir='ltr'><strong>videndum</strong></span> <span class='ocrx_word' id='word_1_372' title='bbox 970 4178 1185 4250; x_wconf 88' lang='lat' dir='ltr'><strong>perﬁcio</strong></span> <span class='ocrx_word' id='word_1_373' title='bbox 1202 4177 1536 4246; x_wconf 86' lang='lat' dir='ltr'><strong>sperantibus</strong></span> <span class='ocrx_word' id='word_1_374' title='bbox 1563 4175 1613 4229; x_wconf 92' lang='lat' dir='ltr'><strong>in</strong></span> <span class='ocrx_word' id='word_1_375' title='bbox 1633 4191 1718 4229; x_wconf 91' lang='lat' dir='ltr'><strong>me</strong></span> <span class='ocrx_word' id='word_1_376' title='bbox 1733 4173 1902 4245; x_wconf 83' lang='lat' dir='ltr'><strong>(Psal.</strong></span> 
     </span>
    </p>
   </div>
   <div class='ocr_carea' id='block_1_43' title="bbox 324 4265 1903 4343">
    <p class='ocr_par' dir='ltr' id='par_1_43' title="bbox 324 4265 1903 4343">
     <span class='ocr_line' id='line_1_43' title="bbox 324 4265 1903 4343; baseline -0.004 -16"><span class='ocrx_word' id='word_1_377' title='bbox 324 4288 453 4336; x_wconf 79' lang='lat' dir='ltr'><strong>xxx,</strong></span> <span class='ocrx_word' id='word_1_378' title='bbox 475 4272 590 4343; x_wconf 73' lang='grc'><strong>20),</strong></span> <span class='ocrx_word' id='word_1_379' title='bbox 615 4273 734 4326; x_wconf 81' lang='lat' dir='ltr'><strong>vidit</strong></span> <span class='ocrx_word' id='word_1_380' title='bbox 755 4282 800 4326; x_wconf 80' lang='lat' dir='ltr'><strong>et</strong></span> <span class='ocrx_word' id='word_1_381' title='bbox 831 4270 1054 4324; x_wconf 83' lang='lat' dir='ltr'><strong>Patrem.</strong></span> <span class='ocrx_word' id='word_1_382' title='bbox 1077 4269 1181 4324; x_wconf 86' lang='lat' dir='ltr'><strong>Sed</strong></span> <span class='ocrx_word' id='word_1_383' title='bbox 1207 4269 1328 4339; x_wconf 88' lang='lat' dir='ltr'><strong>quia</strong></span> <span class='ocrx_word' id='word_1_384' title='bbox 1353 4269 1449 4322; x_wconf 84' lang='lat' dir='ltr'><strong>ista</strong></span> <span class='ocrx_word' id='word_1_385' title='bbox 1477 4266 1610 4322; x_wconf 83' lang='lat' dir='ltr'><strong>visio</strong></span> <span class='ocrx_word' id='word_1_386' title='bbox 1637 4274 1756 4338; x_wconf 79' lang='lat' dir='ltr'><strong>post</strong></span> <span class='ocrx_word' id='word_1_387' title='bbox 1782 4265 1903 4332; x_wconf 89' lang='lat' dir='ltr'><strong>erit,</strong></span> 
     </span>
    </p>
   </div>
   <div class='ocr_carea' id='block_1_44' title="bbox 327 4357 1909 4434">
    <p class='ocr_par' dir='ltr' id='par_1_44' title="bbox 327 4357 1909 4434">
     <span class='ocr_line' id='line_1_44' title="bbox 327 4357 1909 4434; baseline -0.003 -16"><span class='ocrx_word' id='word_1_388' title='bbox 327 4379 472 4419; x_wconf 88' lang='lat' dir='ltr'><strong>nunc</strong></span> <span class='ocrx_word' id='word_1_389' title='bbox 517 4378 612 4434; x_wconf 89' lang='lat' dir='ltr'><strong>pro</strong></span> <span class='ocrx_word' id='word_1_390' title='bbox 639 4364 722 4417; x_wconf 89' lang='lat' dir='ltr'><strong>illa</strong></span> <span class='ocrx_word' id='word_1_391' title='bbox 756 4363 879 4433; x_wconf 90' lang='lat' dir='ltr'><strong>quid</strong></span> <span class='ocrx_word' id='word_1_392' title='bbox 912 4359 1264 4417; x_wconf 78' lang='lat' dir='ltr'><strong>habebimus?</strong></span> <span class='ocrx_word' id='word_1_393' title='bbox 1294 4358 1579 4414; x_wconf 88' lang='lat' dir='ltr'><strong>Videamus</strong></span> <span class='ocrx_word' id='word_1_394' title='bbox 1605 4357 1730 4428; x_wconf 89' lang='lat' dir='ltr'><strong>quid</strong></span> <span class='ocrx_word' id='word_1_395' title='bbox 1767 4357 1909 4413; x_wconf 87' lang='lat' dir='ltr'><strong>dicat</strong></span> 
     </span>
    </p>
   </div>
   <div class='ocr_carea' id='block_1_45' title="bbox 324 4451 1904 4526">
    <p class='ocr_par' dir='ltr' id='par_1_45' title="bbox 324 4451 1904 4526">
     <span class='ocr_line' id='line_1_45' title="bbox 324 4451 1904 4526; baseline -0.003 -15"><span class='ocrx_word' id='word_1_396' title='bbox 324 4455 574 4526; x_wconf 90' lang='lat' dir='ltr'><strong>Philippo</strong></span> <span class='ocrx_word' id='word_1_397' title='bbox 597 4497 612 4519; x_wconf 90' lang='lat'><strong>,</strong></span> <span class='ocrx_word' id='word_1_398' title='bbox 642 4456 726 4510; x_wconf 92' lang='lat' dir='ltr'><strong>cui</strong></span> <span class='ocrx_word' id='word_1_399' title='bbox 753 4455 996 4520; x_wconf 84' lang='lat' dir='ltr'><strong>dixerat,</strong></span> <span class='ocrx_word' id='word_1_400' title='bbox 1033 4453 1130 4520; x_wconf 85' lang='lat' dir='ltr'><strong>Qui</strong></span> <span class='ocrx_word' id='word_1_401' title='bbox 1161 4471 1238 4508; x_wconf 89' lang='lat' dir='ltr'><strong>me</strong></span> <span class='ocrx_word' id='word_1_402' title='bbox 1264 4453 1383 4507; x_wconf 85' lang='lat' dir='ltr'><strong>vidit</strong></span> <span class='ocrx_word' id='word_1_403' title='bbox 1406 4495 1419 4516; x_wconf 91' lang='lat'><strong>,</strong></span> <span class='ocrx_word' id='word_1_404' title='bbox 1451 4453 1575 4506; x_wconf 83' lang='lat' dir='ltr'><strong>vidit</strong></span> <span class='ocrx_word' id='word_1_405' title='bbox 1602 4460 1649 4507; x_wconf 87' lang='lat' dir='ltr'><strong>et</strong></span> <span class='ocrx_word' id='word_1_406' title='bbox 1680 4451 1904 4507; x_wconf 87' lang='lat' dir='ltr'><strong>Patrem.</strong></span> 
     </span>
    </p>
   </div>
   <div class='ocr_carea' id='block_1_46' title="bbox 327 4542 1910 4616">
    <p class='ocr_par' dir='ltr' id='par_1_46' title="bbox 327 4542 1910 4616">
     <span class='ocr_line' id='line_1_46' title="bbox 327 4542 1910 4616; baseline -0.001 -16"><span class='ocrx_word' id='word_1_407' title='bbox 327 4547 489 4616; x_wconf 79' lang='lat' dir='ltr'><strong>Quasi</strong></span> <span class='ocrx_word' id='word_1_408' title='bbox 534 4547 582 4600; x_wconf 91' lang='lat' dir='ltr'><strong>ei</strong></span> <span class='ocrx_word' id='word_1_409' title='bbox 613 4545 884 4616; x_wconf 86' lang='lat' dir='ltr'><strong>Philippus</strong></span> <span class='ocrx_word' id='word_1_410' title='bbox 917 4547 1104 4599; x_wconf 88' lang='lat' dir='ltr'><strong>tacitus</strong></span> <span class='ocrx_word' id='word_1_411' title='bbox 1134 4543 1482 4615; x_wconf 78' lang='lat' dir='ltr'><strong>reSponderet</strong></span> <span class='ocrx_word' id='word_1_412' title='bbox 1506 4584 1521 4610; x_wconf 96' lang='lat'><strong>,</strong></span> <span class='ocrx_word' id='word_1_413' title='bbox 1551 4543 1613 4597; x_wconf 78' lang='lat' dir='ltr'><strong>Et</strong></span> <span class='ocrx_word' id='word_1_414' title='bbox 1642 4542 1910 4612; x_wconf 92' lang='lat' dir='ltr'><strong>quomodo</strong></span> 
     </span>
    </p>
   </div>
   <div class='ocr_carea' id='block_1_47' title="bbox 327 4634 1911 4705">
    <p class='ocr_par' dir='ltr' id='par_1_47' title="bbox 327 4634 1911 4705">
     <span class='ocr_line' id='line_1_47' title="bbox 327 4634 1911 4705; baseline -0.003 -11"><span class='ocrx_word' id='word_1_415' title='bbox 327 4646 380 4694; x_wconf 85' lang='lat' dir='ltr'><strong>te</strong></span> <span class='ocrx_word' id='word_1_416' title='bbox 407 4638 602 4693; x_wconf 86' lang='lat' dir='ltr'><strong>videbo</strong></span> <span class='ocrx_word' id='word_1_417' title='bbox 627 4681 640 4704; x_wconf 93' lang='lat'><strong>,</strong></span> <span class='ocrx_word' id='word_1_418' title='bbox 672 4639 714 4691; x_wconf 89' lang='lat' dir='ltr'><strong>si</strong></span> <span class='ocrx_word' id='word_1_419' title='bbox 747 4638 897 4691; x_wconf 88' lang='lat' dir='ltr'><strong>aliter</strong></span> <span class='ocrx_word' id='word_1_420' title='bbox 925 4636 1118 4691; x_wconf 88' lang='lat' dir='ltr'><strong>videris</strong></span> <span class='ocrx_word' id='word_1_421' title='bbox 1143 4651 1300 4705; x_wconf 89' lang='lat' dir='ltr'><strong>quam</strong></span> <span class='ocrx_word' id='word_1_422' title='bbox 1328 4635 1380 4689; x_wconf 93' lang='lat' dir='ltr'><strong>in</strong></span> <span class='ocrx_word' id='word_1_423' title='bbox 1411 4634 1574 4688; x_wconf 78' lang='lat' dir='ltr'><strong>forma</strong></span> <span class='ocrx_word' id='word_1_424' title='bbox 1610 4635 1792 4689; x_wconf 85' lang='lat' dir='ltr'><strong>servi?</strong></span> <span class='ocrx_word' id='word_1_425' title='bbox 1821 4643 1911 4690; x_wconf 92' lang='lat' dir='ltr'><strong>aut</strong></span> 
     </span>
    </p>
   </div>
   <div class='ocr_carea' id='block_1_48' title="bbox 327 4725 1906 4801">
    <p class='ocr_par' dir='ltr' id='par_1_48' title="bbox 327 4725 1906 4801">
     <span class='ocr_line' id='line_1_48' title="bbox 327 4725 1906 4801; baseline -0.003 -17"><span class='ocrx_word' id='word_1_426' title='bbox 327 4729 597 4801; x_wconf 86' lang='lat' dir='ltr'><strong>quomodo</strong></span> <span class='ocrx_word' id='word_1_427' title='bbox 625 4729 814 4784; x_wconf 87' lang='lat' dir='ltr'><strong>videbo</strong></span> <span class='ocrx_word' id='word_1_428' title='bbox 845 4729 1052 4783; x_wconf 90' lang='lat' dir='ltr'><strong>Patrem</strong></span> <span class='ocrx_word' id='word_1_429' title='bbox 1078 4768 1094 4794; x_wconf 96' lang='lat'><strong>,</strong></span> <span class='ocrx_word' id='word_1_430' title='bbox 1127 4725 1389 4780; x_wconf 88' lang='lat' dir='ltr'><strong>invalidus</strong></span> <span class='ocrx_word' id='word_1_431' title='bbox 1439 4726 1598 4781; x_wconf 89' lang='lat' dir='ltr'><strong>homo</strong></span> <span class='ocrx_word' id='word_1_432' title='bbox 1631 4726 1867 4780; x_wconf 85' lang='lat' dir='ltr'><strong>mortalis</strong></span> <span class='ocrx_word' id='word_1_433' title='bbox 1891 4767 1906 4792; x_wconf 96' lang='lat'><strong>,</strong></span> 
     </span>
    </p>
   </div>
   <div class='ocr_carea' id='block_1_49' title="bbox 327 4815 1907 4892">
    <p class='ocr_par' dir='ltr' id='par_1_49' title="bbox 327 4815 1907 4892">
     <span class='ocr_line' id='line_1_49' title="bbox 327 4815 1907 4892; baseline -0.002 -19"><span class='ocrx_word' id='word_1_434' title='bbox 327 4820 501 4892; x_wconf 86' lang='lat' dir='ltr'><strong>pulvis</strong></span> <span class='ocrx_word' id='word_1_435' title='bbox 528 4830 578 4873; x_wconf 87' lang='lat' dir='ltr'><strong>et</strong></span> <span class='ocrx_word' id='word_1_436' title='bbox 596 4819 763 4873; x_wconf 88' lang='lat' dir='ltr'><strong>cinis?</strong></span> <span class='ocrx_word' id='word_1_437' title='bbox 780 4833 1071 4874; x_wconf 86' lang='lat' dir='ltr'><strong>conversus</strong></span> <span class='ocrx_word' id='word_1_438' title='bbox 1097 4817 1161 4870; x_wconf 90' lang='lat' dir='ltr'><strong>ad</strong></span> <span class='ocrx_word' id='word_1_439' title='bbox 1188 4832 1332 4882; x_wconf 87' lang='lat' dir='ltr'><strong>eum,</strong></span> <span class='ocrx_word' id='word_1_440' title='bbox 1352 4815 1604 4870; x_wconf 75' lang='lat' dir='ltr'><strong>differens</strong></span> <span class='ocrx_word' id='word_1_441' title='bbox 1629 4815 1907 4883; x_wconf 84' lang='lat' dir='ltr'><strong>visionem,</strong></span> 
     </span>
    </p>
   </div>
   <div class='ocr_carea' id='block_1_50' title="bbox 329 4908 1913 4984">
    <p class='ocr_par' dir='ltr' id='par_1_50' title="bbox 329 4908 1913 4984">
     <span class='ocr_line' id='line_1_50' title="bbox 329 4908 1913 4984; baseline -0.004 -17"><span class='ocrx_word' id='word_1_442' title='bbox 329 4914 600 4984; x_wconf 87' lang='lat' dir='ltr'><strong>imperans</strong></span> <span class='ocrx_word' id='word_1_443' title='bbox 631 4913 785 4967; x_wconf 88' lang='lat' dir='ltr'><strong>ﬁdem</strong></span> <span class='ocrx_word' id='word_1_444' title='bbox 811 4954 824 4975; x_wconf 90' lang='lat'><strong>,</strong></span> <span class='ocrx_word' id='word_1_445' title='bbox 870 4911 958 4982; x_wconf 87' lang='lat' dir='ltr'><strong>qui</strong></span> <span class='ocrx_word' id='word_1_446' title='bbox 989 4909 1232 4975; x_wconf 90' lang='lat' dir='ltr'><strong>dixerat,</strong></span> <span class='ocrx_word' id='word_1_447' title='bbox 1269 4908 1368 4973; x_wconf 79' lang='lat' dir='ltr'><strong>Qui</strong></span> <span class='ocrx_word' id='word_1_448' title='bbox 1411 4923 1489 4960; x_wconf 88' lang='lat' dir='ltr'><strong>me</strong></span> <span class='ocrx_word' id='word_1_449' title='bbox 1529 4908 1685 4972; x_wconf 84' lang='lat' dir='ltr'><strong>vidit,</strong></span> <span class='ocrx_word' id='word_1_450' title='bbox 1720 4908 1842 4961; x_wconf 81' lang='lat' dir='ltr'><strong>vidit</strong></span> <span class='ocrx_word' id='word_1_451' title='bbox 1866 4918 1913 4961; x_wconf 91' lang='lat' dir='ltr'><strong>et</strong></span> 
     </span>
    </p>
   </div>
   <div class='ocr_carea' id='block_1_51' title="bbox 332 4999 1914 5075">
    <p class='ocr_par' dir='ltr' id='par_1_51' title="bbox 332 4999 1914 5075">
     <span class='ocr_line' id='line_1_51' title="bbox 332 4999 1914 5075; baseline -0.004 -14"><span class='ocrx_word' id='word_1_452' title='bbox 332 5005 539 5062; x_wconf 83' lang='lat' dir='ltr'><strong>Putrem</strong></span> <span class='ocrx_word' id='word_1_453' title='bbox 564 5025 581 5072; x_wconf 85' lang='lat'><strong><em>;</em></strong></span> <span class='ocrx_word' id='word_1_454' title='bbox 609 5005 728 5075; x_wconf 84' lang='lat' dir='ltr'><strong>quia</strong></span> <span class='ocrx_word' id='word_1_455' title='bbox 761 5005 986 5060; x_wconf 91' lang='lat' dir='ltr'><strong>multum</strong></span> <span class='ocrx_word' id='word_1_456' title='bbox 1013 5014 1128 5059; x_wconf 89' lang='lat' dir='ltr'><strong>erat</strong></span> <span class='ocrx_word' id='word_1_457' title='bbox 1154 5001 1216 5056; x_wconf 91' lang='lat' dir='ltr'><strong>ad</strong></span> <span class='ocrx_word' id='word_1_458' title='bbox 1244 5001 1568 5072; x_wconf 86' lang='lat' dir='ltr'><strong>Philippum,</strong></span> <span class='ocrx_word' id='word_1_459' title='bbox 1591 5011 1643 5055; x_wconf 89' lang='lat' dir='ltr'><strong>et</strong></span> <span class='ocrx_word' id='word_1_460' title='bbox 1673 5001 1826 5070; x_wconf 83' lang='lat' dir='ltr'><strong>longe</strong></span> <span class='ocrx_word' id='word_1_461' title='bbox 1847 4999 1914 5054; x_wconf 91' lang='lat' dir='ltr'><strong>ab</strong></span> 
     </span>
    </p>
   </div>
   <div class='ocr_carea' id='block_1_52' title="bbox 330 5081 1917 5164">
    <p class='ocr_par' dir='ltr' id='par_1_52' title="bbox 330 5081 1917 5164">
     <span class='ocr_line' id='line_1_52' title="bbox 330 5081 1917 5164; baseline -0.006 -10"><span class='ocrx_word' id='word_1_462' title='bbox 330 5115 394 5154; x_wconf 84' lang='lat' dir='ltr'><strong>eo</strong></span> <span class='ocrx_word' id='word_1_463' title='bbox 425 5107 539 5154; x_wconf 85' lang='lat' dir='ltr'><strong>erat</strong></span> <span class='ocrx_word' id='word_1_464' title='bbox 572 5098 750 5152; x_wconf 89' lang='lat' dir='ltr'><strong>videre</strong></span> <span class='ocrx_word' id='word_1_465' title='bbox 782 5115 795 5150; x_wconf 92' lang='lat'><strong>:</strong></span> <span class='ocrx_word' id='word_1_466' title='bbox 830 5081 950 5150; x_wconf 74' lang='lat' dir='ltr'><strong>Non</strong></span> <span class='ocrx_word' id='word_1_467' title='bbox 995 5095 1156 5150; x_wconf 87' lang='lat' dir='ltr'><strong>credis</strong></span> <span class='ocrx_word' id='word_1_468' title='bbox 1179 5135 1194 5161; x_wconf 94' lang='lat'><strong>,</strong></span> <span class='ocrx_word' id='word_1_469' title='bbox 1227 5094 1432 5164; x_wconf 89' lang='lat' dir='ltr'><strong>inquit,</strong></span> <span class='ocrx_word' id='word_1_470' title='bbox 1463 5093 1580 5161; x_wconf 83' lang='lat' dir='ltr'><strong>quia</strong></span> <span class='ocrx_word' id='word_1_471' title='bbox 1608 5108 1697 5161; x_wconf 87' lang='lat' dir='ltr'><strong>ego</strong></span> <span class='ocrx_word' id='word_1_472' title='bbox 1726 5092 1776 5144; x_wconf 91' lang='lat' dir='ltr'><strong>in</strong></span> <span class='ocrx_word' id='word_1_473' title='bbox 1809 5089 1917 5144; x_wconf 80' lang='lat' dir='ltr'><strong>Pa-</strong></span> 
     </span>
    </p>
   </div>
   <div class='ocr_carea' id='block_1_53' title="bbox 333 5183 1916 5260">
    <p class='ocr_par' dir='ltr' id='par_1_53' title="bbox 333 5183 1916 5260">
     <span class='ocr_line' id='line_1_53' title="bbox 333 5183 1916 5260; baseline -0.006 -13"><span class='ocrx_word' id='word_1_474' title='bbox 333 5202 424 5256; x_wconf 87' lang='lat' dir='ltr'><strong>tre,</strong></span> <span class='ocrx_word' id='word_1_475' title='bbox 457 5203 504 5246; x_wconf 80' lang='lat' dir='ltr'><strong>ct</strong></span> <span class='ocrx_word' id='word_1_476' title='bbox 533 5191 690 5246; x_wconf 86' lang='lat' dir='ltr'><strong>Pater</strong></span> <span class='ocrx_word' id='word_1_477' title='bbox 714 5192 766 5245; x_wconf 89' lang='lat' dir='ltr'><strong>in</strong></span> <span class='ocrx_word' id='word_1_478' title='bbox 795 5207 874 5244; x_wconf 90' lang='lat' dir='ltr'><strong>me</strong></span> <span class='ocrx_word' id='word_1_479' title='bbox 893 5200 964 5244; x_wconf 88' lang='lat' dir='ltr'><strong>est</strong></span> <span class='ocrx_word' id='word_1_480' title='bbox 991 5190 1166 5260; x_wconf 83' lang='lat' dir='ltr'><strong>(Joan.</strong></span> <span class='ocrx_word' id='word_1_481' title='bbox 1200 5203 1311 5254; x_wconf 84' lang='lat' dir='ltr'><strong>xtv,</strong></span> <span class='ocrx_word' id='word_1_482' title='bbox 1341 5183 1530 5258; x_wconf 82' lang='lat' dir='ltr'><strong>8-H)?</strong></span> <span class='ocrx_word' id='word_1_483' title='bbox 1559 5185 1708 5253; x_wconf 86' lang='lat' dir='ltr'><strong>Quod</strong></span> <span class='ocrx_word' id='word_1_484' title='bbox 1736 5185 1916 5239; x_wconf 89' lang='lat' dir='ltr'><strong>videre</strong></span> 
     </span>
    </p>
   </div>
   <div class='ocr_carea' id='block_1_54' title="bbox 333 5274 1918 5353">
    <p class='ocr_par' dir='ltr' id='par_1_54' title="bbox 333 5274 1918 5353">
     <span class='ocr_line' id='line_1_54' title="bbox 333 5274 1918 5353; baseline -0.006 -13"><span class='ocrx_word' id='word_1_485' title='bbox 333 5283 567 5340; x_wconf 90' lang='lat' dir='ltr'><strong>nondum</strong></span> <span class='ocrx_word' id='word_1_486' title='bbox 595 5289 748 5353; x_wconf 85' lang='lat' dir='ltr'><strong>potes</strong></span> <span class='ocrx_word' id='word_1_487' title='bbox 773 5322 789 5348; x_wconf 96' lang='lat'><strong>,</strong></span> <span class='ocrx_word' id='word_1_488' title='bbox 819 5281 978 5336; x_wconf 87' lang='lat' dir='ltr'><strong>crede</strong></span> <span class='ocrx_word' id='word_1_489' title='bbox 999 5323 1013 5345; x_wconf 89' lang='lat'><strong>,</strong></span> <span class='ocrx_word' id='word_1_490' title='bbox 1044 5289 1102 5335; x_wconf 93' lang='grc' dir='ltr'><strong>ιιι</strong></span> <span class='ocrx_word' id='word_1_491' title='bbox 1126 5277 1306 5334; x_wconf 89' lang='lat' dir='ltr'><strong>videre</strong></span> <span class='ocrx_word' id='word_1_492' title='bbox 1330 5275 1603 5332; x_wconf 89' lang='lat' dir='ltr'><strong>merearis.</strong></span> <span class='ocrx_word' id='word_1_493' title='bbox 1630 5274 1762 5329; x_wconf 89' lang='lat' dir='ltr'><strong>Cum</strong></span> <span class='ocrx_word' id='word_1_494' title='bbox 1790 5289 1918 5344; x_wconf 77' lang='lat' dir='ltr'><strong>ergo</strong></span> 
     </span>
    </p>
   </div>
   <div class='ocr_carea' id='block_1_55' title="bbox 333 5364 1919 5438">
    <p class='ocr_par' dir='ltr' id='par_1_55' title="bbox 333 5364 1919 5438">
     <span class='ocr_line' id='line_1_55' title="bbox 333 5364 1919 5438; baseline -0.009 -6"><span class='ocrx_word' id='word_1_495' title='bbox 333 5385 552 5432; x_wconf 87' lang='lat' dir='ltr'><strong>ventum</strong></span> <span class='ocrx_word' id='word_1_496' title='bbox 597 5373 756 5429; x_wconf 74' lang='lat' dir='ltr'><strong>fuerit</strong></span> <span class='ocrx_word' id='word_1_497' title='bbox 783 5382 840 5427; x_wconf 92' lang='lat' dir='ltr'><strong>ut</strong></span> <span class='ocrx_word' id='word_1_498' title='bbox 865 5371 1136 5426; x_wconf 84' lang='lat' dir='ltr'><strong>videamus</strong></span> <span class='ocrx_word' id='word_1_499' title='bbox 1161 5413 1174 5436; x_wconf 94' lang='lat'><strong>,</strong></span> <span class='ocrx_word' id='word_1_500' title='bbox 1221 5378 1347 5424; x_wconf 92' lang='lat' dir='ltr'><strong>tunc</strong></span> <span class='ocrx_word' id='word_1_501' title='bbox 1387 5366 1698 5438; x_wconf 86' lang='lat' dir='ltr'><strong>apparebit,</strong></span> <span class='ocrx_word' id='word_1_502' title='bbox 1729 5364 1919 5418; x_wconf 84' lang='lat' dir='ltr'><strong>Tecum</strong></span> 
     </span>
    </p>
   </div>
   <div class='ocr_carea' id='block_1_56' title="bbox 336 5455 1921 5540">
    <p class='ocr_par' dir='ltr' id='par_1_56' title="bbox 336 5455 1921 5540">
     <span class='ocr_line' id='line_1_56' title="bbox 336 5455 1921 5540; baseline -0.009 -16"><span class='ocrx_word' id='word_1_503' title='bbox 336 5469 641 5540; x_wconf 71' lang='lat' dir='ltr'><strong>principium</strong></span> <span class='ocrx_word' id='word_1_504' title='bbox 667 5469 718 5520; x_wconf 88' lang='lat' dir='ltr'><strong>in</strong></span> <span class='ocrx_word' id='word_1_505' title='bbox 745 5466 824 5520; x_wconf 91' lang='lat' dir='ltr'><strong>die</strong></span> <span class='ocrx_word' id='word_1_506' title='bbox 841 5465 1038 5520; x_wconf 88' lang='lat' dir='ltr'><strong>virtutis</strong></span> <span class='ocrx_word' id='word_1_507' title='bbox 1060 5474 1177 5518; x_wconf 70' lang='lat' dir='ltr'><strong>tute.</strong></span> <span class='ocrx_word' id='word_1_508' title='bbox 1217 5461 1425 5516; x_wconf 84' lang='lat' dir='ltr'><strong>Virtutis</strong></span> <span class='ocrx_word' id='word_1_509' title='bbox 1445 5471 1545 5512; x_wconf 75' lang='lat' dir='ltr'><strong>tua:</strong></span> <span class='ocrx_word' id='word_1_510' title='bbox 1576 5474 1594 5512; x_wconf 95' lang='lat'><em>:</em></span> <span class='ocrx_word' id='word_1_511' title='bbox 1622 5473 1727 5512; x_wconf 85' lang='lat' dir='ltr'><strong>non</strong></span> <span class='ocrx_word' id='word_1_512' title='bbox 1753 5455 1921 5511; x_wconf 90' lang='lat' dir='ltr'><strong>virtu-</strong></span> 
     </span>
    </p>
   </div>
   <div class='ocr_carea' id='block_1_57' title="bbox 337 5549 1922 5628">
    <p class='ocr_par' dir='ltr' id='par_1_57' title="bbox 337 5549 1922 5628">
     <span class='ocr_line' id='line_1_57' title="bbox 337 5549 1922 5628; baseline -0.011 -8"><span class='ocrx_word' id='word_1_513' title='bbox 337 5565 405 5620; x_wconf 86' lang='lat' dir='ltr'><strong>tis</strong></span> <span class='ocrx_word' id='word_1_514' title='bbox 431 5562 754 5620; x_wconf 89' lang='lat' dir='ltr'><strong>inﬁrmitatis</strong></span> <span class='ocrx_word' id='word_1_515' title='bbox 782 5571 884 5615; x_wconf 71' lang='lat' dir='ltr'><strong>tute</strong></span> <span class='ocrx_word' id='word_1_516' title='bbox 906 5560 947 5627; x_wconf 74' lang='grc'><strong>⁸,</strong></span> <span class='ocrx_word' id='word_1_517' title='bbox 969 5559 1089 5628; x_wconf 89' lang='lat' dir='ltr'><strong>quia</strong></span> <span class='ocrx_word' id='word_1_518' title='bbox 1111 5551 1180 5611; x_wconf 90' lang='lat' dir='ltr'><strong>ibi</strong></span> <span class='ocrx_word' id='word_1_519' title='bbox 1205 5557 1390 5610; x_wconf 87' lang='lat' dir='ltr'><strong>virtus.</strong></span> <span class='ocrx_word' id='word_1_520' title='bbox 1423 5553 1633 5607; x_wconf 83' lang='lat' dir='ltr'><strong>Virtutis</strong></span> <span class='ocrx_word' id='word_1_521' title='bbox 1663 5560 1763 5605; x_wconf 79' lang='lat' dir='ltr'><strong>tute</strong></span> <span class='ocrx_word' id='word_1_522' title='bbox 1784 5567 1802 5604; x_wconf 90' lang='lat'><strong><em>:</em></strong></span> <span class='ocrx_word' id='word_1_523' title='bbox 1827 5549 1922 5604; x_wconf 87' lang='lat' dir='ltr'><strong>ha-</strong></span> 
     </span>
    </p>
   </div>
   <div class='ocr_carea' id='block_1_58' title="bbox 337 5642 1919 5718">
    <p class='ocr_par' dir='ltr' id='par_1_58' title="bbox 337 5642 1919 5718">
     <span class='ocr_line' id='line_1_58' title="bbox 337 5642 1919 5718; baseline -0.008 -6"><span class='ocrx_word' id='word_1_524' title='bbox 337 5654 466 5712; x_wconf 86' lang='lat' dir='ltr'><strong>bent</strong></span> <span class='ocrx_word' id='word_1_525' title='bbox 505 5670 646 5710; x_wconf 91' lang='lat' dir='ltr'><strong>nunc</strong></span> <span class='ocrx_word' id='word_1_526' title='bbox 676 5652 919 5708; x_wconf 85' lang='lat' dir='ltr'><strong>homines</strong></span> <span class='ocrx_word' id='word_1_527' title='bbox 949 5651 1000 5705; x_wconf 91' lang='lat' dir='ltr'><strong>in</strong></span> <span class='ocrx_word' id='word_1_528' title='bbox 1028 5648 1131 5703; x_wconf 90' lang='lat' dir='ltr'><strong>ﬁde</strong></span> <span class='ocrx_word' id='word_1_529' title='bbox 1153 5688 1170 5717; x_wconf 96' lang='lat'><strong>,</strong></span> <span class='ocrx_word' id='word_1_530' title='bbox 1199 5649 1251 5702; x_wconf 92' lang='lat' dir='ltr'><strong>in</strong></span> <span class='ocrx_word' id='word_1_531' title='bbox 1280 5661 1374 5718; x_wconf 91' lang='lat' dir='ltr'><strong>spe</strong></span> <span class='ocrx_word' id='word_1_532' title='bbox 1397 5689 1411 5714; x_wconf 93' lang='lat'><strong>,</strong></span> <span class='ocrx_word' id='word_1_533' title='bbox 1457 5646 1510 5700; x_wconf 94' lang='lat' dir='ltr'><strong>in</strong></span> <span class='ocrx_word' id='word_1_534' title='bbox 1535 5644 1795 5700; x_wconf 87' lang='lat' dir='ltr'><strong>charitate</strong></span> <span class='ocrx_word' id='word_1_535' title='bbox 1819 5684 1833 5708; x_wconf 93' lang='lat'><strong>,</strong></span> <span class='ocrx_word' id='word_1_536' title='bbox 1864 5642 1919 5699; x_wconf 87' lang='lat' dir='ltr'><strong>in</strong></span> 
     </span>
    </p>
   </div>
   <div class='ocr_carea' id='block_1_59' title="bbox 335 5783 1924 5914">
    <p class='ocr_par' dir='ltr' id='par_1_59' title="bbox 335 5783 1924 5914">
     <span class='ocr_line' id='line_1_59' title="bbox 335 5783 1924 5914; baseline -0.001 -69"><span class='ocrx_word' id='word_1_537' title='bbox 335 5793 654 5914; x_wconf 37' lang='lat' dir='ltr'><strong>“Latiam.</strong></span> <span class='ocrx_word' id='word_1_538' title='bbox 681 5799 736 5845; x_wconf 78' lang='lat' dir='ltr'><strong>At</strong></span> <span class='ocrx_word' id='word_1_539' title='bbox 756 5791 891 5854; x_wconf 70' lang='lat' dir='ltr'><strong>edd,</strong></span> <span class='ocrx_word' id='word_1_540' title='bbox 913 5790 1073 5845; x_wconf 76' lang='lat' dir='ltr'><strong>Virtus</strong></span> <span class='ocrx_word' id='word_1_541' title='bbox 1093 5786 1279 5846; x_wconf 80' lang='lat' dir='ltr'><strong>virtutis</strong></span> <span class='ocrx_word' id='word_1_542' title='bbox 1301 5791 1415 5851; x_wconf 76' lang='lat' dir='ltr'><strong>tute,</strong></span> <span class='ocrx_word' id='word_1_543' title='bbox 1437 5798 1533 5838; x_wconf 86' lang='lat' dir='ltr'><strong>non</strong></span> <span class='ocrx_word' id='word_1_544' title='bbox 1552 5785 1702 5841; x_wconf 80' lang='lat' dir='ltr'><strong>virtus</strong></span> <span class='ocrx_word' id='word_1_545' title='bbox 1719 5783 1924 5861; x_wconf 67' lang='lat' dir='ltr'><strong>inﬁrmi-</strong></span> 
     </span>
    </p>
   </div>
   <div class='ocr_carea' id='block_1_60' title="bbox 1483 363 2508 431">
    <p class='ocr_par' dir='ltr' id='par_1_60' title="bbox 1483 363 2508 431">
     <span class='ocr_line' id='line_1_60' title="bbox 1483 363 2508 431; baseline -0.003 -1"><span class='ocrx_word' id='word_1_546' title='bbox 1483 368 1876 430; x_wconf 77' lang='lat' dir='ltr'><strong>ENARRATIO</strong></span> <span class='ocrx_word' id='word_1_547' title='bbox 1915 369 1982 430; x_wconf 84' lang='lat' dir='ltr'><strong>IN</strong></span> <span class='ocrx_word' id='word_1_548' title='bbox 2019 363 2338 431; x_wconf 72' lang='lat' dir='ltr'><strong>PSALMUM</strong></span> <span class='ocrx_word' id='word_1_549' title='bbox 2375 368 2508 428; x_wconf 83' lang='lat' dir='ltr'><strong>CIX.</strong></span> 
     </span>
    </p>
   </div>
   <div class='ocr_carea' id='block_1_61' title="bbox 3441 369 3584 436">
    <p class='ocr_par' dir='ltr' id='par_1_61' title="bbox 3441 369 3584 436">
     <span class='ocr_line' id='line_1_61' title="bbox 3441 369 3584 436; baseline 0.028 -4"><span class='ocrx_word' id='word_1_550' title='bbox 3441 369 3584 436; x_wconf 71' lang='lat'><strong>“58</strong></span> 
     </span>
    </p>
   </div>
   <div class='ocr_carea' id='block_1_62' title="bbox 2006 470 3589 556">
    <p class='ocr_par' dir='ltr' id='par_1_62' title="bbox 2006 470 3589 556">
     <span class='ocr_line' id='line_1_62' title="bbox 2006 470 3589 556; baseline 0.004 -14"><span class='ocrx_word' id='word_1_551' title='bbox 2006 486 2160 543; x_wconf 90' lang='lat' dir='ltr'><strong>bonis</strong></span> <span class='ocrx_word' id='word_1_552' title='bbox 2189 486 2438 556; x_wconf 87' lang='lat' dir='ltr'><strong>operibus</strong></span> <span class='ocrx_word' id='word_1_553' title='bbox 2466 487 2684 544; x_wconf 88' lang='lat' dir='ltr'><strong>virtutes</strong></span> <span class='ocrx_word' id='word_1_554' title='bbox 2724 499 2889 554; x_wconf 86' lang='lat' dir='ltr'><strong>suas;</strong></span> <span class='ocrx_word' id='word_1_555' title='bbox 2925 470 3028 544; x_wconf 74' lang='lat' dir='ltr'><strong>sed</strong></span> <span class='ocrx_word' id='word_1_556' title='bbox 3069 478 3216 544; x_wconf 83' lang='lat' dir='ltr'><strong>ibunt</strong></span> <span class='ocrx_word' id='word_1_557' title='bbox 3235 474 3285 544; x_wconf 2' lang='lat' dir='ltr'><strong>ad</strong></span> <span class='ocrx_word' id='word_1_558' title='bbox 3303 481 3589 549; x_wconf 81' lang='lat' dir='ltr'><strong>virtutibus</strong></span> 
     </span>
    </p>
   </div>
   <div class='ocr_carea' id='block_1_63' title="bbox 2004 577 3591 653">
    <p class='ocr_par' dir='ltr' id='par_1_63' title="bbox 2004 577 3591 653">
     <span class='ocr_line' id='line_1_63' title="bbox 2004 577 3591 653; baseline 0.004 -21"><span class='ocrx_word' id='word_1_559' title='bbox 2004 577 2059 634; x_wconf 92' lang='lat' dir='ltr'><strong>in</strong></span> <span class='ocrx_word' id='word_1_560' title='bbox 2076 579 2325 635; x_wconf 89' lang='lat' dir='ltr'><strong>virtutem</strong></span> <span class='ocrx_word' id='word_1_561' title='bbox 2354 577 2522 650; x_wconf 82' lang='lat' dir='ltr'><strong>(Psal.</strong></span> <span class='ocrx_word' id='word_1_562' title='bbox 2545 595 2767 646; x_wconf 82' lang='lat' dir='ltr'><strong>Lxxxut,</strong></span> <span class='ocrx_word' id='word_1_563' title='bbox 2790 578 2866 650; x_wconf 78' lang='lat'><strong>8).</strong></span> <span class='ocrx_word' id='word_1_564' title='bbox 2890 577 3073 634; x_wconf 89' lang='lat' dir='ltr'><strong>Tecum</strong></span> <span class='ocrx_word' id='word_1_565' title='bbox 3099 594 3227 650; x_wconf 78' lang='lat' dir='ltr'><strong>ergo</strong></span> <span class='ocrx_word' id='word_1_566' title='bbox 3245 581 3591 653; x_wconf 80' lang='lat' dir='ltr'><strong>principium:</strong></span> 
     </span>
    </p>
   </div>
   <div class='ocr_carea' id='block_1_64' title="bbox 2005 672 3587 748">
    <p class='ocr_par' dir='ltr' id='par_1_64' title="bbox 2005 672 3587 748">
     <span class='ocr_line' id='line_1_64' title="bbox 2005 672 3587 748; baseline 0.003 -22"><span class='ocrx_word' id='word_1_567' title='bbox 2005 672 2270 729; x_wconf 89' lang='lat' dir='ltr'><strong>videberis</strong></span> <span class='ocrx_word' id='word_1_568' title='bbox 2298 689 2417 728; x_wconf 91' lang='lat' dir='ltr'><strong>cum</strong></span> <span class='ocrx_word' id='word_1_569' title='bbox 2449 673 2604 728; x_wconf 87' lang='lat' dir='ltr'><strong>Patre</strong></span> <span class='ocrx_word' id='word_1_570' title='bbox 2627 715 2642 740; x_wconf 95' lang='lat'><strong>,</strong></span> <span class='ocrx_word' id='word_1_571' title='bbox 2676 673 2727 727; x_wconf 90' lang='lat' dir='ltr'><strong>in</strong></span> <span class='ocrx_word' id='word_1_572' title='bbox 2757 673 2911 728; x_wconf 88' lang='lat' dir='ltr'><strong>Patre</strong></span> <span class='ocrx_word' id='word_1_573' title='bbox 2935 714 2950 740; x_wconf 93' lang='lat'><strong>,</strong></span> <span class='ocrx_word' id='word_1_574' title='bbox 2984 683 3036 727; x_wconf 90' lang='lat' dir='ltr'><strong>ut</strong></span> <span class='ocrx_word' id='word_1_575' title='bbox 3068 673 3223 730; x_wconf 90' lang='lat' dir='ltr'><strong>Pater</strong></span> <span class='ocrx_word' id='word_1_576' title='bbox 3251 683 3409 728; x_wconf 88' lang='lat' dir='ltr'><strong>tecum</strong></span> <span class='ocrx_word' id='word_1_577' title='bbox 3437 677 3587 748; x_wconf 83' lang='lat' dir='ltr'><strong>prin-</strong></span> 
     </span>
    </p>
   </div>
   <div class='ocr_carea' id='block_1_65' title="bbox 2005 765 3586 838">
    <p class='ocr_par' dir='ltr' id='par_1_65' title="bbox 2005 765 3586 838">
     <span class='ocr_line' id='line_1_65' title="bbox 2005 765 3586 838; baseline 0.003 -18"><span class='ocrx_word' id='word_1_578' title='bbox 2005 765 2189 836; x_wconf 82' lang='lat' dir='ltr'><strong>cipiunt</strong></span> <span class='ocrx_word' id='word_1_579' title='bbox 2209 766 2259 820; x_wconf 89' lang='lat' dir='ltr'><strong>in</strong></span> <span class='ocrx_word' id='word_1_580' title='bbox 2290 765 2371 820; x_wconf 87' lang='lat' dir='ltr'><strong>die</strong></span> <span class='ocrx_word' id='word_1_581' title='bbox 2398 766 2588 820; x_wconf 80' lang='lat' dir='ltr'><strong>virtutis</strong></span> <span class='ocrx_word' id='word_1_582' title='bbox 2609 776 2727 831; x_wconf 68' lang='lat' dir='ltr'><strong>tuae,</strong></span> <span class='ocrx_word' id='word_1_583' title='bbox 2762 767 2902 820; x_wconf 89' lang='lat' dir='ltr'><strong>illius</strong></span> <span class='ocrx_word' id='word_1_584' title='bbox 2933 766 3140 821; x_wconf 85' lang='lat' dir='ltr'><strong>virtutis</strong></span> <span class='ocrx_word' id='word_1_585' title='bbox 3168 776 3269 822; x_wconf 71' lang='lat' dir='ltr'><strong>tum</strong></span> <span class='ocrx_word' id='word_1_586' title='bbox 3297 783 3452 838; x_wconf 92' lang='lat' dir='ltr'><strong>quam</strong></span> <span class='ocrx_word' id='word_1_587' title='bbox 3486 769 3586 824; x_wconf 90' lang='lat' dir='ltr'><strong>im-</strong></span> 
     </span>
    </p>
   </div>
   <div class='ocr_carea' id='block_1_66' title="bbox 2004 859 3585 930">
    <p class='ocr_par' dir='ltr' id='par_1_66' title="bbox 2004 859 3585 930">
     <span class='ocr_line' id='line_1_66' title="bbox 2004 859 3585 930; baseline 0.004 -17"><span class='ocrx_word' id='word_1_588' title='bbox 2004 859 2122 930; x_wconf 88' lang='lat' dir='ltr'><strong>pius</strong></span> <span class='ocrx_word' id='word_1_589' title='bbox 2154 874 2256 914; x_wconf 93' lang='lat' dir='ltr'><strong>non</strong></span> <span class='ocrx_word' id='word_1_590' title='bbox 2287 859 2501 914; x_wconf 85' lang='lat' dir='ltr'><strong>videbit.</strong></span> <span class='ocrx_word' id='word_1_591' title='bbox 2532 859 2661 912; x_wconf 83' lang='lat' dir='ltr'><strong>Nam</strong></span> <span class='ocrx_word' id='word_1_592' title='bbox 2689 871 2739 913; x_wconf 88' lang='lat' dir='ltr'><strong>et</strong></span> <span class='ocrx_word' id='word_1_593' title='bbox 2770 859 2870 914; x_wconf 89' lang='lat' dir='ltr'><strong>hoc</strong></span> <span class='ocrx_word' id='word_1_594' title='bbox 2899 860 3166 914; x_wconf 88' lang='lat' dir='ltr'><strong>inﬁrmum</strong></span> <span class='ocrx_word' id='word_1_595' title='bbox 3198 871 3364 924; x_wconf 82' lang='lat' dir='ltr'><strong>tuum,</strong></span> <span class='ocrx_word' id='word_1_596' title='bbox 3397 863 3585 920; x_wconf 77' lang='lat' dir='ltr'><strong>fortius</strong></span> 
     </span>
    </p>
   </div>
   <div class='ocr_carea' id='block_1_67' title="bbox 2003 951 3584 1029">
    <p class='ocr_par' dir='ltr' id='par_1_67' title="bbox 2003 951 3584 1029">
     <span class='ocr_line' id='line_1_67' title="bbox 2003 951 3584 1029; baseline 0.003 -21"><span class='ocrx_word' id='word_1_597' title='bbox 2003 961 2085 1008; x_wconf 87' lang='lat' dir='ltr'><strong>est</strong></span> <span class='ocrx_word' id='word_1_598' title='bbox 2116 951 2418 1008; x_wconf 87' lang='lat' dir='ltr'><strong>hominibus</strong></span> <span class='ocrx_word' id='word_1_599' title='bbox 2453 971 2466 1008; x_wconf 89' lang='lat'><strong>:</strong></span> <span class='ocrx_word' id='word_1_600' title='bbox 2498 954 2694 1008; x_wconf 90' lang='lat' dir='ltr'><strong>etenim</strong></span> <span class='ocrx_word' id='word_1_601' title='bbox 2722 955 2773 1007; x_wconf 83' lang='lat' dir='ltr'><strong>in</strong></span> <span class='ocrx_word' id='word_1_602' title='bbox 2799 954 2879 1007; x_wconf 85' lang='lat' dir='ltr'><strong>die</strong></span> <span class='ocrx_word' id='word_1_603' title='bbox 2904 955 3097 1008; x_wconf 81' lang='lat' dir='ltr'><strong>virtutis</strong></span> <span class='ocrx_word' id='word_1_604' title='bbox 3123 965 3224 1008; x_wconf 80' lang='lat' dir='ltr'><strong>tua:</strong></span> <span class='ocrx_word' id='word_1_605' title='bbox 3252 966 3413 1010; x_wconf 88' lang='lat' dir='ltr'><strong>tecum</strong></span> <span class='ocrx_word' id='word_1_606' title='bbox 3443 975 3584 1029; x_wconf 79' lang='lat' dir='ltr'><strong>prm-</strong></span> 
     </span>
    </p>
   </div>
   <div class='ocr_carea' id='block_1_68' title="bbox 2003 1045 2210 1116">
    <p class='ocr_par' dir='ltr' id='par_1_68' title="bbox 2003 1045 2210 1116">
     <span class='ocr_line' id='line_1_68' title="bbox 2003 1045 2210 1116; baseline 0 -17"><span class='ocrx_word' id='word_1_607' title='bbox 2003 1045 2210 1116; x_wconf 87' lang='lat' dir='ltr'><strong>cipiunt.</strong></span> 
     </span>
    </p>
   </div>
   <div class='ocr_carea' id='block_1_69' title="bbox 2080 1139 3584 1210">
    <p class='ocr_par' dir='ltr' id='par_1_69' title="bbox 2080 1139 3584 1210">
     <span class='ocr_line' id='line_1_69' title="bbox 2080 1139 3584 1210; baseline 0.002 -16"><span class='ocrx_word' id='word_1_608' title='bbox 2080 1141 2162 1195; x_wconf 83' lang='grc'><strong>15.</strong></span> <span class='ocrx_word' id='word_1_609' title='bbox 2199 1139 2274 1195; x_wconf 92' lang='lat' dir='ltr'><strong>De</strong></span> <span class='ocrx_word' id='word_1_610' title='bbox 2303 1155 2403 1209; x_wconf 90' lang='lat' dir='ltr'><strong>qua</strong></span> <span class='ocrx_word' id='word_1_611' title='bbox 2435 1140 2632 1195; x_wconf 82' lang='lat' dir='ltr'><strong>virtute</strong></span> <span class='ocrx_word' id='word_1_612' title='bbox 2659 1140 2790 1196; x_wconf 89' lang='lat' dir='ltr'><strong>dicis</strong></span> <span class='ocrx_word' id='word_1_613' title='bbox 2814 1182 2828 1208; x_wconf 95' lang='lat'><strong>,</strong></span> <span class='ocrx_word' id='word_1_614' title='bbox 2872 1155 3097 1210; x_wconf 85' lang='lat' dir='ltr'><strong>expone.</strong></span> <span class='ocrx_word' id='word_1_615' title='bbox 3131 1139 3262 1209; x_wconf 89' lang='lat' dir='ltr'><strong>Quia</strong></span> <span class='ocrx_word' id='word_1_616' title='bbox 3294 1151 3347 1195; x_wconf 91' lang='lat' dir='ltr'><strong>et</strong></span> <span class='ocrx_word' id='word_1_617' title='bbox 3375 1140 3458 1196; x_wconf 89' lang='lat' dir='ltr'><strong>hic</strong></span> <span class='ocrx_word' id='word_1_618' title='bbox 3483 1184 3497 1204; x_wconf 86' lang='lat'><strong>,</strong></span> <span class='ocrx_word' id='word_1_619' title='bbox 3531 1153 3584 1198; x_wconf 90' lang='lat' dir='ltr'><strong>ut</strong></span> 
     </span>
    </p>
   </div>
   <div class='ocr_carea' id='block_1_70' title="bbox 2003 1231 3586 1303">
    <p class='ocr_par' dir='ltr' id='par_1_70' title="bbox 2003 1231 3586 1303">
     <span class='ocr_line' id='line_1_70' title="bbox 2003 1231 3586 1303; baseline 0.001 -16"><span class='ocrx_word' id='word_1_620' title='bbox 2003 1231 2200 1288; x_wconf 91' lang='lat' dir='ltr'><strong>dictum</strong></span> <span class='ocrx_word' id='word_1_621' title='bbox 2232 1241 2312 1287; x_wconf 89' lang='lat' dir='ltr'><strong>cst</strong></span> <span class='ocrx_word' id='word_1_622' title='bbox 2337 1275 2350 1298; x_wconf 96' lang='lat'><strong>,</strong></span> <span class='ocrx_word' id='word_1_623' title='bbox 2383 1234 2650 1287; x_wconf 87' lang='lat' dir='ltr'><strong>nominata</strong></span> <span class='ocrx_word' id='word_1_624' title='bbox 2689 1243 2772 1288; x_wconf 87' lang='lat' dir='ltr'><strong>est</strong></span> <span class='ocrx_word' id='word_1_625' title='bbox 2802 1235 2967 1288; x_wconf 85' lang='lat' dir='ltr'><strong>virtus</strong></span> <span class='ocrx_word' id='word_1_626' title='bbox 2994 1234 3108 1303; x_wconf 90' lang='lat' dir='ltr'><strong>ejus</strong></span> <span class='ocrx_word' id='word_1_627' title='bbox 3132 1277 3146 1301; x_wconf 94' lang='lat'><strong>,</strong></span> <span class='ocrx_word' id='word_1_628' title='bbox 3179 1249 3298 1287; x_wconf 89' lang='lat' dir='ltr'><strong>cum</strong></span> <span class='ocrx_word' id='word_1_629' title='bbox 3331 1237 3586 1289; x_wconf 86' lang='lat' dir='ltr'><strong>emittitur</strong></span> 
     </span>
    </p>
   </div>
   <div class='ocr_carea' id='block_1_71' title="bbox 2003 1323 3586 1395">
    <p class='ocr_par' dir='ltr' id='par_1_71' title="bbox 2003 1323 3586 1395">
     <span class='ocr_line' id='line_1_71' title="bbox 2003 1323 3586 1395; baseline 0.002 -17"><span class='ocrx_word' id='word_1_630' title='bbox 2003 1324 2148 1395; x_wconf 78' lang='lat' dir='ltr'><strong>virga</strong></span> <span class='ocrx_word' id='word_1_631' title='bbox 2176 1325 2381 1379; x_wconf 85' lang='lat' dir='ltr'><strong>virtutis</strong></span> <span class='ocrx_word' id='word_1_632' title='bbox 2402 1326 2518 1394; x_wconf 86' lang='lat' dir='ltr'><strong>ejus</strong></span> <span class='ocrx_word' id='word_1_633' title='bbox 2544 1341 2606 1378; x_wconf 74' lang='lat' dir='ltr'><strong>ex</strong></span> <span class='ocrx_word' id='word_1_634' title='bbox 2629 1323 2777 1390; x_wconf 90' lang='lat' dir='ltr'><strong>Sion,</strong></span> <span class='ocrx_word' id='word_1_635' title='bbox 2800 1335 2856 1380; x_wconf 90' lang='lat' dir='ltr'><strong>ut</strong></span> <span class='ocrx_word' id='word_1_636' title='bbox 2882 1326 3184 1380; x_wconf 88' lang='lat' dir='ltr'><strong>dominetur</strong></span> <span class='ocrx_word' id='word_1_637' title='bbox 3211 1326 3260 1379; x_wconf 93' lang='lat' dir='ltr'><strong>in</strong></span> <span class='ocrx_word' id='word_1_638' title='bbox 3291 1326 3464 1380; x_wconf 59' lang='lat' dir='ltr'><strong>medio</strong></span> <span class='ocrx_word' id='word_1_639' title='bbox 3488 1327 3586 1381; x_wconf 85' lang='lat' dir='ltr'><strong>iui-</strong></span> 
     </span>
    </p>
   </div>
   <div class='ocr_carea' id='block_1_72' title="bbox 2003 1416 3585 1487">
    <p class='ocr_par' dir='ltr' id='par_1_72' title="bbox 2003 1416 3585 1487">
     <span class='ocr_line' id='line_1_72' title="bbox 2003 1416 3585 1487; baseline 0.001 -16"><span class='ocrx_word' id='word_1_640' title='bbox 2003 1416 2260 1471; x_wconf 82' lang='lat' dir='ltr'><strong>micorum</strong></span> <span class='ocrx_word' id='word_1_641' title='bbox 2291 1431 2528 1472; x_wconf 89' lang='lat' dir='ltr'><strong>suorum.</strong></span> <span class='ocrx_word' id='word_1_642' title='bbox 2562 1417 2638 1471; x_wconf 91' lang='lat' dir='ltr'><strong>De</strong></span> <span class='ocrx_word' id='word_1_643' title='bbox 2667 1433 2769 1487; x_wconf 91' lang='lat' dir='ltr'><strong>qua</strong></span> <span class='ocrx_word' id='word_1_644' title='bbox 2800 1418 2993 1472; x_wconf 89' lang='lat' dir='ltr'><strong>virtute</strong></span> <span class='ocrx_word' id='word_1_645' title='bbox 3021 1417 3197 1471; x_wconf 87' lang='lat' dir='ltr'><strong>dicis?</strong></span> <span class='ocrx_word' id='word_1_646' title='bbox 3226 1416 3292 1471; x_wconf 92' lang='lat' dir='ltr'><strong>In</strong></span> <span class='ocrx_word' id='word_1_647' title='bbox 3321 1418 3585 1486; x_wconf 83' lang='lat' dir='ltr'><strong>splendore</strong></span> 
     </span>
    </p>
   </div>
   <div class='ocr_carea' id='block_1_73' title="bbox 2001 1506 3584 1581">
    <p class='ocr_par' dir='ltr' id='par_1_73' title="bbox 2001 1506 3584 1581">
     <span class='ocr_line' id='line_1_73' title="bbox 2001 1506 3584 1581; baseline 0.001 -19"><span class='ocrx_word' id='word_1_648' title='bbox 2001 1517 2307 1562; x_wconf 86' lang='lat' dir='ltr'><strong>sanctorum.</strong></span> <span class='ocrx_word' id='word_1_649' title='bbox 2338 1506 2407 1562; x_wconf 86' lang='lat' dir='ltr'><strong>In</strong></span> <span class='ocrx_word' id='word_1_650' title='bbox 2446 1508 2746 1580; x_wconf 81' lang='lat' dir='ltr'><strong>splendore,</strong></span> <span class='ocrx_word' id='word_1_651' title='bbox 2783 1509 2988 1578; x_wconf 91' lang='lat' dir='ltr'><strong>inquit,</strong></span> <span class='ocrx_word' id='word_1_652' title='bbox 3019 1520 3327 1565; x_wconf 87' lang='lat' dir='ltr'><strong>sanctormn.</strong></span> <span class='ocrx_word' id='word_1_653' title='bbox 3362 1511 3432 1565; x_wconf 87' lang='lat' dir='ltr'><strong>De</strong></span> <span class='ocrx_word' id='word_1_654' title='bbox 3476 1512 3584 1581; x_wconf 80' lang='lat' dir='ltr'><strong>ipsa</strong></span> 
     </span>
    </p>
   </div>
   <div class='ocr_carea' id='block_1_74' title="bbox 2000 1599 3586 1672">
    <p class='ocr_par' dir='ltr' id='par_1_74' title="bbox 2000 1599 3586 1672">
     <span class='ocr_line' id='line_1_74' title="bbox 2000 1599 3586 1672; baseline 0.003 -19"><span class='ocrx_word' id='word_1_655' title='bbox 2000 1599 2195 1655; x_wconf 87' lang='lat' dir='ltr'><strong>virtute</strong></span> <span class='ocrx_word' id='word_1_656' title='bbox 2211 1599 2351 1654; x_wconf 91' lang='lat' dir='ltr'><strong>.dicit</strong></span> <span class='ocrx_word' id='word_1_657' title='bbox 2372 1642 2386 1664; x_wconf 95' lang='lat'><strong>,</strong></span> <span class='ocrx_word' id='word_1_658' title='bbox 2421 1601 2633 1670; x_wconf 90' lang='lat' dir='ltr'><strong>quando</strong></span> <span class='ocrx_word' id='word_1_659' title='bbox 2658 1609 2813 1672; x_wconf 78' lang='lat' dir='ltr'><strong>erunt</strong></span> <span class='ocrx_word' id='word_1_660' title='bbox 2841 1601 2890 1654; x_wconf 94' lang='lat' dir='ltr'><strong>in</strong></span> <span class='ocrx_word' id='word_1_661' title='bbox 2921 1601 3204 1671; x_wconf 88' lang='lat' dir='ltr'><strong>splendore</strong></span> <span class='ocrx_word' id='word_1_662' title='bbox 3230 1602 3398 1656; x_wconf 82' lang='lat' dir='ltr'><strong>sancti</strong></span> <span class='ocrx_word' id='word_1_663' title='bbox 3432 1620 3444 1652; x_wconf 91' lang='lat'>:</span> <span class='ocrx_word' id='word_1_664' title='bbox 3481 1619 3586 1658; x_wconf 86' lang='lat' dir='ltr'><strong>non</strong></span> 
     </span>
    </p>
   </div>
   <div class='ocr_carea' id='block_1_75' title="bbox 2001 1690 3588 1763">
    <p class='ocr_par' dir='ltr' id='par_1_75' title="bbox 2001 1690 3588 1763">
     <span class='ocr_line' id='line_1_75' title="bbox 2001 1690 3588 1763; baseline 0.005 -23"><span class='ocrx_word' id='word_1_665' title='bbox 2001 1690 2211 1759; x_wconf 86' lang='lat' dir='ltr'><strong>quando</strong></span> <span class='ocrx_word' id='word_1_666' title='bbox 2236 1690 2410 1746; x_wconf 89' lang='lat' dir='ltr'><strong>adhuc</strong></span> <span class='ocrx_word' id='word_1_667' title='bbox 2454 1699 2718 1748; x_wconf 90' lang='lat' dir='ltr'><strong>terrenam</strong></span> <span class='ocrx_word' id='word_1_668' title='bbox 2745 1707 2960 1747; x_wconf 89' lang='lat' dir='ltr'><strong>carnem</strong></span> <span class='ocrx_word' id='word_1_669' title='bbox 3004 1702 3272 1763; x_wconf 80' lang='lat' dir='ltr'><strong>gestantes</strong></span> <span class='ocrx_word' id='word_1_670' title='bbox 3298 1705 3351 1749; x_wconf 89' lang='lat' dir='ltr'><strong>et</strong></span> <span class='ocrx_word' id='word_1_671' title='bbox 3379 1696 3429 1748; x_wconf 91' lang='lat' dir='ltr'><strong>in</strong></span> <span class='ocrx_word' id='word_1_672' title='bbox 3466 1709 3588 1748; x_wconf 80' lang='lat' dir='ltr'><strong>ror-</strong></span> 
     </span>
    </p>
   </div>
   <div class='ocr_carea' id='block_1_76' title="bbox 2002 1781 3588 1858">
    <p class='ocr_par' dir='ltr' id='par_1_76' title="bbox 2002 1781 3588 1858">
     <span class='ocr_line' id='line_1_76' title="bbox 2002 1781 3588 1858; baseline 0.003 -22"><span class='ocrx_word' id='word_1_673' title='bbox 2002 1795 2132 1850; x_wconf 89' lang='lat' dir='ltr'><strong>pore</strong></span> <span class='ocrx_word' id='word_1_674' title='bbox 2157 1781 2369 1838; x_wconf 89' lang='lat' dir='ltr'><strong>mortali</strong></span> <span class='ocrx_word' id='word_1_675' title='bbox 2410 1792 2568 1853; x_wconf 89' lang='lat' dir='ltr'><strong>atque</strong></span> <span class='ocrx_word' id='word_1_676' title='bbox 2595 1783 2920 1854; x_wconf 89' lang='lat' dir='ltr'><strong>corruptibili</strong></span> <span class='ocrx_word' id='word_1_677' title='bbox 2965 1794 3238 1854; x_wconf 76' lang='lat' dir='ltr'><strong>gementes</strong></span> <span class='ocrx_word' id='word_1_678' title='bbox 3262 1826 3276 1849; x_wconf 91' lang='lat'><strong>,</strong></span> <span class='ocrx_word' id='word_1_679' title='bbox 3307 1786 3448 1853; x_wconf 82' lang='lat' dir='ltr'><strong>quod</strong></span> <span class='ocrx_word' id='word_1_680' title='bbox 3491 1802 3588 1858; x_wconf 76' lang='lat' dir='ltr'><strong>ag-</strong></span> 
     </span>
    </p>
   </div>
   <div class='ocr_carea' id='block_1_77' title="bbox 2000 1875 3590 1948">
    <p class='ocr_par' dir='ltr' id='par_1_77' title="bbox 2000 1875 3590 1948">
     <span class='ocr_line' id='line_1_77' title="bbox 2000 1875 3590 1948; baseline 0.004 -21"><span class='ocrx_word' id='word_1_681' title='bbox 2000 1883 2185 1944; x_wconf 80' lang='lat' dir='ltr'><strong>gravat</strong></span> <span class='ocrx_word' id='word_1_682' title='bbox 2213 1875 2442 1930; x_wconf 89' lang='lat' dir='ltr'><strong>animam</strong></span> <span class='ocrx_word' id='word_1_683' title='bbox 2469 1919 2483 1942; x_wconf 92' lang='lat'><strong>,</strong></span> <span class='ocrx_word' id='word_1_684' title='bbox 2516 1887 2566 1931; x_wconf 89' lang='lat' dir='ltr'><strong>et</strong></span> <span class='ocrx_word' id='word_1_685' title='bbox 2597 1877 2844 1948; x_wconf 89' lang='lat' dir='ltr'><strong>deprimit</strong></span> <span class='ocrx_word' id='word_1_686' title='bbox 2871 1887 3080 1933; x_wconf 87' lang='lat' dir='ltr'><strong>terrena</strong></span> <span class='ocrx_word' id='word_1_687' title='bbox 3129 1878 3439 1933; x_wconf 82' lang='lat' dir='ltr'><strong>iuhahitatio</strong></span> <span class='ocrx_word' id='word_1_688' title='bbox 3468 1897 3590 1934; x_wconf 81' lang='lat' dir='ltr'><strong>seu-</strong></span> 
     </span>
    </p>
   </div>
   <div class='ocr_carea' id='block_1_78' title="bbox 2003 1969 3588 2042">
    <p class='ocr_par' dir='ltr' id='par_1_78' title="bbox 2003 1969 3588 2042">
     <span class='ocr_line' id='line_1_78' title="bbox 2003 1969 3588 2042; baseline 0.003 -20"><span class='ocrx_word' id='word_1_689' title='bbox 2003 1982 2118 2022; x_wconf 89' lang='lat' dir='ltr'><strong>sum</strong></span> <span class='ocrx_word' id='word_1_690' title='bbox 2151 1969 2313 2023; x_wconf 90' lang='lat' dir='ltr'><strong>multa</strong></span> <span class='ocrx_word' id='word_1_691' title='bbox 2358 1970 2674 2039; x_wconf 82' lang='lat' dir='ltr'><strong>cogitantem</strong></span> <span class='ocrx_word' id='word_1_692' title='bbox 2703 1969 2859 2041; x_wconf 88' lang='lat' dir='ltr'><strong>(Sap.</strong></span> <span class='ocrx_word' id='word_1_693' title='bbox 2895 1987 2946 2025; x_wconf 78' lang='lat' dir='ltr'><strong>Ix</strong></span> <span class='ocrx_word' id='word_1_694' title='bbox 2967 2013 2980 2036; x_wconf 95' lang='lat'><strong>,</strong></span> <span class='ocrx_word' id='word_1_695' title='bbox 3014 1971 3140 2041; x_wconf 78' lang='lat'><strong>15);</strong></span> <span class='ocrx_word' id='word_1_696' title='bbox 3172 1987 3292 2026; x_wconf 90' lang='lat' dir='ltr'><strong>cum</strong></span> <span class='ocrx_word' id='word_1_697' title='bbox 3338 1974 3466 2042; x_wconf 70' lang='lat' dir='ltr'><strong>ipsa:</strong></span> <span class='ocrx_word' id='word_1_698' title='bbox 3495 1987 3588 2026; x_wconf 84' lang='lat' dir='ltr'><strong>co-</strong></span> 
     </span>
    </p>
   </div>
   <div class='ocr_carea' id='block_1_79' title="bbox 2001 2059 3590 2131">
    <p class='ocr_par' dir='ltr' id='par_1_79' title="bbox 2001 2059 3590 2131">
     <span class='ocr_line' id='line_1_79' title="bbox 2001 2059 3590 2131; baseline 0.003 -19"><span class='ocrx_word' id='word_1_699' title='bbox 2001 2059 2284 2130; x_wconf 78' lang='lat' dir='ltr'><strong>gitationes</strong></span> <span class='ocrx_word' id='word_1_700' title='bbox 2301 2061 2524 2115; x_wconf 89' lang='lat' dir='ltr'><strong>invicem</strong></span> <span class='ocrx_word' id='word_1_701' title='bbox 2549 2078 2652 2116; x_wconf 91' lang='lat' dir='ltr'><strong>non</strong></span> <span class='ocrx_word' id='word_1_702' title='bbox 2672 2062 2938 2127; x_wconf 88' lang='lat' dir='ltr'><strong>videntur,</strong></span> <span class='ocrx_word' id='word_1_703' title='bbox 2959 2078 3063 2116; x_wconf 93' lang='lat' dir='ltr'><strong>non</strong></span> <span class='ocrx_word' id='word_1_704' title='bbox 3089 2064 3186 2117; x_wconf 91' lang='lat' dir='ltr'><strong>hoc</strong></span> <span class='ocrx_word' id='word_1_705' title='bbox 3211 2073 3311 2127; x_wconf 87' lang='lat' dir='ltr'><strong>est,</strong></span> <span class='ocrx_word' id='word_1_706' title='bbox 3333 2062 3398 2116; x_wconf 91' lang='lat' dir='ltr'><strong>In</strong></span> <span class='ocrx_word' id='word_1_707' title='bbox 3420 2064 3590 2131; x_wconf 80' lang='lat' dir='ltr'><strong>splen-</strong></span> 
     </span>
    </p>
   </div>
   <div class='ocr_carea' id='block_1_80' title="bbox 2003 2152 3592 2226">
    <p class='ocr_par' dir='ltr' id='par_1_80' title="bbox 2003 2152 3592 2226">
     <span class='ocr_line' id='line_1_80' title="bbox 2003 2152 3592 2226; baseline 0.003 -20"><span class='ocrx_word' id='word_1_708' title='bbox 2003 2152 2124 2207; x_wconf 86' lang='lat' dir='ltr'><strong>dore</strong></span> <span class='ocrx_word' id='word_1_709' title='bbox 2147 2165 2454 2210; x_wconf 88' lang='lat' dir='ltr'><strong>sanctorum.</strong></span> <span class='ocrx_word' id='word_1_710' title='bbox 2481 2156 2584 2211; x_wconf 90' lang='lat' dir='ltr'><strong>Sed</strong></span> <span class='ocrx_word' id='word_1_711' title='bbox 2613 2156 2734 2225; x_wconf 90' lang='lat' dir='ltr'><strong>quid</strong></span> <span class='ocrx_word' id='word_1_712' title='bbox 2760 2166 2860 2223; x_wconf 88' lang='lat' dir='ltr'><strong>est,</strong></span> <span class='ocrx_word' id='word_1_713' title='bbox 2881 2155 2947 2210; x_wconf 88' lang='lat' dir='ltr'><strong>In</strong></span> <span class='ocrx_word' id='word_1_714' title='bbox 2970 2157 3236 2226; x_wconf 79' lang='lat' dir='ltr'><strong>splendore</strong></span> <span class='ocrx_word' id='word_1_715' title='bbox 3259 2168 3546 2210; x_wconf 82' lang='lat' dir='ltr'><strong>sanctorum</strong></span> <span class='ocrx_word' id='word_1_716' title='bbox 3563 2157 3592 2210; x_wconf 66' lang='grc' dir='ltr'><em>ἵ</em></span> 
     </span>
    </p>
   </div>
   <div class='ocr_carea' id='block_1_81' title="bbox 2003 2243 3588 2313">
    <p class='ocr_par' dir='ltr' id='par_1_81' title="bbox 2003 2243 3588 2313">
     <span class='ocr_line' id='line_1_81' title="bbox 2003 2243 3588 2313; baseline 0.001 -15"><span class='ocrx_word' id='word_1_717' title='bbox 2003 2243 2174 2300; x_wconf 89' lang='lat' dir='ltr'><strong>Donec</strong></span> <span class='ocrx_word' id='word_1_718' title='bbox 2203 2248 2364 2300; x_wconf 86' lang='lat' dir='ltr'><strong>veniat</strong></span> <span class='ocrx_word' id='word_1_719' title='bbox 2393 2246 2659 2313; x_wconf 84' lang='lat' dir='ltr'><strong>Dominus,</strong></span> <span class='ocrx_word' id='word_1_720' title='bbox 2692 2258 2738 2301; x_wconf 91' lang='lat' dir='ltr'><strong>et</strong></span> <span class='ocrx_word' id='word_1_721' title='bbox 2767 2249 3012 2301; x_wconf 71' lang='lat' dir='ltr'><strong>illuminat</strong></span> <span class='ocrx_word' id='word_1_722' title='bbox 3042 2247 3331 2302; x_wconf 83' lang='lat' dir='ltr'><strong>abscondita</strong></span> <span class='ocrx_word' id='word_1_723' title='bbox 3362 2249 3588 2302; x_wconf 83' lang='lat' dir='ltr'><strong>tenebra-</strong></span> 
     </span>
    </p>
   </div>
   <div class='ocr_carea' id='block_1_82' title="bbox 2003 2339 3588 2410">
    <p class='ocr_par' dir='ltr' id='par_1_82' title="bbox 2003 2339 3588 2410">
     <span class='ocr_line' id='line_1_82' title="bbox 2003 2339 3588 2410; baseline 0.003 -21"><span class='ocrx_word' id='word_1_724' title='bbox 2003 2353 2117 2390; x_wconf 88' lang='lat' dir='ltr'><strong>runt</strong></span> <span class='ocrx_word' id='word_1_725' title='bbox 2142 2377 2155 2399; x_wconf 91' lang='lat'><strong>,</strong></span> <span class='ocrx_word' id='word_1_726' title='bbox 2189 2347 2235 2391; x_wconf 91' lang='lat' dir='ltr'><strong>et</strong></span> <span class='ocrx_word' id='word_1_727' title='bbox 2265 2339 2602 2408; x_wconf 75' lang='lat' dir='ltr'><strong>manifestabit</strong></span> <span class='ocrx_word' id='word_1_728' title='bbox 2649 2341 2973 2410; x_wconf 83' lang='lat' dir='ltr'><strong>cogitationes</strong></span> <span class='ocrx_word' id='word_1_729' title='bbox 3003 2342 3210 2402; x_wconf 85' lang='lat' dir='ltr'><strong>cordis;</strong></span> <span class='ocrx_word' id='word_1_730' title='bbox 3237 2350 3284 2394; x_wconf 89' lang='lat' dir='ltr'><strong>et</strong></span> <span class='ocrx_word' id='word_1_731' title='bbox 3330 2350 3447 2393; x_wconf 88' lang='lat' dir='ltr'><strong>tunc</strong></span> <span class='ocrx_word' id='word_1_732' title='bbox 3474 2341 3588 2394; x_wconf 87' lang='lat' dir='ltr'><strong>laus</strong></span> 
     </span>
    </p>
   </div>
   <div class='ocr_carea' id='block_1_83' title="bbox 2002 2427 3591 2503">
    <p class='ocr_par' dir='ltr' id='par_1_83' title="bbox 2002 2427 3591 2503">
     <span class='ocr_line' id='line_1_83' title="bbox 2002 2427 3591 2503; baseline 0.003 -23"><span class='ocrx_word' id='word_1_733' title='bbox 2002 2427 2096 2480; x_wconf 87' lang='lat' dir='ltr'><strong>erit</strong></span> <span class='ocrx_word' id='word_1_734' title='bbox 2121 2429 2385 2500; x_wconf 87' lang='lat' dir='ltr'><strong>unicuique</strong></span> <span class='ocrx_word' id='word_1_735' title='bbox 2412 2446 2443 2482; x_wconf 90' lang='lat' dir='ltr'><strong>a</strong></span> <span class='ocrx_word' id='word_1_736' title='bbox 2471 2427 2579 2483; x_wconf 85' lang='lat' dir='ltr'><strong>Deo</strong></span> <span class='ocrx_word' id='word_1_737' title='bbox 2610 2430 2652 2499; x_wconf 90' lang='lat' dir='ltr'><strong>(l</strong></span> <span class='ocrx_word' id='word_1_738' title='bbox 2679 2431 2795 2486; x_wconf 80' lang='lat' dir='ltr'><strong>Cor.</strong></span> <span class='ocrx_word' id='word_1_739' title='bbox 2828 2447 2900 2494; x_wconf 84' lang='lat' dir='ltr'><strong>tv,</strong></span> <span class='ocrx_word' id='word_1_740' title='bbox 2933 2433 3008 2500; x_wconf 82' lang='lat'><strong>5).</strong></span> <span class='ocrx_word' id='word_1_741' title='bbox 3043 2431 3154 2486; x_wconf 82' lang='lat' dir='ltr'><strong>Hoc</strong></span> <span class='ocrx_word' id='word_1_742' title='bbox 3180 2432 3300 2496; x_wconf 87' lang='lat' dir='ltr'><strong>crit,</strong></span> <span class='ocrx_word' id='word_1_743' title='bbox 3334 2430 3397 2485; x_wconf 88' lang='lat' dir='ltr'><strong>In</strong></span> <span class='ocrx_word' id='word_1_744' title='bbox 3424 2433 3591 2503; x_wconf 81' lang='lat' dir='ltr'><strong>splen-</strong></span> 
     </span>
    </p>
   </div>
   <div class='ocr_carea' id='block_1_84' title="bbox 1989 2511 3588 2596">
    <p class='ocr_par' dir='ltr' id='par_1_84' title="bbox 1989 2511 3588 2596">
     <span class='ocr_line' id='line_1_84' title="bbox 1989 2511 3588 2596; baseline 0.001 -22"><span class='ocrx_word' id='word_1_745' title='bbox 1989 2515 2125 2574; x_wconf 80' lang='lat' dir='ltr'><strong>dore</strong></span> <span class='ocrx_word' id='word_1_746' title='bbox 2149 2532 2470 2586; x_wconf 84' lang='lat' dir='ltr'><strong>sanctorum;</strong></span> <span class='ocrx_word' id='word_1_747' title='bbox 2490 2523 2609 2592; x_wconf 91' lang='lat' dir='ltr'><strong>quia</strong></span> <span class='ocrx_word' id='word_1_748' title='bbox 2640 2533 2754 2577; x_wconf 88' lang='lat' dir='ltr'><strong>tunc</strong></span> <span class='ocrx_word' id='word_1_749' title='bbox 2775 2524 2904 2593; x_wconf 84' lang='lat' dir='ltr'><strong>justi</strong></span> <span class='ocrx_word' id='word_1_750' title='bbox 2931 2511 3189 2596; x_wconf 77' lang='lat' dir='ltr'><strong>fulgebunt</strong></span> <span class='ocrx_word' id='word_1_751' title='bbox 3219 2524 3270 2577; x_wconf 86' lang='lat' dir='ltr'><strong>in</strong></span> <span class='ocrx_word' id='word_1_752' title='bbox 3300 2539 3452 2594; x_wconf 85' lang='lat' dir='ltr'><strong>regno</strong></span> <span class='ocrx_word' id='word_1_753' title='bbox 3479 2523 3588 2578; x_wconf 84' lang='lat' dir='ltr'><strong>Pa-</strong></span> 
     </span>
    </p>
   </div>
   <div class='ocr_carea' id='block_1_85' title="bbox 2005 2613 3590 2686">
    <p class='ocr_par' dir='ltr' id='par_1_85' title="bbox 2005 2613 3590 2686">
     <span class='ocr_line' id='line_1_85' title="bbox 2005 2613 3590 2686; baseline 0.001 -20"><span class='ocrx_word' id='word_1_754' title='bbox 2005 2613 2095 2666; x_wconf 87' lang='lat' dir='ltr'><strong>tris</strong></span> <span class='ocrx_word' id='word_1_755' title='bbox 2124 2613 2222 2677; x_wconf 87' lang='lat' dir='ltr'><strong>sui,</strong></span> <span class='ocrx_word' id='word_1_756' title='bbox 2255 2615 2383 2668; x_wconf 87' lang='lat' dir='ltr'><strong>sicut</strong></span> <span class='ocrx_word' id='word_1_757' title='bbox 2411 2615 2506 2668; x_wconf 89' lang='lat' dir='ltr'><strong>sol.</strong></span> <span class='ocrx_word' id='word_1_758' title='bbox 2538 2614 2730 2670; x_wconf 79' lang='lat' dir='ltr'><strong>Audite</strong></span> <span class='ocrx_word' id='word_1_759' title='bbox 2755 2617 2897 2671; x_wconf 89' lang='lat' dir='ltr'><strong>enim</strong></span> <span class='ocrx_word' id='word_1_760' title='bbox 2927 2615 3050 2686; x_wconf 91' lang='lat' dir='ltr'><strong>quid</strong></span> <span class='ocrx_word' id='word_1_761' title='bbox 3079 2616 3147 2671; x_wconf 89' lang='lat' dir='ltr'><strong>sit</strong></span> <span class='ocrx_word' id='word_1_762' title='bbox 3176 2615 3297 2680; x_wconf 92' lang='lat' dir='ltr'><strong>hoc,</strong></span> <span class='ocrx_word' id='word_1_763' title='bbox 3326 2614 3391 2668; x_wconf 88' lang='lat' dir='ltr'><strong>In</strong></span> <span class='ocrx_word' id='word_1_764' title='bbox 3419 2614 3590 2686; x_wconf 84' lang='lat' dir='ltr'><strong>splen-</strong></span> 
     </span>
    </p>
   </div>
   <div class='ocr_carea' id='block_1_86' title="bbox 2003 2704 3592 2777">
    <p class='ocr_par' dir='ltr' id='par_1_86' title="bbox 2003 2704 3592 2777">
     <span class='ocr_line' id='line_1_86' title="bbox 2003 2704 3592 2777; baseline 0.003 -19"><span class='ocrx_word' id='word_1_765' title='bbox 2003 2704 2126 2759; x_wconf 88' lang='lat' dir='ltr'><strong>dore</strong></span> <span class='ocrx_word' id='word_1_766' title='bbox 2150 2715 2454 2760; x_wconf 89' lang='lat' dir='ltr'><strong>sanctorum.</strong></span> <span class='ocrx_word' id='word_1_767' title='bbox 2495 2705 2687 2773; x_wconf 84' lang='lat' dir='ltr'><strong>Veniet,</strong></span> <span class='ocrx_word' id='word_1_768' title='bbox 2719 2708 2908 2777; x_wconf 88' lang='lat' dir='ltr'><strong>inquit,</strong></span> <span class='ocrx_word' id='word_1_769' title='bbox 2938 2709 3130 2774; x_wconf 85' lang='lat' dir='ltr'><strong>messis,</strong></span> <span class='ocrx_word' id='word_1_770' title='bbox 3163 2709 3321 2762; x_wconf 87' lang='lat' dir='ltr'><strong>veniet</strong></span> <span class='ocrx_word' id='word_1_771' title='bbox 3352 2709 3466 2775; x_wconf 73' lang='lat' dir='ltr'><strong>ﬁnis</strong></span> <span class='ocrx_word' id='word_1_772' title='bbox 3495 2723 3592 2762; x_wconf 81' lang='lat' dir='ltr'><strong>ste-</strong></span> 
     </span>
    </p>
   </div>
   <div class='ocr_carea' id='block_1_87' title="bbox 2005 2797 3590 2870">
    <p class='ocr_par' dir='ltr' id='par_1_87' title="bbox 2005 2797 3590 2870">
     <span class='ocr_line' id='line_1_87' title="bbox 2005 2797 3590 2870; baseline 0.003 -20"><span class='ocrx_word' id='word_1_773' title='bbox 2005 2797 2108 2851; x_wconf 86' lang='lat' dir='ltr'><strong>culi</strong></span> <span class='ocrx_word' id='word_1_774' title='bbox 2136 2813 2155 2850; x_wconf 92' lang='lat'><strong><em>:</em></strong></span> <span class='ocrx_word' id='word_1_775' title='bbox 2185 2798 2344 2851; x_wconf 85' lang='lat' dir='ltr'><strong>mittet</strong></span> <span class='ocrx_word' id='word_1_776' title='bbox 2371 2800 2734 2870; x_wconf 75' lang='lat' dir='ltr'><strong>paterfamilias</strong></span> <span class='ocrx_word' id='word_1_777' title='bbox 2761 2799 2980 2870; x_wconf 77' lang='lat' dir='ltr'><strong>Angelos</strong></span> <span class='ocrx_word' id='word_1_778' title='bbox 3009 2818 3126 2854; x_wconf 86' lang='lat' dir='ltr'><strong>suos</strong></span> <span class='ocrx_word' id='word_1_779' title='bbox 3150 2841 3164 2866; x_wconf 96' lang='lat'><strong>,</strong></span> <span class='ocrx_word' id='word_1_780' title='bbox 3196 2810 3240 2853; x_wconf 90' lang='lat' dir='ltr'><strong>et</strong></span> <span class='ocrx_word' id='word_1_781' title='bbox 3267 2800 3500 2870; x_wconf 86' lang='lat' dir='ltr'><strong>colligent</strong></span> <span class='ocrx_word' id='word_1_782' title='bbox 3526 2799 3590 2855; x_wconf 87' lang='lat' dir='ltr'><strong>de</strong></span> 
     </span>
    </p>
   </div>
   <div class='ocr_carea' id='block_1_88' title="bbox 2004 2890 3591 2962">
    <p class='ocr_par' dir='ltr' id='par_1_88' title="bbox 2004 2890 3591 2962">
     <span class='ocr_line' id='line_1_88' title="bbox 2004 2890 3591 2962; baseline 0.001 -20"><span class='ocrx_word' id='word_1_783' title='bbox 2004 2905 2158 2959; x_wconf 84' lang='lat' dir='ltr'><strong>regno</strong></span> <span class='ocrx_word' id='word_1_784' title='bbox 2187 2890 2294 2960; x_wconf 88' lang='lat' dir='ltr'><strong>ejus</strong></span> <span class='ocrx_word' id='word_1_785' title='bbox 2321 2890 2489 2942; x_wconf 90' lang='lat' dir='ltr'><strong>omnia</strong></span> <span class='ocrx_word' id='word_1_786' title='bbox 2518 2890 2782 2955; x_wconf 84' lang='lat' dir='ltr'><strong>scandala,</strong></span> <span class='ocrx_word' id='word_1_787' title='bbox 2806 2901 2851 2944; x_wconf 93' lang='lat' dir='ltr'><strong>et</strong></span> <span class='ocrx_word' id='word_1_788' title='bbox 2879 2893 3069 2946; x_wconf 87' lang='lat' dir='ltr'><strong>mittent</strong></span> <span class='ocrx_word' id='word_1_789' title='bbox 3098 2893 3148 2944; x_wconf 90' lang='lat' dir='ltr'><strong>in</strong></span> <span class='ocrx_word' id='word_1_790' title='bbox 3180 2891 3430 2944; x_wconf 88' lang='lat' dir='ltr'><strong>caminum</strong></span> <span class='ocrx_word' id='word_1_791' title='bbox 3459 2892 3591 2962; x_wconf 84' lang='lat' dir='ltr'><strong>ignis</strong></span> 
     </span>
    </p>
   </div>
   <div class='ocr_carea' id='block_1_89' title="bbox 2004 2981 3591 3055">
    <p class='ocr_par' dir='ltr' id='par_1_89' title="bbox 2004 2981 3591 3055">
     <span class='ocr_line' id='line_1_89' title="bbox 2004 2981 3591 3055; baseline 0.002 -21"><span class='ocrx_word' id='word_1_792' title='bbox 2004 2982 2243 3036; x_wconf 85' lang='lat' dir='ltr'><strong>ardentis.</strong></span> <span class='ocrx_word' id='word_1_793' title='bbox 2285 2981 2430 3036; x_wconf 90' lang='lat' dir='ltr'><strong>Tunc</strong></span> <span class='ocrx_word' id='word_1_794' title='bbox 2447 2984 2577 3055; x_wconf 85' lang='lat' dir='ltr'><strong>justi</strong></span> <span class='ocrx_word' id='word_1_795' title='bbox 2603 2984 2858 3054; x_wconf 77' lang='lat' dir='ltr'><strong>fulgebunt</strong></span> <span class='ocrx_word' id='word_1_796' title='bbox 2885 2984 3011 3038; x_wconf 87' lang='lat' dir='ltr'><strong>sicut</strong></span> <span class='ocrx_word' id='word_1_797' title='bbox 3040 2985 3117 3038; x_wconf 93' lang='lat' dir='ltr'><strong>sol</strong></span> <span class='ocrx_word' id='word_1_798' title='bbox 3143 2986 3195 3038; x_wconf 87' lang='lat' dir='ltr'><strong>in</strong></span> <span class='ocrx_word' id='word_1_799' title='bbox 3239 3001 3390 3054; x_wconf 88' lang='lat' dir='ltr'><strong>regno</strong></span> <span class='ocrx_word' id='word_1_800' title='bbox 3414 2983 3591 3038; x_wconf 86' lang='lat' dir='ltr'><strong>Patris</strong></span> 
     </span>
    </p>
   </div>
   <div class='ocr_carea' id='block_1_90' title="bbox 2004 3075 3589 3148">
    <p class='ocr_par' dir='ltr' id='par_1_90' title="bbox 2004 3075 3589 3148">
     <span class='ocr_line' id='line_1_90' title="bbox 2004 3075 3589 3148; baseline 0.001 -20"><span class='ocrx_word' id='word_1_801' title='bbox 2004 3077 2084 3128; x_wconf 89' lang='lat' dir='ltr'><strong>sui</strong></span> <span class='ocrx_word' id='word_1_802' title='bbox 2110 3075 2324 3146; x_wconf 80' lang='lat' dir='ltr'><strong>(Matth.</strong></span> <span class='ocrx_word' id='word_1_803' title='bbox 2371 3092 2462 3131; x_wconf 68' lang='grc' dir='ltr'>χιιι</span> <span class='ocrx_word' id='word_1_804' title='bbox 2483 3120 2497 3144; x_wconf 90' lang='grc'><strong>,</strong></span> <span class='ocrx_word' id='word_1_805' title='bbox 2528 3077 2740 3147; x_wconf 71' lang='lat'><strong>39-43).</strong></span> <span class='ocrx_word' id='word_1_806' title='bbox 2770 3077 2826 3132; x_wconf 92' lang='lat' dir='ltr'><strong>ln</strong></span> <span class='ocrx_word' id='word_1_807' title='bbox 2857 3093 2962 3148; x_wconf 92' lang='lat' dir='ltr'><strong>quo</strong></span> <span class='ocrx_word' id='word_1_808' title='bbox 2989 3077 3194 3147; x_wconf 79' lang='lat' dir='ltr'><strong>regno?</strong></span> <span class='ocrx_word' id='word_1_809' title='bbox 3226 3077 3410 3133; x_wconf 81' lang='lat' dir='ltr'><strong>Videte</strong></span> <span class='ocrx_word' id='word_1_810' title='bbox 3436 3077 3480 3131; x_wconf 89' lang='lat' dir='ltr'><strong>si</strong></span> <span class='ocrx_word' id='word_1_811' title='bbox 3508 3076 3589 3130; x_wconf 86' lang='lat' dir='ltr'><strong>vi-</strong></span> 
     </span>
    </p>
   </div>
   <div class='ocr_carea' id='block_1_91' title="bbox 2004 3166 3590 3241">
    <p class='ocr_par' dir='ltr' id='par_1_91' title="bbox 2004 3166 3590 3241">
     <span class='ocr_line' id='line_1_91' title="bbox 2004 3166 3590 3241; baseline -0.001 -17"><span class='ocrx_word' id='word_1_812' title='bbox 2004 3170 2085 3224; x_wconf 91' lang='lat' dir='ltr'><strong>sio</strong></span> <span class='ocrx_word' id='word_1_813' title='bbox 2112 3169 2354 3240; x_wconf 84' lang='lat' dir='ltr'><strong>quaedam</strong></span> <span class='ocrx_word' id='word_1_814' title='bbox 2383 3179 2622 3225; x_wconf 89' lang='lat' dir='ltr'><strong>servatur</strong></span> <span class='ocrx_word' id='word_1_815' title='bbox 2644 3211 2660 3236; x_wconf 89' lang='lat'><strong>,</strong></span> <span class='ocrx_word' id='word_1_816' title='bbox 2693 3170 2761 3224; x_wconf 87' lang='lat' dir='ltr'><strong>de</strong></span> <span class='ocrx_word' id='word_1_817' title='bbox 2804 3185 2906 3241; x_wconf 89' lang='lat' dir='ltr'><strong>qua</strong></span> <span class='ocrx_word' id='word_1_818' title='bbox 2932 3170 3084 3224; x_wconf 90' lang='lat' dir='ltr'><strong>nobis</strong></span> <span class='ocrx_word' id='word_1_819' title='bbox 3109 3170 3306 3224; x_wconf 90' lang='lat' dir='ltr'><strong>dictum</strong></span> <span class='ocrx_word' id='word_1_820' title='bbox 3333 3177 3415 3225; x_wconf 88' lang='lat' dir='ltr'><strong>est</strong></span> <span class='ocrx_word' id='word_1_821' title='bbox 3439 3211 3453 3234; x_wconf 91' lang='lat'><strong>,</strong></span> <span class='ocrx_word' id='word_1_822' title='bbox 3484 3166 3590 3222; x_wconf 85' lang='lat' dir='ltr'><strong>Te-</strong></span> 
     </span>
    </p>
   </div>
   <div class='ocr_carea' id='block_1_92' title="bbox 2004 3260 3586 3332">
    <p class='ocr_par' dir='ltr' id='par_1_92' title="bbox 2004 3260 3586 3332">
     <span class='ocr_line' id='line_1_92' title="bbox 2004 3260 3586 3332; baseline 0 -18"><span class='ocrx_word' id='word_1_823' title='bbox 2004 3278 2119 3314; x_wconf 89' lang='lat' dir='ltr'><strong>cum</strong></span> <span class='ocrx_word' id='word_1_824' title='bbox 2148 3262 2471 3332; x_wconf 88' lang='lat' dir='ltr'><strong>principium.</strong></span> <span class='ocrx_word' id='word_1_825' title='bbox 2503 3260 2557 3314; x_wconf 92' lang='lat' dir='ltr'><strong>In</strong></span> <span class='ocrx_word' id='word_1_826' title='bbox 2585 3276 2692 3332; x_wconf 91' lang='lat' dir='ltr'><strong>quo</strong></span> <span class='ocrx_word' id='word_1_827' title='bbox 2721 3263 2920 3331; x_wconf 77' lang='lat' dir='ltr'><strong>regno?</strong></span> <span class='ocrx_word' id='word_1_828' title='bbox 2941 3260 3134 3331; x_wconf 89' lang='lat' dir='ltr'><strong>Utique</strong></span> <span class='ocrx_word' id='word_1_829' title='bbox 3160 3261 3214 3315; x_wconf 89' lang='lat' dir='ltr'><strong>in</strong></span> <span class='ocrx_word' id='word_1_830' title='bbox 3234 3262 3337 3315; x_wconf 89' lang='lat' dir='ltr'><strong>vita</strong></span> <span class='ocrx_word' id='word_1_831' title='bbox 3365 3269 3586 3315; x_wconf 57' lang='lat' dir='ltr'><strong>aeterna.</strong></span> 
     </span>
    </p>
   </div>
   <div class='ocr_carea' id='block_1_93' title="bbox 2002 3351 3589 3422">
    <p class='ocr_par' dir='ltr' id='par_1_93' title="bbox 2002 3351 3589 3422">
     <span class='ocr_line' id='line_1_93' title="bbox 2002 3351 3589 3422; baseline 0.001 -16"><span class='ocrx_word' id='word_1_832' title='bbox 2002 3351 2136 3407; x_wconf 86' lang='lat' dir='ltr'><strong>Nam</strong></span> <span class='ocrx_word' id='word_1_833' title='bbox 2163 3353 2230 3407; x_wconf 91' lang='lat' dir='ltr'><strong>ad</strong></span> <span class='ocrx_word' id='word_1_834' title='bbox 2267 3352 2541 3407; x_wconf 81' lang='lat' dir='ltr'><strong>dexteram</strong></span> <span class='ocrx_word' id='word_1_835' title='bbox 2573 3354 2755 3422; x_wconf 89' lang='lat' dir='ltr'><strong>positis</strong></span> <span class='ocrx_word' id='word_1_836' title='bbox 2795 3353 2898 3408; x_wconf 90' lang='lat' dir='ltr'><strong>hoc</strong></span> <span class='ocrx_word' id='word_1_837' title='bbox 2925 3353 3163 3408; x_wconf 85' lang='lat' dir='ltr'><strong>dicturus</strong></span> <span class='ocrx_word' id='word_1_838' title='bbox 3205 3362 3286 3408; x_wconf 90' lang='lat' dir='ltr'><strong>est</strong></span> <span class='ocrx_word' id='word_1_839' title='bbox 3320 3370 3333 3407; x_wconf 91' lang='lat'><strong>:</strong></span> <span class='ocrx_word' id='word_1_840' title='bbox 3373 3351 3550 3407; x_wconf 85' lang='lat' dir='ltr'><strong>Venite</strong></span> <span class='ocrx_word' id='word_1_841' title='bbox 3571 3394 3589 3420; x_wconf 91' lang='lat'><strong>,</strong></span> 
     </span>
    </p>
   </div>
   <div class='ocr_carea' id='block_1_94' title="bbox 2005 3443 3593 3515">
    <p class='ocr_par' dir='ltr' id='par_1_94' title="bbox 2005 3443 3593 3515">
     <span class='ocr_line' id='line_1_94' title="bbox 2005 3443 3593 3515; baseline 0 -18"><span class='ocrx_word' id='word_1_842' title='bbox 2005 3444 2247 3498; x_wconf 85' lang='lat' dir='ltr'><strong>benedicti</strong></span> <span class='ocrx_word' id='word_1_843' title='bbox 2277 3443 2451 3499; x_wconf 85' lang='lat' dir='ltr'><strong>Patris</strong></span> <span class='ocrx_word' id='word_1_844' title='bbox 2481 3445 2579 3498; x_wconf 90' lang='lat' dir='ltr'><strong>mei</strong></span> <span class='ocrx_word' id='word_1_845' title='bbox 2603 3486 2616 3508; x_wconf 94' lang='lat'><strong>,</strong></span> <span class='ocrx_word' id='word_1_846' title='bbox 2646 3445 2884 3514; x_wconf 85' lang='lat' dir='ltr'><strong>percipite</strong></span> <span class='ocrx_word' id='word_1_847' title='bbox 2923 3461 3130 3515; x_wconf 84' lang='lat' dir='ltr'><strong>regnum</strong></span> <span class='ocrx_word' id='word_1_848' title='bbox 3158 3444 3292 3514; x_wconf 89' lang='lat' dir='ltr'><strong>quod</strong></span> <span class='ocrx_word' id='word_1_849' title='bbox 3331 3445 3468 3498; x_wconf 89' lang='lat' dir='ltr'><strong>vobis</strong></span> <span class='ocrx_word' id='word_1_850' title='bbox 3495 3460 3593 3514; x_wconf 60' lang='lat' dir='ltr'><strong>pa.</strong></span> 
     </span>
    </p>
   </div>
   <div class='ocr_carea' id='block_1_95' title="bbox 2003 3535 3594 3603">
    <p class='ocr_par' dir='ltr' id='par_1_95' title="bbox 2003 3535 3594 3603">
     <span class='ocr_line' id='line_1_95' title="bbox 2003 3535 3594 3603; baseline 0.002 -16"><span class='ocrx_word' id='word_1_851' title='bbox 2003 3544 2171 3588; x_wconf 86' lang='lat' dir='ltr'><strong>ratum</strong></span> <span class='ocrx_word' id='word_1_852' title='bbox 2200 3546 2270 3589; x_wconf 89' lang='lat' dir='ltr'><strong>est</strong></span> <span class='ocrx_word' id='word_1_853' title='bbox 2290 3537 2352 3590; x_wconf 90' lang='lat' dir='ltr'><strong>ab</strong></span> <span class='ocrx_word' id='word_1_854' title='bbox 2379 3537 2522 3590; x_wconf 89' lang='lat' dir='ltr'><strong>initio</strong></span> <span class='ocrx_word' id='word_1_855' title='bbox 2553 3537 2744 3590; x_wconf 88' lang='lat' dir='ltr'><strong>mundi.</strong></span> <span class='ocrx_word' id='word_1_856' title='bbox 2773 3535 2969 3591; x_wconf 87' lang='lat' dir='ltr'><strong>Deinde</strong></span> <span class='ocrx_word' id='word_1_857' title='bbox 2995 3535 3258 3591; x_wconf 85' lang='lat' dir='ltr'><strong>damnatis</strong></span> <span class='ocrx_word' id='word_1_858' title='bbox 3289 3537 3484 3603; x_wconf 85' lang='lat' dir='ltr'><strong>impiis,</strong></span> <span class='ocrx_word' id='word_1_859' title='bbox 3507 3550 3594 3590; x_wconf 77' lang='lat' dir='ltr'><strong>se-</strong></span> 
     </span>
    </p>
   </div>
   <div class='ocr_carea' id='block_1_96' title="bbox 2005 3625 3589 3698">
    <p class='ocr_par' dir='ltr' id='par_1_96' title="bbox 2005 3625 3589 3698">
     <span class='ocr_line' id='line_1_96' title="bbox 2005 3625 3589 3698; baseline 0.001 -17"><span class='ocrx_word' id='word_1_860' title='bbox 2005 3625 2236 3697; x_wconf 77' lang='lat' dir='ltr'><strong>gregalis</strong></span> <span class='ocrx_word' id='word_1_861' title='bbox 2257 3626 2415 3696; x_wconf 88' lang='lat' dir='ltr'><strong>justis</strong></span> <span class='ocrx_word' id='word_1_862' title='bbox 2445 3636 2602 3697; x_wconf 87' lang='lat' dir='ltr'><strong>atque</strong></span> <span class='ocrx_word' id='word_1_863' title='bbox 2627 3627 2850 3683; x_wconf 87' lang='lat' dir='ltr'><strong>laudatis</strong></span> <span class='ocrx_word' id='word_1_864' title='bbox 2873 3669 2888 3694; x_wconf 91' lang='lat'><strong>,</strong></span> <span class='ocrx_word' id='word_1_865' title='bbox 2919 3628 3042 3698; x_wconf 91' lang='lat' dir='ltr'><strong>quid</strong></span> <span class='ocrx_word' id='word_1_866' title='bbox 3073 3629 3309 3698; x_wconf 89' lang='lat' dir='ltr'><strong>sequitur</strong></span> <span class='ocrx_word' id='word_1_867' title='bbox 3337 3627 3476 3698; x_wconf 92' lang='lat' dir='ltr'><strong>quod</strong></span> <span class='ocrx_word' id='word_1_868' title='bbox 3503 3626 3589 3682; x_wconf 82' lang='lat' dir='ltr'><strong>di-</strong></span> 
     </span>
    </p>
   </div>
   <div class='ocr_carea' id='block_1_97' title="bbox 2006 3717 3595 3791">
    <p class='ocr_par' dir='ltr' id='par_1_97' title="bbox 2006 3717 3595 3791">
     <span class='ocr_line' id='line_1_97' title="bbox 2006 3717 3595 3791; baseline -0.001 -18"><span class='ocrx_word' id='word_1_869' title='bbox 2006 3729 2176 3783; x_wconf 82' lang='lat' dir='ltr'><strong>xerat,</strong></span> <span class='ocrx_word' id='word_1_870' title='bbox 2201 3717 2455 3789; x_wconf 88' lang='lat' dir='ltr'><strong>Percipite</strong></span> <span class='ocrx_word' id='word_1_871' title='bbox 2479 3721 2724 3790; x_wconf 86' lang='lat' dir='ltr'><strong>regnum?</strong></span> <span class='ocrx_word' id='word_1_872' title='bbox 2743 3718 2885 3774; x_wconf 88' lang='lat' dir='ltr'><strong>Tunc</strong></span> <span class='ocrx_word' id='word_1_873' title='bbox 2914 3720 3052 3773; x_wconf 87' lang='lat' dir='ltr'><strong>ibunt</strong></span> <span class='ocrx_word' id='word_1_874' title='bbox 3078 3719 3218 3791; x_wconf 87' lang='lat' dir='ltr'><strong>impii</strong></span> <span class='ocrx_word' id='word_1_875' title='bbox 3246 3720 3297 3773; x_wconf 88' lang='lat' dir='ltr'><strong>in</strong></span> <span class='ocrx_word' id='word_1_876' title='bbox 3323 3718 3595 3772; x_wconf 76' lang='lat' dir='ltr'><strong>ambustiq-</strong></span> 
     </span>
    </p>
   </div>
   <div class='ocr_carea' id='block_1_98' title="bbox 2009 3811 3590 3880">
    <p class='ocr_par' dir='ltr' id='par_1_98' title="bbox 2009 3811 3590 3880">
     <span class='ocr_line' id='line_1_98' title="bbox 2009 3811 3590 3880; baseline -0.001 -17"><span class='ocrx_word' id='word_1_877' title='bbox 2009 3826 2122 3863; x_wconf 82' lang='lat' dir='ltr'><strong>nem</strong></span> <span class='ocrx_word' id='word_1_878' title='bbox 2152 3819 2390 3864; x_wconf 61' lang='lat' dir='ltr'><strong>attentam</strong></span> <span class='ocrx_word' id='word_1_879' title='bbox 2414 3852 2428 3877; x_wconf 93' lang='lat'><strong>,</strong></span> <span class='ocrx_word' id='word_1_880' title='bbox 2447 3813 2575 3880; x_wconf 86' lang='lat' dir='ltr'><strong>justi</strong></span> <span class='ocrx_word' id='word_1_881' title='bbox 2601 3823 2765 3865; x_wconf 73' lang='lat' dir='ltr'><strong>autem</strong></span> <span class='ocrx_word' id='word_1_882' title='bbox 2792 3813 2842 3866; x_wconf 90' lang='lat' dir='ltr'><strong>in</strong></span> <span class='ocrx_word' id='word_1_883' title='bbox 2870 3813 3019 3866; x_wconf 86' lang='lat' dir='ltr'><strong>vitam</strong></span> <span class='ocrx_word' id='word_1_884' title='bbox 3046 3822 3283 3866; x_wconf 69' lang='lat' dir='ltr'><strong>a’ternum</strong></span> <span class='ocrx_word' id='word_1_885' title='bbox 3307 3811 3417 3874; x_wconf 76' lang='lat' dir='ltr'><strong>(Id.</strong></span> <span class='ocrx_word' id='word_1_886' title='bbox 3444 3827 3548 3866; x_wconf 83' lang='lat' dir='ltr'><strong>xxv</strong></span> <span class='ocrx_word' id='word_1_887' title='bbox 3572 3852 3590 3878; x_wconf 88' lang='lat'><strong>,</strong></span> 
     </span>
    </p>
   </div>
   <div class='ocr_carea' id='block_1_99' title="bbox 2010 3901 3594 3976">
    <p class='ocr_par' dir='ltr' id='par_1_99' title="bbox 2010 3901 3594 3976">
     <span class='ocr_line' id='line_1_99' title="bbox 2010 3901 3594 3976; baseline -0.001 -16"><span class='ocrx_word' id='word_1_888' title='bbox 2010 3905 2080 3960; x_wconf 69' lang='grc'><strong>54</strong></span> <span class='ocrx_word' id='word_1_889' title='bbox 2099 3946 2112 3967; x_wconf 84' lang='grc'>,</span> <span class='ocrx_word' id='word_1_890' title='bbox 2142 3901 2256 3972; x_wconf 71' lang='grc'><strong>46).</strong></span> <span class='ocrx_word' id='word_1_891' title='bbox 2285 3903 2435 3970; x_wconf 83' lang='lat' dir='ltr'><strong>Quod</strong></span> <span class='ocrx_word' id='word_1_892' title='bbox 2476 3905 2680 3960; x_wconf 74' lang='lat' dir='ltr'><strong>dixerat</strong></span> <span class='ocrx_word' id='word_1_893' title='bbox 2705 3923 2952 3976; x_wconf 88' lang='lat' dir='ltr'><strong>regnum,</strong></span> <span class='ocrx_word' id='word_1_894' title='bbox 2989 3905 3088 3960; x_wconf 90' lang='lat' dir='ltr'><strong>hoc</strong></span> <span class='ocrx_word' id='word_1_895' title='bbox 3111 3906 3244 3960; x_wconf 72' lang='lat' dir='ltr'><strong>dixit.</strong></span> <span class='ocrx_word' id='word_1_896' title='bbox 3269 3907 3419 3959; x_wconf 85' lang='lat' dir='ltr'><strong>vitam</strong></span> <span class='ocrx_word' id='word_1_897' title='bbox 3443 3915 3594 3959; x_wconf 72' lang='grc' dir='ltr'>αἰεν-</span> 
     </span>
    </p>
   </div>
   <div class='ocr_carea' id='block_1_100' title="bbox 2011 3997 3596 4068">
    <p class='ocr_par' dir='ltr' id='par_1_100' title="bbox 2011 3997 3596 4068">
     <span class='ocr_line' id='line_1_100' title="bbox 2011 3997 3596 4068; baseline 0.002 -20"><span class='ocrx_word' id='word_1_898' title='bbox 2011 4011 2146 4058; x_wconf 87' lang='lat' dir='ltr'><strong>nam,</strong></span> <span class='ocrx_word' id='word_1_899' title='bbox 2168 4011 2274 4066; x_wconf 89' lang='lat' dir='ltr'><strong>quo</strong></span> <span class='ocrx_word' id='word_1_900' title='bbox 2305 4011 2405 4049; x_wconf 91' lang='lat' dir='ltr'><strong>non</strong></span> <span class='ocrx_word' id='word_1_901' title='bbox 2438 3997 2586 4051; x_wconf 77' lang='lat' dir='ltr'><strong>ibunt</strong></span> <span class='ocrx_word' id='word_1_902' title='bbox 2616 3998 2780 4066; x_wconf 89' lang='lat' dir='ltr'><strong>impii.</strong></span> <span class='ocrx_word' id='word_1_903' title='bbox 2802 3997 2990 4052; x_wconf 88' lang='lat' dir='ltr'><strong>Videte</strong></span> <span class='ocrx_word' id='word_1_904' title='bbox 3017 3998 3060 4051; x_wconf 92' lang='lat' dir='ltr'><strong>si</strong></span> <span class='ocrx_word' id='word_1_905' title='bbox 3089 3997 3329 4068; x_wconf 68' lang='lat' dir='ltr'><strong>quaedam</strong></span> <span class='ocrx_word' id='word_1_906' title='bbox 3355 3997 3490 4052; x_wconf 87' lang='lat' dir='ltr'><strong>visio</strong></span> <span class='ocrx_word' id='word_1_907' title='bbox 3511 4007 3596 4052; x_wconf 89' lang='lat' dir='ltr'><strong>est</strong></span> 
     </span>
    </p>
   </div>
   <div class='ocr_carea' id='block_1_101' title="bbox 2012 4086 3596 4159">
    <p class='ocr_par' dir='ltr' id='par_1_101' title="bbox 2012 4086 3596 4159">
     <span class='ocr_line' id='line_1_101' title="bbox 2012 4086 3596 4159; baseline 0.001 -20"><span class='ocrx_word' id='word_1_908' title='bbox 2012 4086 2117 4139; x_wconf 89' lang='lat' dir='ltr'><strong>vita</strong></span> <span class='ocrx_word' id='word_1_909' title='bbox 2145 4095 2340 4140; x_wconf 71' lang='lat' dir='ltr'><strong>mterna</strong></span> <span class='ocrx_word' id='word_1_910' title='bbox 2362 4106 2376 4140; x_wconf 89' lang='lat'><strong><em>:</em></strong></span> <span class='ocrx_word' id='word_1_911' title='bbox 2399 4086 2520 4140; x_wconf 79' lang='lat' dir='ltr'><strong>Htec</strong></span> <span class='ocrx_word' id='word_1_912' title='bbox 2541 4095 2610 4141; x_wconf 86' lang='lat' dir='ltr'><strong>est</strong></span> <span class='ocrx_word' id='word_1_913' title='bbox 2638 4097 2802 4141; x_wconf 86' lang='lat' dir='ltr'><strong>autem</strong></span> <span class='ocrx_word' id='word_1_914' title='bbox 2818 4089 2918 4141; x_wconf 87' lang='lat' dir='ltr'><strong>vita</strong></span> <span class='ocrx_word' id='word_1_915' title='bbox 2935 4097 3142 4154; x_wconf 79' lang='lat' dir='ltr'><strong>wterna,</strong></span> <span class='ocrx_word' id='word_1_916' title='bbox 3163 4098 3216 4141; x_wconf 90' lang='lat' dir='ltr'><strong>ut</strong></span> <span class='ocrx_word' id='word_1_917' title='bbox 3231 4096 3532 4159; x_wconf 88' lang='lat' dir='ltr'><strong>cognoscant</strong></span> <span class='ocrx_word' id='word_1_918' title='bbox 3550 4097 3596 4140; x_wconf 83' lang='lat' dir='ltr'><strong>te</strong></span> 
     </span>
    </p>
   </div>
   <div class='ocr_carea' id='block_1_102' title="bbox 2009 4177 3598 4247">
    <p class='ocr_par' dir='ltr' id='par_1_102' title="bbox 2009 4177 3598 4247">
     <span class='ocr_line' id='line_1_102' title="bbox 2009 4177 3598 4247; baseline 0.001 -17"><span class='ocrx_word' id='word_1_919' title='bbox 2009 4177 2176 4231; x_wconf 88' lang='lat' dir='ltr'><strong>solum</strong></span> <span class='ocrx_word' id='word_1_920' title='bbox 2214 4194 2382 4232; x_wconf 88' lang='lat' dir='ltr'><strong>verum</strong></span> <span class='ocrx_word' id='word_1_921' title='bbox 2420 4177 2622 4244; x_wconf 88' lang='lat' dir='ltr'><strong>Deum,</strong></span> <span class='ocrx_word' id='word_1_922' title='bbox 2657 4189 2701 4232; x_wconf 89' lang='lat' dir='ltr'><strong>et</strong></span> <span class='ocrx_word' id='word_1_923' title='bbox 2737 4196 2881 4247; x_wconf 82' lang='lat' dir='ltr'><strong>quem</strong></span> <span class='ocrx_word' id='word_1_924' title='bbox 2921 4180 3098 4233; x_wconf 88' lang='lat' dir='ltr'><strong>misisti</strong></span> <span class='ocrx_word' id='word_1_925' title='bbox 3134 4179 3309 4234; x_wconf 83' lang='lat' dir='ltr'><strong>Jesum</strong></span> <span class='ocrx_word' id='word_1_926' title='bbox 3344 4179 3598 4233; x_wconf 84' lang='lat' dir='ltr'><strong>Christum</strong></span> 
     </span>
    </p>
   </div>
   <div class='ocr_carea' id='block_1_103' title="bbox 2015 4266 3593 4340">
    <p class='ocr_par' dir='ltr' id='par_1_103' title="bbox 2015 4266 3593 4340">
     <span class='ocr_line' id='line_1_103' title="bbox 2015 4266 3593 4340; baseline 0.003 -18"><span class='ocrx_word' id='word_1_927' title='bbox 2015 4266 2192 4339; x_wconf 79' lang='lat' dir='ltr'><strong>(Joan.</strong></span> <span class='ocrx_word' id='word_1_928' title='bbox 2211 4286 2338 4336; x_wconf 78' lang='lat' dir='ltr'><strong>xvn,</strong></span> <span class='ocrx_word' id='word_1_929' title='bbox 2357 4269 2412 4340; x_wconf 79' lang='lat'><strong>3)</strong></span> <span class='ocrx_word' id='word_1_930' title='bbox 2428 4286 2441 4332; x_wconf 89' lang='lat'>;</span> <span class='ocrx_word' id='word_1_931' title='bbox 2460 4271 2579 4339; x_wconf 87' lang='lat' dir='ltr'><strong>quia</strong></span> <span class='ocrx_word' id='word_1_932' title='bbox 2601 4282 2759 4324; x_wconf 86' lang='lat' dir='ltr'><strong>tecum</strong></span> <span class='ocrx_word' id='word_1_933' title='bbox 2779 4272 3078 4340; x_wconf 83' lang='lat' dir='ltr'><strong>principium</strong></span> <span class='ocrx_word' id='word_1_934' title='bbox 3095 4273 3144 4326; x_wconf 90' lang='lat' dir='ltr'><strong>in</strong></span> <span class='ocrx_word' id='word_1_935' title='bbox 3173 4273 3254 4326; x_wconf 79' lang='lat' dir='ltr'><strong>die</strong></span> <span class='ocrx_word' id='word_1_936' title='bbox 3267 4272 3458 4326; x_wconf 87' lang='lat' dir='ltr'><strong>virtutis</strong></span> <span class='ocrx_word' id='word_1_937' title='bbox 3475 4282 3593 4326; x_wconf 71' lang='lat' dir='ltr'><strong>tum.</strong></span> 
     </span>
    </p>
   </div>
   <div class='ocr_carea' id='block_1_104' title="bbox 2013 4358 3635 4434">
    <p class='ocr_par' dir='ltr' id='par_1_104' title="bbox 2013 4358 3635 4434">
     <span class='ocr_line' id='line_1_104' title="bbox 2013 4358 3635 4434; baseline 0.002 -20"><span class='ocrx_word' id='word_1_938' title='bbox 2013 4358 2173 4430; x_wconf 81' lang='lat' dir='ltr'><strong>Ergo,</strong></span> <span class='ocrx_word' id='word_1_939' title='bbox 2193 4359 2380 4415; x_wconf 84' lang='lat' dir='ltr'><strong>Tecum</strong></span> <span class='ocrx_word' id='word_1_940' title='bbox 2405 4361 2711 4432; x_wconf 87' lang='lat' dir='ltr'><strong>principium</strong></span> <span class='ocrx_word' id='word_1_941' title='bbox 2732 4363 2783 4417; x_wconf 90' lang='lat' dir='ltr'><strong>in</strong></span> <span class='ocrx_word' id='word_1_942' title='bbox 2805 4361 2883 4416; x_wconf 89' lang='lat' dir='ltr'><strong>die</strong></span> <span class='ocrx_word' id='word_1_943' title='bbox 2904 4363 3097 4417; x_wconf 88' lang='lat' dir='ltr'><strong>virtutis</strong></span> <span class='ocrx_word' id='word_1_944' title='bbox 3113 4371 3234 4429; x_wconf 76' lang='lat' dir='ltr'><strong>tute,</strong></span> <span class='ocrx_word' id='word_1_945' title='bbox 3254 4364 3304 4417; x_wconf 89' lang='lat' dir='ltr'><strong>in</strong></span> <span class='ocrx_word' id='word_1_946' title='bbox 3331 4363 3599 4434; x_wconf 85' lang='lat' dir='ltr'><strong>splendore</strong></span> <span class='ocrx_word' id='word_1_947' title='bbox 3626 4404 3635 4412; x_wconf 87' lang='lat'><strong>.</strong></span> 
     </span>
    </p>
   </div>
   <div class='ocr_carea' id='block_1_105' title="bbox 2011 4462 2317 4508">
    <p class='ocr_par' dir='ltr' id='par_1_105' title="bbox 2011 4462 2317 4508">
     <span class='ocr_line' id='line_1_105' title="bbox 2011 4462 2317 4508; baseline -0.003 -1"><span class='ocrx_word' id='word_1_948' title='bbox 2011 4462 2317 4508; x_wconf 84' lang='lat' dir='ltr'><strong>sanctorum.</strong></span> 
     </span>
    </p>
   </div>
   <div class='ocr_carea' id='block_1_106' title="bbox 2087 4545 3598 4620">
    <p class='ocr_par' dir='ltr' id='par_1_106' title="bbox 2087 4545 3598 4620">
     <span class='ocr_line' id='line_1_106' title="bbox 2087 4545 3598 4620; baseline 0.003 -19"><span class='ocrx_word' id='word_1_949' title='bbox 2087 4546 2172 4601; x_wconf 77' lang='lat' dir='ltr'><strong>l6.</strong></span> <span class='ocrx_word' id='word_1_950' title='bbox 2203 4545 2308 4601; x_wconf 87' lang='lat' dir='ltr'><strong>Sed</strong></span> <span class='ocrx_word' id='word_1_951' title='bbox 2355 4545 2455 4600; x_wconf 92' lang='lat' dir='ltr'><strong>hoc</strong></span> <span class='ocrx_word' id='word_1_952' title='bbox 2483 4545 2725 4601; x_wconf 75' lang='lat' dir='ltr'><strong>diﬁ&#39;ertur</strong></span> <span class='ocrx_word' id='word_1_953' title='bbox 2747 4588 2760 4610; x_wconf 96' lang='lat'><strong>,</strong></span> <span class='ocrx_word' id='word_1_954' title='bbox 2807 4545 2908 4600; x_wconf 91' lang='lat' dir='ltr'><strong>hoc</strong></span> <span class='ocrx_word' id='word_1_955' title='bbox 2953 4557 3135 4616; x_wconf 90' lang='lat' dir='ltr'><strong>postea</strong></span> <span class='ocrx_word' id='word_1_956' title='bbox 3183 4547 3394 4603; x_wconf 74' lang='lat' dir='ltr'><strong>dabitur</strong></span> <span class='ocrx_word' id='word_1_957' title='bbox 3427 4566 3440 4603; x_wconf 91' lang='lat'><strong>:</strong></span> <span class='ocrx_word' id='word_1_958' title='bbox 3473 4549 3598 4620; x_wconf 91' lang='lat' dir='ltr'><strong>quid</strong></span> 
     </span>
    </p>
   </div>
   <div class='ocr_carea' id='block_1_107' title="bbox 2013 4625 3600 4711">
    <p class='ocr_par' dir='ltr' id='par_1_107' title="bbox 2013 4625 3600 4711">
     <span class='ocr_line' id='line_1_107' title="bbox 2013 4625 3600 4711; baseline 0.001 -16"><span class='ocrx_word' id='word_1_959' title='bbox 2013 4639 2198 4695; x_wconf 86' lang='lat' dir='ltr'><strong>nunc?</strong></span> <span class='ocrx_word' id='word_1_960' title='bbox 2231 4625 2312 4692; x_wconf 75' lang='lat' dir='ltr'><strong>Ea:</strong></span> <span class='ocrx_word' id='word_1_961' title='bbox 2337 4650 2478 4693; x_wconf 89' lang='lat' dir='ltr'><strong>utero</strong></span> <span class='ocrx_word' id='word_1_962' title='bbox 2517 4651 2633 4693; x_wconf 88' lang='lat' dir='ltr'><strong>ante</strong></span> <span class='ocrx_word' id='word_1_963' title='bbox 2659 4638 2917 4707; x_wconf 77' lang='lat' dir='ltr'><strong>luciferum</strong></span> <span class='ocrx_word' id='word_1_964' title='bbox 2939 4642 3088 4711; x_wconf 85' lang='lat' dir='ltr'><strong>genui</strong></span> <span class='ocrx_word' id='word_1_965' title='bbox 3114 4650 3179 4695; x_wconf 88' lang='lat' dir='ltr'><strong>te.</strong></span> <span class='ocrx_word' id='word_1_966' title='bbox 3220 4642 3355 4708; x_wconf 87' lang='lat' dir='ltr'><strong>Quid</strong></span> <span class='ocrx_word' id='word_1_967' title='bbox 3387 4643 3470 4697; x_wconf 87' lang='lat' dir='ltr'><strong>hic</strong></span> <span class='ocrx_word' id='word_1_968' title='bbox 3496 4684 3510 4707; x_wconf 90' lang='lat'><strong>,</strong></span> <span class='ocrx_word' id='word_1_969' title='bbox 3542 4643 3600 4699; x_wconf 89' lang='lat' dir='ltr'><strong>Si</strong></span> 
     </span>
    </p>
   </div>
   <div class='ocr_carea' id='block_1_108' title="bbox 2015 4729 3600 4799">
    <p class='ocr_par' dir='ltr' id='par_1_108' title="bbox 2015 4729 3600 4799">
     <span class='ocr_line' id='line_1_108' title="bbox 2015 4729 3600 4799; baseline 0.001 -15"><span class='ocrx_word' id='word_1_970' title='bbox 2015 4729 2158 4784; x_wconf 91' lang='lat' dir='ltr'><strong>Deus</strong></span> <span class='ocrx_word' id='word_1_971' title='bbox 2186 4729 2373 4783; x_wconf 88' lang='lat' dir='ltr'><strong>Filium</strong></span> <span class='ocrx_word' id='word_1_972' title='bbox 2402 4729 2559 4783; x_wconf 87' lang='lat' dir='ltr'><strong>habet</strong></span> <span class='ocrx_word' id='word_1_973' title='bbox 2583 4771 2597 4794; x_wconf 94' lang='lat'><strong>,</strong></span> <span class='ocrx_word' id='word_1_974' title='bbox 2632 4730 2888 4799; x_wconf 82' lang='lat' dir='ltr'><strong>tmmquid</strong></span> <span class='ocrx_word' id='word_1_975' title='bbox 2910 4739 2963 4783; x_wconf 88' lang='lat' dir='ltr'><strong>ct</strong></span> <span class='ocrx_word' id='word_1_976' title='bbox 3007 4731 3260 4785; x_wconf 79' lang='lat' dir='ltr'><strong>uterum?</strong></span> <span class='ocrx_word' id='word_1_977' title='bbox 3287 4732 3436 4786; x_wconf 91' lang='lat' dir='ltr'><strong>Sicut</strong></span> <span class='ocrx_word' id='word_1_978' title='bbox 3479 4747 3600 4786; x_wconf 86' lang='lat' dir='ltr'><strong>car-</strong></span> 
     </span>
    </p>
   </div>
   <div class='ocr_carea' id='block_1_109' title="bbox 2014 4820 3604 4891">
    <p class='ocr_par' dir='ltr' id='par_1_109' title="bbox 2014 4820 3604 4891">
     <span class='ocr_line' id='line_1_109' title="bbox 2014 4820 3604 4891; baseline 0.003 -16"><span class='ocrx_word' id='word_1_979' title='bbox 2014 4821 2099 4875; x_wconf 92' lang='lat' dir='ltr'><strong>nis</strong></span> <span class='ocrx_word' id='word_1_980' title='bbox 2124 4837 2345 4891; x_wconf 83' lang='lat' dir='ltr'><strong>corpora</strong></span> <span class='ocrx_word' id='word_1_981' title='bbox 2373 4864 2386 4886; x_wconf 96' lang='lat'><strong>,</strong></span> <span class='ocrx_word' id='word_1_982' title='bbox 2419 4837 2521 4874; x_wconf 92' lang='lat' dir='ltr'><strong>non</strong></span> <span class='ocrx_word' id='word_1_983' title='bbox 2550 4820 2705 4874; x_wconf 82' lang='lat' dir='ltr'><strong>habet</strong></span> <span class='ocrx_word' id='word_1_984' title='bbox 2726 4838 2754 4874; x_wconf 53' lang='grc' dir='ltr'><strong>νε</strong></span> <span class='ocrx_word' id='word_1_985' title='bbox 2787 4821 2908 4890; x_wconf 87' lang='lat' dir='ltr'><strong>quia</strong></span> <span class='ocrx_word' id='word_1_986' title='bbox 2937 4837 3032 4877; x_wconf 89' lang='lat' dir='ltr'><strong>nec</strong></span> <span class='ocrx_word' id='word_1_987' title='bbox 3055 4822 3228 4876; x_wconf 89' lang='lat' dir='ltr'><strong>sinum</strong></span> <span class='ocrx_word' id='word_1_988' title='bbox 3253 4839 3267 4887; x_wconf 89' lang='lat'><strong>;</strong></span> <span class='ocrx_word' id='word_1_989' title='bbox 3295 4822 3492 4877; x_wconf 84' lang='lat' dir='ltr'><strong>dictum</strong></span> <span class='ocrx_word' id='word_1_990' title='bbox 3521 4833 3604 4879; x_wconf 82' lang='lat' dir='ltr'><strong>est</strong></span> 
     </span>
    </p>
   </div>
   <div class='ocr_carea' id='block_1_110' title="bbox 2015 4911 3600 4985">
    <p class='ocr_par' dir='ltr' id='par_1_110' title="bbox 2015 4911 3600 4985">
     <span class='ocr_line' id='line_1_110' title="bbox 2015 4911 3600 4985; baseline 0.003 -19"><span class='ocrx_word' id='word_1_991' title='bbox 2015 4921 2189 4966; x_wconf 88' lang='lat' dir='ltr'><strong>tamen</strong></span> <span class='ocrx_word' id='word_1_992' title='bbox 2216 4953 2230 4978; x_wconf 94' lang='lat'><strong>,</strong></span> <span class='ocrx_word' id='word_1_993' title='bbox 2267 4913 2367 4978; x_wconf 82' lang='lat' dir='ltr'><strong>Qui</strong></span> <span class='ocrx_word' id='word_1_994' title='bbox 2394 4922 2465 4966; x_wconf 88' lang='lat' dir='ltr'><strong>est</strong></span> <span class='ocrx_word' id='word_1_995' title='bbox 2491 4913 2544 4966; x_wconf 88' lang='lat' dir='ltr'><strong>in</strong></span> <span class='ocrx_word' id='word_1_996' title='bbox 2573 4914 2685 4966; x_wconf 89' lang='lat' dir='ltr'><strong>sinu</strong></span> <span class='ocrx_word' id='word_1_997' title='bbox 2732 4911 2899 4967; x_wconf 85' lang='lat' dir='ltr'><strong>Patris</strong></span> <span class='ocrx_word' id='word_1_998' title='bbox 2924 4955 2939 4978; x_wconf 92' lang='lat'><strong>,</strong></span> <span class='ocrx_word' id='word_1_999' title='bbox 2972 4915 3080 4982; x_wconf 87' lang='lat' dir='ltr'><strong>ipse</strong></span> <span class='ocrx_word' id='word_1_1000' title='bbox 3107 4916 3354 4968; x_wconf 89' lang='lat' dir='ltr'><strong>enarravit</strong></span> <span class='ocrx_word' id='word_1_1001' title='bbox 3385 4914 3404 4985; x_wconf 95' lang='lat'><strong>(</strong></span> <span class='ocrx_word' id='word_1_1002' title='bbox 3428 4913 3510 4968; x_wconf 85' lang='lat' dir='ltr'><strong>Id.</strong></span> <span class='ocrx_word' id='word_1_1003' title='bbox 3545 4932 3558 4970; x_wconf 88' lang='grc' dir='ltr'><strong>ι</strong></span> <span class='ocrx_word' id='word_1_1004' title='bbox 3585 4957 3600 4980; x_wconf 88' lang='grc'><em>,</em></span> 
     </span>
    </p>
   </div>
   <div class='ocr_carea' id='block_1_111' title="bbox 2017 5005 3605 5075">
    <p class='ocr_par' dir='ltr' id='par_1_111' title="bbox 2017 5005 3605 5075">
     <span class='ocr_line' id='line_1_111' title="bbox 2017 5005 3605 5075; baseline 0.003 -15"><span class='ocrx_word' id='word_1_1005' title='bbox 2017 5005 2128 5073; x_wconf 80' lang='lat' dir='ltr'><strong>l8).</strong></span> <span class='ocrx_word' id='word_1_1006' title='bbox 2159 5005 2257 5072; x_wconf 89' lang='lat' dir='ltr'><strong>Qui</strong></span> <span class='ocrx_word' id='word_1_1007' title='bbox 2280 5014 2360 5058; x_wconf 81' lang='lat' dir='ltr'><strong>est</strong></span> <span class='ocrx_word' id='word_1_1008' title='bbox 2382 5014 2558 5060; x_wconf 90' lang='lat' dir='ltr'><strong>autem</strong></span> <span class='ocrx_word' id='word_1_1009' title='bbox 2585 5007 2732 5060; x_wconf 84' lang='lat' dir='ltr'><strong>sinus</strong></span> <span class='ocrx_word' id='word_1_1010' title='bbox 2756 5049 2770 5073; x_wconf 96' lang='lat'><strong>,</strong></span> <span class='ocrx_word' id='word_1_1011' title='bbox 2801 5007 2913 5075; x_wconf 77' lang='lat' dir='ltr'><strong>ipse</strong></span> <span class='ocrx_word' id='word_1_1012' title='bbox 2933 5017 3020 5062; x_wconf 88' lang='lat' dir='ltr'><strong>est</strong></span> <span class='ocrx_word' id='word_1_1013' title='bbox 3045 5018 3226 5063; x_wconf 66' lang='lat' dir='ltr'><strong>uterus</strong></span> <span class='ocrx_word' id='word_1_1014' title='bbox 3251 5025 3266 5075; x_wconf 91' lang='lat'><strong>;</strong></span> <span class='ocrx_word' id='word_1_1015' title='bbox 3294 5017 3347 5064; x_wconf 89' lang='lat' dir='ltr'><strong>et</strong></span> <span class='ocrx_word' id='word_1_1016' title='bbox 3373 5009 3522 5064; x_wconf 86' lang='lat' dir='ltr'><strong>sinus</strong></span> <span class='ocrx_word' id='word_1_1017' title='bbox 3550 5020 3605 5065; x_wconf 90' lang='lat' dir='ltr'><strong>et</strong></span> 
     </span>
    </p>
   </div>
   <div class='ocr_carea' id='block_1_112' title="bbox 2017 5099 3605 5167">
    <p class='ocr_par' dir='ltr' id='par_1_112' title="bbox 2017 5099 3605 5167">
     <span class='ocr_line' id='line_1_112' title="bbox 2017 5099 3605 5167; baseline 0.004 -18"><span class='ocrx_word' id='word_1_1018' title='bbox 2017 5104 2198 5151; x_wconf 63' lang='lat' dir='ltr'><strong>uterus</strong></span> <span class='ocrx_word' id='word_1_1019' title='bbox 2219 5111 2315 5166; x_wconf 90' lang='lat' dir='ltr'><strong>pro</strong></span> <span class='ocrx_word' id='word_1_1020' title='bbox 2340 5106 2549 5152; x_wconf 85' lang='lat' dir='ltr'><strong>secreto</strong></span> <span class='ocrx_word' id='word_1_1021' title='bbox 2577 5099 2779 5167; x_wconf 90' lang='lat' dir='ltr'><strong>positus</strong></span> <span class='ocrx_word' id='word_1_1022' title='bbox 2795 5110 2896 5153; x_wconf 88' lang='lat' dir='ltr'><strong>est.</strong></span> <span class='ocrx_word' id='word_1_1023' title='bbox 2923 5099 3058 5166; x_wconf 90' lang='lat' dir='ltr'><strong>Quid</strong></span> <span class='ocrx_word' id='word_1_1024' title='bbox 3079 5109 3179 5164; x_wconf 88' lang='lat' dir='ltr'><strong>est,</strong></span> <span class='ocrx_word' id='word_1_1025' title='bbox 3210 5099 3292 5154; x_wconf 70' lang='lat' dir='ltr'><strong>Ea:</strong></span> <span class='ocrx_word' id='word_1_1026' title='bbox 3313 5108 3452 5154; x_wconf 85' lang='lat' dir='ltr'><strong>utero</strong></span> <span class='ocrx_word' id='word_1_1027' title='bbox 3474 5101 3500 5154; x_wconf 72' lang='grc' dir='ltr'><em>Ρ</em></span> <span class='ocrx_word' id='word_1_1028' title='bbox 3525 5101 3605 5156; x_wconf 81' lang='lat' dir='ltr'><strong>Ex</strong></span> 
     </span>
    </p>
   </div>
   <div class='ocr_carea' id='block_1_113' title="bbox 2019 5190 3602 5260">
    <p class='ocr_par' dir='ltr' id='par_1_113' title="bbox 2019 5190 3602 5260">
     <span class='ocr_line' id='line_1_113' title="bbox 2019 5190 3602 5260; baseline 0.003 -19"><span class='ocrx_word' id='word_1_1029' title='bbox 2019 5197 2226 5243; x_wconf 87' lang='lat' dir='ltr'><strong>secreto</strong></span> <span class='ocrx_word' id='word_1_1030' title='bbox 2250 5229 2264 5254; x_wconf 97' lang='lat'><strong>,</strong></span> <span class='ocrx_word' id='word_1_1031' title='bbox 2292 5203 2357 5242; x_wconf 84' lang='lat' dir='ltr'><strong>ex</strong></span> <span class='ocrx_word' id='word_1_1032' title='bbox 2387 5190 2632 5255; x_wconf 91' lang='lat' dir='ltr'><strong>occulto;</strong></span> <span class='ocrx_word' id='word_1_1033' title='bbox 2666 5190 2730 5244; x_wconf 90' lang='lat' dir='ltr'><strong>de</strong></span> <span class='ocrx_word' id='word_1_1034' title='bbox 2757 5191 2960 5260; x_wconf 89' lang='lat' dir='ltr'><strong>meipso</strong></span> <span class='ocrx_word' id='word_1_1035' title='bbox 2985 5233 2998 5254; x_wconf 92' lang='lat'><strong>,</strong></span> <span class='ocrx_word' id='word_1_1036' title='bbox 3027 5191 3094 5246; x_wconf 91' lang='lat' dir='ltr'><strong>de</strong></span> <span class='ocrx_word' id='word_1_1037' title='bbox 3123 5191 3415 5246; x_wconf 88' lang='lat' dir='ltr'><strong>substantia</strong></span> <span class='ocrx_word' id='word_1_1038' title='bbox 3445 5206 3602 5257; x_wconf 88' lang='lat' dir='ltr'><strong>mea;</strong></span> 
     </span>
    </p>
   </div>
   <div class='ocr_carea' id='block_1_114' title="bbox 2019 5281 3602 5356">
    <p class='ocr_par' dir='ltr' id='par_1_114' title="bbox 2019 5281 3602 5356">
     <span class='ocr_line' id='line_1_114' title="bbox 2019 5281 3602 5356; baseline 0.002 -20"><span class='ocrx_word' id='word_1_1039' title='bbox 2019 5281 2122 5336; x_wconf 86' lang='lat' dir='ltr'><strong>hoc</strong></span> <span class='ocrx_word' id='word_1_1040' title='bbox 2141 5291 2242 5348; x_wconf 91' lang='lat' dir='ltr'><strong>est,</strong></span> <span class='ocrx_word' id='word_1_1041' title='bbox 2272 5281 2356 5337; x_wconf 78' lang='lat' dir='ltr'><strong>Ea:</strong></span> <span class='ocrx_word' id='word_1_1042' title='bbox 2378 5293 2518 5337; x_wconf 89' lang='lat' dir='ltr'><strong>utero</strong></span> <span class='ocrx_word' id='word_1_1043' title='bbox 2549 5300 2568 5338; x_wconf 88' lang='lat'><strong><em>:</em></strong></span> <span class='ocrx_word' id='word_1_1044' title='bbox 2597 5285 2739 5353; x_wconf 83' lang='lat' dir='ltr'><strong>quia,</strong></span> <span class='ocrx_word' id='word_1_1045' title='bbox 2773 5283 3153 5338; x_wconf 86' lang='lat' dir='ltr'><strong>cherationem</strong></span> <span class='ocrx_word' id='word_1_1046' title='bbox 3186 5286 3293 5356; x_wconf 84' lang='lat' dir='ltr'><strong>ejus</strong></span> <span class='ocrx_word' id='word_1_1047' title='bbox 3318 5285 3430 5355; x_wconf 88' lang='lat' dir='ltr'><strong>quis</strong></span> <span class='ocrx_word' id='word_1_1048' title='bbox 3447 5301 3602 5339; x_wconf 85' lang='lat' dir='ltr'><strong>enar-</strong></span> 
     </span>
    </p>
   </div>
   <div class='ocr_carea' id='block_1_115' title="bbox 2019 5375 3605 5447">
    <p class='ocr_par' dir='ltr' id='par_1_115' title="bbox 2019 5375 3605 5447">
     <span class='ocr_line' id='line_1_115' title="bbox 2019 5375 3605 5447; baseline 0.003 -17"><span class='ocrx_word' id='word_1_1049' title='bbox 2019 5375 2151 5430; x_wconf 86' lang='lat' dir='ltr'><strong>rabit</strong></span> <span class='ocrx_word' id='word_1_1050' title='bbox 2193 5375 2343 5444; x_wconf 90' lang='lat' dir='ltr'><strong>(Isai.</strong></span> <span class='ocrx_word' id='word_1_1051' title='bbox 2377 5392 2465 5430; x_wconf 82' lang='lat' dir='ltr'><strong>un</strong></span> <span class='ocrx_word' id='word_1_1052' title='bbox 2485 5418 2499 5442; x_wconf 92' lang='lat'><strong>,</strong></span> <span class='ocrx_word' id='word_1_1053' title='bbox 2529 5378 2625 5446; x_wconf 86' lang='lat'><strong>8)?</strong></span> <span class='ocrx_word' id='word_1_1054' title='bbox 2656 5379 2990 5447; x_wconf 88' lang='lat' dir='ltr'><strong>Accipiamus</strong></span> <span class='ocrx_word' id='word_1_1055' title='bbox 3017 5391 3146 5445; x_wconf 83' lang='lat' dir='ltr'><strong>ergo</strong></span> <span class='ocrx_word' id='word_1_1056' title='bbox 3184 5377 3393 5432; x_wconf 78' lang='lat' dir='ltr'><strong>Patrem</strong></span> <span class='ocrx_word' id='word_1_1057' title='bbox 3421 5377 3605 5434; x_wconf 83' lang='lat' dir='ltr'><strong>dicen-</strong></span> 
     </span>
    </p>
   </div>
   <div class='ocr_carea' id='block_1_116' title="bbox 2021 5468 3605 5542">
    <p class='ocr_par' dir='ltr' id='par_1_116' title="bbox 2021 5468 3605 5542">
     <span class='ocr_line' id='line_1_116' title="bbox 2021 5468 3605 5542; baseline 0.003 -19"><span class='ocrx_word' id='word_1_1058' title='bbox 2021 5477 2132 5524; x_wconf 86' lang='lat' dir='ltr'><strong>tem</strong></span> <span class='ocrx_word' id='word_1_1059' title='bbox 2157 5469 2222 5522; x_wconf 85' lang='lat' dir='ltr'><strong>ad</strong></span> <span class='ocrx_word' id='word_1_1060' title='bbox 2249 5468 2438 5523; x_wconf 85' lang='lat' dir='ltr'><strong>Filium</strong></span> <span class='ocrx_word' id='word_1_1061' title='bbox 2463 5511 2478 5531; x_wconf 93' lang='lat'><strong>,</strong></span> <span class='ocrx_word' id='word_1_1062' title='bbox 2509 5468 2591 5523; x_wconf 76' lang='lat' dir='ltr'><strong>Ea:</strong></span> <span class='ocrx_word' id='word_1_1063' title='bbox 2610 5478 2746 5523; x_wconf 87' lang='lat' dir='ltr'><strong>utero</strong></span> <span class='ocrx_word' id='word_1_1064' title='bbox 2774 5479 2890 5522; x_wconf 84' lang='lat' dir='ltr'><strong>ante</strong></span> <span class='ocrx_word' id='word_1_1065' title='bbox 2923 5469 3187 5539; x_wconf 79' lang='lat' dir='ltr'><strong>luciferum</strong></span> <span class='ocrx_word' id='word_1_1066' title='bbox 3205 5472 3352 5542; x_wconf 87' lang='lat' dir='ltr'><strong>genui</strong></span> <span class='ocrx_word' id='word_1_1067' title='bbox 3373 5480 3434 5524; x_wconf 33' lang='lat' dir='ltr'><strong>te.</strong></span> <span class='ocrx_word' id='word_1_1068' title='bbox 3465 5472 3605 5540; x_wconf 89' lang='lat' dir='ltr'><strong>Quid</strong></span> 
     </span>
    </p>
   </div>
   <div class='ocr_carea' id='block_1_117' title="bbox 2022 5559 3605 5632">
    <p class='ocr_par' dir='ltr' id='par_1_117' title="bbox 2022 5559 3605 5632">
     <span class='ocr_line' id='line_1_117' title="bbox 2022 5559 3605 5632; baseline 0.003 -18"><span class='ocrx_word' id='word_1_1069' title='bbox 2022 5568 2104 5615; x_wconf 88' lang='lat' dir='ltr'><strong>est</strong></span> <span class='ocrx_word' id='word_1_1070' title='bbox 2130 5575 2256 5630; x_wconf 81' lang='lat' dir='ltr'><strong>ergo</strong></span> <span class='ocrx_word' id='word_1_1071' title='bbox 2279 5569 2391 5614; x_wconf 86' lang='lat' dir='ltr'><strong>ante</strong></span> <span class='ocrx_word' id='word_1_1072' title='bbox 2413 5559 2721 5630; x_wconf 76' lang='lat' dir='ltr'><strong>luciferum?</strong></span> <span class='ocrx_word' id='word_1_1073' title='bbox 2749 5559 2959 5616; x_wconf 73' lang='lat' dir='ltr'><strong>Lucifer</strong></span> <span class='ocrx_word' id='word_1_1074' title='bbox 2985 5576 3084 5629; x_wconf 92' lang='lat' dir='ltr'><strong>pro</strong></span> <span class='ocrx_word' id='word_1_1075' title='bbox 3111 5563 3376 5617; x_wconf 80' lang='lat' dir='ltr'><strong>sideribus</strong></span> <span class='ocrx_word' id='word_1_1076' title='bbox 3405 5565 3605 5632; x_wconf 88' lang='lat' dir='ltr'><strong>positus</strong></span> 
     </span>
    </p>
   </div>
   <div class='ocr_carea' id='block_1_118' title="bbox 2023 5651 3610 5722">
    <p class='ocr_par' dir='ltr' id='par_1_118' title="bbox 2023 5651 3610 5722">
     <span class='ocr_line' id='line_1_118' title="bbox 2023 5651 3610 5722; baseline 0.002 -15"><span class='ocrx_word' id='word_1_1077' title='bbox 2023 5659 2125 5718; x_wconf 90' lang='lat' dir='ltr'><strong>est,</strong></span> <span class='ocrx_word' id='word_1_1078' title='bbox 2158 5659 2406 5721; x_wconf 89' lang='lat' dir='ltr'><strong>tanquam</strong></span> <span class='ocrx_word' id='word_1_1079' title='bbox 2436 5666 2467 5705; x_wconf 88' lang='lat' dir='ltr'><strong>a</strong></span> <span class='ocrx_word' id='word_1_1080' title='bbox 2499 5660 2646 5720; x_wconf 88' lang='lat' dir='ltr'><strong>parte</strong></span> <span class='ocrx_word' id='word_1_1081' title='bbox 2677 5661 2840 5705; x_wconf 89' lang='lat' dir='ltr'><strong>totum</strong></span> <span class='ocrx_word' id='word_1_1082' title='bbox 2873 5651 3200 5722; x_wconf 79' lang='lat' dir='ltr'><strong>signiﬁcante</strong></span> <span class='ocrx_word' id='word_1_1083' title='bbox 3229 5654 3522 5722; x_wconf 87' lang='lat' dir='ltr'><strong>Scriptura,</strong></span> <span class='ocrx_word' id='word_1_1084' title='bbox 3556 5664 3610 5710; x_wconf 90' lang='lat' dir='ltr'><strong>et</strong></span> 
     </span>
    </p>
   </div>
   <div class='ocr_carea' id='block_1_119' title="bbox 2024 5731 3610 5814">
    <p class='ocr_par' dir='ltr' id='par_1_119' title="bbox 2024 5731 3610 5814">
     <span class='ocr_line' id='line_1_119' title="bbox 2024 5731 3610 5814; baseline -0.001 -14"><span class='ocrx_word' id='word_1_1085' title='bbox 2024 5759 2092 5800; x_wconf 88' lang='lat' dir='ltr'><strong>ex</strong></span> <span class='ocrx_word' id='word_1_1086' title='bbox 2116 5742 2375 5800; x_wconf 84' lang='lat' dir='ltr'><strong>eminenti</strong></span> <span class='ocrx_word' id='word_1_1087' title='bbox 2401 5743 2551 5798; x_wconf 90' lang='lat' dir='ltr'><strong>stella</strong></span> <span class='ocrx_word' id='word_1_1088' title='bbox 2582 5744 2756 5796; x_wconf 88' lang='lat' dir='ltr'><strong>omnia</strong></span> <span class='ocrx_word' id='word_1_1089' title='bbox 2787 5743 2981 5799; x_wconf 88' lang='lat' dir='ltr'><strong>sidera.</strong></span> <span class='ocrx_word' id='word_1_1090' title='bbox 3014 5743 3118 5801; x_wconf 89' lang='lat' dir='ltr'><strong>Sed</strong></span> <span class='ocrx_word' id='word_1_1091' title='bbox 3136 5731 3140 5736; x_wconf 53' lang='grc'><em>’</em></span> <span class='ocrx_word' id='word_1_1092' title='bbox 3161 5746 3248 5800; x_wconf 91' lang='lat' dir='ltr'><strong>illa</strong></span> <span class='ocrx_word' id='word_1_1093' title='bbox 3275 5747 3450 5801; x_wconf 90' lang='lat' dir='ltr'><strong>sidera</strong></span> <span class='ocrx_word' id='word_1_1094' title='bbox 3477 5762 3610 5814; x_wconf 77' lang='lat' dir='ltr'><strong>quo-</strong></span> 
     </span>
    </p>
   </div>
   <div class='ocr_carea' id='block_1_120' title="bbox 1930 5833 3609 5911">
    <p class='ocr_par' dir='ltr' id='par_1_120' title="bbox 1930 5833 3609 5911">
     <span class='ocr_line' id='line_1_120' title="bbox 1930 5833 3609 5911; baseline -0.002 -15"><span class='ocrx_word' id='word_1_1095' title='bbox 1930 5861 1934 5866; x_wconf 57' lang='grc' dir='ltr'><strong><em>λ</em></strong></span> <span class='ocrx_word' id='word_1_1096' title='bbox 2029 5835 2190 5896; x_wconf 87' lang='lat' dir='ltr'><strong>modo</strong></span> <span class='ocrx_word' id='word_1_1097' title='bbox 2231 5835 2366 5894; x_wconf 82' lang='lat' dir='ltr'><strong>facta</strong></span> <span class='ocrx_word' id='word_1_1098' title='bbox 2394 5833 2560 5892; x_wconf 85' lang='lat' dir='ltr'><strong>sunt?</strong></span> <span class='ocrx_word' id='word_1_1099' title='bbox 2589 5833 2658 5893; x_wconf 84' lang='lat' dir='ltr'><strong>Ut</strong></span> <span class='ocrx_word' id='word_1_1100' title='bbox 2683 5836 2783 5895; x_wconf 87' lang='lat' dir='ltr'><strong>sint</strong></span> <span class='ocrx_word' id='word_1_1101' title='bbox 2817 5836 2872 5892; x_wconf 87' lang='lat' dir='ltr'><strong>in</strong></span> <span class='ocrx_word' id='word_1_1102' title='bbox 2897 5837 3055 5911; x_wconf 82' lang='lat' dir='ltr'><strong>signis</strong></span> <span class='ocrx_word' id='word_1_1103' title='bbox 3077 5877 3094 5908; x_wconf 95' lang='lat'><strong>,</strong></span> <span class='ocrx_word' id='word_1_1104' title='bbox 3122 5845 3166 5894; x_wconf 85' lang='lat' dir='ltr'><strong>ct</strong></span> <span class='ocrx_word' id='word_1_1105' title='bbox 3188 5838 3241 5894; x_wconf 89' lang='lat' dir='ltr'><strong>in</strong></span> <span class='ocrx_word' id='word_1_1106' title='bbox 3265 5837 3571 5910; x_wconf 80' lang='lat' dir='ltr'><strong>temporibus</strong></span> <span class='ocrx_word' id='word_1_1107' title='bbox 3591 5875 3609 5904; x_wconf 84' lang='lat'><strong>,</strong></span> 
     </span>
    </p>
   </div>
  </div>
