4070 6480
472 345 617 430 μξξ

464 472 514 520 et
540 463 592 539 in
613 460 786 538 diebus
810 504 823 528 ,
857 471 904 519 et
931 461 982 522 in
1009 461 1155 518 annis
1184 458 1336 532 (Gen.
1361 459 1413 525 ι,
1445 457 1555 531 HQ.
1585 457 1639 514 Si
1665 473 1792 529 ergo
1817 465 1870 514 et
1894 459 1946 516 in
1978 458 2052 514 si-

464 571 586 632 gnis
609 565 662 611 et
688 556 739 610 in
771 554 1094 630 temporibus
1119 553 1284 622 posita
1310 559 1433 607 sunt
1459 550 1656 617 sidera,
1674 557 1727 605 et
1747 550 1935 606 lucifer
1958 565 2054 606 no-

466 650 700 708 minatus
729 658 810 704 est
845 663 942 720 pro
979 646 1279 712 sideribus;
1310 644 1449 716 quod
1475 654 1558 701 est
1581 656 1705 700 ante
1731 644 2008 701 luciferum
2032 686 2048 712 ,

463 743 568 814 hoc
597 750 680 799 est
703 751 827 797 ante
846 741 1018 796 sidera
1045 756 1060 805 ;
1094 747 1147 795 et
1175 737 1315 811 quod
1341 746 1424 793 est
1453 747 1576 792 ante
1601 737 1775 792 sidera
1799 779 1815 806 ,
1845 737 1946 792 hoc
1971 746 2053 794 est

464 844 589 904 ante
617 841 897 903 tempora;
925 832 969 886 si
996 845 1123 904 ergo
1149 839 1272 885 ante
1309 838 1548 900 tempora
1572 870 1588 895 ,
1615 828 1682 883 ab
1711 829 2007 884 aeternitate
2031 845 2044 881 :

463 926 573 996 noli
617 939 856 995 quxrere
893 922 1145 994 quando;
1175 921 1446 978 aeternitas
1476 935 1580 991 non
1625 919 1786 976 habet
1813 921 2045 992 quando.

464 1016 686 1085 Quando
715 1025 768 1070 et
791 1016 1076 1085 aliquando
1107 1015 1266 1070 verba
1289 1015 1307 1045 ¹
1338 1022 1463 1070 sunt
1490 1021 1807 1082 temporum.
1842 1014 1915 1068 De
1943 1014 2048 1068 Pa-

462 1120 543 1165 tre
570 1124 672 1162 non
718 1116 801 1163 cst
829 1116 982 1162 natus
1013 1107 1064 1162 in
1111 1116 1352 1176 tempore
1376 1147 1392 1174 ,
1426 1122 1520 1176 per
1547 1121 1705 1177 quem
1753 1105 1886 1161 facta
1926 1113 2048 1159 sunt

461 1212 720 1269 tempora.
747 1199 954 1254 Dictum
978 1208 1059 1253 est
1081 1215 1206 1270 ergo
1231 1241 1246 1266 ,
1275 1208 1334 1253 ut
1353 1198 1455 1254 dici
1483 1200 1755 1272 oportuit,
1785 1198 2003 1268 figurate
2027 1239 2043 1265 ,

460 1293 789 1365 prophetiae,
823 1303 879 1348 ut
905 1303 957 1348 et
981 1301 1159 1348 uterus
1187 1306 1283 1362 pro
1308 1300 1515 1347 secreta
1541 1292 1857 1358 substantia,
1883 1299 1937 1345 et
1965 1290 2046 1345 lu.

458 1385 589 1439 cifer
612 1401 705 1456 pro
724 1385 1051 1455 temporibus
1074 1392 1379 1454 poneretur.
1399 1384 1479 1437 Au
1498 1383 1657 1438 vultis
1681 1392 1732 1437 et
1751 1382 1923 1452 ipsum
1943 1382 2046 1436 Da-

457 1477 545 1532 vid
564 1478 930 1548 respiciamus,
950 1477 1037 1548 qui
1057 1477 1338 1530 Dominum
1359 1491 1514 1531 suum
1531 1474 1664 1529 dixit
1683 1474 1845 1528 filium
1863 1473 2043 1528 suum?

458 1569 528 1627 Ut
565 1571 704 1626 enim
737 1570 838 1626 hoc
865 1569 1108 1635 diceret,
1139 1569 1339 1624 audivit
1365 1583 1395 1622 a
1426 1568 1652 1624 Domino
1692 1581 1830 1634 suo;
1861 1566 1928 1621 ab
1956 1566 2044 1622 illo

457 1662 656 1718 audivit
684 1677 712 1714 a
742 1677 848 1733 quo
879 1661 990 1718 falli
1019 1676 1124 1715 non
1153 1659 1357 1731 potuit:
1381 1667 1434 1714 et
1462 1659 1595 1714 dixit
1619 1659 1728 1729 jam
1763 1657 2041 1714 Dominum

457 1769 610 1810 suum
635 1795 650 1820 ,
680 1755 802 1826 quia
826 1793 844 1822 ,
893 1751 1075 1819 Dixit,
1117 1753 1325 1823 inquit,
1354 1750 1602 1806 Dominus
1641 1749 1860 1804 Domino
1891 1767 1999 1804 meo
2022 1792 2038 1818 ,

456 1847 591 1918 Sede
618 1865 648 1901 a
678 1848 864 1902 dextris
891 1848 1032 1901 meis.
1056 1847 1121 1904 Et
1147 1846 1261 1917 ipse
1287 1846 1539 1918 loquitur,
1560 1845 1726 1914 ipsius
1751 1845 1898 1916 quasi
1929 1861 2044 1900 ser-

454 1952 545 1991 mo
574 1947 852 1992 contextus
880 1947 979 1992 est.
1004 1935 1059 1993 Si
1086 1953 1211 2008 ergo
1238 1936 1350 2007 ipse
1375 1936 1628 2006 loquitur,
1653 1935 1785 1990 forte
1815 1940 1928 2005 ipse
1947 1951 2041 2006 po-

454 2031 555 2085 tuit
581 2030 777 2097 dicere,
799 2030 879 2085 Ex
904 2040 1044 2084 utero
1074 2015 1189 2083 ante
1219 2028 1483 2099 luciferum
1508 2028 1656 2099 genui
1685 2037 1768 2082 te:
1791 2042 1857 2082 ex
1888 2035 2039 2082 utero

454 2122 718 2194 virginali,
748 2139 812 2177 ex
835 2133 974 2176 utero
1002 2131 1119 2176 ante
1145 2120 1407 2193 luciferum
1435 2120 1584 2192 genui
1603 2131 1668 2174 te.
1700 2119 1754 2175 Si
1785 2121 1924 2174 enim
1948 2120 2037 2175 illa

452 2212 602 2282 virgo
617 2212 818 2267 ducens
844 2212 1181 2282 propaginem
1208 2211 1273 2264 de
1295 2225 1454 2265 carne
1472 2209 1658 2276 David,
1679 2224 1745 2264 ex
1773 2209 1860 2264 illo
1887 2218 2037 2265 utero

451 2316 608 2361 natus
635 2306 896 2372 Christus,
919 2314 1164 2374 tanquam
1199 2320 1260 2358 ex
1289 2313 1439 2358 utero
1465 2303 1674 2374 genitus
1695 2317 1725 2356 a
1750 2302 1933 2377 David.
1956 2302 2038 2358 Ex

450 2408 592 2452 utero
617 2439 632 2465 ,
664 2413 770 2468 quo
798 2397 1064 2452 masculus
1093 2412 1198 2451 non
1231 2396 1453 2451 accessit
1486 2412 1501 2452 :
1533 2412 1594 2449 ex
1613 2404 1754 2448 utero
1777 2409 1994 2464 prorsus
2017 2434 2032 2459 ,

449 2491 664 2560 proprie
693 2507 755 2545 ex
781 2499 962 2556 utero;
995 2489 1118 2560 quia
1144 2489 1289 2544 solus
1317 2504 1379 2542 ex
1407 2487 1522 2543 solo
1545 2496 1716 2542 utero.
1742 2486 1883 2558 Ergo
1907 2529 1922 2554 ,
1952 2487 2037 2543 Ex

449 2591 592 2636 utero
613 2623 630 2649 ,
663 2581 832 2652 inquit
874 2581 962 2637 ille
988 2623 1002 2647 ,
1031 2581 1119 2651 qui
1145 2595 1266 2636 eum
1293 2580 1575 2636 Dominum
1605 2594 1758 2634 suum
1787 2579 2031 2647 dixerat,

449 2670 528 2747 Ea
553 2683 694 2726 utero
713 2682 830 2726 ante
853 2671 1118 2740 luciferum
1143 2673 1293 2743 genui
1322 2681 1384 2725 te.
1411 2671 1477 2725 Et
1502 2670 1603 2724 hoc
1625 2673 1794 2742 ipsum
1821 2681 1937 2724 ante
1957 2672 2036 2725 lu-

447 2765 659 2836 ciferum
687 2765 892 2834 signate
916 2763 1112 2822 dictum
1135 2804 1150 2829 ,
1177 2772 1230 2817 et
1255 2763 1465 2834 proprie
1491 2762 1690 2816 dictum
1709 2804 1722 2826 ,
1751 2770 1805 2816 et
1827 2762 1904 2817 sic
1929 2763 2032 2816 im-

447 2856 670 2926 pletum.
689 2855 856 2910 Noctu
873 2855 1013 2910 enim
1033 2863 1186 2909 natus
1203 2865 1282 2909 est
1298 2855 1550 2909 Dominus
1565 2855 1630 2908 de
1648 2863 1798 2909 utero
1817 2855 2032 2924 virginis

446 2950 625 3004 Maria:
647 2967 656 3001 :
679 2949 912 3003 indicant
932 2948 1230 3003 testimonia
1252 2959 1539 3016 pastorum,
1563 2947 1651 3016 qui
1669 2946 1873 3016 vigilias
1889 2961 2034 3000 excr-

451 3043 644 3098 eebant
659 3058 818 3116 super
831 3058 1043 3113 gregem
1063 3056 1215 3096 suum
1235 3039 1384 3109 (Luc.
1405 3041 1507 3100 11,7.
1521 3051 1566 3094 et
1583 3037 1750 3113 8).Ex
1765 3050 1903 3094 utero
1919 3049 2033 3094 ante

446 3136 713 3207 luciferum
738 3135 887 3206 genui
917 3143 981 3189 te.
1001 3132 1044 3188 Ο
1063 3143 1137 3198 ιιι,
1160 3132 1385 3210 Domine
1413 3147 1583 3196 meus,
1603 3131 1797 3188 sedens
1823 3131 1887 3184 ad
1907 3131 2034 3187 dex-

448 3235 617 3292 teram
641 3226 846 3281 Domini
866 3224 991 3293 mei,
1016 3225 1154 3281 unde
1182 3225 1322 3280 ﬁlius
1341 3239 1514 3292 meus,
1534 3224 1633 3278 nisi
1650 3224 1774 3295 quia
1798 3223 1878 3278 Ex
1894 3234 2033 3279 utero

443 3327 562 3371 ante
590 3317 852 3388 luciferum
881 3315 1028 3389 genui
1056 3317 1142 3371 te?

493 3403 607 3465 '17.
631 3408 778 3483 [uers.
803 3409 881 3487 4.]
910 3412 972 3465 Et
998 3411 1062 3465 ad
1093 3410 1220 3481 quid
1246 3418 1400 3465 natus
1419 3409 1510 3464 es?
1534 3407 1737 3466 Iuravit
1757 3409 2028 3478 Dominus,

445 3513 494 3572 et
515 3519 615 3558 non
641 3502 893 3574 paenitebit
918 3520 1051 3568 eum,
1081 3501 1156 3556 Tu
1177 3519 1229 3557 es
1249 3503 1485 3557 sacerdos
1505 3502 1557 3556 in
1581 3511 1825 3557 internum
1848 3519 2031 3558 secun-

446 3595 571 3664 dum
593 3594 820 3648 ordinem
849 3592 1200 3648 Melcltisedec.
1224 3593 1302 3648 Ad
1327 3593 1430 3648 hoc
1451 3593 1593 3648 enim
1614 3601 1770 3648 natus
1790 3609 1855 3649 ex
1880 3601 2033 3648 utero

444 3699 571 3743 ante
596 3685 896 3755 luciferum,
925 3698 982 3740 ut
1010 3702 1156 3742 esses
1194 3687 1444 3742 sacerdos
1468 3686 1520 3741 in
1551 3695 1811 3743 aeternum
1843 3702 2034 3746 secun-

449 3781 578 3839 dum
607 3779 849 3835 ordinem
895 3779 1266 3835 Melchisedec.
1309 3779 1364 3835 Si
1410 3786 1589 3834 natum
1633 3795 1699 3834 ex
1741 3787 1914 3848 utero,
1964 3779 2033 3835 de

443 3859 651 3943 virgine
703 3873 1082 3943 intelligimus;
1133 3882 1258 3928 ante
1305 3871 1616 3937 luciferum,
1661 3882 1855 3941 noctu,
1896 3873 2034 3929 sicut

443 3964 734 4035 Evangelia
773 3972 1178 4031 contestantur;
1204 3964 1385 4035 procul
1424 3963 1585 4019 dubio
1628 3965 1749 4020 inde
1789 3981 1854 4021 ex
1882 3975 2032 4022 utero

443 4066 570 4114 ante
599 4057 896 4123 luciferum,
927 4065 986 4112 ut
1015 4066 1153 4112 esset
1181 4058 1432 4113 sacerdos
1455 4059 1506 4111 in
1541 4065 1800 4112 mteruum
1837 4073 2030 4114 secun-

443 4150 570 4208 dum
603 4152 844 4206 ordinem
872 4150 1246 4206 Melchisedee.
1296 4150 1427 4206 Nam
1471 4151 1760 4205 secundum
1807 4151 1856 4206 id
1891 4151 2032 4221 quod

443 4251 602 4298 natus
627 4243 693 4297 de
726 4243 882 4314 Patre
914 4244 1052 4298 Deus
1079 4242 1216 4312 apud
1244 4243 1432 4305 Deum,
1455 4251 1751 4297 comternus
1775 4243 2029 4313 gignenti,

450 4348 561 4388 non
587 4334 870 4399 sacerdos;
912 4333 1006 4396 sed
1058 4334 1309 4388 sacerdos
1339 4342 1553 4404 propter
1577 4349 1791 4389 carnem
1823 4350 2031 4390 assum-

443 4432 612 4494 ptam,
661 4433 878 4493 propter
923 4423 1192 4477 victimam
1232 4438 1389 4493 quam
1428 4439 1528 4492 pro
1567 4424 1718 4479 nobis
1757 4423 1970 4480 otierret
1999 4441 2032 4482 a

443 4516 603 4571 nobis
632 4524 922 4584 acceptam.
952 4513 1154 4570 Iuravit
1195 4531 1324 4586 ergo
1354 4515 1618 4570 Dominus.
1641 4516 1775 4584 Quid
1801 4525 1901 4578 est,
1929 4515 2030 4570 Ju-

444 4607 574 4684 rauit
595 4605 881 4662 Dominus?
910 4607 1052 4677 Ergo
1080 4607 1334 4661 Dominus
1355 4607 1517 4676 jurat,
1541 4608 1630 4678 qui
1659 4607 1903 4678 prohibet
1931 4607 2029 4663 bo.

443 4701 644 4756 minem
675 4715 704 4753 a
725 4699 952 4770 jurando
974 4699 1183 4772 (Matth.
1214 4716 1265 4765 ν,
1295 4698 1425 4770 54)·ἐ
1454 4699 1533 4754 An
1581 4699 1718 4754 forte
1762 4699 1880 4756 ideo
1916 4715 2031 4754 ma-

443 4793 524 4865 gis
571 4792 841 4847 hominem
888 4791 1136 4866 prohibet
1171 4807 1201 4846 a
1239 4789 1491 4861 jurando,
1535 4807 1604 4846 ne
1645 4791 1698 4846 in
1742 4792 2031 4862 perjurium

444 4884 774 4954 prolabatur,
803 4891 858 4937 et
887 4882 1005 4936 ideo
1032 4882 1168 4936 Deus
1190 4881 1356 4952 magis
1383 4882 1547 4950 jurat,
1579 4883 1699 4952 quia
1729 4898 1832 4936 non
1859 4890 2034 4954 potest

444 4990 565 5030 esse
611 4973 892 5048 periurus?
922 4972 1092 5028 Homo
1141 4973 1281 5027 enim
1327 4972 1413 5041 qui
1455 4988 1548 5043 per
1591 4973 2029 5028 consuetudinem

441 5051 654 5138 jurandi
682 5054 854 5138 potest
883 5066 1056 5136 lingua
1087 5066 1140 5120 in
1173 5065 1460 5136 perjurium
1491 5065 1713 5136 prolabi,
1743 5065 1876 5121 bene
1905 5080 2034 5136 pro-

445 5160 658 5216 hibetur
694 5160 877 5231 jurare
919 5177 933 5214 :
975 5166 1122 5215 tanto
1167 5159 1308 5214 enim
1356 5159 1560 5228 leugius
1585 5159 1688 5213 erit
1717 5173 1745 5211 a
1776 5159 2028 5228 perjurio,

447 5263 646 5324 quanto
675 5254 776 5308 erit
805 5254 961 5324 longe
1002 5268 1030 5306 a
1065 5251 1313 5324 jurando.
1339 5251 1440 5320 Qui
1485 5253 1625 5306 enim
1672 5252 1815 5318 jurat
1849 5249 2030 5322 homo,

447 5344 643 5399 falsum
674 5353 728 5400 et
756 5327 1141 5418 verum'jurare
1162 5354 1333 5414 potest
1361 5361 1374 5397 :
1401 5343 1487 5414 qui
1519 5352 1693 5396 autem
1739 5356 1842 5394 non
1866 5340 2032 5410 jurat,

448 5435 642 5492 falsum
681 5436 862 5506 jurarc
905 5453 1009 5492 non
1057 5446 1264 5508 potest;
1316 5436 1438 5506 quia
1468 5435 1684 5488 omnino
1725 5448 1828 5487 non
1867 5431 2037 5505 jurat.

451 5527 561 5583 Cur
589 5542 718 5598 ergo
759 5543 863 5582 non
893 5527 1036 5598 juret
1084 5528 1356 5593 Dominus,
1403 5525 1616 5596 quando
1657 5523 1863 5578 Domini
1889 5523 2036 5593 jura-

451 5626 692 5674 mentum
741 5618 1110 5688 promissionis
1156 5627 1239 5672 est
1283 5618 1671 5672 ﬁrmamentum
1693 5615 1716 5670 ?
1741 5613 1892 5670 Juret
1921 5629 2036 5668 om-

455 5709 604 5784 nino.
631 5710 764 5780 Quid
793 5727 919 5783 ergo
949 5721 1003 5766 tu
1035 5711 1184 5777 facis,
1215 5727 1334 5767 cum
1359 5711 1544 5782 iuras?
1568 5709 1803 5768 Testaris
1825 5708 2032 5765 Deum;

517 5827 535 5860 ¹
572 5823 707 5888 lilii,
730 5822 974 5876 adverbia.
999 5830 1054 5874 At
1072 5821 1366 5885 Mss.,verba-

1710 341 1769 400 s.
1808 337 2176 418 AUGUSTINI
2214 338 2517 408 EPISCOPI

3603 344 3747 406 μου

2167 457 2270 522 hoc
2289 467 2370 516 est
2393 459 2594 529 iurare,
2623 457 2790 516 Deum
2819 459 3033 524 testari;
3078 466 3132 518 et
3172 459 3292 520 ideo
3332 460 3634 528 maiestum,
3680 480 3748 522 ne

2162 549 2230 610 ad
2258 551 2487 621 aliquam
2510 550 2791 608 falsitatem
2816 560 3003 607 testem
3030 551 3286 608 adhibeas
3314 553 3499 610 Deum.
3529 553 3586 609 Si
3615 571 3748 625 ergo

2163 650 2217 714 tu
2232 643 2456 713 jurando
2474 646 2681 700 testaris
2701 645 2887 710 Deum,
2909 660 3004 699 cur
3019 659 3146 715 ergo
3167 659 3272 699 non
3300 653 3355 700 et
3371 645 3746 716 Deusjuranda

2163 743 2385 796 testetur
2400 737 2475 794 sei
2481 737 2656 807 psunt?
2669 735 2791 791 Vivo
2807 737 3045 807 ego,dicit
3058 736 3322 804 Dominus,
3334 739 3626 806 juratioDei
3639 749 3743 796 est.

2159 827 2246 884 Sic
2269 828 2468 899 juravit
2492 829 2561 885 de
2587 829 2792 886 semine
2817 830 3081 885 Abrahae:
3121 847 3141 882 ‹
3177 829 3309 884 Vivo
3337 845 3458 900 ego,
3483 829 3612 888 dicit
3634 831 3746 888 Βο-

2159 920 2369 986 minus;
2400 920 2648 991 quoniam
2677 921 2870 976 audisti
2903 936 3085 976 vocem
3114 936 3309 983 meam,
3336 929 3391 976 et
3414 935 3520 977 non
3547 936 3744 994 papers

2155 1012 2271 1066 cisti
2302 1012 2408 1067 filio
2439 1021 2528 1066 tuo
2563 1012 2718 1066 unico
2747 1021 2963 1082 propter
2992 1027 3099 1075 me,
3128 1013 3228 1067 nisi
3266 1011 3593 1088 benedicens
3642 1013 3742 1068 be-

2156 1103 2396 1163 nedicam
2430 1114 2500 1170 te,
2533 1113 2586 1158 et
2621 1103 2888 1170 implendo
2923 1102 3156 1173 implebo
3192 1117 3375 1160 semen
3417 1112 3562 1158 tuum
3601 1105 3745 1160 sicut

2154 1196 2334 1270 stellas
2361 1196 2502 1260 C(Bli,
2530 1204 2584 1251 et
2612 1196 2749 1251 sicut
2772 1211 2986 1252 arenam
3021 1212 3140 1266 quae
3180 1204 3264 1252 est
3299 1196 3366 1251 ad
3395 1197 3592 1252 labium
3623 1213 3743 1253 ma-

2152 1287 2247 1353 ris,
2297 1297 2348 1342 et
2397 1287 2778 1344 benedicentur
2833 1289 2883 1342 iu
2927 1288 3130 1344 semine
3160 1297 3250 1342 tua
3280 1303 3468 1344 omnes
3494 1298 3680 1360 gentes
3716 1310 3736 1342 ι

2153 1378 2304 1451 (Gen.
2337 1396 2468 1446 ιω,
2505 1380 2720 1450 16-18).
2754 1381 2822 1436 Et
2847 1395 3028 1436 semen
3055 1381 3282 1438 Abrabm
3303 1382 3442 1453 quod
3473 1391 3554 1438 est
3581 1383 3741 1438 Chri-

2152 1481 2284 1541 stus,
2311 1475 2401 1529 ille
2429 1491 2611 1529 semen
2641 1475 2888 1543 Abrahm,
2916 1475 3183 1544 accipiens
3207 1490 3420 1530 carnem
3443 1475 3510 1532 de
3532 1477 3742 1536 semine

2150 1565 2398 1642 Abrahae,
2431 1567 2530 1621 erit
2569 1566 2817 1622 sacerdos
2861 1567 2913 1621 in
2960 1578 3218 1622 aeternum
3263 1567 3550 1624 secundum
3593 1568 3743 1626 οιιάίε

2150 1675 2273 1716 nem
2307 1659 2676 1714 Melchisedec.
2709 1659 2782 1714 De
2813 1659 3108 1714 sacerdotio
3137 1674 3263 1729 ergo
3306 1659 3596 1714 secundum
3641 1675 3741 1714 or-

2148 1751 2326 1807 dinem
2355 1753 2728 1818 Melchisedcc,
2755 1754 2949 1824 juravit
2978 1753 3232 1819 dominus,
3261 1762 3309 1806 et
3350 1769 3452 1806 non
3481 1754 3740 1823 pernitebit

2147 1862 2280 1900 eum.
2311 1847 2446 1912 Quid
2485 1847 2552 1902 de
2591 1847 2890 1902 sacerdotio
2920 1846 3208 1903 secundum
3241 1845 3482 1902 ordinem
3513 1848 3690 1902 Aaron
3711 1847 3739 1903 ?

2145 1935 2409 2007 Numquid
2443 1937 2664 2008 poenitet
2691 1939 2880 2005 Deum,
2925 1939 3062 1993 sicut
3092 1937 3388 2003 hominem,
3415 1947 3508 1993 aut
3542 1938 3736 1994 nolens

2149 2031 2292 2092 cadit
2317 2033 2368 2086 in
2399 2032 2598 2102 aliquid
2627 2042 2686 2086 ut
2725 2032 2903 2096 faciat,
2930 2040 3023 2088 aut
3055 2029 3366 2101 imprudens
3410 2031 3732 2100 prolabitur,

2146 2131 2205 2178 ut
2235 2132 2414 2193 postea
2441 2139 2560 2178 eum
2591 2124 2659 2179 de
2697 2139 2796 2179 suo
2841 2123 3090 2194 prolapsu
3139 2123 3426 2194 paeniteat?
3470 2120 3580 2177 Scit
3604 2121 3736 2192 quid

2145 2222 2284 2285 agat,
2313 2215 2413 2270 scit
2437 2231 2714 2286 quousque
2743 2215 2866 2286 quid
2895 2214 3294 2286 progrediatur;
3327 2213 3468 2269 unde
3505 2214 3557 2268 in
3587 2214 3734 2270 aliud

2144 2318 2521 2374 commutetur,
2547 2309 2602 2364 in
2629 2318 2890 2378 potestate
2915 2308 3143 2364 rectoris
3165 2314 3263 2362 est.
3291 2305 3397 2362 sed
3421 2307 3735 2375 poenitentia

2143 2401 2368 2456 mutatio
2397 2416 2575 2456 rerum
2614 2399 2958 2470 significatur.
2997 2397 3276 2467 Quomodo
3315 2398 3456 2453 enim
3493 2407 3567 2460 tu,
3605 2413 3732 2454 eum

2143 2491 2343 2562 aliquid
2395 2501 2444 2548 te
2499 2491 2741 2562 paenitet,
2791 2490 2944 2545 doles
2990 2487 3185 2544 factum
3224 2488 3364 2559 quod
3409 2488 3619 2544 fecisti:
3652 2489 3734 2542 sic

2142 2583 2354 2654 quando
2381 2583 2580 2654 aliquid
2621 2583 2763 2638 Deus
2807 2591 3000 2652 praeter
3033 2597 3182 2652 spem
3214 2580 3508 2648 hominum,
3543 2580 3593 2636 id
3624 2590 3728 2646 est,

2141 2685 2495 2746 praeterquam
2539 2683 2756 2745 sperant
2782 2674 3022 2730 homines
3063 2682 3232 2729 mutat
3279 2674 3330 2727 in
3357 2673 3518 2735 aliud,
3551 2673 3735 2742 paeni-

2143 2776 2256 2823 tere
2282 2783 2340 2823 se
2366 2767 2527 2832 dicit;
2569 2782 2737 2837 usque
2778 2767 2911 2821 adeo
2939 2777 2996 2820 ut
3034 2775 3087 2821 et
3128 2766 3195 2821 de
3222 2781 3375 2836 pinna
3403 2776 3583 2822 nostra
3617 2781 3735 2835 pe-

2141 2861 2310 2915 niteat
2335 2876 2478 2927 eum,
2511 2862 2554 2916 si
2591 2875 2689 2914 nos
2731 2860 2798 2916 de
2841 2860 2946 2915 vita
2992 2869 3167 2916 nostra
3210 2860 3344 2914 mala
3398 2860 3729 2929 paenituerit.

2140 2951 2341 3007 Juravit
2369 2968 2501 3022 ergo
2524 2952 2803 3018 Dominus;
2823 2953 3035 3022 juravit,
3061 2951 3291 3007 ﬁrmavit
3320 2969 3333 3005 :
3357 2969 3457 3006 non
3483 2968 3593 3006 eum
3626 2968 3735 3020 pae-

2146 3042 2337 3110 nitebit,
2367 3059 2472 3098 non
2495 3043 2737 3098 mutabit.
2759 3041 2936 3109 Quid?
2959 3041 3034 3096 Tu
3059 3059 3111 3097 es
3135 3043 3368 3097 sacerdos
3387 3044 3439 3096 in
3458 3051 3730 3096 aeternum.

2144 3137 2270 3194 Ideo
2297 3139 2350 3192 in
2383 3147 2647 3204 aeternum,
2673 3138 2795 3208 quia
2820 3153 2921 3191 non
2964 3137 3214 3207 paenitebit
3241 3153 3374 3191 eum.
3407 3137 3513 3194 Sed
3545 3152 3736 3193 sacer-

2141 3229 2260 3295 dos,
2291 3229 2582 3286 secundum
2609 3230 2773 3300 quid?
2801 3228 3063 3300 Numquid
3095 3238 3251 3284 erunt
3282 3228 3386 3284 illac
3419 3228 3630 3295 hostiae,
3660 3231 3734 3284 vi.

2139 3323 2314 3378 ctimae
2344 3322 2535 3378 oblatze
2563 3337 2593 3376 a
2630 3320 2968 3386 Patriarchis,
3016 3336 3123 3374 ara:
3165 3320 3439 3390 sanguinis
3460 3329 3514 3375 et
3551 3320 3736 3376 taber-

2140 3415 2409 3480 naculum,
2439 3423 2494 3470 et
2521 3413 2608 3468 illa
2641 3414 2796 3483 primi
2822 3413 3148 3468 Testamenti
3180 3412 3383 3466 Veteris
3417 3428 3733 3469 sacramen-

2140 3507 2233 3560 ta?
2258 3505 2429 3562 Absit.
2455 3505 2572 3561 Jam
2617 3505 2705 3559 illa
2733 3504 2938 3559 sublata
2975 3514 3119 3568 sunt,
3149 3519 3338 3559 everso
3362 3504 3469 3572 jam
3499 3506 3728 3574 templo,

2141 3607 2350 3654 remoto
2395 3598 2486 3654 illo
2531 3597 2854 3662 sacerdotio,
2895 3607 3152 3667 pereunte
3194 3597 3407 3653 victima
3458 3613 3646 3654 eorum
3674 3608 3734 3654 et

2141 3691 2433 3747 sacrificio:
2459 3691 2572 3746 haec
2601 3706 2700 3746 nec
2726 3689 2897 3746 Judaei
2924 3689 3140 3744 habent.
3169 3689 3366 3745 Vident
3391 3689 3592 3759 perisse
3614 3690 3730 3759 jam

2144 3783 2500 3840 sacerdotium
2528 3783 2820 3838 secundum
2852 3780 3094 3836 ordinem
3122 3784 3321 3845 Aaron,
3345 3792 3394 3835 et
3426 3796 3528 3834 non
3558 3796 3732 3850 agno-

2142 3885 2296 3932 scunt
2331 3875 2688 3931 sacerdotium
2732 3873 3026 3929 secundum
3071 3873 3310 3927 ordinem
3354 3870 3729 3926 Melchisedec.

2145 3967 2222 4022 Tu
2241 3985 2292 4024 es
2311 3967 2544 4022 sacerdos
2572 3968 2624 4020 in
2647 3975 2890 4020 teternum
2929 3964 3202 4020 secundum
3239 3963 3467 4020 ordinent
3505 3961 3730 4024 Melchi-

2141 4061 2305 4116 sedec.
2339 4059 2611 4115 Fidelibus
2633 4058 2839 4128 loquor.
2880 4056 2935 4112 Si
2962 4056 3086 4126 quid
3114 4071 3218 4110 non
3256 4054 3557 4126 intelligunt
3584 4065 3734 4110 cate-

2142 4153 2411 4218 chtuneui,
2445 4150 2689 4207 auferant
2735 4150 3021 4220 pigritiam,
3065 4148 3317 4203 festinent
3364 4147 3429 4202 ad
3460 4147 3728 4202 notitiam.

2141 4244 2256 4300 Non
2285 4259 2410 4314 ergo
2438 4258 2572 4312 Opus
2601 4251 2685 4297 est
2711 4241 2964 4312 mysteria
2992 4254 3269 4309 promere;
3305 4238 3592 4309 Scriptum
3629 4254 3732 4294 vo-

2141 4337 2225 4393 bis
2251 4336 2497 4391 intiment
2524 4334 2651 4402 quid
2675 4343 2758 4389 est
2784 4331 3143 4389 sacerdotium
3164 4333 3455 4406 secundum
3481 4332 3732 4390 ordinem

2144 4427 2522 4490 Melchisedec.

2215 4519 2300 4580 18.
2337 4516 2486 4591 [vers.
2519 4517 2598 4591 5.]
2631 4516 2874 4572 Dominus
2901 4532 2935 4570 α
2976 4516 3169 4571 dextris
3197 4517 3312 4570 tuis.
3343 4515 3603 4571 Dominus
3643 4516 3734 4572 di-

2145 4623 2316 4676 xerat,
2356 4610 2489 4667 Sede
2519 4628 2551 4664 a
2589 4610 2780 4664 dextris
2819 4609 2978 4672 meis;
3006 4622 3148 4664 nunc
3178 4607 3432 4662 Dominus
3470 4623 3498 4661 a
3527 4608 3736 4665 dextris

2146 4703 2281 4774 ejus,
2322 4703 2471 4774 quasi
2515 4701 2840 4756 mutaverint
2885 4699 3064 4756 sedes.
3102 4701 3183 4754 An
3229 4698 3367 4754 forte
3405 4699 3485 4753 sic
3526 4702 3732 4770 potius,

2143 4795 2342 4860 Iuravit
2363 4794 2632 4858 Dominus,
2656 4804 2702 4847 et
2723 4809 2823 4846 non
2856 4791 3110 4863 pxnitsbit
3131 4807 3264 4851 eum.
3297 4789 3374 4844 Tu
3407 4807 3458 4845 es
3491 4792 3731 4847 sacerdos

2142 4889 2198 4942 in
2217 4897 2481 4951 aeternum,
2509 4885 2574 4940 ad
2601 4884 2872 4939 Christum
2900 4883 3101 4938 dictum
3137 4881 3256 4936 est?
3285 4879 3360 4935 Tu
3399 4897 3451 4936 es
3486 4883 3729 4936 sacerdos

2143 4979 2198 5033 in
2223 4988 2486 5042 (sternunt,
2511 4977 2705 5049 juravit
2743 4973 3009 5030 Dominus.
3048 4973 3177 5039 Quis
3205 4972 3494 5028 Dominus?
3521 4971 3623 5040 Qui
3649 4973 3736 5026 di-

2144 5073 2219 5126 xit
2239 5070 2461 5124 Domino
2481 5084 2612 5134 meo,
2637 5067 2771 5122 Sede
2803 5083 2835 5121 a
2867 5066 3058 5121 dextris
3079 5066 3223 5128 meis,
3256 5065 3368 5134 ipse
3399 5064 3600 5134 juravit,
3656 5061 3740 5118 Tu

2147 5180 2199 5218 es
2219 5163 2452 5217 sacerdos
2473 5162 2526 5215 in
2551 5168 2794 5214 aeternum
2819 5157 3097 5212 secundum
3121 5155 3348 5210 ordinem
3375 5151 3738 5217 Melchiscdcc;

2149 5265 2203 5311 et
2223 5255 2288 5310 ad
2317 5255 2486 5324 ipsum
2513 5254 2793 5308 Dominum
2823 5250 2912 5321 qui
2930 5249 3150 5320 juravit,
3172 5261 3350 5303 sermo
3368 5245 3607 5302 directus
3624 5255 3736 5308 est,

2153 5347 2397 5402 Dominus
2434 5363 2466 5400 a
2491 5343 2680 5400 dextris
2708 5343 2825 5396 tuis.
2861 5340 2907 5397 Ο
2935 5341 3183 5405 Domine,
3223 5339 3313 5409 qui
3353 5337 3542 5408 jurasti
3575 5346 3630 5405 et
3661 5337 3744 5391 di-

2145 5441 2292 5508 xisti,
2336 5439 2417 5493 Tu
2455 5455 2507 5493 es
2548 5436 2784 5492 sacerdos
2819 5437 2874 5492 in
2912 5445 3156 5492 internum
3195 5434 3473 5489 secundum
3507 5430 3744 5486 ordinent

2149 5529 2522 5596 Melchisedec;
2550 5530 2662 5598 ipse
2692 5528 2924 5586 sacerdos
2949 5528 3001 5583 in
3028 5537 3294 5594 (sternam,
3327 5523 3576 5578 Dominus
3597 5531 3685 5578 est
3711 5539 3744 5576 α

2150 5623 2341 5679 dextris
2379 5621 2513 5686 tuis;
2549 5620 2683 5691 ipse,
2727 5621 2963 5691 inquam,
2993 5618 3228 5676 sacerdos
3272 5618 3327 5674 in
3362 5626 3627 5680 eternum,
3676 5614 3745 5669 de

2149 5729 2256 5785 quo
2276 5712 2491 5784 jurasti,
2537 5711 2783 5766 Dominus
2809 5722 2890 5767 est
2917 5729 2946 5764 a
2989 5711 3180 5766 dextris
3219 5710 3318 5764 tuis
3353 5725 3372 5762 :
3408 5707 3528 5777 quia
3559 5706 3743 5761 eidem

2153 5799 2380 5862 Domino
2405 5817 2528 5860 meo
2557 5788 2762 5872 dixisti,
2794 5802 2928 5859 Sede
2968 5819 3000 5856 a
3028 5803 3217 5859 dextris
3241 5800 3384 5866 meis,
3410 5797 3746 5880 quoadusque
