4070 6472
284 387 412 444 ΝϐΙ

285 517 468 574 ponam
487 503 718 558 inimicos
738 509 848 558 tuos
869 501 1142 556 scabellqu
1167 497 1354 570 pedum
1371 505 1588 554 tuorum.
1615 495 1722 552 Iste
1739 505 1870 563 ergo

289 597 546 652 Dominus
573 596 661 666 qui
688 605 770 650 est
795 611 822 647 a
854 593 1057 650 dextris
1083 591 1210 658 tuis,
1237 591 1304 646 de
1341 605 1447 660 quo
1467 587 1683 660 jurasti,
1705 595 1760 640 et
1785 585 1873 644 cui

288 689 471 760 iurasti
503 689 706 752 dicens,
737 687 818 742 Tu
855 703 906 742 es
945 684 1180 742 sacerdos
1223 685 1276 738 iu
1321 691 1565 738 teteruum
1599 677 1874 738 secundum

289 781 510 837 trdinem
553 779 906 840 Melchisedec,
941 776 1300 848 Cauquassavit
1324 775 1339 806 ί
1365 773 1418 828 in
1447 772 1530 828 die
1561 773 1652 826 ira!
1671 786 1778 824 sua:
1803 785 1878 822 re-

291 889 386 944 ges.
431 871 552 941 Ipse
581 872 764 942 utique
806 870 1050 926 Christus
1077 866 1326 922 Dominus
1350 882 1382 920 a
1411 864 1600 918 dextris
1639 863 1758 928 tuis,
1792 861 1876 920 cui

291 963 496 1034 iurasti,
523 970 580 1018 et
625 979 732 1018 non
765 961 1044 1030 paenitebit
1093 969 1180 1014 te:
1213 955 1338 1027 quid
1389 955 1498 1026 agit
1541 953 1794 1010 sacerdos
1825 953 1878 1006 in

291 1065 548 1108 attentum
567 1053 593 1107 Ἰ
619 1052 746 1124 quid
765 1052 895 1122 agit,
931 1051 1018 1122 qui
1049 1057 1132 1106 est
1159 1049 1224 1104 ad
1255 1048 1528 1104 dexteram
1569 1045 1686 1110 Dei,
1719 1054 1772 1100 et
1795 1044 1878 1098 in-

291 1149 536 1218 terpellat
567 1163 664 1218 pro
695 1147 848 1202 nobis
871 1145 1046 1217 (liam.
1073 1159 1182 1210 vnt,
1213 1144 1324 1212 54),
1357 1151 1606 1212 tanquam
1631 1137 1880 1196 sacerdos

290 1244 496 1298 intrans
527 1241 582 1295 in
615 1241 873 1296 interiora
913 1239 1088 1294 velin
1130 1246 1312 1292 sancta
1348 1243 1676 1298 sanctorum,
1709 1231 1762 1286 in
1791 1245 1878 1284 se-

289 1341 432 1386 creta
457 1333 744 1396 oculorum,
773 1331 862 1386 ille
905 1331 1052 1384 solus
1091 1344 1195 1382 non
1239 1327 1442 1382 habens
1483 1331 1786 1394 peccatum,
1825 1329 1880 1376 et

291 1425 406 1480 ideo
437 1425 594 1481 facile
621 1424 882 1479 mundans
902 1439 932 1478 a
961 1422 1190 1492 peccatis
1217 1418 1398 1492 (Hebr.
1427 1435 1503 1484 ιιι,
1537 1416 1624 1480 12.
1655 1417 1741 1480 ll,
1763 1414 1883 1486 24)?

291 1515 380 1572 ille
401 1533 532 1588 ergo
555 1535 587 1570 a
609 1517 798 1572 dextris
823 1516 920 1568 tuis
941 1513 1287 1584 conquassauit
1311 1513 1364 1566 in
1383 1511 1468 1566 die
1484 1511 1576 1564 im
1595 1524 1700 1563 sum
1721 1523 1879 1578 reges.

289 1606 432 1674 Quos
495 1621 670 1678 reges,
713 1605 946 1676 quaeris"
991 1603 1202 1660 Excidit
1243 1601 1368 1666 tibi,
1415 1601 1692 1656 Astiteruut
1736 1615 1876 1668 reges

293 1709 454 1762 torrat,
487 1709 532 1754 ct
561 1699 816 1770 principes
844 1703 1178 1750 converterunt
1213 1695 1266 1748 iu
1296 1709 1474 1758 unum,
1507 1693 1745 1746 adversus
1775 1689 1882 1744 Do-

293 1790 480 1842 minum
503 1799 551 1842 et
571 1788 810 1844 adversus
837 1785 1088 1842 Christum
1118 1786 1231 1856 ejus
1252 1783 1426 1854 (Psal.
1457 1799 1514 1848 tl,
1535 1781 1618 1853 ενι
1650 1781 1758 1836 Hos
1795 1795 1882 1836 re-

291 1899 380 1954 ges
419 1882 799 1954 conquassavit
826 1880 992 1951 gloria
1023 1893 1139 1944 sua,
1173 1888 1226 1934 et
1265 1875 1503 1947 pondere
1545 1875 1774 1932 nominis
1801 1873 1880 1928 sui

295 1975 535 2034 inﬁrmos
561 1973 794 2030 reddidit
821 1985 994 2042 reges,
1028 1979 1085 2024 ut
1117 1983 1218 2024 non
1251 1976 1470 2040 possent
1494 1967 1708 2022 allicere
1739 1963 1880 2034 quod

295 2067 566 2120 volebant.
610 2063 798 2120 Conati
843 2064 984 2118 enim
1027 2069 1152 2118 sunt
1193 2060 1414 2114 ιιιιιιιιιπι
1461 2058 1640 2114 delere
1687 2071 1880 2112 nomen

291 2159 642 2216 christianum
673 2157 740 2212 de
767 2165 929 2220 terra,
963 2162 1017 2210 et
1053 2170 1160 2210 non
1191 2161 1508 2223 potuerunt;
1535 2151 1654 2220 quia
1684 2150 1769 2219 qui
1799 2149 1882 2220 of-

293 2250 508 2322 fenderit
537 2251 592 2302 in
635 2247 858 2319 lapidem
883 2247 1048 2312 illum,
1079 2243 1492 2314 conquassabitur
1521 2241 1728 2312 (Matth.
1771 2255 1879 2306 xxt,

291 2342 402 2414 44).
429 2342 784 2398 Oll’enderunt
813 2355 941 2411 ergo
971 2339 1022 2394 in
1064 2338 1289 2408 lapidem
1325 2335 1654 2402 offensionis,
1681 2342 1734 2390 et
1763 2333 1884 2388 ideo

290 2433 634 2504 conquassati
665 2441 791 2486 sunt
827 2445 998 2502 reges,
1028 2445 1148 2484 cum
1177 2427 1356 2482 dicunt
1395 2444 1406 2480 :
1446 2427 1575 2496 Quis
1618 2433 1700 2480 est
1732 2423 1884 2478 Chri-

289 2525 441 2582 stus?
467 2523 658 2580 Nescio
693 2522 810 2594 quis
847 2520 1084 2588 Judams,
1137 2519 1318 2574 nescio
1347 2518 1466 2588 quis
1505 2516 1774 2580 Galilacus,
1805 2514 1886 2570 sic

289 2617 525 2682 occisus,
551 2615 628 2670 sic
657 2621 916 2668 mortuus.
947 2611 1106 2682 Lapis
1131 2619 1214 2666 est
1233 2619 1358 2664 ante
1387 2609 1547 2680 pedes
1569 2615 1708 2672 tuos,
1732 2605 1881 2678 quasi

289 2707 466 2764 viliter
497 2717 552 2762 et
583 2707 854 2760 humiliter
873 2705 1058 2776 jacens
1087 2723 1098 2758 :
1133 2703 1252 2758 ideo
1295 2700 1687 2756 contemnendo
1724 2699 1884 2754 oﬂ'en-

289 2804 394 2872 dis,
449 2802 771 2858 oll'endendo
818 2800 998 2868 cadis,
1045 2798 1286 2856 cadendo
1312 2797 1600 2870 quassaris.
1655 2793 1710 2848 Si
1755 2807 1882 2864 ergo

290 2905 432 2950 tanta
461 2903 546 2950 est
591 2896 666 2948 ira
699 2893 914 2958 occulti,
947 2891 1088 2962 quod
1130 2891 1235 2948 erit
1271 2890 1530 2961 judicium
1579 2884 1883 2942 manifesti?

287 2988 526 3046 Audistis
571 2988 702 3054 iram
754 2985 986 3052 occulti,
1027 2984 1094 3040 de
1136 2997 1237 3054 qua
1278 2983 1513 3054 psalmus
1554 2979 1878 3044 inscribitur,

288 3079 394 3136 Pro
423 3078 632 3134 occultis
649 3079 746 3148 ﬁlii
771 3091 793 3134 :
818 3093 990 3132 nonus
1009 3075 1262 3146 psalmus,
1291 3073 1338 3130 si
1365 3074 1498 3128 bene
1525 3070 1764 3132 memini,
1795 3069 1880 3124 iu-

288 3173 555 3238 scribitur,
593 3169 698 3224 Pro
726 3169 935 3223 occultis
957 3168 1082 3237 ﬁlii;
1116 3175 1170 3220 et
1201 3165 1268 3220 ibi
1299 3163 1600 3218 ostenditur
1622 3160 1879 3232 judicium

290 3264 554 3320 occultum
597 3263 689 3317 ira:
734 3260 976 3316 occultte.
1011 3259 1148 3314 lrato
1179 3257 1288 3312 Deo
1331 3257 1514 3310 vivunt
1540 3253 1629 3326 qui
1662 3253 1712 3306 in
1745 3251 1878 3320 lapi-

289 3355 408 3410 dem
453 3353 604 3410 illum
653 3351 959 3414 oll‘endunt;
1007 3353 1446 3418 conquassantur.
1487 3343 1556 3398 Et
1601 3357 1706 3412 quo
1741 3342 1882 3396 valet

289 3445 428 3516 quod
457 3443 914 3516 c0nquassaulur?
939 3441 1072 3496 Audi
1102 3447 1155 3494 et
1180 3439 1244 3492 de
1267 3438 1464 3508 judicio
1495 3436 1706 3490 futuro:
1749 3433 1880 3500 Quia

287 3539 370 3608 qui
389 3537 658 3604 offenderit
679 3536 731 3588 in
754 3534 974 3604 lapidem
1005 3532 1168 3596 illum,
1192 3531 1284 3594 ait,
1316 3527 1734 3600 couquassabitur
1751 3541 1770 3590 ;
1798 3541 1883 3580 su-

289 3645 375 3702 per
393 3645 540 3698 quem
563 3643 676 3682 retro
697 3626 844 3678 cecidi
861 3625 924 3677 rit
949 3621 1078 3694 lapis
1099 3622 1204 3688 ille,
1227 3629 1444 3674 conteret
1467 3633 1582 3672 eum
1607 3615 1756 3687 (Luc.
1783 3631 1877 3681 xx,

291 3719 402 3788 l8).
433 3717 565 3773 Cum
599 3731 728 3786 ergo
750 3713 1036 3770 oll'enditur
1064 3713 1114 3766 in
1141 3725 1284 3780 eum,
1317 3709 1465 3780 quasi
1489 3705 1877 3776 humilisjacet;

291 3819 415 3866 tunc
447 3816 772 3880 conquassat
811 3825 822 3860 :
856 3821 973 3860 cum
1005 3813 1182 3858 autem
1211 3789 1471 3866 conteret,
1509 3801 1740 3868 desuper
1786 3813 1880 3852 ve-

293 3903 418 3957 niet.
445 3899 635 3956 Videte
660 3896 1100 3970 quemadmodum
1131 3893 1211 3947 his
1243 3893 1379 3946 binis
1399 3891 1597 3954 verbis,
1623 3903 1884 3958 conquas-

292 3993 429 4048 sabit
470 4001 527 4047 et
567 3999 828 4056 conteret,
861 3987 1080 4044 olfendit
1134 3987 1185 4039 in
1233 4000 1355 4039 eum
1402 3994 1454 4040 et
1503 3983 1683 4036 veniet
1723 3997 1882 4048 super

293 4101 434 4150 cum,
462 4081 746 4137 distributa
789 4085 912 4133 sunt
938 4079 1042 4132 duo
1072 4085 1330 4145 tempora,
1361 4073 1671 4128 humilitatis
1701 4081 1752 4124 et
1774 4073 1884 4125 cla-

291 4175 461 4229 ritatis
491 4171 711 4238 Christi,
742 4171 965 4223 occulta}
1001 4183 1172 4240 paena:
1203 4177 1256 4221 et
1297 4165 1480 4234 judicii
1523 4162 1702 4218 futuri.
1745 4161 1880 4218 Eunt

291 4280 392 4340 non
425 4273 672 4319 conteret
710 4261 948 4327 veniens,
991 4274 1148 4330 quem
1186 4273 1288 4310 non
1317 4263 1640 4324 conquassat
1675 4253 1878 4324 jaceus.

289 4339 479 4412 Iacens
507 4353 649 4420 dico,
695 4363 944 4422 tanquam
987 4347 1405 4420 contemptibilis
1437 4339 1719 4428 apparens.
1751 4344 1880 4400 Nam

293 4449 378 4504 ille
418 4465 448 4502 a
499 4447 710 4502 dextris
750 4445 844 4500 Dei
891 4452 991 4508 est,
1046 4449 1098 4497 et
1145 4441 1315 4496 valide
1359 4457 1422 4496 ex
1464 4441 1572 4493 alto
1612 4439 1880 4504 clamavit,

292 4541 468 4606 Saule,
495 4539 675 4604 Saule,
707 4537 827 4608 quid
852 4553 927 4589 me
949 4533 1256 4606 persequeris
1297 4531 1429 4606 (Act.
1465 4547 1534 4596 ιιι,
1559 4531 1650 4600 Δ)ἷ²
1673 4527 1776 4584 Sed
1806 4537 1882 4582 ta-

291 4651 408 4688 men
441 4631 685 4705 quamvis
711 4631 774 4684 de
805 4629 962 4694 coelo,
991 4643 1093 4681 non
1121 4627 1342 4690 diceret,
1371 4623 1508 4692 Quid
1525 4641 1601 4678 me
1623 4639 1883 4692 perseque-

291 4725 401 4780 ris?
428 4739 590 4798 quem
622 4737 779 4777 nemo
807 4721 1075 4792 tangebat,
1108 4719 1206 4774 nisi
1247 4717 1318 4772 ita
1348 4717 1398 4770 in
1440 4717 1577 4770 cmlu
1598 4715 1662 4770 ad
1698 4714 1883 4769 dexte~

293 4831 401 4870 ram
427 4797 605 4870 Patris
633 4797 861 4876 sederet,
889 4820 1020 4884 utet
1051 4812 1101 4865 in
1127 4819 1265 4864 terra
1297 4810 1348 4862 in
1379 4807 1532 4864 nobis
1558 4807 1706 4878 quasi
1730 4807 1879 4876 jace-

291 4917 386 4964 ret.
415 4905 666 4962 Dominus
689 4921 719 4958 a
746 4903 935 4958 dextris
958 4903 1073 4968 tuis,
1111 4899 1460 4971 conquassauit
1495 4899 1547 4952 in
1569 4897 1648 4950 die
1665 4899 1756 4950 ira:
1775 4913 1882 4950 sua:

292 5015 448 5144 ’.ἐξρὲ
479 5085 614 5160 [vers
649 5083 728 5157 6.]
767 5081 1028 5138 Judicabit
1056 5081 1108 5136 in
1147 5079 1392 5152 gentibus.
1425 5075 1531 5132 Sed
1568 5091 1728 5140 nunc,
1775 5075 1879 5132 Pro

291 5179 532 5244 occultis;
554 5178 658 5233 erit
677 5175 818 5232 enim
843 5183 898 5230 et
917 5171 1174 5243 judicium
1211 5169 1548 5225 manifestum
1579 5185 1593 5221 :
1622 5167 1880 5222 Iudicabit

289 5277 336 5330 in
356 5275 606 5350 gentibus.
629 5271 788 5327 Modo
817 5267 957 5326 enim
989 5267 1066 5334 lit,
1105 5263 1268 5322 Periit
1293 5263 1532 5319 memoria
1573 5279 1743 5318 eorum
1766 5279 1880 5317 cum

287 5371 513 5441 strepitu.
543 5367 602 5422 In
631 5368 746 5436 ipso
775 5365 980 5436 psalmo
1010 5369 1112 5430 est,
1146 5359 1254 5416 Pro
1285 5357 1494 5413 occultis
1528 5373 1546 5412 :
1581 5355 1745 5411 Periit
1775 5371 1880 5410 me-

289 5467 442 5520 moria
465 5479 644 5518 eorum
672 5476 787 5514 cum
808 5457 1038 5529 strepitu,
1067 5466 1112 5510 et
1133 5453 1384 5508 Dominus
1417 5453 1467 5505 in
1488 5461 1730 5506 attentum
1765 5465 1877 5502 mtt-

288 5567 400 5622 net;
423 5553 624 5627 paravit
659 5553 712 5605 in
724 5549 922 5623 judicio
948 5545 1114 5602 sedem
1135 5561 1300 5610 suam,
1324 5553 1368 5598 et
1397 5543 1506 5613 ipse
1515 5539 1770 5614 judicabit
1791 5557 1878 5594 or-

289 5647 392 5708 bem
420 5657 672 5703 terrarum
712 5645 763 5698 in
806 5643 1055 5713 tenuitate.
1089 5637 1162 5732 ibi
1205 5637 1406 5694 dictum
1435 5644 1549 5704 est,
1595 5631 1880 5705 Increpasti

343 5811 362 5844 ί
397 5805 628 5868 Plerique
649 5809 780 5862 κει,
797 5797 1224 5868 *ιιι
1257 5795 1402 5862 paulo
1435 5799 1546 5860 pou
1565 5827 1586 5857 ,
1619 5790 1737 5857 quid
1771 5794 1880 5856 aget

283 5871 504 5924 sacerdos
525 5859 576 5918 iis
599 5871 718 5918 teter
729 5859 854 5925 tum,
876 5859 994 5930 quid
1017 5866 1124 5926 aget
1152 5859 1176 5911 Ρ

1411 371 1808 440 ENARBA'I‘IO
1844 369 1910 438 IN
1949 369 2268 440 PSALMUM
2309 371 2451 428 CIX.

3423 379 3568 462 ιιιει

1983 501 2173 564 gentes,
2193 501 2242 548 et
2261 493 2408 566 periit
2425 493 2642 566 impius;
2663 511 2844 552 nomen
2861 513 3038 554 eorum
3055 495 3233 556 ueluti
3247 497 3304 556 iis
3317 505 3564 558 tetanum

1983 583 2156 658 (Psal.
2181 603 2254 652 ix,
2287 587 2402 658 6-9)
2440 589 2593 644 :.hoc
2617 589 2826 646 occulte
2853 590 3046 660 agitur.
3083 587 3150 644 1η
3191 589 3275 647 die
3304 606 3433 662 ergo
3475 608 3567 646 ira:

1983 691 2091 731 sua:
2120 679 2466 746 conquassarit
2489 695 2647 750 reges.
2688 679 2946 742 Judtcabit
2971 681 3026 736 in
3052 681 3296 753 gentibus.
3327 681 3565 750 Quomo-

1984 768 2097 824 do?
2125 769 2260 824 Andi
2294 771 2432 839 quod
2459 771 2698 842 sequitur
2727 790 2740 828 :
2783 771 3011 843 Replebit
3054 775 3246 830 ruinas.
3292 773 3449 830 Modo
3489 776 3566 830 sic

1979 857 2182 930 judicat
2205 861 2254 944 in
2281 862 2544 930 gentibus,
2575 871 2632 918 ut
2653 862 2858 936 repleat
2885 865 3062 922 ruinas
3088 881 3101 918 :
3127 881 3250 920 nam
3271 867 3486 940 quando
3513 868 3564 922 in

1985 951 2090 1020 fine
2126 945 2480 1022 judicaverit,
2524 953 2796 1010 damnabit
2835 957 3034 1012 ruinas.
3079 957 3312 1028 Replebit
3353 958 3568 1014 ruinas:

1985 1060 2116 1116 quas
2147 1047 2364 1100 ruinas?
2394 1047 2642 1130 Quisquis
2665 1063 2693 1102 a
2720 1049 2936 1106 nomine
2956 1051 3072 1118 ejus
3096 1051 3348 1119 timuerit,
3373 1051 3566 1110 cadet:

1986 1154 2104 1193 cum
2155 1139 2426 1206 ceciderit,
2478 1150 2748 1198 evertetur
2799 1143 2940 1212 quod
2983 1153 3118 1212 erat,
3165 1153 3226 1200 ut
3267 1145 3570 1202 tedilicetur

1985 1233 2126 1302 quod
2169 1249 2271 1288 non
2301 1243 2432 1288 erat.
2455 1233 2714 1292 Jutlicabit
2747 1237 2797 1290 in
2835 1239 3082 1306 gentibus.
3122 1239 3328 1311 replebtt
3371 1239 3566 1294 ruinas.

1987 1325 2236 1396 Quisquis
2262 1335 2542 1382 contumax
2592 1341 2650 1381 es
2691 1328 2742 1382 in
2771 1327 3062 1392 Christum,
3094 1345 3336 1386 casuram
3370 1339 3570 1400 turrem

1989 1417 2041 1474 in
2071 1419 2236 1472 altum
2267 1419 2504 1474 erexisti.
2543 1419 2746 1474 Bonum
2770 1430 2850 1476 est
2879 1430 2936 1474 ut
2958 1421 3182 1490 teipsum
3205 1405 3571 1492 dejicias,lhu-

1989 1507 2130 1562 milis
2173 1508 2432 1574 reddaris,
2463 1509 2700 1564 sedentis
2743 1510 2806 1564 ad
2836 1511 3110 1566 dexteram
3153 1513 3321 1568 Patris
3348 1513 3572 1584 pedibus

1989 1598 2338 1668 provolvaris,
2373 1607 2428 1652 ut
2471 1600 2560 1654 liat
2599 1601 2652 1654 in
2695 1611 2745 1656 te
2773 1602 2921 1656 ruina
2952 1604 3326 1658 construenda.
3368 1603 3497 1660 Nam

1989 1703 2268 1758 permanes
2295 1690 2344 1744 in
2388 1693 2525 1744 mala
2557 1692 2854 1756 altitudine,
2887 1699 3013 1748 tunc
3038 1693 3326 1764 dejicieris,
3359 1677 3572 1766 quando

1989 1795 2096 1852 non
2125 1780 2492 1837 :edilicaberis.
2534 1782 2744 1840 Etenim
2773 1783 2839 1838 de
2868 1783 3059 1838 talibus
3083 1785 3209 1840 dicit
3237 1785 3289 1840 in
3321 1787 3426 1840 alio
3456 1787 3574 1856 loco

1987 1871 2280 1942 Scriptura,
2295 1872 2509 1930 Destrue
2524 1891 2626 1934 eos.
2652 1885 2698 1928 et
2715 1891 2814 1928 non
2830 1875 3106 1942 tediﬁcabis
3122 1893 3204 1930 eos
3221 1875 3387 1945 (Psal.
3405 1892 3572 1944 xxvtt,

1987 1965 2066 2030 5).
2113 1965 2306 2021 Procul
2338 1967 2497 2022 dubio
2527 1985 2631 2024 non
2662 1967 2858 2024 diceret
2891 1967 2958 2024 de
2987 1967 3326 2040 quibusdam,
3359 1955 3576 2036 Destruit

1988 2073 2090 2124 eos,
2121 2065 2166 2112 et
2187 2075 2286 2112 non
2306 2059 2582 2128 tediﬁcabis
2599 2077 2718 2124 eos;
2741 2061 2841 2116 nisi
2872 2059 3128 2130 quosdam
3157 2062 3227 2114 ita
3251 2059 3572 2128 destrueret,

1988 2161 2046 2208 ut
2071 2153 2381 2208 tedilicaret.
2410 2154 2562 2222 Quod
2611 2154 2668 2210 lit
2711 2155 2811 2210 hoc
2861 2165 3121 2226 tempore,
3159 2169 3279 2208 cum
3327 2155 3575 2228 Christus

1987 2243 2042 2300 in
2071 2245 2317 2314 gentibus
2345 2245 2414 2302 ita
2439 2245 2662 2314 judicat,
2687 2255 2746 2300 ut
2775 2246 2978 2316 repleat
3019 2247 3216 2312 ruinas.
3249 2245 3573 2316 Couquassa-

1987 2335 2055 2390 bit
2082 2338 2249 2406 capita
2277 2353 2429 2408 super
2473 2347 2656 2392 terram
2701 2339 2876 2392 multa.
2921 2338 3036 2406 llic,
3081 2355 3234 2406 super
3268 2349 3474 2404 terram,
3517 2337 3574 2402 in

1989 2429 2088 2486 hac
2118 2431 2244 2494 vita,
2275 2431 2625 2502 conquassabit
2653 2432 2821 2502 capita
2863 2431 3041 2485 multa.
3079 2431 3152 2486 De
3187 2419 3429 2500 superbis
3475 2423 3576 2484 hu-

1987 2522 2141 2576 miles
2179 2521 2302 2576 facit
2331 2539 2344 2576 :
2377 2513 2630 2578 et‘audeo
2657 2521 2857 2588 dicere,
2911 2521 3100 2578 fratres
3151 2517 3276 2586 mei.
3325 2522 3450 2578 utile
3491 2531 3576 2576 est

1987 2617 2160 2684 capite
2187 2623 2438 2686 quassato
2469 2614 2551 2670 hic
2585 2613 2855 2668 humiliter
2897 2613 3189 2678 ambulare,
3219 2629 3374 2684 quam
3399 2599 3573 2682 capite

1987 2717 2168 2764 erecto
2191 2708 2240 2762 in
2267 2707 2522 2780 judicium
2549 2717 2764 2762 telorum
2795 2707 2984 2760 mortis
3013 2705 3272 2760 incidere.
3299 2705 3460 2760 Multa
3485 2719 3576 2780 ca-

1987 2802 2094 2871 pita
2125 2800 2498 2872 eonquassahit
2524 2802 2703 2856 ruinas
2731 2799 2996 2866 faciendo,
3029 2798 3122 2854 sed
3149 2798 3406 2872 replenda
3440 2797 3575 2854 ωᾱὶρ

1991 2893 2191 2948 ﬁCaltil.

2056 2985 2144 3040 20.
2173 2982 2325 3056 [rcrs.
2357 2983 2436 3058 7.]
2456 2981 2536 3038 De
2565 2993 2780 3038 torrente
2800 2983 2850 3036 in
2871 2984 2949 3036 via
2972 2981 3135 3048 bibet;
3156 2990 3417 3058 propterea
3438 2979 3578 3036 exal-

1987 3077 2107 3132 tabit
2133 3087 2301 3146 caput.
2335 3075 2621 3132 Videamus
2643 3083 2696 3130 et
2727 3065 2776 3128 in
2807 3075 2886 3130 via
2917 3074 3185 3129 bibentem
3217 3071 3283 3128 de
3315 3081 3574 3128 torrente.

1986 3168 2164 3226 Primo
2182 3169 2297 3242 quis
2313 3177 2391 3224 est
2415 3169 2656 3222 torrens?
2674 3165 2936 3220 Prolluxio
2955 3165 3291 3220 mortalitatis
3310 3165 3575 3222 humanm.

1984 3260 2128 3316 Sicut
2141 3260 2279 3314 enim
2296 3269 2502 3314 torrens
2515 3257 2827 3328 pluvialibus
2839 3257 2989 3328 aquis
3006 3255 3572 3328 colligitur,redundat,

1985 3353 2290 3424 perstrepit,
2322 3351 2510 3416 currit,
2536 3348 2862 3404 etcurrendo
2890 3349 3140 3412 decurrit,
3167 3348 3216 3402 id
3243 3357 3343 3414 est,
3361 3364 3576 3402 cursum

1987 3444 2226 3509 linit;sic
2257 3452 2337 3498 est
2363 3442 2536 3520 pinnis
2563 3441 2659 3496 iste
2681 3455 2866 3496 cursus
2889 3439 3242 3512 mortalitatis.
3280 3439 3579 3494 Nascuntur
3601 3459 3620 3480 ο

1987 3535 2248 3600 homines;
2274 3517 2474 3600 vivunt,
2492 3533 2823 3600 moriuntur;
2852 3541 2924 3595 et,
2953 3530 3070 3588 aliis
3097 3517 3463 3604 morientibus,
3488 3519 3580 3588 alii

1985 3637 2296 3696 nascuntur,
2314 3640 2622 3696 rursusque,
2651 3625 2754 3680 illis
2781 3623 3150 3689 morientibus,
3183 3623 3266 3676 alii
3293 3623 3536 3676 oriuntur
3560 3638 3578 3676 :

1985 3721 2310 3786 succedunt,
2339 3719 2626 3782 accedunt,
2656 3717 2937 3784 decedunt,
2971 3732 3070 3771 nec
3098 3718 3409 3770 manebunt.
3440 3715 3580 3784 Quid

1984 3809 2072 3866 hic
2098 3812 2335 3868 tenetur?
2365 3809 2489 3880 quid
2511 3825 2614 3864 non
2646 3809 2843 3864 currit?
2871 3808 2994 3880 quid
3024 3825 3126 3861 non
3145 3793 3290 3880 quasi
3315 3808 3378 3862 de
3402 3791 3579 3878 pluvia

1985 3902 2264 3956 collectum
2297 3902 2335 3954 it
2373 3901 2426 3956 in
2453 3901 2737 3972 abyssum?
2763 3900 3038 3968 Quomodo
3081 3899 3220 3952 enim
3263 3897 3454 3954 ﬂuvius
3485 3915 3578 3954 re-

1987 4003 2144 4066 pente
2191 3995 2445 4050 collectus
2481 3993 2548 4049 de
2589 3993 2765 4064 pluvia
2789 4035 2804 4060 ,
2836 3991 2901 4046 de
2941 3993 3104 4062 guttis
3153 3991 3430 4058 imbrium,
3461 3991 3498 4044 it
3523 3991 3578 4064 ip

1986 4103 2154 4153 mare,
2183 4101 2280 4140 nec
2306 4094 2560 4156 apparet;
2587 4099 2684 4138 nec
2712 4082 3021 4154 apparebat,
3053 4091 3334 4150 antequam
3367 4079 3432 4134 de
3463 4069 3579 4152 plu-

1985 4178 2068 4234 via
2095 4178 2433 4248 colligeretur
2457 4193 2471 4232 :
2495 4176 2572 4230 sic
2603 4175 2704 4228 hoc
2733 4189 2898 4244 genus
2927 4173 3214 4226 lmmanum
3252 4171 3317 4226 de
3350 4171 3574 4226 occultis

1987 4273 2270 4344 colligitur,
2298 4279 2348 4326 et
2383 4269 2615 4342 profluit;
2641 4277 2811 4322 morte
2837 4281 3044 4321 rursum
3081 4265 3130 4320 in
3158 4265 3423 4320 occultum
3458 4281 3580 4338 per-

1985 4367 2091 4438 git;
2139 4363 2366 4420 medimu
2413 4363 2515 4418 hoc
2554 4371 2744 4430 sonat,
2777 4370 2829 4416 et
2855 4361 3064 4414 transit.
3101 4357 3173 4414 De
3203 4357 3304 4434 hoc
3338 4367 3576 4432 torrente

1987 4459 2117 4515 bibit
2141 4459 2264 4524 ille;
2294 4473 2398 4512 non
2430 4467 2510 4510 est
2535 4453 2850 4526 dedignatus
2877 4453 3057 4508 bibere
3083 4453 3150 4508 de
3181 4451 3280 4507 hoc
3312 4461 3572 4510 torrente.

1987 4553 2176 4608 Bibere
2211 4552 2352 4606 enim
2391 4549 2458 4606 de
2485 4547 2586 4604 hoc
2615 4554 2848 4602 torrente
2870 4587 2883 4610 ,
2911 4545 2986 4598 illi
3015 4553 3130 4600 erat
3164 4545 3306 4600 nasci
3333 4553 3387 4599 et
3417 4543 3574 4600 mori.

1991 4644 2100 4699 lloc
2128 4643 2289 4698 habet
2310 4651 2522 4697 torrens
2543 4640 2660 4704 iste,
2687 4637 3012 4694 nativitatem
3035 4647 3085 4690 et
3111 4644 3333 4690 mortem
3362 4654 3374 4690 :
3398 4652 3580 4692 susce-

1985 4737 2062 4806 pit
2089 4737 2222 4790 hanc
2250 4733 2530 4796 Christus;
2563 4741 2714 4786 natus
2737 4736 2839 4792 est,
2871 4737 3112 4782 mortuus
3140 4736 3222 4782 est
3251 4745 3264 4780 :
3291 4728 3359 4780 ita
3386 4727 3448 4780 dc
3472 4737 3578 4780 tor-

1985 4837 2122 4882 rente
2147 4827 2200 4879 in
2229 4825 2307 4878 via
2349 4823 2501 4879 bibit.
2533 4819 2818 4874 Exsultavit
2845 4819 2984 4874 enim
3022 4819 3148 4872 sicut
3174 4817 3317 4890 gigas
3355 4817 3422 4868 ad
3460 4834 3578 4870 cur-

1984 4918 2193 4970 rendum
2220 4917 2348 4970 viam
2375 4915 2392 4988 (
2419 4913 2562 4970 Psal.
2593 4929 2718 4968 xvut
2740 4954 2753 4978 ,
2778 4911 2811 4966 6
2901 4907 2980 4964 De
3010 4893 3232 4963 torrente
3266 4923 3391 4978 ergo
3421 4909 3470 4961 in
3499 4909 3580 4961 via

1985 5007 2154 5072 bibit;
2185 5007 2304 5074 quia
2347 5006 2398 5058 in
2437 5003 2517 5058 via
2547 5011 2882 5074 peccatorum
2921 5017 3022 5054 non
3052 4999 3185 5053 stetit
3210 4997 3384 5070 (Psal.
3415 5014 3430 5051 ι
3460 5039 3472 5058 ,
3503 4997 3576 5070 l).

1985 5099 2117 5170 Quia
2154 5113 2280 5168 ergo
2308 5097 2370 5150 de
2400 5105 2617 5150 torrente
2645 5101 2697 5148 in
2723 5093 2802 5148 via
2832 5089 2996 5156 bibit;
3032 5097 3296 5162 propterea
3327 5088 3582 5144 exultavit

1985 5197 2134 5260 caput
2156 5187 2240 5242 :id
2262 5197 2362 5252 est,
2382 5185 2502 5258 quia
2525 5183 2832 5238 humiliatus
2848 5189 2949 5246 est,
2973 5198 2993 5231 ι
3019 5187 3072 5233 et
3101 5177 3266 5232 factus
3294 5187 3374 5232 est
3401 5175 3582 5232 subdi-

1986 5289 2255 5354 tus'usque
2271 5279 2336 5334 ad
2360 5288 2604 5342 mortem,
2629 5283 2850 5329 mortem
2872 5281 3046 5326 autem
3080 5269 3273 5335 crucis;
3299 5279 3578 5340 propterea

1986 5390 2105 5432 eum
2137 5373 2276 5448 Deus
2310 5371 2563 5428 exultavit
2595 5383 2624 5423 a
2670 5367 2889 5422 mortuis
2911 5407 2925 5432 ,
2952 5373 3006 5419 et
3047 5363 3262 5417 donavit
3291 5363 3338 5418 ei
3385 5377 3578 5420 nomen

1985 5467 2126 5538 quod
2155 5473 2236 5520 est.
2261 5480 2420 5533 super
2449 5477 2607 5516 omne
2633 5473 2822 5514 nomen
2846 5498 2861 5522 ,
2893 5465 2950 5511 ut
2977 5457 3027 5509 in
3058 5456 3273 5510 nomine
3301 5455 3428 5510 Iesu
3460 5470 3578 5512 om-

1987 5576 2054 5616 ne
2083 5576 2219 5630 genu
2252 5557 2493 5626 ﬂectatur
2515 5595 2530 5622 ,
2561 5553 2860 5610 caelestium
2884 5591 2901 5618 ,
2925 5550 3258 5606 terrestrium
3287 5592 3302 5616 ,
3331 5557 3387 5606 et
3412 5549 3576 5618 infer-

1987 5667 2216 5716 norum,
2264 5657 2318 5704 et
2367 5645 2542 5701 omnis
2591 5644 2766 5712 lingua
2819 5639 3178 5706 conﬁteatur,
3224 5641 3344 5710 quia
3389 5639 3573 5698 Domi-

1985 5759 2086 5801 nus
2111 5741 2267 5798 Jesus
2289 5737 2536 5794 Christus
2567 5736 2618 5792 in
2647 5731 2815 5808 gloria
2843 5741 2926 5790 est
2961 5729 3056 5790 Dei
3097 5729 3270 5790 Patris
3299 5727 3576 5804 (Philipp.

1985 5855 2046 5907 ιι,
2073 5835 2254 5932 8ου).
