4070 6472
483 379 638 441 “63

495 509 2054 536 Μ

936 572 1022 636 ΙΝ
1060 566 1442 635 PSALMUM
1483 565 1596 629 CX

465 702 498 750 ει
1080 667 1498 727 ENARRATIO.

1128 776 1302 820 suane
1331 759 1430 834 (a).

559 881 613 938 ι.
653 879 928 937 Venerunt
978 877 1091 934 dies
1138 885 1197 932 ut
1240 883 1517 932 cantemus
1557 875 1784 931 Alleluia
1832 893 1847 931 :
1895 875 2078 932 adeste

485 973 667 1028 animo
686 1011 703 1037 ,
733 970 925 1025 fratres
949 1011 963 1034 ,
988 967 1055 1023 ad
1082 967 1420 1039 percipienda
1454 982 1572 1036 quae
1600 966 1856 1020 Dominus
1885 979 2076 1036 sugge-

486 1065 560 1123 rit
583 1063 650 1119 ad
675 1061 1096 1118 exhortationem
1120 1069 1378 1125 nostram,
1411 1067 1464 1114 et
1483 1059 1815 1114 nutriendum
1843 1057 2078 1113 charita.

484 1165 616 1223 tem,
647 1171 748 1226 qua
775 1154 929 1210 nobis
960 1154 1223 1209 iuhznrcre
1252 1155 1362 1208 Deo
1387 1153 1584 1208 bonum
1612 1161 1714 1207 est.
1744 1151 1943 1206 Adeste
1963 1151 2078 1206 ani-

483 1264 574 1306 mo
604 1256 906 1303 cantatores
931 1247 1054 1302 boni
1081 1289 1097 1314 ,
1131 1245 1222 1302 ﬁlii
1246 1246 1418 1302 laudis
1443 1255 1496 1301 et
1521 1246 1704 1316 gloria:
1739 1246 2079 1316 sempiternae

482 1337 600 1395 νει-ἰ
625 1346 681 1394 ει
707 1339 999 1408 incorrupti
1031 1339 1144 1393 Dci.
1175 1337 1372 1393 Adeste
1402 1336 1610 1401 intenti,
1639 1336 1727 1407 qui
1759 1336 1928 1390 nostis
1953 1351 2080 1390 can-

483 1439 602 1486 tare
647 1439 703 1486 et
747 1431 975 1502 psallere
1002 1430 1054 1484 in
1095 1429 1346 1484 cordibus
1371 1427 1564 1484 vestris
1591 1427 1817 1482 Domino
1839 1469 1854 1494 ,
1883 1427 2080 1498 gratias

484 1536 700 1594 semper
717 1532 935 1594 agentes
960 1523 1012 1577 in
1035 1521 1281 1576 omnibus
1311 1519 1594 1593 (Ep/tes.v,
1624 1519 1825 1590 19,20)
1859 1529 1947 1575 :et
1968 1520 2082 1574 lau-

484 1611 608 1668 date
633 1613 798 1667 Deum
825 1630 839 1678 ;
873 1613 975 1667 hoc
998 1621 1080 1668 est
1105 1613 1244 1666 enim
1274 1611 1520 1666 Alleluia.
1551 1609 1618 1665 Et
1646 1610 1698 1665 hi
1723 1609 1938 1682 quidem
1964 1609 2082 1667 dies

483 1703 708 1761 veniunt
728 1704 1022 1768 transituri,
1046 1710 1428 1774 transeuntque
1447 1702 1680 1769 venturi,
1704 1711 1756 1757 et
1782 1701 2084 1774 signiﬁcant

483 1799 629 1856 diem
649 1799 737 1870 qui
766 1814 872 1854 non
900 1798 1042 1854 venit
1070 1805 1125 1853 ct
1152 1797 1361 1864 transit,
1385 1797 1507 1867 quia
1532 1810 1630 1852 nec
1655 1795 1906 1852 hesterno
1929 1796 2086 1867 praei-

483 1900 576 1947 tur
616 1900 674 1946 ut
699 1891 876 1946 veniat
902 1932 917 1957 ,
949 1905 1050 1946 nec
1078 1890 1312 1945 crastino
1357 1897 1575 1960 urgetur
1616 1897 1675 1942 ut
1716 1895 1970 1943 transeat.
1999 1886 2082 1942 Ad

483 1997 646 2053 quem
672 1998 803 2038 sane
830 1997 927 2037 nos
952 1998 1072 2036 cum
1092 1981 1417 2046 venerimus,
1438 1980 1759 2034 inhmrentes
1787 1980 1835 2036 ei
1866 1994 1965 2034 nec
1985 1994 2082 2035 nos

482 2073 830 2130 transibimus
848 2092 859 2127 :
880 2080 936 2129 et
950 2073 1082 2127 sicut
1100 2071 1329 2143 quodam
1347 2071 1464 2127 loco
1481 2071 1686 2125 canitur
1705 2071 1831 2135 Deo,
1843 2069 1984 2125 Beati
1998 2070 2086 2142 qui

485 2167 783 2222 habitantia
810 2167 960 2221 domo
990 2175 1076 2220 tua
1098 2182 1117 2220 :
1134 2167 1186 2220 in
1209 2167 1399 2220 sarcula
1419 2165 1717 2219 saeculorum
1739 2165 2016 2220 laudabunt
2037 2173 2085 2221 te

484 2257 659 2331 (Psal.
676 2274 899 2326 Lxxxm,
913 2258 1100 2329 5);hoc
1113 2258 1211 2313 erit
1227 2258 1520 2313 otiosorum
1539 2257 1935 2329 negotium,boc
1951 2273 2086 2327 opus

481 2351 809 2419 vacantium,
834 2351 948 2406 hare
963 2351 1101 2407 actio
1126 2352 1448 2422 quictorum,
1475 2350 1588 2406 haec
1607 2366 1732 2406 cura
1751 2365 2080 2406 securorum.

483 2443 636 2502 Sicut
663 2445 805 2502 enim
835 2445 952 2501 dies
978 2445 1065 2501 isti
1097 2445 1379 2516 przeteritis
1403 2445 1591 2500 diebus
1613 2444 2045 2515 Quadragesimte
2065 2487 2080 2512 ,

483 2537 680 2609 quibus
722 2547 846 2594 ante
895 2538 1342 2594 resurrectionem
1389 2536 1651 2592 Dominici
1696 2537 1936 2608 corporis
1962 2537 2084 2592 vitae

482 2629 647 2704 hujus
675 2631 1001 2704 signiﬁcatur
1027 2647 1226 2686 mmror
1255 2673 1268 2696 ,
1297 2630 1610 2686 solemuiter
1633 2639 1780 2701 grata
1817 2630 2084 2686 hilaritate

485 2724 781 2780 succedunt
807 2743 821 2780 :
844 2724 923 2785 sic
939 2724 1055 2780 dies
1085 2725 1173 2780 ille
1198 2725 1286 2795 qui
1313 2733 1433 2796 post
1459 2724 1906 2780 resurrectionem
1928 2723 2083 2780 dabi-

484 2825 576 2872 tur
605 2817 843 2888 plenario
858 2822 1070 2887 corporl
1091 2817 1321 2884 Domini,
1348 2817 1449 2873 hoc
1470 2827 1553 2873 est
1577 2827 1775 2872 sanetae
1803 2817 2080 2885 Ecclesiae,

486 2909 696 2966 cunctis
721 2909 844 2964 vita:
876 2907 1032 2979 hujus
1061 2910 1314 2964 aerumnis
1338 2918 1498 2980 atque
1526 2908 1801 2964 doloribus
1829 2908 2080 2977 exclusis,

483 3008 745 3072 perpetua
775 3001 1026 3056 beatitate
1046 3001 1316 3056 succedet.
1350 3001 1476 3056 llaec
1498 3009 1674 3056 autem
1701 3001 1810 3055 vita
1837 3000 1904 3055 de
1931 2998 2086 3055 nobis

484 3091 647 3164 exigit
661 3093 1062 3161 continentiam,
1080 3101 1139 3149 ut
1159 3093 1317 3149 etiam
1335 3106 1458 3149 eum
1472 3092 1653 3147 labore
1667 3101 1824 3163 atque
1844 3091 2088 3147 luctami-

483 3198 557 3239 ne
574 3182 983 3253 ingcmiscentes
998 3183 1218 3256 gravati,
1237 3192 1292 3240 et
1314 3182 1669 3239 habitaculum
1683 3191 1866 3238 nostru
1875 3199 1921 3237 ιιι
1943 3183 2086 3253 quod

484 3274 557 3332 de
580 3275 719 3332 coelo
747 3285 831 3332 est
849 3276 1158 3346 superindui
1180 3277 1456 3346 cupientes
1488 3275 1553 3348 (ll
1578 3275 1695 3330 Cor.
1728 3291 1781 3344 v,
1809 3275 1865 3348 2)
1885 3318 1901 3344 ,
1929 3291 1956 3329 a
1979 3291 2084 3330 sae-

483 3366 759 3422 cularibus
783 3366 1226 3423 delectationibus
1252 3374 1612 3436 temperemus
1641 3382 1656 3418 :
1683 3375 1735 3420 et
1755 3366 2087 3437 signiﬁcatur

426 3433 449 3457 ⁸
483 3457 914 3528 quadragenario
934 3472 1176 3524 numero,
1205 3471 1311 3527 quo
1331 3433 1386 3512 et
1406 3456 1615 3528 Moyses
1634 3464 1689 3511 et
1711 3433 1860 3511 Elias
1888 3466 1942 3512 et
1971 3457 2086 3528 ipse

489 3548 750 3604 Dominus
774 3549 1086 3619 jejunarunt
1113 3546 1308 3620 (Exod.
1336 3563 1502 3602 xxxrv
1521 3588 1536 3614 ,
1569 3548 1674 3614 28;
1709 3548 1774 3603 Ill
1802 3549 1933 3620 Reg.
1958 3565 2045 3604 xix
2064 3590 2079 3616 ,

486 3639 544 3705 8;
575 3637 761 3693 Matth.
788 3654 841 3693 tv
860 3680 876 3706 ,
907 3639 986 3711 2).
1017 3638 1328 3709 Praecipitur
1363 3638 1505 3694 enim
1540 3639 1692 3694 nobis
1720 3649 1772 3694 et
1798 3654 1864 3695 ex
1892 3639 2034 3710 Lege
2065 3682 2081 3709 ,

487 3741 547 3789 et
571 3747 637 3788 ex
665 3730 969 3803 Prophetis,
999 3741 1054 3787 et
1077 3747 1141 3787 ex
1171 3731 1288 3802 ipso
1317 3731 1610 3802 Evangelio
1639 3730 1807 3801 (quod
1840 3730 2085 3788 testimo-

486 3827 636 3882 niqu
663 3825 822 3882 habet
842 3841 873 3882 a
898 3825 1040 3896 Lege
1068 3833 1123 3880 et
1147 3824 1456 3896 Prophetis;
1477 3823 1617 3879 unde
1642 3824 1876 3880 etiamin
1903 3831 2085 3879 monte

487 3919 632 3975 inter
671 3927 952 3990 utramque
991 3933 1277 3990 personam
1333 3917 1540 3975 medius
1582 3917 1830 3974 Salvator
1886 3916 2084 3973 effulsit

485 4007 704 4084 [Matth.
735 4026 846 4067 xvn
866 4053 881 4078 ,
915 4009 1024 4083 3]),
1057 4019 1116 4066 ut
1153 4010 1221 4067 ab
1248 4011 1496 4066 omnibus
1539 4009 1723 4065 nmndi
1771 4008 2037 4065 illecebris
2062 4050 2080 4077 ,

484 4104 680 4176 quibus
699 4105 893 4175 captivi
912 4104 1153 4160 homines
1169 4104 1555 4160 obliviscuntur
1577 4105 1760 4172 Deum,
1778 4104 2084 4160 aviditatem

483 4205 726 4252 nostram
752 4203 999 4266 tanquam
1024 4195 1230 4265 jejunio
1272 4197 1638 4266 temperantia:
1666 4237 1680 4262 ,
1706 4196 2035 4252 refrenemus
2063 4212 2080 4263 ;

485 4285 741 4358 quamdiu
762 4286 1015 4356 perfectio
1032 4287 1278 4358 Decalogi
1300 4287 1476 4358 Legis,
1497 4297 1748 4358 tanquam
1770 4290 2080 4359 psalterium

485 4375 676 4433 decem
703 4375 1024 4432 chordarum
1044 4419 1058 4444 ,
1088 4392 1185 4447 per
1210 4387 1437 4448 quatuor
1465 4377 1705 4448 ejusdem
1736 4379 1919 4434 nmndi
1951 4394 2081 4450 par-

486 4475 570 4524 tes
593 4507 610 4534 ,
640 4467 692 4522 id
731 4475 812 4524 est
836 4509 850 4532 ,
881 4477 992 4524 toto
1033 4469 1162 4523 orbe
1198 4468 1548 4539 pra‘dicalur,
1582 4478 1641 4524 ut
1667 4468 1854 4527 decem
1893 4482 2083 4543 quater

487 4560 645 4616 ducta
689 4559 1167 4632 quadragenarium
1209 4576 1489 4616 numerum
1535 4561 1764 4632 signent.
1803 4561 2079 4635 Quinqua-

485 4652 707 4725 genario
756 4667 886 4708 vero
928 4668 1156 4708 numero
1181 4661 1304 4724 post
1330 4655 1779 4709 resurrecﬁonem
1825 4655 2074 4726 Domini,

485 4758 594 4816 quo
620 4753 901 4801 cantamus
928 4743 1154 4799 Alleluia
1171 4785 1184 4810 ,
1215 4759 1322 4799 non
1348 4744 1625 4813 cujusdam
1675 4747 1930 4817 temporis
1956 4747 2077 4804 ﬁnis

484 4845 542 4893 et
566 4836 840 4904 transitus,
860 4835 956 4892 sed
987 4835 1141 4892 beata
1172 4836 1259 4892 illa
1284 4837 1616 4909 signiﬁcatur
1640 4841 1928 4908 aeternitas;
1951 4843 2076 4914 quia

488 4929 743 4986 denarius
769 4927 982 4984 additus
1007 4918 1460 5000 qhadragenario,
1494 4930 1860 4988 laborantibus
1896 4934 1946 4988 in
1978 4935 2078 4991 hae

485 5024 594 5079 vita
638 5023 884 5079 ﬁdelibus
903 5038 1112 5080 merces
1139 5023 1226 5079 illa
1254 5023 1602 5094 pcrsolvitur,
1631 5040 1788 5096 quam
1810 5034 1866 5081 et
1889 5025 2078 5097 primis

485 5126 541 5172 et
569 5115 874 5172 novissimis
901 5113 1284 5187 paterfamilias
1314 5117 1628 5186 praeparavit
1647 5118 1929 5188 aequalem.
1960 5120 2075 5174 Au-

482 5211 695 5267 diamus
713 5211 891 5282 itaque
904 5210 1121 5281 plenum
1139 5210 1313 5265 divina
1337 5210 1494 5265 laude
1515 5219 1700 5280 pectus
1720 5211 1899 5281 populi
1922 5211 2012 5267 Dei
2032 5213 2070 5267 ί.

485 5305 628 5361 Ecce
657 5312 908 5375 personat
942 5305 995 5359 in
1027 5303 1128 5358 hoc
1167 5303 1376 5374 psalmo
1405 5303 1687 5374 quemdam
1717 5305 2072 5360 exsultantem

483 5395 630 5454 felici
651 5395 1026 5465 exsultatione,
1046 5395 1350 5466 praeﬁgurat
1367 5403 1422 5451 et
1437 5396 1813 5451 scaturientem
1834 5395 1998 5454 corde
2018 5397 2072 5454 in

545 5561 566 5624 ε
598 5561 775 5624 Regius
787 5568 891 5622 διε,
913 5561 1173 5624 .ludiamus
1194 5561 1354 5624 itaque
1375 5559 1616 5611 Psalmum
1639 5559 1804 5612 divina
1826 5558 1969 5612 laude
1991 5574 2072 5624 re-

480 5621 722 5688 ﬁcientein
749 5621 914 5688 pectus
936 5623 1100 5687 populi
1125 5622 1230 5674 Dei.
1267 5621 1321 5673 Et
1343 5635 1453 5672 mox
1477 5636 1588 5688 cum
1611 5632 1711 5672 Am.
1742 5622 2073 5688 etinonnullis

480 5682 589 5735 iss.
613 5682 946 5758 prosequitur,
974 5682 1102 5758 licet:
1140 5697 1366 5758 persona.
1388 5687 1571 5758 neinig.
1607 5698 1727 5758 vero
1769 5682 1913 5758 liber,
1949 5694 2071 5758 sicce

479 5746 734 5858 mediam
767 5746 820 5798 in
852 5747 940 5797 hoc
965 5746 1155 5818 Psahno
1188 5746 1463 5810 quamdam,
1492 5746 1586 5797 etc.
1629 5747 1818 5810 Aliquot
1853 5748 2069 5812 denique

537 5823 545 5834 '
596 5844 609 5858 .
636 5817 756 5858 Ecce
779 5815 998 5858 personat
1021 5822 1072 5858 ut
1094 5809 1182 5858 hoc
1210 5808 1412 5858 Psalmo.
1431 5816 1477 5858 et
1498 5810 1770 5858 quemdam.
1800 5817 1894 5858 etc.

537 5823 609 5870 ιι..
636 5817 756 5859 Ecce
777 5815 998 5870 personat
1021 5807 1072 5859 in
1094 5809 1182 5859 hoc
1201 5807 1412 5866 'Psalmo,
1431 5816 1477 5859 et
1498 5807 1770 5870 quemdam,
1800 5817 1894 5863 etc.

543 5823 609 5870 ιι,
636 5823 756 5859 εσσε
839 5823 998 5883 rsonat
1021 5823 1072 5859 ιιι
1094 5823 1182 5859 nec
1210 5823 1412 5881 I’satmo,
1431 5823 1478 5882 ei
1498 5823 1770 5881 quemnam,
1800 5823 1814 5858 (

543 5871 619 5936 (α)
651 5871 717 5929 Λα
737 5823 953 5942 βλαβειη,
979 5885 1028 5928 ιιι
1050 5871 1260 5940 paschali
1279 5871 1584 5928 solemnitate
1603 5871 1814 5930 habitus.

1651 371 1709 430 ὃ.
1749 367 2116 429 AUGUSTINI
2153 367 2456 431 EPISCOPI

3625 373 3766 434 MM

2182 503 2368 545 amore
2396 487 2486 544 Dei
2513 487 2765 560 populum
2787 529 2803 555 ,
2826 487 3033 546 scilicet
3054 503 3249 561 corpus
3279 489 3495 554 Christi.
3523 491 3590 548 ab
3617 491 3766 550 omni

2184 581 2325 637 malo
2351 581 2649 637 liberatum.

2253 675 2308 730 9..
2337 673 2488 749 [oers.
2535 674 2615 748 6.]
2640 673 2927 746 Conﬁtebor
2953 676 3063 743 tibi,
3091 676 3282 748 inquit,
3317 677 3561 744 Domine,
3588 680 3641 734 in
3664 689 3770 734 toto

2183 767 2336 822 corde
2359 783 2489 826 meo.
2516 767 2633 823 Non
2660 783 2872 838 semper
2898 766 3164 823 confessio
3191 779 3526 844 peccatorum
3548 784 3650 838 est,
3673 771 3771 827 sed

2183 869 2238 916 et
2273 860 2387 916 laus
2434 861 2526 916 Dei
2566 861 2855 918 devotione
2897 862 3248 918 confessionis
3296 864 3643 936 expromitur.
3674 865 3770 922 llla

2184 951 2358 1022 luget,
2387 952 2501 1008 lucc
2526 954 2749 1025 gaudet;
2777 955 2867 1011 illa
2897 956 3106 1012 medico
3137 957 3332 1014 vulnus
3359 961 3624 1027 ostendit,
3656 960 3775 1021 hrcc

2185 1043 2252 1100 de
2293 1045 2518 1101 sanitate
2541 1046 2737 1116 gratias
2763 1048 2892 1118 agit.
2925 1048 3053 1104 Haec
3090 1049 3358 1106 confessio
3385 1042 3669 1121 quemdam
3694 1055 3776 1109 si-

2185 1136 2419 1208 gniﬁcat,
2445 1153 2550 1192 non
2572 1139 2742 1193 solum
2768 1140 2836 1196 ab
2861 1141 3005 1196 omni
3023 1141 3164 1196 malo
3182 1143 3482 1210 liberatum,
3501 1145 3592 1200 sed
3612 1147 3774 1201 etiam

2185 1241 2216 1282 a
2255 1229 2500 1298 malignis
2551 1230 2798 1285 omnibus
2841 1243 3167 1304 separatum.
3213 1234 3278 1289 Et
3325 1235 3444 1291 ideo
3499 1237 3779 1295 videamus

2187 1317 2274 1373 ubi
2313 1320 2627 1375 conﬁteatur
2667 1321 2890 1378 Domino
2935 1325 2987 1379 in
3037 1334 3148 1382 toto
3193 1327 3373 1382 corde.
3415 1327 3482 1383 In
3526 1332 3777 1398 consilio,

2181 1408 2385 1480 inquit,
2415 1421 2660 1466 rectorum
2685 1455 2698 1478 ,
2723 1424 2768 1468 et
2807 1417 3188 1487 congregatione
3215 1433 3234 1472 :
3259 1420 3418 1475 credo
3443 1463 3458 1489 ,
3480 1423 3568 1493 qui
3615 1424 3780 1480 sedc-

2187 1499 2319 1556 bunt
2359 1517 2522 1573 super
2559 1504 2837 1562 duodecim
2871 1507 3115 1579 thronos,
3157 1509 3455 1578 judicantes
3495 1513 3780 1570 duodecim

2188 1593 2356 1651 tribus
2390 1594 2553 1652 Israel
2581 1596 2790 1669 (Matth.
2823 1615 2917 1655 ιιι
2941 1641 2957 1669 ,
2987 1600 3100 1673 28).
3130 1603 3312 1658 Nullus
3339 1607 3478 1660 enim
3498 1607 3608 1676 jam
3640 1609 3780 1664 inter

2188 1701 2281 1742 eos
2323 1687 2532 1759 iniquus
2555 1731 2570 1757 ,
2625 1691 2823 1749 nullius
2855 1693 3006 1749 Judre
3045 1695 3183 1751 furta
3237 1697 3528 1754 tolerantur
3552 1741 3567 1766 ,
3599 1701 3782 1758 nullus

2188 1779 2374 1836 Simon
2425 1798 2609 1855 magus
2657 1785 2977 1857 baptizatur,
3020 1789 3275 1861 Spiritum
3325 1793 3508 1857 volens
3556 1811 3777 1865 emere,

2187 1872 2313 1929 dum
2345 1876 2541 1945 cogitat
2581 1877 2813 1934 vendere
2858 1879 2999 1950 (Act.
3028 1897 3123 1937 vm
3147 1923 3164 1951 ,
3197 1884 3291 1949 l5,
3323 1885 3424 1952 l8,
3451 1888 3574 1958 i9);
3603 1890 3783 1946 nullus

2189 1966 2490 2022 Alexander
2523 1970 2744 2026 mrarius
2781 1971 2944 2028 multa
2987 1975 3126 2028 mala
3163 1977 3398 2032 ostendit
3422 1978 3492 2049 (ll
3517 1978 3655 2036 Tim.
3686 1998 3739 2037 tv
3763 2024 3782 2049 ,

2190 2056 2302 2129 14),
2329 2059 2506 2114 nullus
2534 2063 2688 2114 ovina
2720 2064 2855 2132 pelle
2883 2073 3052 2120 tectus
3078 2065 3210 2122 falsa
3232 2068 3563 2128 fraternitate
3589 2073 3783 2131 subre-

2190 2150 2305 2222 pit:
2337 2152 2478 2208 inter
2500 2154 2683 2224 quales
2713 2171 2854 2211 nunc
2880 2173 3099 2215 necesse
3131 2169 3214 2216 est
3241 2162 3473 2220 Ecclesia
3502 2176 3700 2236 gemat,
3729 2177 3787 2224 et

2189 2244 2373 2315 quales
2389 2254 2514 2301 tunc
2537 2257 2767 2318 oportet,
2795 2266 2914 2305 cum
2938 2268 3123 2308 omnes
3139 2255 3267 2324 justi
3295 2261 3784 2330 congregabantur,

2189 2337 2454 2393 excludat.
2484 2339 2610 2396 Haec
2637 2350 2760 2397 sunt
2799 2360 2981 2416 magna
3011 2362 3166 2417 arere
3190 2346 3430 2418 Domini,
3458 2354 3706 2424 exquisita
3730 2354 3788 2410 in

2189 2445 2362 2484 omnes
2407 2432 2685 2489 voluntates
2727 2437 2836 2506 ejus
2867 2453 2885 2491 :
2914 2452 3010 2508 per
3035 2456 3165 2509 quas
3195 2443 3396 2498 nullum
3436 2446 3787 2504 conﬁtentem

2190 2521 2403 2578 deserat
2436 2525 2798 2582 misericordia
2825 2570 2839 2596 ,
2869 2530 3065 2586 nullius
3094 2533 3163 2587 sit
3199 2533 3446 2605 iniquitas
3481 2537 3788 2608 impunita;

2190 2615 2402 2686 quando
2449 2616 2679 2690 flagellat
2723 2623 2882 2678 etiam
2927 2640 3141 2681 omnem
3177 2627 3344 2684 ﬁlium
3391 2646 3545 2701 quem
3591 2635 3792 2705 recipit

2192 2708 2376 2780 (Hebr.
2401 2727 2474 2766 xu
2495 2755 2510 2780 ,
2541 2714 2622 2784 6).
2649 2715 2753 2771 Sed
2783 2717 2829 2772 si
2850 2717 3026 2788 justus
3051 2721 3137 2775 vix
3165 2722 3418 2788 salvator,
3444 2734 3695 2794 peccator
3729 2739 3793 2785 et

2191 2799 2386 2870 impius
2407 2802 2494 2858 ubi
2519 2805 2782 2874 parebunt
2805 2807 2852 2878 (Ι
2871 2809 3013 2863 Petr.
3046 2827 3117 2880 tv,
3146 2812 3274 2884 i8)?
3304 2815 3472 2886 Eligat
3495 2817 3594 2872 sibi
3618 2817 3792 2874 homo

2191 2892 2464 2963 quodlibet
2503 2912 2516 2949 :
2556 2913 2658 2952 non
2689 2898 2766 2953 sic
2790 2900 3070 2956 constituta
3103 2912 3228 2958 sunt
3256 2919 3418 2976 opera
3445 2907 3692 2975 Domini,
3724 2921 3794 2968 ut

2190 2994 2434 3042 creatura
2463 2988 2516 3043 in
2544 2989 2762 3046 arbitrio
2789 2991 2956 3048 libero
2979 2997 3285 3060 constituta,
3317 2997 3588 3056 Creatoris
3615 3016 3794 3073 supe-

2191 3091 2275 3136 ret
2297 3081 2647 3150 voluntatem,
2663 3086 2870 3141 etiamsi
2897 3096 3081 3143 contra
3107 3089 3223 3158 ejus
3249 3088 3408 3146 faciat
3428 3091 3792 3150 voluntatem.

2190 3171 2307 3230 Non
2345 3175 2458 3230 vult
2506 3176 2645 3231 Deus
2688 3186 2747 3232 ut
2791 3194 3016 3248 pecces;
3046 3197 3166 3235 nam
3210 3183 3457 3253 prohibet
3489 3203 3503 3240 :
3531 3194 3708 3242 tamen
3740 3188 3796 3244 si

2192 3267 2520 3337 peccaveris,
2550 3285 2618 3325 ne
2645 3279 2796 3340 putes
2827 3271 3094 3329 hominem
3119 3274 3310 3332 fecisse
3335 3277 3473 3348 quod
3502 3280 3700 3347 voluit,
3729 3292 3797 3340 et

2193 3358 2305 3416 Deo
2341 3361 2598 3418 accidisse
2635 3363 2777 3434 quod
2819 3366 3009 3421 noluit.
3040 3365 3188 3423 Sicut
3227 3368 3370 3424 enim
3396 3369 3506 3424 vult
3533 3380 3590 3426 ut
3619 3371 3797 3430 homo

2192 3466 2298 3506 non
2333 3463 2537 3523 peccet,
2560 3455 2632 3510 ita
2652 3457 2764 3512 vult
2789 3459 3026 3529 peccanti
3059 3475 3297 3530 parcere,
3321 3471 3379 3517 ut
3404 3471 3704 3519 revertatur
3732 3475 3798 3523 et

2191 3543 2365 3610 vivat;
2398 3544 2467 3600 ita
2514 3547 2627 3603 vult
2673 3559 2945 3619 postremo
2990 3552 3042 3606 in
3090 3563 3307 3624 peccato
3351 3567 3798 3626 perseverantem
3890 3547 3900 3553 ’

2191 3637 2379 3708 punire
2402 3682 2416 3706 ,
2446 3649 2502 3694 ut
2535 3640 2758 3711 justitia:
2788 3644 3074 3712 potentiam
3101 3645 3532 3704 contumax'non
3567 3651 3796 3708 evadat.

2191 3730 2267 3786 Ita
2313 3732 2569 3805 quidquid
2609 3735 2834 3808 elegeris
2863 3780 2877 3805 ,
2908 3737 3268 3809 Omnipotenti
3305 3757 3411 3797 non
3442 3743 3616 3799 deerit
3642 3745 3799 3804 unde

2191 3837 2341 3879 suam
2379 3825 2447 3882 de
2489 3835 2542 3882 te
2567 3829 2830 3899 compleat
2861 3831 3209 3888 voluntatem.
3242 3834 3433 3907 Magna
3461 3836 3603 3892 enim
3629 3854 3798 3910 opera

2189 3915 2419 3987 Domini,
2449 3921 2695 3992 exquisita
2721 3923 2776 3977 in
2797 3940 2966 3979 omnes
2992 3927 3270 3982 voluntates
3298 3930 3427 4000 ejus.

2260 4011 2314 4066 5.
2337 4009 2484 4084 [vers.
2507 4011 2584 4086 5.]
2605 4013 2864 4085 Confessio
2887 4026 2934 4071 et
2950 4020 3321 4091 magniﬁcentia
3346 4039 3471 4093 opus
3491 4025 3623 4096 ejus.
3643 4024 3797 4093 Quid

2190 4101 2616 4173 magniﬁcentius
2662 4121 2823 4176 quam
2863 4105 3154 4176 justiﬁcare
3199 4110 3461 4182 impium?
3495 4113 3602 4170 Sed
3649 4131 3796 4188 opus

2188 4191 2417 4249 fortasse
2444 4193 2673 4250 hominis
2698 4198 2955 4267 praevenit
2985 4201 3138 4256 istam
3164 4204 3608 4272 magniﬁcentiam
3645 4209 3747 4266 Dei
3771 4252 3793 4280 ,

2188 4291 2247 4338 ut
2273 4299 2396 4340 cum
2423 4284 2584 4341 fuerit
2610 4296 2824 4358 peccata
2855 4289 3150 4361 confessus,
3167 4294 3450 4364 justilicari
3481 4310 3787 4359 mereatur.

2195 4393 2216 4429 ι
2245 4376 2528 4433 Descendit
2553 4397 2572 4431 ι
2599 4380 2742 4434 enim
2769 4399 2787 4432 ι
2817 4380 2885 4436 de
2909 4383 3109 4454 templo
3125 4383 3442 4454 justiﬁcatus
3458 4388 3798 4450 Publicanus

2187 4471 2358 4542 magis
2399 4486 2558 4541 quam
2607 4472 2936 4541 Pharisceus;
2994 4494 3014 4528 ι
3046 4477 3168 4548 quia
3213 4496 3232 4529 ‹
3270 4494 3440 4548 neque
3483 4483 3670 4536 oculos
3720 4484 3796 4540 ad

2188 4566 2383 4621 coelum
2408 4567 2637 4622 audebat
2665 4567 2864 4634 levare,
2895 4569 2987 4623 sed
3021 4570 3347 4639 percutiehat
3378 4582 3562 4642 pectus
3591 4589 3756 4633 suum
3776 4621 3795 4647 ,

2187 4657 2370 4714 dicens
2397 4677 2409 4714 :
2435 4659 2594 4726 Deus,
2619 4660 2878 4731 propitius
2899 4669 3013 4716 esto
3037 4661 3166 4716 mihi
3191 4665 3478 4733 peccatori.
3505 4686 3523 4718 ι
3550 4667 3681 4724 Ηιεε
3706 4680 3800 4726 est

2186 4752 2579 4822 magniﬁcentia
2597 4753 2831 4820 Domini,
2850 4755 3161 4824 justiﬁcalio
3189 4761 3518 4827 peccatoris:
3541 4764 3797 4832 quoniam

2184 4846 2272 4917 qui
2298 4862 2352 4900 se
2377 4846 2605 4900 humiliat
2626 4890 2642 4915 ,
2669 4848 2995 4915 exaltubitur;
3025 4858 3072 4904 et
3100 4851 3184 4921 qui
3213 4869 3266 4907 sc
3294 4855 3507 4920 exaltat,
3540 4857 3800 4912 humilia-

2185 4938 2318 4994 bitur
2332 4938 2479 5009 (Luc.
2500 4957 2649 5006 xvm,
2671 4941 2882 5014 15,14).
2901 4943 3024 4997 Hmc
3043 4953 3126 4999 est
3145 4946 3534 5016 magniﬁcentia
3553 4950 3798 5022 Domini;

2185 5033 2433 5104 quoniam
2452 5034 2535 5088 cui
2557 5035 2844 5105 plurimum
2861 5035 3160 5102 dimittitur,
3178 5040 3466 5110 plurimum
3491 5042 3797 5116 diligit(la.

2183 5139 2274 5191 vn,
2305 5125 2513 5196 42-48).
2561 5125 2685 5182 llaec
2723 5127 3114 5198 magniﬁcentia
3152 5130 3398 5198 Domini;
3429 5135 3678 5204 quoniam
3703 5139 3802 5194 ubi

2182 5219 2453 5274 abundarit
2469 5230 2799 5288 peccatum,et
2810 5223 3235 5293 superabundavit
3250 5226 3414 5296 gratia
3428 5225 3766 5302 (Rom.v,20)
3781 5275 3798 5289 .

2180 5309 2282 5368 Sed
2301 5309 2523 5367 fortasse
2539 5327 2605 5368 ex
2616 5313 3033 5383 operibusJVon,
3048 5313 3303 5385 inquit,ea:
3313 5319 3564 5388 operibus,
3580 5337 3641 5374 nc
3652 5322 3800 5391 [orte

2180 5403 2296 5474 quis
2323 5403 2613 5458 extollatur.
2644 5403 2819 5476 Ipsius
2847 5406 2979 5460 etu'm
3002 5423 3177 5462 sumus
3201 5410 3514 5480 ﬁgmentum,
3542 5415 3702 5468 creati
3732 5417 3795 5471 in

2181 5494 2378 5550 Christo
2404 5495 2456 5548 in
2485 5495 2716 5565 operibus
2750 5496 2890 5552 bonis
2913 5496 3128 5571 (Ephes.
3158 5515 3194 5554 tt
3215 5541 3230 5567 ,
3263 5500 3296 5557 9
3317 5545 3331 5568 ,
3363 5501 3474 5575 10).
3505 5503 3797 5566 Justitiam

2181 5587 2325 5642 enim
2367 5586 2528 5643 homo
2574 5605 2682 5644 non
2729 5599 2981 5660 operatur
3017 5593 3119 5648 nisi
3164 5593 3487 5664 justiﬁcatus
3531 5601 3803 5660 :credeus

2179 5689 2348 5734 autem
2375 5680 2426 5733 in
2451 5696 2562 5735 eum
2587 5683 2674 5755 qui
2689 5683 2942 5754 justi/icat
2970 5685 3180 5756 impium
3205 5688 3381 5760 (Rom.
3407 5706 3482 5755 tv,
3511 5690 3591 5761 5),
3623 5709 3651 5746 a
3673 5693 3801 5754 fide

2178 5773 2399 5842 incipit;
2424 5782 2480 5828 ut
2509 5773 2645 5829 bona
2671 5790 2853 5845 opera,
2880 5791 2985 5831 non
3012 5777 3363 5847 praecedentia
3384 5781 3523 5851 quod
3545 5785 3753 5840 meruit
3776 5826 3799 5852 ,

2183 5864 2278 5928 sed
2307 5867 2688 5941 consequentia
2716 5867 2858 5940 quod
2889 5869 3088 5940 accepit
3131 5871 3430 5936 ostendant.
3461 5871 3610 5937 Unde
3645 5889 3800 5954 ergo
