4090 6472
309 415 448 476 “65

308 533 396 595 illa
423 525 728 586 confessio?
751 521 996 581 Nondum
1023 517 1236 592 quidem
1265 529 1399 587 opus
1425 521 1506 568 est
1526 509 1768 582 justitiae,
1798 505 1895 561 sed

311 623 492 682 delicti
521 617 839 692 improbatio
871 634 884 670 :
911 611 1004 670 sed
1033 625 1244 683 quoquo
1273 607 1432 662 modo
1451 620 1508 660 se
1537 603 1729 658 habeat
1751 641 1768 666 ,
1797 612 1897 654 nec

313 719 362 775 in
384 717 500 786 ipsa
525 691 668 769 dcte
687 711 848 765 homo
867 705 1130 778 glorieris,
1147 713 1200 756 ut
1221 701 1305 772 qui
1324 699 1589 770 gloriatur,
1608 695 1660 746 in
1681 691 1895 744 Domino

313 810 555 884 glorietur
585 803 630 876 (ἰ
653 804 770 859 Cor.
801 818 837 866 ι,
865 799 978 871 ⁸51).
1015 796 1149 866 Quid
1178 794 1310 848 enim
1340 791 1490 844 habes
1515 785 1648 858 quod
1678 801 1777 838 non
1802 799 1895 836 ac-

311 878 523 974 cepisti(
547 897 632 952 Id.
666 913 718 952 tv
737 939 752 964 ,
785 896 816 949 7
842 891 898 966 )?
923 892 1040 948 Non
1075 904 1202 958 ergo
1233 886 1344 942 sola
1375 878 1766 954 magnificentia
1793 891 1898 946 qua

312 967 628 1067 iustiﬁcetur
651 988 865 1058 impius,
892 983 985 1040 sed
1014 991 1066 1038 et
1098 1000 1116 1032 ι
1146 975 1410 1035 confessio
1436 981 1491 1029 ct
1511 967 1898 1041 magniﬁcentia

313 1103 448 1158 opus
474 1085 610 1154 ejus.
639 1079 775 1150 Quid
801 1095 927 1148 ergo
952 1073 1212 1131 dicimus?
1245 1089 1264 1124 ι
1291 1073 1414 1140 quia
1448 1087 1464 1119 ε
1499 1065 1580 1120 cui
1611 1063 1722 1117 vult
1746 1060 1898 1114 misc-

315 1187 482 1241 rctur,
505 1151 570 1230 iet
595 1189 752 1244 quem
779 1170 893 1226 vult
917 1167 1174 1230 obdurat;
1205 1157 1458 1230 numquid
1488 1157 1735 1226 iniquitas
1759 1151 1898 1222 apud

317 1267 519 1326 Deum?
545 1266 712 1320 Absit.
737 1262 946 1319 Justitia
975 1278 996 1311 ι
1021 1258 1161 1314 enim
1189 1273 1207 1306 ι
1233 1255 1346 1324 ejus
1369 1260 1545 1306 manet
1566 1250 1617 1304 in
1633 1247 1900 1302 'sa-culum

315 1360 518 1420 seculi.
541 1358 621 1416 Tu
649 1365 825 1412 autem
852 1396 868 1420 ,
899 1354 1059 1408 homo
1093 1348 1210 1404 rde
1238 1347 1340 1400 hoc
1369 1343 1565 1400 sicculo
1588 1382 1602 1406 ,
1637 1358 1656 1390 ‹
1695 1337 1812 1409 quis
1842 1349 1900 1392 es

317 1455 406 1528 qui
436 1450 762 1523 respondeas
789 1448 896 1502 Deo
929 1463 948 1498 ι
979 1444 1152 1516 (Rom.
1182 1456 1261 1506 lx,
1289 1438 1375 1501 14,
1407 1435 1496 1501 18,
1517 1432 1646 1501 9.0)?

388 1548 444 1603 4.
475 1543 626 1620 [vera
659 1542 712 1608 4,
745 1538 822 1612 5.]
855 1536 1152 1593 Memoriam
1175 1531 1291 1604 fecit
1319 1526 1622 1582 mirabilium
1647 1537 1854 1576 suorum
1882 1535 1902 1573 :

319 1611 824 1698 hunc-humilians,
853 1640 908 1686 et
951 1629 1092 1684 hunc
1139 1623 1396 1682 exultans.
1447 1616 1744 1672 Memoriam
1789 1611 1904 1682 fecit

319 1725 630 1782 mirabilium
669 1734 874 1778 suorum
921 1733 939 1771 :
986 1725 1266 1770 reservans
1313 1715 1612 1777 opportune
1657 1700 1903 1756 inusitata

319 1818 581 1892 prodigia,
599 1830 717 1887 qua:
738 1813 756 1844 ³
780 1802 1310 1866 intirntitasdtominis
1330 1799 1548 1854 novitati
1571 1797 1768 1850 intenta
1787 1805 1904 1846 mc-

321 1909 539 1968 minerit
563 1950 576 1973 ,
606 1921 726 1962 cum
768 1903 876 1958 sint
914 1900 1030 1970 ejus
1065 1894 1318 1950 miracula
1349 1887 1652 1962 quotidiana
1681 1885 1904 1956 majora.

321 2004 428 2060 'l'ot
453 2017 546 2072 per
573 1998 872 2053 universam
898 2000 1094 2048 terram
1117 1987 1336 2042 arbores
1358 1989 1524 2046 creat,
1551 1989 1604 2033 ct
1625 1993 1780 2032 nemo
1807 1975 1907 2030 mi-

323 2105 512 2154 ratur:
535 2090 755 2147 arefecit
778 2085 944 2142 verbo
974 2097 1135 2138 unam
1154 2124 1168 2148 ,
1203 2087 1258 2134 et
1281 2075 1573 2146 stupefacta
1597 2079 1720 2126 sunt
1743 2068 1906 2124 corda

325 2187 627 2246 mortalium
658 2179 871 2255 (Matth.
902 2193 990 2233 ut
1017 2218 1030 2240 ,
1057 2175 1124 2230 19
1148 2215 1162 2237 ,
1183 2170 1274 2242 20)
1301 2187 1317 2237 ;
1345 2167 1437 2224 sed
1475 2165 1764 2220 memoriam
1795 2162 1908 2233 fecit

327 2278 634 2336 miruhiliunt
679 2288 904 2330 suorum.
961 2268 1073 2323 Hoc
1115 2264 1260 2321 enim
1313 2259 1623 2315 miraculum
1681 2255 1910 2308 maxime

327 2371 547 2428 attentis
572 2365 820 2424 cordibus
863 2359 1145 2418 inhatrebit
1169 2399 1183 2426 ,
1215 2353 1360 2426 quod
1386 2350 1669 2407 assiduitas
1696 2362 1801 2401 non
1829 2344 1910 2399 vi-

328 2445 590 2524 lefecerit:

403 2563 460 2617 5.
487 2557 622 2628 Quid
649 2563 829 2610 autem
853 2541 1454 2623 profueruntmiracula,
1481 2537 1582 2592 nisi
1611 2544 1667 2590 ut
1698 2535 1912 2587 timere-

331 2653 456 2709 ttu'?
485 2627 623 2719 Quid
657 2661 814 2718 porro
844 2641 1122 2714 prodesset
1161 2637 1320 2692 timor
1341 2677 1354 2699 ,
1389 2631 1486 2686 nisi
1515 2672 1531 2696 ,
1563 2627 1841 2682 misericors
1870 2631 1915 2676 et

329 2748 596 2802 miseratur
630 2740 875 2796 Dominus
915 2751 1076 2792 escam
1125 2732 1277 2787 daret
1317 2723 1598 2781 timentibus
1621 2720 1712 2776 se?
1739 2732 1916 2772 escam

333 2857 454 2914 qua:
486 2853 590 2893 nou
617 2832 974 2903 corrumpitur
1000 2871 1014 2896 ,
1048 2839 1236 2898 panem
1267 2823 1356 2892 qui
1385 2819 1452 2874 de
1481 2817 1618 2872 caelo
1647 2809 1921 2868 descendit

335 2902 518 3004 (.Joan.
539 2946 613 2996 vt,
635 2927 727 2992 ‘27,
759 2902 874 2995 5i),
907 2935 1064 2992 quem
1093 2917 1248 2972 nttllis
1280 2911 1488 2966 meritis
1516 2905 1679 2962 dedit.
1711 2902 1920 2957 Etenim

335 3026 722 3092 Cltristuspro
761 3017 936 3086 impiis
981 3021 1222 3067 mortuus
1254 3013 1338 3061 cst
1362 3003 1538 3076 (Rom.
1569 3016 1622 3064 v,
1647 2995 1724 3066 (3).
1757 2995 1922 3050 Nemo

337 3135 465 3190 ergo
491 3115 648 3172 talem
678 3125 854 3168 escam
883 3107 1070 3172 daret,
1099 3101 1198 3158 nisi
1229 3096 1530 3154 misericors
1561 3101 1616 3147 et
1645 3091 1925 3146 miserator

341 3213 620 3271 Dominus.
642 3206 794 3276 Quod
815 3205 860 3260 si
884 3211 1086 3258 tantum
1114 3195 1262 3254 dedit
1291 3191 1412 3248 huic
1441 3190 1585 3254 vitat,
1617 3187 1660 3242 si
1697 3183 1924 3240 Verbum

342 3320 558 3363 carnem
585 3275 778 3358 factum
805 3303 1052 3368 peccator
1071 3285 1445 3362 justiﬁcandus
1470 3279 1697 3350 accepit;
1719 3275 1846 3348 quid
1873 3275 1926 3329 in

343 3399 523 3456 futuro
567 3393 766 3450 saeculo
808 3367 1134 3460 iglorilicatus
1159 3378 1415 3449 accipiet?
1442 3374 1637 3430 Memor
1665 3369 1806 3426 enim
1835 3367 1929 3421 erit

344 3493 402 3548 in
426 3487 668 3546 saeuiunt
696 3480 976 3540 testamenti
993 3479 1092 3534 sui.
1113 3475 1226 3532 Nec
1254 3481 1422 3528 totum
1453 3468 1600 3525 dedit
1622 3465 1712 3538 qui
1739 3463 1932 3536 pignus

345 3583 514 3641 dedit.

419 3675 475 3730 6.
515 3671 666 3746 [νοτε.
707 3665 845 3739 6-9.]
872 3661 1247 3720 Fortitudinem
1275 3671 1486 3730 cperunt
1509 3667 1716 3709 suorum
1735 3665 1936 3703 annun-

350 3767 493 3824 tiabit
517 3740 718 3838 populo
745 3777 858 3816 suo.
883 3757 1000 3813 Non
1030 3753 1413 3810 contristentur
1443 3743 1694 3801 Israelita:
1724 3740 1892 3796 sancti
1917 3779 1933 3804 ,

349 3861 442 3933 qui
487 3857 806 3913 dimiserunt
843 3850 1018 3906 omnia
1063 3861 1156 3901 sua
1197 3851 1252 3900 et
1287 3839 1452 3896 secuti
1484 3843 1608 3892 sunt
1645 3847 1796 3896 cum;
1829 3845 1934 3884 non

351 3919 732 4010 contristentur
761 3945 1036 4000 dicentes:
1071 3937 1316 4004 Quisnam
1354 3929 1532 4004 poterit
1573 3925 1741 3981 salvus
1782 3919 1939 3991 ﬁeri?

353 4045 489 4116 Quia
514 4043 714 4117 {acilius
734 4039 890 4094 intrat
910 4031 1130 4090 cantatus
1153 4045 1240 4102 per
1265 4027 1494 4096 foramen
1523 4035 1663 4082 acus,
1689 4031 1842 4084 quam
1862 4013 1941 4066 di-

354 4103 440 4196 ;es
461 4103 746 4206 in'regnunt
767 4129 1004 4184 caelorum
1032 4120 1242 4196 (Matth.
1267 4132 1380 4180 XIX,
1400 4111 1622 4180 24-26).
1646 4103 1942 4161 Annuntia-

355 4233 434 4289 vit
460 4231 603 4287 enim
633 4227 711 4283 eis
738 4220 1098 4280 fortitudinem
1137 4226 1358 4286 operum
1403 4219 1660 4266 suorum;
1691 4198 1944 4272 quoniam

357 4339 475 4398 qua
500 4319 784 4376 hominibus
827 4313 1048 4386 difﬁcilia
1088 4315 1202 4364 sunt
1222 4345 1236 4372 ,
1268 4303 1370 4358 Deo
1401 4298 1574 4373 facilia
1601 4304 1735 4350 sunt.
1769 4291 1836 4347 Ut
1864 4289 1947 4344 det

359 4387 464 4476 illis
491 4414 832 4470 [nereditatem
852 4407 1104 4464 Gentium.
1129 4402 1262 4457 ltum
1292 4407 1373 4453 est
1401 4393 1542 4450 enim
1564 4400 1615 4446 et
1639 4387 1705 4444 ad
1726 4387 1944 4451 Gentes,

361 4519 420 4568 et
443 4515 766 4581 prmeeptum
793 4499 1043 4558 divitibus
1071 4495 1230 4565 hujus
1258 4489 1436 4546 saeculi
1473 4500 1578 4540 non
1609 4480 1836 4552 superbe
1864 4493 1951 4532 sa-

365 4618 513 4676 pere,
539 4612 713 4669 neque
739 4605 954 4666 sperare
971 4590 1022 4644 in
1049 4588 1250 4642 incerto
1272 4580 1574 4636 divitiarum
1597 4592 1616 4641 ;
1637 4571 1732 4628 sed
1757 4572 1808 4626 in
1843 4569 1950 4624 Deo

367 4663 537 4766 ξάνθ’(
561 4693 582 4749 ι
610 4663 744 4746 itm.
770 4663 864 4751 ξι,
897 4684 962 4740 ιτ
985 4687 1004 4754 )
1029 4723 1045 4748 ,
1075 4680 1158 4734 cui
1189 4675 1344 4732 facile
1372 4681 1453 4727 est
1479 4667 1618 4740 quod
1649 4663 1953 4721 hominibus

369 4761 586 4847 difﬁcile
613 4792 715 4840 est.
743 4781 834 4836 Sic
856 4777 999 4834 enim
1025 4773 1174 4829 multi
1203 4765 1373 4824 vocati
1399 4771 1561 4828 sunt,
1591 4761 1666 4816 sic
1697 4762 1953 4826 occupata

371 4892 456 4939 est
482 4876 768 4935 hatreditas
801 4869 1048 4928 Gentium
1069 4907 1086 4934 ,
1112 4863 1189 4920 sic
1215 4862 1408 4916 factum
1447 4863 1529 4910 est
1558 4861 1616 4906 ut
1645 4851 1801 4906 etiam
1831 4847 1954 4918 plu-

373 4972 493 5030 rimi
527 4969 618 5041 qui
643 4981 748 5022 non
775 4961 1094 5018 dimiserunt
1121 4951 1298 5009 omnia
1330 4963 1424 5004 sua
1451 4946 1503 5000 in
1529 4943 1628 4998 hac
1654 4942 1764 4996 vita
1789 4947 1846 4992 ut
1873 4951 1959 4990 se-

327 5103 336 5110 .
375 5069 666 5138 querentur
685 5071 807 5112 eum
831 5096 845 5118 ,
873 5053 1034 5108 vitam
1064 5047 1222 5102 etiam
1249 5043 1416 5122 ipsam
1461 5052 1556 5107 pro
1587 5031 1814 5088 nominis
1844 5029 1958 5098 ejus

376 5113 496 5138 ἰη-
514 5113 573 5118 ’--
585 5113 594 5114 ί
608 5113 631 5115 ν
832 5113 842 5118 -
1301 5115 1308 5122 .

375 5153 714 5214 confessione
735 5147 1167 5204 contemnerent;
1199 5143 1253 5190 et
1283 5142 1532 5202 tanquam
1561 5122 1753 5181 cameli
1779 5113 1956 5174 luuni-

377 5249 568 5305 liantes
603 5259 662 5300 se
699 5240 766 5295 ad
793 5233 1054 5310 portanda
1079 5243 1240 5286 onera
1271 5233 1634 5296 prcssurarum
1664 5258 1678 5282 ,
1703 5215 1963 5268 intrarent

377 5345 538 5402 etiam
565 5341 704 5394 sicut
727 5349 818 5405 per
843 5330 1082 5386 foramen
1104 5338 1250 5386 acus,
1283 5333 1377 5389 per
1405 5316 1819 5383 compungentes
1843 5321 1962 5376 pas-

378 5434 548 5493 sionis
569 5427 859 5502 angustias.
898 5421 1016 5493 Ipse
1041 5415 1169 5474 fecit
1196 5413 1340 5478 hinc,
1375 5405 1460 5464 cui
1487 5404 1664 5461 omnia
1691 5397 1963 5472 possibilia

453 5621 508 5674 Ἰ.
539 5617 710 5686 Opera
735 5621 978 5665 manuum
997 5603 1110 5673 ejus
1127 5596 1306 5652 veritas
1327 5602 1371 5648 et
1393 5589 1667 5663 judicium.
1695 5585 1986 5640 Teneatur'

381 5677 670 5770 veritas'ab
699 5705 764 5760 iis
784 5699 873 5772 qui
915 5695 1218 5768 judicantur
1246 5687 1352 5741 hic.
1383 5683 1698 5739 iudicantur
1719 5677 1803 5732 hic
1829 5691 1968 5730 mar-
2029 5737 2032 5742 η

383 5819 550 5890 tyres,
575 5811 630 5860 et
655 5799 722 5856 ad
743 5795 999 5868 judicium
1027 5785 1406 5860 perducuntur,
1427 5791 1532 5848 quo
1549 5789 1652 5830 non
1671 5771 1842 5826 solum
1865 5784 1961 5825 eos

451 5934 470 5972 ι
503 5923 638 5987 ειμι,
656 5927 765 5984 qua
786 5925 879 5972 non
899 5903 1170 5974 inﬁrmitas.
1197 5898 1360 5960 Abest,
1381 5904 1493 5958 non.
1511 5902 1540 5942 a
1559 5885 1777 5956 pluribus
1795 5889 1902 5944 MSS.

1359 389 1750 453 ENABRATIO
1785 387 1854 447 ιΝ
1891 387 2214 449 PSALMUM
2242 391 2355 449 CX.

3445 383 3586 444 £466

2002 519 2032 560 a
2056 507 2244 576 quibus
2265 505 2484 578 judicati
2511 511 2654 573 sunt,
2682 502 2775 560 sed
2818 503 2976 560 etiam
3028 499 3246 574 angelos
3273 497 3582 570 dijudicent,

2005 595 2026 670 (
2053 595 2209 652 lCor.
2237 615 2306 664 vn,
2334 599 2367 652 5
2396 597 2453 670 ),
2502 597 2756 652 adversus
2786 608 2919 665 quos
2965 593 3044 649 eis
3093 600 3209 648 erat
3255 591 3582 658 colluctatio,

2003 691 2161 746 etiam
2192 706 2311 745 cum
2364 691 2430 745 ab
2488 689 2788 744 hominibus
2833 685 3057 758 judicari
3109 685 3433 741 viderentur.
3469 683 3587 741 Non

2004 791 2216 854 separet
2242 782 2258 813 ¹
2285 798 2314 835 a
2353 781 2562 836 Christo
2589 781 2857 836 tribulatio
2875 821 2890 842 ,
2912 779 3175 850 angustia,
3208 776 3394 844 fames,
3427 776 3586 832 nudi-

2005 883 2106 941 tas,
2133 872 2338 944 gladius
2363 875 2379 944 (
2403 873 2552 928 Rom.
2576 889 2688 940 vut,
2710 873 2778 928 55
2805 871 2848 943 ).
2875 870 3229 926 Fideliacnitn
3247 869 3418 923 omnia
3442 886 3587 926 matt-

2005 967 2124 1022 data
2141 968 2247 1038 ejus
2277 985 2296 1022 :
2323 983 2426 1022 non
2457 966 2607 1033 fallit,
2630 965 2851 1022 exhibet
2869 963 3010 1036 quod
3059 963 3320 1034 promisit.
3352 961 3461 1016 Non
3511 972 3589 1015 ta-

1985 1077 2129 1138 men
2151 1059 2290 1132 quod
2318 1061 2577 1131 promisit,
2623 1069 2704 1114 est
2761 1059 2846 1115 hic
2895 1056 3334 1126 cXSpcctanduut,
3365 1070 3469 1110 non
3502 1055 3586 1110 hic

2005 1154 2363 1226 sperandum;
2392 1152 2485 1208 sed
2521 1154 2818 1220 conﬁrmata
2865 1159 2980 1204 sunt
3021 1150 3074 1202 in
3113 1148 3354 1201 swculum
3393 1148 3588 1210 srcruli,

2006 1251 2141 1321 facta
2162 1249 2213 1302 in
2240 1252 2444 1304 veritate
2470 1257 2517 1302 et
2531 1245 2752 1318 jnstitia.
2787 1245 2899 1299 Hoc
2941 1250 3026 1298 est
3053 1257 3234 1296 verum
3283 1249 3335 1293 et
3361 1239 3586 1308 justum,

2007 1352 2064 1399 ut
2081 1344 2165 1398 hic
2188 1329 2474 1404 laboretur,
2503 1339 2610 1394 illic
2647 1337 3008 1408 requiescatur
3035 1351 3048 1388 :
3076 1334 3218 1403 quia,
3263 1331 3588 1398 Redemptio-

2007 1453 2119 1492 nem
2141 1437 2271 1490 misit
2299 1433 2484 1506 papula
2504 1447 2615 1486 suo.
2645 1429 2798 1486 Unde
2819 1437 2996 1482 autem
3035 1423 3385 1486 redimuntur,
3427 1419 3528 1476 ιιῐεί
3562 1435 3592 1474 a

2009 1528 2312 1600 captivitate
2343 1521 2780 1596 peregrinationis
2825 1516 3018 1588 hujus?
3049 1515 3164 1572 Non
3210 1527 3337 1585 ergo
3381 1512 3590 1584 requies

2007 1621 2108 1677 nisi
2142 1621 2192 1674 in
2215 1617 2416 1674 cmlesti
2440 1615 2606 1686 patria
2635 1612 2952 1684 requiratur.
3225 1603 3228 1606 ’

2081 1715 2134 1770 8.
2167 1713 2319 1768 Dedit
2343 1709 2556 1782 quidem
2578 1709 2719 1763 Deus
2768 1702 3020 1760 lsraelitis
3067 1699 3369 1756 carnalibus
3419 1707 3592 1753 terre—

2009 1821 2131 1862 nam
2182 1803 2500 1869 Jerusalem,
2555 1815 2666 1870 qua:
2710 1798 2858 1852 servit
2903 1810 3020 1849 cum
3049 1793 3170 1864 ﬁliis
3208 1787 3468 1847 suis:$ed
3497 1787 3597 1842 hoc

2014 1901 2178 1956 Vetus
2217 1898 2616 1954 Testamentum
2649 1901 2753 1958 est,
2773 1889 2838 1945 ad
2875 1897 3108 1944 veterem
3134 1884 3404 1939 hominem
3431 1880 3598 1951 perti-

2013 1991 2487 2060 nens.Quiantem
2527 1987 2596 2042 ibi
2643 1985 2864 2057 ﬁgurant
2920 1980 3314 2042 intellexerunt,
3357 1971 3598 2027 lueredes

2015 2090 2174 2145 etiam
2233 2095 2357 2140 tunc
2397 2081 2534 2138 Novi
2582 2076 2906 2136 Testamenti
2953 2073 3312 2134 exstiterunt;
3349 2067 3598 2139 quoniam

2014 2199 2127 2254 qua:
2152 2197 2352 2238 stu-sum
2374 2187 2444 2233 est
2467 2175 2750 2232 Jerusalem
2768 2172 2926 2226 libera
2959 2177 3052 2233 est,
3088 2181 3200 2237 quia
3225 2171 3296 2218 est
3316 2171 3474 2216 ntater
3503 2176 3602 2214 no-

2014 2253 2156 2348 stra(
2187 2274 2357 2328 Galat.
2387 2287 2455 2334 tv,
2485 2269 2578 2334 25,
2607 2266 2677 2322 26
2710 2265 2728 2335 )
2756 2272 2954 2318 aeterna
2982 2260 3034 2314 in
3065 2258 3234 2314 cmlis.
3274 2253 3469 2310 Vetere
3499 2267 3597 2306 au-

2017 2379 2124 2425 tem
2145 2369 2253 2433 illo,
2285 2366 2456 2434 rcipsa
2488 2361 2770 2432 probatum
2795 2363 2878 2412 est
2907 2350 3210 2409 transitoria
3253 2344 3598 2417 promisisse:

2019 2461 2283 2517 Mandavit
2315 2459 2509 2529 quippe
2534 2455 2587 2508 in
2624 2463 2866 2508 teternum
2903 2447 3274 2502 Testamentum
3302 2456 3468 2495 suum.
3497 2436 3602 2494 Sed

2019 2554 2182 2627 quod,
2231 2552 2330 2606 nisi
2385 2546 2634 2604 Novum?
2673 2542 2834 2614 Cujus
2879 2539 3051 2594 haeres
3085 2533 3327 2606 quisquis
3355 2545 3474 2586 esse
3503 2543 3600 2582 vo-

2021 2647 2202 2710 lueris,
2231 2644 2354 2699 nolo
2381 2651 2433 2697 te
2455 2639 2624 2702 fallas,
2652 2649 2753 2690 nec
2775 2646 2970 2688 terram
2999 2627 3296 2684 trahentem
3323 2625 3405 2679 lac
3430 2631 3482 2677 et
3499 2619 3603 2675 mel

2023 2737 2304 2796 carnaliter
2349 2735 2568 2804 cogites,
2601 2745 2707 2785 non
2756 2738 2964 2780 amoena
3017 2719 3233 2792 praedia,
3265 2732 3369 2772 non
3424 2713 3608 2768 hortos

2025 2831 2323 2888 fructiferos
2371 2837 2426 2882 et
2479 2837 2708 2894 opacos,
2770 2834 2876 2874 non
2929 2815 3034 2870 tale
3073 2810 3276 2882 aliquid
3333 2804 3608 2862 meditaris

2025 2924 2266 2995 adiplaCl,
2289 2921 2445 2992 quale
2475 2919 2611 2974 solet
2639 2915 2722 2970 hic
2743 2912 2926 2967 oculus
2941 2907 3177 2964 avaritia:
3206 2902 3606 2970 concupiscere.

2025 3020 2157 3077 Cum
2215 3017 2356 3070 enim
2403 3014 2471 3068 sit
2521 3010 2670 3066 radix
2731 3005 2966 3060 omnium
3037 2998 3298 3054 malorum
3351 2991 3610 3065 cupiditas

2031 3111 2051 3188 (
2079 3112 2098 3166 ι
2131 3110 2262 3164 Tim.
2295 3124 2366 3172 vt,
2394 3105 2459 3161 10
2481 3103 2522 3176 ),
2553 3097 2860 3173 perimenda
2891 3103 2973 3150 est
3004 3102 3063 3148 ut
3117 3090 3204 3145 hic
3241 3092 3606 3146 consumatur,

2031 3175 2138 3260 non
2167 3175 2546 3256 differendam
2585 3191 2658 3247 ibi
2697 3189 2938 3244 satietur.
2994 3184 3173 3238 l’rimo
3230 3192 3415 3249 pugnas
3468 3175 3610 3244 fuge,

2031 3299 2301 3370 geltcnuas
2329 3291 2502 3348 devita
2531 3307 2543 3341 :
2577 3297 2856 3354 antequam
2895 3277 3167 3334 desideres
3221 3272 3610 3344 promittentem

2037 3392 2220 3452 Deum,
2251 3399 2378 3442 cave
2416 3381 2724 3438 minantem.
2755 3374 3000 3432 Sanctum
3028 3368 3170 3424 enitn
3196 3374 3240 3420 et
3269 3362 3485 3418 terribile
3521 3374 3615 3414 no-

2034 3503 2146 3540 men
2175 3485 2302 3558 ejus.

2107 3579 2158 3634 9.
2185 3543 2215 3650 ί
2231 3589 2359 3629 vers.
2389 3567 2647 3642 10.]Pro
2685 3559 2890 3618 deliciis
2939 3564 3116 3610 autem
3159 3548 3408 3605 omnibus
3458 3543 3617 3613 hujus

2037 3670 2237 3732 smculi,
2265 3665 2452 3738 quales
2469 3661 2556 3716 vel
2579 3663 2830 3727 expertus
2867 3665 2946 3714 es,
2996 3647 3077 3702 vel
3103 3656 3298 3714 augere
3349 3653 3410 3694 ac
3441 3633 3620 3691 multi-

2039 3763 2238 3836 plicare
2257 3733 2537 3827 cogitando
2563 3759 2734 3821 potes,
2762 3740 3139 3800 immortalium
3167 3733 3474 3788 deliciarum
3507 3741 3623 3782 ina-

2041 3866 2176 3912 trem
2207 3850 2522 3918 concupisce
2545 3840 2855 3913 sapientiam
2887 3831 3042 3898 :scd,
3071 3829 3095 3884 Ι
3105 3829 3285 3884 uitium
3335 3821 3618 3892 sapientiai,

2043 3951 2192 4005 timor
2211 3913 2440 3999 Domitii.
2473 3933 2764 3994 Delectabit
2813 3929 2922 3992 illa,
2975 3934 3028 3980 ct
3075 3917 3412 3977 inell‘abiIiter
3439 3913 3622 3986 procul

2043 4039 2205 4097 dubio
2229 4030 2514 4092 delectabit
2535 4026 2696 4084 castis
2711 4031 2870 4091 atque
2899 4014 3112 4072 internis
3139 4007 3380 4065 veritatis
3424 4003 3627 4074 ample-

2045 4131 2202 4188 xibus
2227 4147 2240 4183 :
2273 4125 2366 4182 sed
2393 4124 2538 4194 prius
2559 4118 2652 4174 tibi
2670 4111 2917 4172 donanda
2937 4116 3060 4164 snnt
3084 4103 3457 4169 debita,quam
3489 4110 3626 4166 pra:-

2049 4226 2154 4282 mia
2179 4217 2482 4293 llagitanda.
2513 4212 2726 4268 Initium
2749 4221 2878 4276 ergo
2921 4198 3181 4270 sapientia:
3204 4195 3354 4248 timor
3403 4185 3627 4242 Domini.

2035 4319 2222 4374 Bonus
2247 4282 2320 4371 est
2369 4310 2666 4367 intellectus.
2694 4301 2822 4370 Quis
2865 4293 3061 4366 negat?
3109 4287 3214 4346 Sed
3259 4282 3554 4352 intelligere
3577 4287 3630 4332 et

2051 4431 2159 4471 non
2189 4411 2385 4474 facere,
2417 4399 2776 4477 periculosum
2803 4399 2904 4448 est.
2942 4388 3111 4442 Bonus
3141 4395 3268 4450 ergo
3313 4372 3631 4446 facientibus.

2053 4508 2162 4564 Nec
2183 4502 2402 4562 extollat
2423 4503 2652 4553 mentem
2679 4491 2730 4544 in
2761 4481 3088 4554 superbiam.
3112 4474 3274 4542 Cujus
3308 4469 3450 4526 enim
3479 4466 3634 4520 timor

2054 4613 2137 4662 est
2165 4600 2368 4656 initium
2399 4588 2692 4662 sapientiai,
2721 4581 2858 4635 Laus
2875 4577 2982 4648 ejus
3009 4579 3172 4628 manet
3187 4568 3242 4622 in
3268 4563 3510 4620 sa'culum
3540 4572 3635 4613 sas-

2056 4697 2158 4753 culi
2181 4709 2198 4748 :
2225 4701 2277 4747 et
2303 4691 2406 4744 hoc
2423 4684 2526 4741 erit
2561 4675 2858 4751 prmmium,
2911 4669 2996 4722 hic
3039 4664 3179 4728 linis,
3235 4659 3350 4713 lucc
3367 4657 3534 4730 statio
3555 4667 3638 4706 sc-

2031 4791 2258 4858 ‘desque
2287 4789 2557 4853 perpetua.
2587 4771 2698 4825 lllic
2743 4761 3086 4820 inveniuntur
3153 4749 3398 4808 mandata
3439 4743 3638 4808 ﬁdelia,

2059 4835 2257 4858 “⁵“’“”’“⁴Ι“’”“
2287 4835 2311 4853 r
2332 4835 2343 4836 ί
2385 4835 2398 4849 ι

2031 4881 2372 4937 'eonﬁrmata
2398 4871 2450 4924 in
2480 4863 2732 4920 smculum
2785 4851 2968 4910 smculi
3034 4865 3049 4912 ;
3083 4847 3194 4916 ipsa
3223 4849 3308 4896 est
3363 4835 3641 4890 lum-editas

2061 4975 2189 5032 Novi
2217 4960 2544 5024 Testamenti
2586 4951 2830 5010 mandata
2871 4947 2922 5000 in
2963 4949 3242 4996 aeternum.
3279 4931 3446 4986 Unam
3501 4923 3640 4994 petii,

2063 5064 2253 5136 inquit,
2276 5077 2306 5113 a
2329 5055 2576 5116 Domino,
2619 5047 2747 5100 hanc
2779 5037 3055 5110 requiram,
3085 5037 3140 5083 ut
3173 5023 3448 5080 inhabilem
3475 5017 3528 5070 in
3555 5014 3642 5068 tlo~

2774 5135 2779 5136 ν
2897 5130 2908 5136 -
3112 5135 3120 5136 κ
3152 5119 3164 5136 ι
3205 5113 3324 5136 nm:
3376 5123 3498 5136 -..ιη
3560 5105 3621 5136 ιι

2159 5105 2253 5126 ....,
2276 5105 2306 5113 .-
2329 5105 2361 5110 _
2563 5105 2576 5116 ,
2848 5105 2858 5110 _

2063 5105 2150 5212 int;
2169 5150 2373 5210 Domini
2402 5161 2490 5218 per
2517 5155 2690 5196 omnes
2731 5135 2836 5188 dies
2861 5130 2975 5184 vita:
3001 5119 3166 5191 tnea:(
3197 5113 3341 5170 Psal.
3376 5123 3521 5171 xxt't,
3553 5105 3644 5172 4).

2067 5196 2146 5212 ...ν
2169 5196 2371 5210 .,.,.....--
2403 5196 2474 5218 rh

2031 5267 2034 5270 ‘
2066 5249 2212 5306 Beati
2238 5245 2379 5300 enim
2405 5238 2494 5310 qui
2529 5233 2766 5290 habitant
2809 5226 2861 5280 in
2902 5221 3062 5278 domo
3093 5208 3297 5270 Domini
3327 5222 3342 5272 ;
3372 5203 3423 5258 in
3451 5196 3645 5256 Saecula

2067 5343 2384 5403 surculorum
2459 5329 2751 5387 laudabunt
2819 5333 2940 5374 eum
2973 5312 2992 5386 (
3021 5311 3166 5366 Psat.
3223 5313 3423 5359 Lsxxtu
3452 5337 3468 5364 ,
3517 5293 3550 5350 5
3579 5292 3598 5364 )
3631 5306 3647 5344 :

2071 5435 2319 5511 quoniam
2337 5430 2448 5484 laus
2467 5425 2574 5484 eius
2597 5421 2762 5471 manet
2777 5413 2830 5467 in
2859 5404 3096 5462 saeculum
3117 5393 3310 5453 steculi.

2135 5545 2258 5640 {sic
2289 5559 2398 5635 MSS;
2421 5584 2475 5630 At
2496 5573 2629 5635 Edd.,
2649 5581 2766 5634 quos
2786 5576 2879 5617 non
2901 5558 3146 5624 separaret
3167 5565 3198 5602 a
3218 5545 3422 5607 Christo,
3443 5547 3538 5593 etc.
