4070 6474
460 345 483 402 1
495 342 596 402 467

1678 466 2026 482 --

468 467 1666 493 _______________________

914 555 997 617 IN
1039 548 1424 616 PSALMUM
1452 507 1608 611 CXI

1051 671 1450 730 ENARRATIO

969 803 1140 844 SEBIIO
1168 804 1236 843 AD
1269 802 1532 844 Ροιιυιῐιιι.

498 893 500 895 ’
533 908 585 962 1.
617 905 791 964 Credo
815 903 955 976 quod
993 903 1317 969 attendistis,
1367 901 1577 967 fratres,
1620 901 1778 971 hujus
1832 898 2042 956 titulum

465 1001 676 1071 psalmi,
721 998 1097 1068 memoria-que
1150 995 1461 1049 mandastis.
1514 993 1801 1059 Conversio,
1852 993 2042 1063 inquit,

461 1091 635 1162 Aggwi
657 1099 704 1143 et
729 1089 1009 1143 Zachariaz.
1038 1081 1277 1142 Nondum
1316 1092 1467 1140 erant
1507 1084 1559 1138 hi
1605 1084 1894 1154 prOphetzn,
1925 1098 2046 1138 cum

461 1186 560 1240 ista
607 1173 817 1238 cantata
874 1191 1014 1236 sunt.
1065 1180 1302 1251 Namque
1350 1179 1488 1234 inter
1527 1187 1733 1248 tempus
1789 1178 2048 1244 David,et

460 1275 978 1344 transmigrationcm
1025 1273 1202 1344 populi
1231 1271 1388 1327 Israel
1432 1271 1482 1324 in
1519 1270 1881 1341 Babyloniam,
1911 1285 2045 1339 qua-

463 1367 753 1422 tuordecim
807 1365 1177 1436 generationes
1235 1373 1611 1426 numerantur,
1669 1361 1805 1415 sicut
1870 1360 2048 1416 divina

461 1459 758 1528 Scriptura,
811 1458 1144 1528 maximeque
1175 1455 1450 1510 Mattbaeus
1475 1453 1794 1523 evangelista
1827 1461 2050 1507 testatur

463 1551 481 1620 (
517 1550 704 1605 Matth.
736 1566 770 1613 I,
801 1549 866 1603 17
894 1551 910 1616 )
943 1567 956 1602 :
999 1547 1168 1603 eversi
1204 1556 1379 1601 autem
1410 1545 1590 1614 templi
1640 1543 1914 1598 renovatio
1957 1557 2048 1598 se-

461 1642 692 1699 cundum
723 1640 894 1696 sancti
922 1640 1167 1695 .leremia:
1196 1637 1523 1709 prophetiam
1548 1678 1562 1703 ,
1589 1652 1650 1691 ex
1693 1636 1777 1691 illa
1801 1636 2052 1690 transmi-

462 1735 701 1805 gratione
729 1743 848 1805 post
897 1731 1226 1802 septuaginta
1255 1745 1425 1784 annos
1463 1728 1777 1799 sperabatur
1806 1728 1823 1798 (
1849 1726 2043 1782 Jerem.

461 1842 586 1893 xxv,
619 1825 686 1881 12
709 1825 802 1890 ;'et
837 1840 994 1896 χχιιι,
1020 1822 1087 1878 10
1119 1822 1135 1896 )
1167 1842 1179 1876 :
1214 1823 1301 1892 qui
1329 1837 1446 1875 cum
1496 1820 1914 1889 complerentur,
1947 1817 2048 1874 sub

464 1897 622 1973 Datin
653 1897 1081 1988 rege‘Babylouis
1122 1915 1338 1983 impleti
1386 1921 1509 1968 sunt
1554 1911 1751 1983 Spiritu
1785 1919 1968 1966 sancto
1995 1910 2048 1965 lti

462 2010 570 2065 duo
616 2009 905 2079 prephetze,
941 2009 1166 2078 Aggaeus
1214 2014 1267 2060 et
1304 2004 1590 2059 Zacharias
1615 2020 1630 2070 ;
1655 2011 1709 2058 et
1751 2003 1908 2057 ambo
1931 2011 2052 2072 post

464 2101 687 2156 invicem
724 2101 858 2154 intra
897 2115 1055 2153 unum
1117 2113 1312 2152 annum
1375 2096 1692 2166 prophetare
1750 2102 2046 2164 eruperunt,

462 2197 603 2268 quod
629 2195 694 2249 ad
721 2193 1118 2249 renovationem
1152 2191 1365 2260 templi,
1410 2190 1545 2243 sicut
1574 2196 1721 2242 tanto
1753 2197 1878 2243 ante
1907 2202 2045 2258 pra:-

462 2289 659 2344 dictunt
688 2298 795 2350 est,
842 2285 1110 2355 pertinere
1150 2283 1360 2338 videtur
1395 2279 1438 2355 (l
1469 2279 1626 2334 Esdr.
1652 2295 1669 2334 ι
1692 2321 1705 2342 ,
1732 2295 1799 2345 v;
1829 2279 1961 2350 Agg.
1991 2293 2046 2343 ις

462 2381 680 2439 Zacliar.
709 2380 771 2450 I).
821 2378 928 2435 Sed
968 2378 1206 2449 quisquis
1250 2374 1601 2445 corporaliter
1628 2373 1792 2443 gestis
1837 2372 2049 2426 oculum

462 2473 637 2527 cordis
659 2470 860 2541 inﬁgit,
894 2483 1066 2538 neque
1090 2467 1211 2521 inde
1237 2466 1288 2520 in
1319 2465 1545 2534 gratiam
1571 2462 1862 2532 spiritualis
1891 2461 2050 2516 intel-

464 2565 628 2621 lectus
673 2561 1016 2624 extenditur,
1081 2558 1282 2613 habitat
1321 2557 1641 2626 cogitatione
1695 2553 1749 2608 in
1790 2552 2052 2624 lapidibus

465 2654 666 2724 templi,
697 2652 885 2724 quibus
913 2649 1134 2705 visibilis
1167 2647 1362 2702 fabrica
1389 2635 1633 2701 manibus
1666 2645 1949 2705 hominum
1970 2644 2052 2696 itt-

468 2755 667 2803 structa
700 2744 1006 2814 consurgit;
1037 2756 1133 2796 nec
1164 2742 1277 2811 ipse
1305 2740 1439 2809 lapis
1464 2741 1613 2792 vivus
1640 2738 1888 2803 efﬁcitur,
1923 2746 2050 2792 tem-

468 2839 554 2909 plo
583 2837 657 2892 illi
689 2835 1121 2892 accommodatus
1147 2844 1304 2904 atque
1329 2842 1483 2900 aptus
1507 2873 1521 2897 ,
1553 2831 1693 2900 quod
1723 2831 1772 2884 in
1804 2845 1901 2884 suo
1922 2845 2044 2883 cor-

463 2946 592 3001 pore
640 2929 868 3000 primum
918 2927 1170 2981 Dominus
1219 2925 1500 2995 ﬁguravit,
1543 2939 1662 2976 cum
1709 2923 1824 2976 ait:
1859 2921 2052 2976 Solvite

465 3013 707 3093 templum
748 3009 878 3086 hoc»,
909 3027 956 3073 et
983 3018 1152 3072 triduo
1189 3015 1439 3071 suscitabo
1465 3014 1595 3070 illud
1621 3013 1802 3084 (Joan.
1833 3029 1902 3076 ιι,
1933 3013 2046 3083 19).

465 3113 562 3168 Est
588 3112 730 3168 enim
758 3123 953 3180 corpus
976 3108 1181 3163 Domini
1205 3107 1413 3177 plenius
1442 3107 1550 3175 ipsa
1575 3113 1754 3160 sancta
1787 3103 2048 3171 Ecclesia,

463 3205 616 3276 cujus
660 3211 818 3272 caput
844 3199 1083 3256 ascendit
1121 3201 1172 3254 in
1201 3199 1415 3260 caelum,
1443 3198 1533 3268 qui
1563 3206 1642 3252 est
1665 3197 1893 3251 maxime
1919 3196 2051 3264 lapis

464 3298 614 3352 vivus
633 3338 648 3363 ,
697 3296 831 3366 lapis
856 3293 1126 3365 augularis
1150 3334 1165 3358 ,
1219 3291 1288 3347 de
1314 3307 1419 3362 quo
1448 3291 1632 3345 beatus
1661 3289 1851 3344 Petrus
1876 3288 2004 3342 dicit
2034 3305 2048 3342 :

470 3409 489 3443 α
526 3377 607 3443 Μ
652 3379 806 3458 quem
835 3385 1150 3442 accedentes
1182 3383 1449 3452 ‘lapidem
1478 3382 1651 3435 vivum
1679 3423 1693 3445 ,
1728 3381 1796 3434 ab
1825 3379 2052 3434 homini-

465 3484 562 3539 bus
589 3482 960 3553 reprobatum,
989 3496 1019 3534 a
1046 3481 1156 3534 Deo
1190 3486 1366 3532 autem
1397 3476 1623 3530 electum
1651 3483 1704 3529 et
1728 3473 2050 3528 honoriﬁca-

465 3587 613 3642 tum;
642 3585 695 3630 et
718 3590 814 3629 vos
844 3588 972 3643 ergo
995 3581 1244 3642 tanquam
1275 3568 1475 3639 lapides
1505 3567 1608 3620 vivi
1637 3565 1970 3620 ardilicamini
1997 3566 2049 3620 in

466 3668 682 3723 domum
712 3664 1039 3736 spiritualem
1065 3705 1081 3730 ,
1128 3662 1181 3716 in
1212 3659 1568 3716 sacerdotium
1597 3670 1874 3724 sanctum,
1915 3655 2052 3712 olfe-

467 3771 647 3816 rentes
689 3757 991 3830 spirituales
1032 3756 1276 3810 victimas
1318 3760 1564 3823 acceptas
1597 3753 1706 3806 Deo
1746 3766 1842 3821 per
1867 3750 2050 3807 .lesum

465 3853 732 3909 Christum
765 3871 778 3906 :
806 3852 929 3923 quia
949 3851 1187 3906 continet
1216 3848 1507 3920 Scriptura,
1532 3847 1677 3901 Ecce.
1693 3861 1834 3916 pono
1856 3846 1907 3901 in
1924 3845 2050 3902 Sion

465 3943 690 4018 lapidem
717 3944 1058 4018 angularem,
1091 3944 1334 4006 electum,
1372 3939 1663 4010 pretiosum
1684 3981 1699 4006 ,
1725 3946 1781 3993 et
1808 3939 1899 4010 qui
1936 3955 2052 3994 ere-

469 4015 665 4092 diderit
693 4015 918 4091 in'illum
943 4077 958 4101 ,
993 4049 1098 4089 non
1125 4030 1480 4088 confundetur
1517 4049 1536 4083 ι
1570 4030 1610 4096 (1
1639 4028 1778 4084 Petr.
1813 4046 1883 4095 ιι,
1907 4029 2048 4102 4-6).

461 4116 610 4202 Ergo
641 4139 695 4185 ut
725 4128 814 4184 ﬁat
858 4129 1081 4200 quisque
1125 4126 1260 4197 lapis
1285 4126 1436 4179 vivus
1465 4123 1532 4178 ad
1583 4123 1745 4178 talem
1797 4123 2050 4177 fabricam

469 4221 692 4276 idoneus
717 4262 730 4283 ,
779 4218 1126 4289 Spiritualiter
1153 4217 1412 4286 intelligat
1441 4214 1623 4283 templi
1653 4214 2050 4269 rettovatiouem

471 4328 537 4367 ex
566 4312 716 4366 ruina
743 4317 924 4364 vetere
951 4324 1068 4378 qum
1096 4309 1148 4362 in
1168 4306 1336 4361 Adam
1367 4305 1498 4360 facta
1529 4314 1635 4371 est,
1663 4305 2050 4374 reparationem

471 4401 592 4458 novi
634 4401 811 4473 populi
859 4399 1150 4455 secundum
1183 4412 1379 4452 novum
1405 4396 1675 4451 hominem
1703 4405 1862 4465 atque
1888 4395 2052 4450 coale-

469 4503 605 4548 stem
633 4511 645 4546 :
678 4504 731 4545 ut
758 4491 892 4545 sicut
920 4489 1250 4560 portavimus
1277 4488 1561 4558 imaginem
1590 4487 1786 4542 terreni
1812 4528 1827 4551 ,
1869 4495 2051 4556 porte-

469 4601 587 4639 mus
621 4593 674 4639 et
719 4581 1000 4654 imaginem
1047 4582 1163 4651 ejus
1203 4581 1294 4651 qui
1323 4579 1391 4634 de
1437 4580 1577 4635 crelo
1621 4589 1704 4633 est
1744 4579 1785 4648 (Ι
1814 4578 1930 4632 Cor.
1961 4595 2049 4643 xv,

469 4676 560 4746 49)
588 4717 602 4742 ,
650 4689 754 4744 quo
784 4672 1051 4743 possimus
1085 4680 1207 4744 post
1248 4685 1436 4726 omnes
1465 4670 1644 4726 seaculi
1675 4669 1833 4739 hujus
1870 4677 2055 4724 artatas

473 4777 719 4836 tanquam
759 4773 881 4836 post
928 4764 1260 4834 septuaginta
1306 4777 1514 4828 annos,
1559 4761 1648 4832 qui
1678 4761 1902 4832 mystico
1927 4775 2053 4830 per-

471 4858 713 4912 fectionis
759 4870 983 4911 numero
1022 4855 1442 4925 praesignantur,
1477 4860 1532 4907 et
1557 4860 1807 4923 tanquam
1831 4861 1950 4922 post
1969 4866 2056 4906 ca-

471 4951 766 5021 ptivitatem
816 4949 1119 5019 longinquae
1172 4945 1649 5017 peregrinationis,
1701 4960 1804 5000 non
1854 4945 2055 5000 ruitura

473 5043 612 5098 male
659 5041 935 5105 construi,
980 5040 1073 5096 sed
1116 5048 1313 5095 aeterna
1366 5038 1766 5094 immortalitate
1812 5037 2052 5093 solidari.

469 5135 810 5206 Spiritualem
843 5132 1037 5204 quippe
1055 5131 1373 5196 Jerusalem,
1405 5146 1510 5184 non
1540 5129 1706 5201 magis
1727 5129 2052 5196 Judteorum,

470 5243 624 5298 quam
659 5237 886 5282 vestram
918 5239 1037 5279 esse
1073 5223 1358 5294 deputetis.
1408 5222 1556 5278 Sicut
1597 5223 1739 5276 enim
1767 5222 1894 5278 dicit
1917 5221 2057 5293 Apo-

467 5318 638 5373 stolus
666 5359 681 5384 ,
721 5336 740 5370 ι
767 5316 883 5373 Jam
933 5332 1036 5371 non
1068 5317 1198 5372 estis
1232 5315 1497 5386 peregrini
1527 5325 1582 5370 et
1629 5316 1912 5386 inquilini;
1963 5315 2056 5371 sed

470 5411 600 5464 estis
624 5411 766 5464 cives
805 5418 1106 5464 sanctorum
1150 5417 1204 5462 et
1238 5407 1512 5463 domestici
1553 5407 1679 5474 Dei,
1727 5407 2054 5478 supermdiﬁ-

472 5501 574 5556 cati
617 5516 782 5571 super
824 5499 1227 5556 fundamentum
1282 5501 1658 5570 Apostolorum
1678 5510 1741 5557 et
1767 5501 2060 5569 Pr0pheta-

474 5607 626 5657 rum,
675 5591 792 5661 ipso
819 5606 1027 5645 summo
1057 5591 1295 5662 angulari
1337 5591 1513 5662 lapide
1552 5591 1813 5648 existente
1846 5588 2060 5646 Christo
2092 5585 2101 5598 “

475 5684 643 5751 Jesu,
691 5684 741 5736 in
783 5697 889 5752 quo
931 5684 1104 5740 omnis
1144 5685 1424 5741 aediﬁcatio
1461 5691 1739 5754 compacta
1783 5683 1978 5740 crescit
2006 5683 2058 5738 in

540 5818 562 5853 ι
592 5823 722 5880 ιι..
750 5814 1042 5869 accedimus.

1647 332 1707 389 s.
1747 329 2112 412 [incusum
2153 329 2456 412 El'lSCQPl

3594 347 3617 403 1
3633 347 3735 414 568

2152 448 2405 518 templum
2431 456 2672 532 sanctum
2700 450 2753 506 in
2777 452 3038 534 Domino,
3087 456 3138 509 in
3165 471 3274 530 quo
3301 465 3356 534 et
3379 473 3474 513 vos
3499 461 3734 518 coaediﬁ-

2151 541 2342 595 cantini
2377 542 2428 595 in
2459 521 2817 602 habitaculum
2848 521 3054 600 Domini
3081 533 3132 618 in
3159 521 3347 618 s'piritru
3373 568 3391 602 ι
3420 550 3637 622 (Ep/ws.
3672 570 3732 620 tt,

2153 621 2382 706 £9122),
2410 633 2520 688 Hoc
2548 643 2630 688 est
2659 636 2910 705 templum
2942 635 3072 703 Dei,
3103 637 3167 693 ad
3212 641 3352 708 quod
3387 643 3621 713 pertinet
3647 659 3736 698 sa-

2152 731 2481 778 cramentum
2530 725 2952 796 prophetationis
2999 728 3178 798 Aggaai
3203 739 3256 784 et
3301 729 3573 787 Zacharia:
3605 751 3617 787 :
3649 735 3740 790 cui

2151 829 2337 869 rursus
2367 815 2504 870 idem
2535 817 2804 887 apostolus
2833 816 2995 886 dicit,
3031 818 3292 891 Templum
3326 825 3458 877 enim
3487 825 3582 879 Dei
3612 845 3741 881 sau-

2153 916 2288 960 ctum
2308 915 2401 974 est,
2431 908 2566 977 quod
2587 909 2704 964 estis
2731 927 2816 964 vos
2839 909 2884 982 (Ι
2909 910 3027 968 Cor.
3045 901 3137 978 ἰιι,
3169 915 3278 985 17).
3307 915 3555 988 Quisquis
3583 921 3744 990 igitur

2153 1012 2212 1053 se
2238 997 2308 1052 ad
2334 1012 2467 1069 Opus
2495 999 2650 1070 hujus
2679 1001 3109 1059 comdiﬁcationis
3130 1047 3144 1070 ,
3195 1016 3248 1060 et
3274 1007 3338 1062 ad
3364 1024 3511 1079 spem
3541 1022 3746 1067 sancta:

2155 1081 2424 1161 firmaeque
2450 1092 2799 1162 compaginis,
2825 1103 3070 1166 tanquam
3097 1097 3327 1167 lapidem
3355 1101 3529 1155 vivum
3555 1103 3623 1156 ab
3645 1103 3748 1157 hu-

2147 1182 2237 1252 jus
2267 1184 2448 1262 mundi
2494 1186 2707 1240 ruinosa
2755 1174 2872 1243 labe
2911 1192 3207 1258 convertit;
3255 1192 3499 1265 intelligit
3531 1196 3747 1253 titulum

2155 1273 2380 1341 Psalmi,
2433 1276 2671 1349 intelligit
2715 1281 3120 1337 conversionem
3153 1284 3328 1354 Aggtei
3360 1296 3412 1340 et
3439 1281 3742 1344 Zacharhe.

2153 1365 2346 1421 Cautet
2372 1383 2498 1440 ergo
2537 1386 2654 1442 quae
2684 1381 2981 1441 sequuntur
3002 1417 3017 1440 ,
3069 1391 3176 1430 non
3222 1385 3327 1431 tam
3359 1379 3550 1450 lingua:
3582 1397 3744 1450 voce,

2153 1474 2310 1532 quam
2338 1460 2458 1514 vitae
2489 1462 2528 1514 ί.
2581 1462 2696 1516 Erit
2721 1465 2861 1518 enim
2889 1465 3096 1521 aediﬁcii
3131 1468 3388 1538 perfectio
3409 1513 3424 1537 ,
3461 1473 3748 1530 ineffabilis

2155 1565 2257 1620 pax
2284 1550 2369 1604 illa
2410 1553 2720 1622 sapientim,
2768 1555 2919 1625 cujus
2966 1557 3174 1612 initium
3224 1569 3307 1614 est
3347 1562 3503 1616 timor
3536 1563 3746 1620 Domini

2159 1639 2337 1718 (Prov.
2370 1658 2409 1708 ι,
2437 1641 2491 1715 7)
2527 1663 2538 1698 :
2571 1645 2694 1702 inde
2719 1661 2846 1717 ergo
2871 1648 3110 1720 incipiat,
3145 1667 3302 1722 quem
3327 1655 3620 1712 coacdiﬁcat
3643 1658 3746 1713 ista

2154 1745 2453 1787 COHVCI‘SIO.

2225 1824 2279 1878 2.
2314 1825 2468 1899 [vers
2509 1825 2585 1901 1.]
2615 1827 2800 1884 Beatus
2821 1831 2962 1887 enim
2990 1834 3067 1888 vir
3091 1837 3179 1906 qui
3201 1837 3338 1892 timet
3363 1838 3663 1908 Dominum,
3689 1844 3746 1898 in

2155 1917 2409 1972 mandatis
2443 1920 2552 1991 ejus
2581 1920 2710 1975 volet
2741 1923 2908 1978 nimis.
2956 1924 3161 1982 Viderit
3189 1929 3327 1984 Deus
3347 1972 3362 1996 ,
3395 1933 3482 2002 qui
3513 1934 3661 1988 solus
3693 1945 3750 1991 el.
3823 1946 3828 1950 ’

2156 2010 2418 2066 veraciter
2448 2021 2501 2066 et
2533 2013 2952 2071 misericorditer
2972 2017 3192 2086 judicat,
3225 2033 3478 2092 quantum
3509 2025 3608 2079 iste
3630 2043 3752 2096 pro-

2157 2099 2298 2155 ficiat
2328 2102 2378 2155 in
2406 2102 2671 2159 mandatis
2694 2105 2809 2176 ejus
2843 2125 2855 2160 :
2885 2109 3136 2178 quoniam
3178 2095 3380 2165 tentatio
3410 2123 3482 2167 est
3523 2095 3751 2172 vitabu-

2157 2210 2308 2247 mana
2327 2211 2477 2265 super
2500 2204 2705 2263 terram,
2735 2200 2871 2254 sicut
2899 2211 3112 2258 sanctus
3129 2203 3229 2258 Job
3249 2204 3376 2260 dicit
3407 2205 3529 2276 (Job
3547 2226 3635 2274 vn,
3668 2214 3686 2265 l
3701 2212 3745 2283 ).

2157 2287 2225 2342 Et
2277 2289 2467 2344 iterum
2518 2293 2775 2364 scriptum
2822 2305 2949 2351 est:
2995 2316 3014 2351 ‹
3050 2298 3312 2368 Quoniam
3364 2319 3559 2374 corpus
3599 2306 3747 2376 quod

2156 2382 2519 2452 corrumpitur
2541 2425 2555 2449 ,
2587 2397 2838 2456 aggravat
2877 2390 3109 2445 animam
3137 2435 3151 2457 ,
3180 2401 3233 2447 et
3259 2393 3508 2465 deprimit
3534 2406 3749 2454 terrena

2155 2473 2472 2530 itthahitatio
2501 2491 2715 2532 sensum
2741 2481 2904 2536 multa
2931 2484 3249 2554 cogitantem
3279 2505 3297 2538 ι
3331 2487 3487 2556 (Sap.
3520 2507 3591 2556 Ix,
3631 2493 3746 2564 15).

2155 2566 2255 2633 Qui
2287 2576 2462 2623 autem
2482 2569 2738 2639 dijudicat
2762 2589 2880 2640 nos,
2913 2575 3164 2632 Dominus
3184 2587 3267 2634 est
3296 2597 3308 2632 :
3345 2596 3443 2636 m-c
3462 2592 3585 2640 ante
3607 2592 3748 2639 tem-

2156 2673 2257 2729 pus
2282 2658 2521 2728 judicare
2549 2661 2804 2718 debemus
2822 2706 2835 2729 ,
2879 2665 3049 2722 donec
3074 2669 3250 2724 veniat
3278 2670 3533 2727 Dominus
3555 2717 3567 2739 ,
3593 2685 3648 2729 et
3674 2676 3747 2730 il-

2156 2750 2379 2807 Inminet
2401 2753 2711 2810 abscondita
2740 2758 3098 2825 tenebrarum,
3129 2772 3183 2816 et
3212 2763 3567 2821 manifestahit
3595 2770 3748 2839 cogi-

2158 2843 2384 2898 tationes
2414 2846 2626 2910 cordis;
2679 2856 2734 2902 et
2777 2856 2901 2905 tunc
2947 2851 3061 2907 laus
3107 2854 3210 2908 erit
3256 2856 3539 2928 unicuique
3567 2874 3597 2914 a
3632 2861 3750 2916 Deo

2159 2933 2202 3006 (l
2236 2935 2350 2990 Cor.
2383 2953 2455 3001 tv,
2493 2938 2527 2993 4
2547 2948 2593 2992 et
2617 2940 2695 3011 5).
2734 2940 2938 2997 Viderit
2961 2959 3089 3016 ergo
3119 2946 3206 3001 ille
3236 2959 3491 3018 quantum
3519 2952 3750 3023 quisque

2159 3028 2402 3097 proﬁciat
2448 3030 2498 3082 in
2546 3033 2810 3088 mandatis
2848 3034 2963 3104 ejus
2997 3054 3010 3090 :
3043 3049 3215 3093 tamen
3264 3041 3404 3096 volet
3451 3043 3611 3099 nimis
3652 3047 3746 3114 qui

2157 3134 2339 3190 pacem
2399 3121 2538 3177 illius
2584 3125 3018 3183 coaediﬁcationis
3061 3129 3422 3201 adamaverit;
3483 3151 3580 3190 nec
3627 3129 3744 3208 jam

2158 3215 2446 3287 desperare
2475 3215 2634 3273 debet
2658 3261 2673 3286 ,
2720 3221 2966 3290 quoniam
3008 3223 3060 3278 in
3086 3228 3337 3282 mandatis
3361 3230 3473 3301 ejus
3502 3231 3633 3285 volet
3659 3233 3748 3286 ui-

2157 3306 2284 3371 mis,
2345 3314 2399 3360 et
2446 3323 2550 3386 pax
2602 3309 2654 3364 in
2704 3318 2842 3366 terra
2894 3305 3201 3372 hominibus
3256 3319 3411 3375 bona:
3456 3323 3750 3382 voluntatis

2159 3395 2308 3468 (Luc.
2341 3414 2408 3464 ιι,
2445 3399 2558 3468 14).
3261 3411 3264 3413 “

2229 3490 2281 3544 5.
2316 3489 2466 3564 [vers.
2488 3493 2540 3558 2,
2577 3492 2654 3566 5.]
2687 3495 2834 3564 Inde,
2868 3497 3056 3555 Potens
3084 3501 3136 3556 in
3158 3509 3291 3556 terra
3312 3504 3406 3557 erit
3420 3521 3584 3559 semen
3609 3508 3747 3578 ejus.

2156 3581 2352 3637 Semen
2375 3583 2566 3639 futurae
2590 3588 2782 3644 messis
2802 3631 2816 3655 ,
2846 3605 3007 3661 opera
3039 3607 3156 3648 esse
3188 3595 3570 3660 misericordia:
3603 3601 3751 3668 Apo-

2159 3663 2324 3728 stolus
2347 3676 2493 3730 testis
2521 3688 2623 3743 est,
2655 3683 2742 3750 qui
2773 3679 2933 3747 dicit,
2963 3681 3159 3738 Bonum
3185 3683 3352 3740 autem
3379 3687 3617 3758 facientes
3644 3677 3751 3745 non

2159 3765 2497 3836 deﬁciamus;
2529 3779 2753 3840 tempore
2778 3774 2909 3826 enim
2940 3777 3146 3847 praprio
3186 3771 3422 3832 metemus
3453 3779 3644 3852 (Galat.
3671 3799 3747 3852 τι,

2159 3859 2215 3930 9)
2246 3877 2258 3912 :
2283 3870 2336 3914 et
2360 3861 2574 3928 iterum,
2610 3862 2720 3917 Hoc
2745 3853 3129 3938 autent,'inquit
3152 3871 3194 3936 ’,
3220 3872 3307 3940 qui
3326 3885 3477 3942 parce
3505 3875 3746 3943 seminat,

2159 3969 2308 4023 parce
2337 3961 2380 4005 et
2408 3965 2554 4008 metet
2578 3954 2643 4026 (ll
2668 3952 2787 4010 Cor.
2810 3973 2878 4022 ιι,
2913 3958 2988 4031 6).
3022 3959 3157 4028 Quid
3184 3972 3382 4031 autem,
3413 3963 3623 4032 fratres,
3653 3983 3751 4037 po»

2158 4045 2354 4098 tentius
2375 4084 2391 4110 ,
2425 4059 2582 4115 quam
2611 4056 2667 4101 ut
2697 4063 2914 4118 regnum
2943 4052 3199 4107 crelorum
3225 4097 3240 4123 ,
3273 4071 3375 4109 non
3416 4057 3586 4111 solum
3611 4057 3748 4114 Zac-

2159 4134 2339 4191 cltceus
2370 4147 2512 4192 emat
2538 4138 2760 4196 dimidio
2787 4159 2966 4198 rerum
2990 4162 3205 4201 suarum
3235 4147 3384 4220 (Luc.
3419 4166 3529 4220 xtx,
3553 4151 3630 4224 8),
3653 4155 3748 4209 sed

2158 4234 2211 4280 et
2237 4227 2392 4282 vidua
2416 4227 2622 4284 duobus
2660 4232 2877 4288 minutis
2912 4235 3103 4306 (Marc.
3137 4255 3243 4306 xu,
3273 4240 3362 4310 42)
3384 4284 3398 4308 ,
3432 4251 3485 4297 et
3511 4243 3749 4300 tantum-

2158 4319 2278 4375 dem
2311 4322 2380 4377 ibi
2413 4333 2632 4394 uterque
2659 4325 2970 4398 possideat?
3011 4331 3135 4400 quid
3168 4335 3470 4402 potentius,
3502 4352 3661 4407 quam
3694 4350 3753 4394 ut

2159 4411 2297 4467 idem
2329 4429 2548 4484 regnum
2579 4425 2632 4470 et
2668 4417 2934 4474 thesauris
2975 4421 3122 4476 diviti
3144 4466 3156 4490 ,
3188 4432 3241 4478 et
3279 4426 3442 4481 calice
3473 4421 3625 4498 aqua:
3655 4429 3753 4485 fri-

2156 4503 2293 4573 gidm
2337 4505 2554 4575 pauperi
2585 4508 2803 4563 valeat?
2851 4509 2987 4566 Sunt
3029 4521 3205 4568 autem
3249 4515 3338 4586 qui
3383 4517 3479 4572 ista
3529 4520 3746 4587 faciant,

2159 4595 2284 4649 dum
2313 4605 2523 4651 terrena
2551 4601 2907 4670 conquirunt,
2958 4603 3163 4660 aut'hie
3189 4607 3489 4663 mercedem
3527 4621 3754 4681 Speran-

2161 4696 2241 4743 tes
2261 4703 2289 4742 a
2319 4688 2568 4756 Domino,
2602 4703 2693 4746 aut
2716 4691 3021 4751 hominibus
3047 4697 3257 4767 placere
3282 4697 3560 4771 cupientes
3585 4721 3598 4758 :
3633 4706 3747 4770 sed,

2163 4777 2428 4834 Generatio
2465 4793 2711 4836 rectorum
2738 4785 3086 4855 benedicatur,
3125 4785 3183 4843 id
3225 4802 3306 4844 est
3337 4806 3497 4861 opera
3537 4784 3752 4861 eorum,

2161 4886 2384 4940 quorum
2411 4873 2579 4929 bonus
2606 4875 2744 4930 Deus
2771 4875 2932 4932 Israel
2955 4921 2969 4944 ,
3003 4879 3090 4951 qui
3117 4891 3262 4936 recto
3282 4894 3405 4936 sunt
3437 4885 3633 4948 corde;
3666 4904 3752 4941 re-

2162 4970 2304 5016 ctum
2336 4973 2514 5019 autem
2544 4981 2637 5020 cor
2672 4975 2793 5032 est,
2838 4984 2943 5024 non
2972 4969 3222 5028 resistere
3254 4973 3394 5028 Patri
3421 4978 3751 5041 emendanti,

2162 5060 2216 5106 et
2245 5052 2463 5109 credere
2491 5056 2803 5127 pollicenti:
2833 5074 2938 5114 non
2977 5075 3160 5116 eorum
3185 5061 3378 5133 quibus
3404 5081 3754 5121 commoven-

2165 5151 2249 5197 tur
2291 5144 2490 5215 pedes,
2542 5156 2595 5202 et
2633 5147 2978 5206 eﬁ‘unduntur
3023 5167 3242 5222 gressus
3283 5165 3442 5226 atque
3479 5158 3756 5227 labuntur,

2162 5236 2299 5292 sicut
2329 5237 2379 5291 in
2424 5239 2528 5293 alio
2556 5240 2761 5309 psalmo
2787 5243 2994 5298 canitur
3018 5287 3032 5312 ,
3061 5245 3186 5300 dum
3216 5246 3397 5303 zelattt
3425 5249 3477 5304 in
3505 5261 3758 5319 peccato-

2161 5330 2308 5384 ribus
2337 5345 2518 5400 pacem
2553 5343 2888 5402 peccatorum
2934 5335 3210 5404 videntes,
3257 5350 3309 5395 et
3353 5349 3541 5410 putant
3571 5345 3755 5413 perire

2162 5438 2321 5493 opera
2366 5440 2497 5492 sua,
2547 5427 2667 5497 quia
2712 5443 2815 5482 non
2855 5429 2935 5485 eis
2975 5445 3182 5488 merces
3221 5433 3460 5490 redditur
3508 5438 3757 5507 peritura

2164 5513 2332 5594 (Psat.
2367 5533 2548 5584 Lxxu,
2580 5518 2760 5594 1-14).
2793 5521 2862 5575 At
2897 5522 2996 5577 iste
3016 5523 3095 5578 vir
3122 5525 3214 5595 qui
3258 5526 3408 5583 timet
3439 5528 3760 5600 Dominum,

2227 5694 2246 5769 ξ
2283 5699 2462 5769 μιμεῖ
2483 5693 2666 5769 aliquot
2682 5702 2811 5769 Mss.”
2835 5696 3122 5769 tmn__lingua
3142 5706 3188 5752 et
3205 5713 3342 5769 pace,
3366 5705 3647 5769 armisin.

2167 5757 2248 5870 es:
2282 5757 2364 5807 uie
2384 5755 2512 5820 apud
2536 5755 2646 5810 tiov.
2681 5757 2888 5824 additur,
2913 5755 3064 5814 dica'.‘
3087 5764 3218 5828 quod
3233 5779 3263 5816 ι
3284 5755 3482 5836 σώὼῦ
3513 5755 3653 5822 libris
3674 5770 3772 5823 ab-
