4090 6474
345 366 491 457 H99

345 491 400 564 et
422 482 479 538 in
503 479 763 553 templum
803 485 1046 556 sanctum
1079 476 1177 534 Dei
1201 474 1550 546 conversione
1576 473 1709 538 recti
1745 470 1923 552 cordis

344 585 556 648 aptatur
580 616 595 640 ,
638 563 738 630 nec
761 572 982 645 gloriam
1012 570 1284 630 hominum
1313 569 1522 640 quaerit,
1556 582 1656 622 nec
1681 574 1922 634 terrenas

342 670 556 726 divitias
589 666 950 738 concupiscit;
1002 673 1057 720 et
1097 675 1303 731 tamen,
1355 660 1530 716 Gloria
1571 670 1616 713 et
1651 659 1836 712 divitia:
1869 657 1922 710 in

343 763 494 834 domo
519 762 645 833 ejus.
684 759 879 814 Domus
905 757 1046 813 enim
1075 757 1191 827 ejus
1214 799 1230 824 ,
1261 771 1356 812 cor
1381 755 1498 824 ejus
1527 763 1638 819 est;
1668 752 1777 815 ubi,
1812 751 1922 832 Deo

343 855 594 916 laudante
626 855 644 886 ¹
665 895 682 921 ,
707 851 1014 923 opulentius
1045 850 1244 904 habitat
1272 863 1391 903 cum
1423 862 1516 917 spe
1542 846 1662 922 vitae
1682 852 1914 908 atternre,

343 961 522 1017 quam,
557 943 865 1016 hominibus
891 942 1248 1009 adulantibus,
1277 940 1327 994 in
1348 937 1683 992 marmoratis
1711 935 1922 1004 laquea-

344 1039 518 1104 tisque
547 1037 698 1092 tectis
736 1052 854 1090 cum
885 1035 1073 1090 timore
1104 1032 1290 1087 mortis
1314 1040 1546 1085 aeterna}.
1584 1027 1749 1096 llujus
1776 1024 1918 1080 enim

338 1129 536 1201 iustitia
575 1138 743 1182 manet
784 1129 835 1181 in
879 1128 1119 1181 secutum
1161 1123 1333 1180 δαισαιὶ
1364 1139 1382 1177 :
1412 1123 1523 1193 ipsa
1569 1120 1687 1192 ejus
1727 1118 1916 1190 gloria,

342 1221 470 1290 ipse
510 1220 728 1276 divitiae.
782 1220 923 1275 Illius
957 1227 1132 1274 autem
1166 1231 1396 1289 purpura
1423 1224 1477 1272 et
1501 1216 1692 1288 byssus
1719 1223 1770 1268 et
1791 1228 1918 1282 epu-

340 1312 403 1366 [τε
454 1301 786 1382 splendidae,
829 1321 882 1368 et
920 1328 1040 1368 cum
1086 1321 1281 1384 praesto
1323 1319 1473 1380 sunt,
1523 1315 1836 1374 transeunt;
1866 1313 1920 1362 et

342 1419 460 1458 cum
489 1403 554 1458 ad
599 1403 759 1458 finem
789 1405 1068 1471 venerint,
1115 1419 1264 1474 aqua:
1291 1410 1490 1474 guttam
1521 1416 1585 1454 ex
1611 1399 1775 1470 digito
1803 1397 1918 1452 stil-

343 1493 486 1549 lante
524 1493 835 1550 desiderans
859 1537 874 1564 ,
915 1495 1108 1550 ardens
1149 1495 1325 1566 lingua
1357 1492 1605 1548 clamabit
1635 1490 1783 1563 (Luc.
1809 1505 1916 1557 va,

344 1585 589 1655 ιιι-ει).
933 1581 936 1586 ·

411 1677 465 1731 4.
507 1673 657 1750 [vers.
685 1675 824 1750 4-9.]
865 1677 1114 1733 Exortum
1151 1686 1222 1733 est
1255 1678 1308 1732 in
1345 1676 1553 1733 tenebris
1583 1675 1748 1730 lumen
1774 1675 1920 1730 rectis

344 1770 510 1824 corde.
544 1769 731 1825 Merito
753 1771 986 1840 dirigunt
1005 1787 1096 1846 cor
1123 1772 1172 1826 in
1201 1772 1362 1826 Deum
1395 1786 1568 1832 suum,
1599 1770 1788 1824 merito
1809 1784 1921 1822 am-

343 1853 526 1914 bulant
565 1861 696 1916 recti
727 1877 845 1916 cum
877 1862 986 1917 Deo
1012 1878 1138 1929 suo,
1181 1869 1550 1936 prmponentcs
1583 1860 1696 1930 ejus
1731 1860 1919 1914 volun-

343 1961 504 2007 tatem
534 1953 666 2018 sibi;
709 1970 880 2026 neque
913 1955 979 2010 de
1015 1971 1108 2010 sua
1143 1954 1425 2027 quidquam
1457 1953 1683 2025 superbe
1716 1967 1920 2024 prmsu-

341 2029 570 2098 tnentes.
598 2043 950 2100 Meminerunt
974 2046 1114 2099 enim
1157 2044 1317 2100 fuisse
1352 2060 1409 2099 se
1450 2043 1734 2114 aliquando
1775 2052 1922 2098 tene-

343 2127 489 2196 bras,
535 2123 679 2190 nunc
715 2143 890 2190 autem
930 2135 1100 2191 lucem
1139 2137 1190 2189 in
1233 2136 1456 2190 Domino
1485 2137 1501 2203 (
1528 2133 1718 2204 Ephes.
1751 2151 1802 2202 v,
1830 2133 1918 2206 8).

345 2219 634 2281 misericors
667 2235 713 2281 et
750 2229 1010 2280 miserator
1039 2235 1083 2280 et
1109 2228 1279 2297 justus
1307 2225 1550 2280 Dominus
1578 2225 1736 2279 Deus.
1770 2226 1925 2280 Dele-

344 2325 453 2370 ctat
489 2317 628 2386 quod
667 2319 945 2372 misericors
988 2327 1033 2372 et
1072 2309 1366 2384 miseralor,
1392 2317 1484 2372 sed
1513 2325 1676 2372 terret
1701 2315 1922 2372 fortasse

346 2408 486 2478 quod
505 2409 676 2478 justus
705 2408 946 2463 Dominus
977 2407 1135 2463 Deus.
1162 2407 1312 2463 Nulla
1341 2408 1714 2478 desperatione
1740 2409 1922 2462 formi-

346 2499 462 2567 des,
485 2501 640 2554 beate
670 2500 751 2554 vir
776 2500 867 2570 qui
892 2501 1044 2554 times
1073 2500 1354 2554 Dominum
1376 2509 1426 2554 et
1453 2499 1505 2554 in
1529 2498 1789 2553 mandatis
1809 2498 1924 2568 ejus

346 2591 495 2646 voles
523 2591 680 2646 nimis
712 2610 725 2646 :
757 2603 874 2646 esto
904 2593 1100 2659 suavis,
1132 2592 1388 2647 miserere
1424 2601 1477 2646 et
1509 2591 1810 2646 commoda.
1848 2590 1922 2646 lta

347 2683 488 2738 enim
517 2683 689 2753 justus
719 2696 799 2738 est
830 2685 1080 2739 Dominus
1121 2686 1258 2740 Deus
1279 2728 1292 2751 ,
1332 2695 1388 2739 ut
1423 2683 1681 2755 judicium
1709 2683 1779 2738 illi
1809 2684 1926 2739 sine

349 2775 708 2829 misericordia
735 2774 921 2843 faciat,
951 2777 1038 2846 qui
1076 2792 1182 2830 non
1209 2774 1332 2830 fecit
1363 2775 1779 2831 misericordiam
1808 2775 1928 2847 (Ja-

349 2867 457 2919 eobi
479 2882 538 2930 ιι,
564 2865 662 2936 i5)
691 2883 703 2920 :
733 2866 914 2922 Suavis
935 2878 1108 2921 autem
1137 2869 1212 2921 vir
1233 2867 1319 2939 qui
1344 2867 1602 2922 miseretur
1626 2877 1671 2921 et
1700 2885 1924 2922 commo-

348 2957 472 3020 dat;
522 2975 624 3012 non
663 2975 783 3013 eum
810 2970 1016 3014 emovet
1042 2960 1180 3015 Dens
1205 2976 1268 3015 ex
1299 2975 1393 3015 ore
1417 2976 1534 3027 suo,
1564 2970 1811 3032 tanquam
1843 2963 1924 3016 in-

347 3043 584 3104 suavem.
615 3050 862 3110 Dimittite
882 3092 895 3114 ,
920 3051 1107 3121 inquit,
1141 3060 1185 3106 et
1206 3053 1482 3106 dimittetur
1509 3051 1677 3118 vobis;
1717 3052 1851 3120 date,
1880 3062 1927 3108 et

350 3141 550 3194 dabitur
577 3143 713 3196 vobis
740 3139 886 3211 (Luc.
906 3157 978 3207 γι,
1005 3143 1094 3208 37,
1123 3142 1235 3213 58).
1269 3143 1322 3196 In
1347 3158 1412 3198 eo
1436 3143 1574 3213 quod
1605 3143 1845 3206 dimittis,
1872 3151 1928 3199 ut

351 3234 645 3288 dimittatur
684 3234 795 3301 tibi,
841 3235 1140 3300 misereris;
1180 3235 1230 3289 in
1272 3250 1336 3290 eo
1367 3235 1507 3306 quod
1534 3235 1658 3302 das,
1690 3246 1747 3290 ut
1771 3235 1928 3291 detur

352 3324 479 3389 tibi,
538 3325 861 3380 commodas.
921 3324 1171 3394 Quamvis
1226 3326 1367 3382 enim
1415 3326 1650 3397 generali
1711 3328 1927 3382 nomine

356 3415 531 3468 omnis
579 3416 938 3470 misericordia
973 3416 1180 3471 dicatur
1213 3432 1315 3487 qua
1358 3417 1554 3472 misero
1587 3418 1924 3487 subvenitur,

358 3505 583 3580 interest
611 3514 785 3561 tamen
816 3506 902 3562 ubi
933 3522 1035 3561 non
1064 3507 1325 3577 impendis
1345 3522 1442 3563 nec
1468 3519 1735 3578 sumptum
1763 3501 1926 3580 pecu-'-

354 3598 473 3660 nite,
499 3614 596 3654 nec
616 3601 903 3668 corporalis
925 3600 1120 3656 laboris
1141 3600 1472 3668 industriam,
1491 3602 1584 3658 sed
1607 3602 1930 3673 ignoscendo

353 3690 493 3758 quod
525 3694 577 3744 in
603 3700 653 3745 te
680 3690 903 3762 quisque
924 3693 1180 3762 peccavit,
1204 3702 1258 3748 et
1286 3700 1497 3748 tuorum
1519 3695 1685 3764 gratis
1714 3709 1830 3750 com
1840 3711 1930 3766 pa-

353 3799 440 3839 ras
467 3779 676 3839 veniam
707 3793 1065 3854 peccatorum.
1095 3785 1220 3842 Hac
1247 3786 1354 3842 duo
1370 3771 1708 3857 benignitatis
1731 3787 1926 3857 oflicia,

353 3877 794 3949 ignoscendorum
823 3890 1155 3950 peccatorum
1192 3891 1245 3936 et
1283 3881 1662 3936 beneliciorum
1702 3883 1929 3953 erogaui-

355 3968 563 4037 dorum,
590 3971 726 4025 sicut
767 3971 818 4026 in
867 3971 1152 4042 Evangelio
1189 3971 1330 4042 quod
1371 3976 1927 4044 commemoravimus,

354 4060 618 4127 Dimittite,
650 4071 696 4116 et
725 4061 996 4118 dimittetur
1017 4063 1186 4128 vobis;
1212 4065 1348 4131 date,
1366 4075 1410 4118 et
1429 4064 1631 4119 dabitur
1652 4066 1788 4120 vobis
1808 4067 1834 4134 ;'
1853 4067 1931 4122 sic

355 4152 406 4205 in
430 4153 532 4206 isto
559 4166 713 4206 versu
743 4152 972 4208 arbitror
991 4169 1109 4208 esse
1134 4155 1400 4222 distincta,
1431 4155 1614 4210 Suavis
1639 4157 1713 4210 vir
1739 4158 1824 4227 qui
1845 4159 1932 4210 mi-

355 4253 543 4296 seretur
571 4251 616 4296 et
655 4245 953 4297 commodat.
995 4244 1072 4300 Ne
1105 4245 1238 4316 pigri
1268 4246 1334 4300 ad
1361 4245 1475 4300 hzec
1501 4247 1687 4312 simus,
1717 4249 1926 4303 fratres.

355 4333 586 4389 Gloriam
614 4337 802 4406 quaerit
841 4336 929 4405 qui
969 4336 1237 4392 desiderat
1276 4339 1529 4394 vindicari
1569 4355 1662 4407 se;
1716 4341 1810 4396 sed
1851 4350 1932 4396 at-

356 4427 515 4486 tende
547 4425 685 4496 quod
727 4427 978 4496 scriptum
1021 4438 1100 4482 est
1133 4426 1354 4482 :Melior
1377 4439 1448 4484 est
1485 4431 1571 4500 qui
1603 4432 1751 4485 vincit
1779 4433 1926 4500 iram,

355 4533 505 4587 quam
548 4517 635 4587 qui
676 4518 810 4586 capit
848 4518 1093 4572 civitatem
1135 4517 1330 4590 (Prov.
1373 4537 1490 4587 xvr,
1533 4522 1601 4576 52
1620 4522 1662 4593 ).
1709 4523 1928 4580 Divitias

356 4608 544 4678 quaerit
573 4607 660 4676 qui
700 4622 804 4661 non
848 4609 955 4661 vult
994 4609 1121 4663 dare
1158 4611 1509 4680 pauperibus;
1539 4613 1753 4668 attende
1787 4613 1929 4684 quod

357 4699 612 4767 scriptum
641 4707 724 4752 est
750 4715 763 4750 :
791 4697 1006 4752 [Iubebis
1039 4700 1324 4754 thesaurum
1352 4702 1405 4756 in
1425 4703 1548 4757 coelo
1579 4703 1788 4774 (Matth.
1813 4721 1926 4773 xrx,

353 4790 465 4859 2t).
498 4789 612 4844 Non
638 4805 763 4860 ergo
784 4791 890 4845 eris
919 4791 1174 4861 inglorius
1209 4793 1565 4862 ignoscendo;
1609 4796 1733 4865 quia
1759 4797 1826 4851 de
1853 4799 1928 4852 ira

358 4882 495 4935 victa
529 4881 842 4935 laudabilius
865 4881 1218 4951 triumphatur
1239 4899 1254 4935 :
1274 4898 1378 4938 non
1399 4899 1599 4955 egenus
1617 4886 1926 4953 tribuendo;

355 4972 477 5040 quia
511 4971 789 5025 thesaurus
816 4971 1048 5026 caelestis
1073 4971 1269 5027 certius
1297 4972 1615 5042 possidetur.
1650 4975 1799 5030 llunc
1821 4993 1929 5032 ven-

355 5077 472 5116 sum
512 5061 838 5130 parturiebat
881 5060 974 5118 ille
1020 5061 1302 5132 superior,
1351 5060 1526 5117 Gloria
1566 5071 1611 5118 et
1652 5064 1840 5120 divitue
1879 5067 1931 5122 in

354 5158 506 5209 domo
529 5155 658 5224 ejus.

426 5247 481 5302 5.
514 5245 613 5314 Qui
639 5245 754 5301 haec
780 5246 956 5316 itaque
989 5245 1148 5314 facit,
1181 5245 1426 5318 Disponet
1454 5263 1705 5302 sermones
1733 5265 1851 5303 suos
1877 5250 1930 5304 in

350 5340 568 5411 iudicio.
598 5339 755 5394 Facta
796 5339 906 5410 ipsa
939 5355 1218 5397 sermones
1252 5350 1377 5398 sunt
1414 5343 1604 5413 quibus
1647 5344 1701 5398 in
1732 5343 1931 5414 judicio

354 5430 704 5497 defendetur;
732 5431 872 5502 quod
901 5431 951 5487 ei
976 5447 1083 5489 non
1111 5434 1214 5489 erit
1237 5434 1353 5491 sine
1382 5435 1763 5503 misericordia,
1803 5438 1926 5508 quia

411 5564 437 5636 ,ι
461 5563 536 5636 sic
557 5563 922 5636 meliores-pas.
946 5572 1001 5616 At
1023 5567 1164 5636 add,
1187 5575 1290 5636 Deo
1305 5567 1565 5636 habitante;
1588 5578 1640 5621 et
1681 5573 1816 5629 intra,
1845 5573 1931 5624 ho-

355 5624 559 5694 rninibus
580 5625 894 5694 mugitibus
919 5640 938 5679 :
961 5640 1072 5691 quae
1099 5624 1246 5678 etiam
1274 5630 1424 5694 lectio
1443 5624 1790 5684 reluctantibus
1807 5624 1929 5686 'Mss.

357 5688 692 5758 urepseratju
716 5687 889 5758 librum
1107 5691 1287 5758 oc_to_ad
1314 5691 1578 5752 Dulcitium,
1604 5697 1650 5744 iu
1669 5711 1764 5758 quo
1789 5697 1931 5756 libro,

555 5747 605 5806 4,
628 5750 749 5800 banc
767 5749 918 5812 ipsam
932 5747 1084 5802 trium
1105 5751 1315 5816 pridi-um
1336 5747 1933 5820 versuum'expositioucm

393 5815 647 5858 escrtntam
668 5809 836 5858 habm.
1841 5845 1844 5848 ~

502 5810 647 5872 iptam
668 5809 836 5864 habes.
1105 5809 1122 5816 ’
1646 5809 1658 5820 '
1841 5845 1844 5848 .

1455 317 1845 436 manuario
1886 348 1946 406 lN
1987 349 2309 438 essenon
2347 354 2483 412 cxr.

3465 363 3606 444 tuo

2027 480 2079 536 et
2117 473 2230 544 ipse
2257 473 2380 540 fecit
2405 473 2844 540 misericordiam.
2877 475 3126 544 Quoniam
3155 475 3206 546 in
3231 483 3470 544 internum
3500 494 3600 542 non

2025 566 2453 620 commovebitur:
2490 568 2578 637 qui
2617 565 2686 634 ad
2722 567 2995 623 dexteram
3045 577 3350 639 segregatus
3387 569 3598 634 audiet,

2034 656 2226 725 Venite,
2256 659 2496 714 benedicti
2527 659 2697 715 Patris
2722 660 2838 726 mei,
2868 661 3105 732 percipite
3133 678 3340 732 regnum
3357 662 3492 732 quod
3516 679 3596 716 ro-

2024 752 2099 808 bis
2125 762 2355 821 paratum
2379 764 2451 809 est
2475 755 2538 808 ab
2563 755 2754 826 origine
2779 756 2976 808 mundi.
3020 754 3200 824 Neque
3243 755 3384 808 enim
3425 755 3598 824 aliqua

2021 843 2133 898 illic
2149 859 2355 910 eorum,
2376 845 2476 898 nisi
2500 860 2660 914 opera
2686 845 3067 902 misericordiae
3087 855 3597 900 commemorantur.

2022 935 2216 992 Audiet
2241 952 2388 1008 ergo,
2430 935 2631 1002 Venite,
2664 938 2905 994 benedicti
2933 938 3106 994 Patris
3139 940 3271 1006 mei;
3300 939 3421 1011 quia
3448 956 3597 1010 gene-

2021 1031 2150 1084 ratio
2187 1044 2436 1086 rectorum
2477 1030 2811 1088 benedicatur.
2853 1033 2974 1099 Sic,
3013 1031 3082 1088 In
3130 1033 3370 1088 memoria
3412 1043 3599 1092 (eterna

2022 1123 2116 1178 erit
2143 1123 2308 1190 iustus
2331 1140 2350 1179 :
2375 1135 2423 1180 et
2449 1125 2510 1180 ab
2544 1125 2720 1180 auditu
2754 1125 2886 1178 malo
2925 1141 3027 1178 non
3069 1123 3287 1190 timebit;
3322 1122 3465 1194 quod
3498 1122 3600 1178 dici

2021 1219 2202 1275 audiet
2231 1219 2294 1274 iis
2322 1219 2411 1289 qui
2437 1233 2467 1273 a
2493 1219 2722 1272 sinistris
2752 1227 2938 1280 erunt,
2962 1215 3043 1271 Ite
3067 1217 3119 1270 in
3143 1217 3309 1288 ignem
3335 1227 3599 1282 aeternum,

2022 1314 2109 1383 qui
2153 1321 2471 1384 praeparatus
2495 1321 2565 1368 est
2582 1311 2782 1368 diabolo
2818 1320 2865 1366 et
2885 1311 3074 1382 angelis
3095 1312 3203 1382 ejus
3225 1308 3437 1382 (Hatth.
3470 1325 3594 1374 xxv,

2023 1406 2113 1472 ss,
2136 1405 2199 1463 tt
2227 1403 2268 1477 ).

2093 1496 2144 1552 6.
2179 1496 2360 1565 Itaque
2396 1495 2486 1565 qui
2532 1494 2620 1550 hic
2665 1509 2770 1549 non
2813 1508 2908 1548 sua
2946 1491 3288 1565 quaerit,sed
3313 1507 3431 1564 qua:
3473 1491 3599 1548 Jesu

2021 1585 2254 1652 Christi;
2291 1585 2501 1642 labores
2538 1585 2921 1656 patientissime
2959 1585 3206 1651 sustinet,
3236 1583 3494 1655 promissa
3537 1583 3600 1634 ti-

2022 1678 2211 1750 denter
2231 1687 2505 1750 exspectat
2531 1697 2544 1732 :
2573 1677 2823 1732 Paratum
2843 1687 2924 1732 est
2943 1693 3028 1730 cor
3053 1677 3163 1747 ejus
3188 1691 3390 1748 sperare
3408 1675 3460 1728 in
3489 1673 3601 1728 Do-

2023 1771 2178 1826 mino.
2207 1769 2387 1840 Neque
2423 1769 2540 1826 ullis
2577 1767 2954 1824 tentationibus
2994 1765 3250 1836 frangitur
3278 1765 3599 1833 :Con/irma-

2024 1872 2129 1917 tum
2153 1871 2224 1916 est
2246 1878 2333 1914 cor
2355 1862 2482 1933 ejus,
2519 1877 2619 1914 non
2640 1858 3053 1924 commovebitur,
3081 1857 3235 1912 donec
3264 1857 3426 1911 videat
3453 1872 3603 1927 super

2023 1956 2250 2024 inimicos
2277 1971 2413 2009 suos.
2445 1952 2646 2008 Inimici
2677 1952 2792 2022 ejus
2821 1951 2904 2006 hic
2928 1951 3106 2006 videre
3137 1950 3274 2006 bona
3299 1948 3602 2013 voluerunt,

2025 2056 2079 2102 et
2104 2062 2223 2102 cum
2253 2046 2330 2101 eis
2357 2044 2638 2100 invisibilia
2669 2044 3124 2116 promitterentur,
3155 2039 3401 2095 dicebant
3430 2057 3443 2093 :
3478 2037 3604 2104 Quis

2025 2139 2249 2194 ostendet
2291 2136 2432 2193 nobis
2471 2137 2600 2191 bona
2644 2134 2834 2209 (Psal.
2865 2151 2934 2198 tv,
2965 2134 3056 2205 6).
3088 2132 3442 2188 Confirmetur
3476 2145 3605 2201 ergo

2026 2246 2120 2286 cor
2163 2239 2427 2297 nostrum,
2470 2243 2568 2283 nec
2607 2242 3038 2283 commoveamur
3062 2267 3076 2291 ,
3120 2224 3288 2279 donec
3327 2223 3605 2277 videamus

2026 2336 2184 2391 super
2222 2321 2460 2375 inimicos
2488 2328 2720 2373 nostros.
2760 2317 2832 2374 llli
2859 2317 3002 2372 enim
3040 2315 3222 2370 volunt
3257 2313 3437 2369 videre
3464 2312 3604 2366 bona

2027 2393 2298 2478 hominum
2340 2413 2389 2466 in
2433 2421 2568 2464 terra
2598 2409 2972 2474 morientium;
3006 2421 3103 2460 nos
3128 2405 3395 2461 credimus
3423 2403 3605 2458 videre

2028 2503 2162 2559 bOna
2196 2504 2400 2564 Domini
2427 2504 2476 2557 in
2502 2511 2640 2556 terra
2665 2502 2949 2555 viventium
2980 2499 3146 2569 (Psal.
3178 2515 3319 2564 xm,
3341 2496 3451 2570 15).

2100 2600 2152 2654 7.
2181 2597 2282 2652 Sed
2315 2612 2558 2666 magnum
2583 2605 2682 2660 est,
2703 2594 3072 2658 confirmatum
3099 2591 3296 2646 habere
3313 2606 3404 2644 cor
3425 2598 3478 2645 et
3499 2603 3602 2644 non

2028 2690 2385 2753 commoveri,
2413 2703 2532 2742 cum
2562 2686 2635 2742 illi
2658 2685 2887 2755 gaudent
2916 2685 3003 2755 qui
3028 2692 3208 2738 amant
3232 2680 3370 2752 quod
3402 2680 3601 2746 vident,

2029 2794 2084 2852 et
2109 2783 2364 2840 insultant
2388 2781 2437 2836 ei
2467 2779 2553 2850 qui
2575 2779 2716 2850 quod
2745 2795 2846 2848 non
2873 2778 3211 2848 videtsperat
3244 2794 3256 2830 :
3281 2785 3453 2830 etnon
3477 2791 3605 2828 com-

2030 2877 2306 2944 movebitur
2335 2871 2490 2927 donec
2519 2871 2682 2926 rideat
2701 2857 2757 2925 et
2781 2871 2912 2940 ipse,
2943 2885 3046 2924 non
3074 2869 3322 2924 deorsum
3353 2866 3493 2938 quod
3517 2866 3608 2920 ini.

2031 2967 2152 3022 mici
2175 2966 2306 3034 ejus,
2343 2963 2433 3019 sed
2462 2977 2672 3028 sursum
2704 2979 2855 3038 super
2880 2961 3108 3015 inimicos
3137 2976 3253 3013 suos
3273 3001 3288 3026 ,
3315 2957 3453 3029 quod
3481 2973 3609 3012 ocu-

2031 3059 2113 3118 lus
2141 3075 2245 3113 non
2279 3055 2430 3124 vidit,
2459 3069 2558 3109 nec
2580 3055 2722 3109 auris
2749 3052 2982 3118 audivit,
3029 3065 3128 3107 nec
3167 3051 3218 3105 in
3258 3065 3351 3104 cor
3380 3049 3609 3103 hominis

2031 3151 2307 3216 ascendit,
2361 3147 2502 3220 quod
2542 3146 2857 3222 prmparavit
2913 3144 3053 3199 Deus
3100 3141 3440 3213 diligentibus
3486 3155 3607 3194 eum

2033 3244 2076 3316 (Ι
2114 3243 2229 3298 Cor.
2256 3258 2312 3308 ιι,
2343 3237 2422 3312 9).
2463 3239 2654 3305 Quanti
2686 3237 2826 3292 valet
2854 3236 2954 3290 hoc
2994 3233 3134 3306 quod
3163 3250 3266 3287 non
3296 3231 3524 3296 videtur,
3558 3238 3611 3285 et

2032 3335 2224 3396 emitur
2250 3333 2378 3386 tanti
2410 3340 2663 3402 quantum
2696 3329 2916 3399 quisque
2951 3326 3147 3381 habere
3173 3323 3440 3395 potuerit!
3479 3322 3610 3377 Pro-

2033 3437 2151 3502 pter
2179 3426 2280 3486 hoc
2301 3435 2354 3480 et
2381 3426 2466 3479 ille
2488 3424 2691 3495 sparsit,
2715 3422 2848 3476 dedit
2873 3419 3173 3491 pauperibus
3203 3435 3220 3470 :
3242 3433 3346 3472 non
3372 3416 3606 3481 videbat,

2033 3528 2086 3574 et
2106 3519 2343 3584 emebat;
2376 3516 2468 3572 sed
2516 3515 2604 3572 ille
2639 3514 2944 3569 thesaurum
2984 3511 3232 3566 servabat
3260 3510 3310 3564 in
3339 3510 3495 3572 cmlo,
3522 3508 3609 3580 qui

2033 3612 2237 3668 esurire
2275 3620 2330 3665 et
2363 3610 2511 3665 sitire
2549 3609 2601 3664 in
2643 3607 2959 3678 pauperibus
2999 3603 3315 3674 dignabatur
3351 3601 3400 3654 in
3445 3610 3606 3656 terra.

2031 3703 2146 3760 Non
2171 3705 2360 3758 mirum
2384 3713 2466 3759 est
2494 3702 2651 3772 igitur
2670 3699 2714 3756 si
2737 3698 2944 3755 Iustitia
2970 3697 3077 3768 ejus
3101 3704 3265 3749 manet
3289 3693 3342 3748 in
3371 3693 3611 3747 sa'culum

2032 3795 2203 3874 seaculi
2232 3812 2250 3850 :
2276 3795 2495 3851 custode
2524 3794 2613 3848 illo
2641 3793 2729 3868 qui
2768 3790 3005 3847 condidit
3037 3789 3252 3843 sascula.
3293 3786 3463 3841 Cornu
3499 3786 3612 3854 ejus

2033 3888 2336 3960 exaltabitur
2365 3888 2417 3941 in
2441 3887 2646 3959 gloria:
2671 3884 2822 3955 cujus
2853 3883 3119 3938 humilitas
3144 3895 3173 3935 a
3206 3879 3449 3956 superbis
3485 3893 3612 3932 con-

2037 3981 2386 4038 temnebatur.

2105 4073 2158 4128 8.
2186 4070 2336 4145 [vers.
2370 4070 2481 4144 10.]
2511 4070 2754 4126 Peccator
2775 4067 2978 4134 videbit,
3007 4075 3053 4123 et
3072 4067 3314 4120 irascetur
3335 4081 3354 4118 :
3380 4078 3499 4119 sera
3522 4063 3611 4118 illa

2033 4166 2237 4222 scilicet
2277 4174 2434 4235 atque
2474 4163 2792 4218 infructuosa
2833 4158 3164 4231 pcenitentia.
3207 4156 3334 4212 Nam
3372 4157 3614 4210 irascetur

2035 4259 2118 4313 cui
2162 4256 2328 4326 magis
2367 4270 2522 4326 quam
2559 4255 2677 4319 sibi,
2719 4268 2838 4308 cum
2869 4251 3008 4306 dicet
3043 4268 3054 4303 :
3093 4249 3228 4318 Quid
3256 4249 3397 4302 nobis
3426 4247 3613 4318 profuit

2035 4347 2312 4420 superbia?
2340 4356 2386 4400 et
2424 4346 2709 4399 divitiarum
2737 4343 2988 4415 jactantia
3026 4341 3148 4414 quid
3185 4342 3395 4394 contulit
3435 4337 3615 4393 nobis?

2033 4440 2221 4496 videns
2247 4455 2413 4496 cornu
2440 4438 2554 4508 ejus
2583 4438 2803 4492 exaltari
2834 4437 2883 4490 in
2911 4435 3099 4507 gloria,
3125 4435 3214 4503 qui
3237 4435 3432 4502 Sparsit
3451 4442 3503 4485 et
3525 4431 3616 4485 de-

2034 4534 2112 4604 dit
2143 4531 2479 4604 pauperibus.
2504 4527 2747 4582 Dentibus
2776 4529 2878 4582 suis
2899 4527 3114 4600 [rendet,
3147 4535 3195 4579 et
3227 4523 3436 4578 tabescet
3459 4538 3477 4578 :
3497 4525 3615 4592 quia

2035 4603 2153 4682 illic
2174 4627 2275 4680 erit
2301 4625 2538 4695 ploratus
2577 4631 2630 4694 et
2666 4621 2862 4676 stridor
2883 4615 3141 4674 dentium.
3170 4617 3286 4672 Non
3313 4618 3453 4671 enim
3477 4615 3618 4670 fron-

2035 4719 2180 4776 debit
2202 4721 2241 4786 ³,
2267 4727 2319 4773 ct
2341 4718 2585 4782 virescet,
2618 4716 2756 4770 sicut
2782 4713 2932 4768 fieret
2949 4714 2988 4767 si
3015 4720 3316 4784 opportuno
3339 4726 3458 4763 eum
3487 4719 3619 4762 tem-

2037 4827 2168 4882 pore
2207 4812 2518 4881 paeniteret;
2561 4806 2654 4862 sed
2681 4815 2804 4860 tunc
2835 4803 3131 4877 paenitebit,
3161 4819 3282 4858 cum
3318 4801 3618 4855 desiderimu

2037 4913 2355 4975 peccatorum
2386 4899 2561 4970 peribit
2588 4915 2608 4953 :
2638 4899 2780 4952 nullo
2819 4896 3137 4951 succedente
3163 4894 3371 4948 solatio.
3419 4891 3619 4976 i’eribit

2037 4996 2357 5054 desiderium
2399 5001 2735 5064 peccatorum
2762 5033 2777 5057 ,
2813 5005 2934 5044 cum
2983 4989 3242 5042 transient
3281 4984 3460 5038 omnia
3505 4993 3620 5036 tan-

2034 5103 2196 5166 quam
2223 5085 2406 5140 umbra
2443 5083 2606 5156 (Sap.
2639 5099 2691 5150 v,
2722 5081 2772 5149 8,
2803 5081 2892 5168 ἐξ),
2920 5096 3039 5136 cum
3071 5080 3189 5160 leno
3216 5085 3493 5131 arescente
3523 5075 3618 5127 llos

2035 5177 2262 5236 decidet.
2285 5177 2514 5232 Verbum
2539 5167 2718 5232 autem
2754 5174 2962 5230 Domini
2989 5171 3128 5243 quod
3154 5179 3331 5224 manet
3367 5170 3421 5224 iu
3456 5178 3618 5222 teter-

2037 5289 2164 5330 num
2196 5269 2359 5344 (lsai.
2390 5287 2475 5336 ιιι,
2502 5268 2594 5342 8),
2623 5269 2758 5323 sicut
2787 5249 3049 5344 falsorum
3084 5262 3354 5318 beatorqu
3379 5261 3614 5316 vanitate

2037 5365 2267 5420 derisum
2305 5370 2406 5430 est,
2440 5362 2515 5417 sic
2549 5359 2856 5416 eorumdem
2891 5338 3134 5413 verorum
3158 5355 3473 5410 miscrorum
3499 5367 3620 5428 per-

2037 5456 2223 5512 ditioni
2254 5453 2624 5534 superridebit.
2688 5443 2690 5446 ’

2100 5612 2118 5644 ι
2146 5617 2245 5660 Am.
2275 5618 2328 5662 et
2346 5609 2713 5676 Mss._,_frendet._
2734 5616 2938 5676 Moxque
2961 5620 3025 5658 ex
3047 5607 3122 5658 bis
3143 5607 3354 5676 quidam,
3379 5603 3624 5661 et.revivt'-

2037 5680 2140 5726 seat
2168 5685 2190 5724 :
2209 5686 2264 5724 ac
2287 5670 2520 5742 nonnulli,
2546 5677 2592 5723 et
2613 5670 2885 5723 revirescet.
3009 5679 3014 5690 τ
3057 5681 3060 5684 '
3163 5670 3176 5672 '
3215 5673 3218 5676 ’
3247 5693 3250 5696 ~
