4070 6474
484 365 618 427 M71

939 588 1020 650 IN
1062 585 1442 648 PSALMUM
1482 583 1655 647 CXII

1049 707 1464 764 ENARliATlO.
1644 713 1652 721 '

990 837 1159 878 SEBIO
1198 839 1266 878 AD
1303 837 1566 879 POPULUI.

549 935 602 991 1.
628 933 778 1008 [νινε.
804 933 940 1006 1-5.]
969 934 1168 1002 Nasus,
1198 933 1407 1003 fratres,
1429 942 1485 990 et
1511 934 1805 1006 saepissime
1838 933 2061 989 audistis

476 1028 530 1085 in
557 1029 844 1100 Evangelio
873 1029 1152 1084 Dominum
1173 1029 1374 1095 dicere,
1407 1047 1427 1080 ι
1456 1028 1625 1084 Sinite
1650 1042 1848 1099 pueros
1876 1027 2061 1084 venire

473 1120 540 1174 ad
569 1136 654 1175 me
683 1136 698 1185 ;
727 1121 909 1182 taljttm
944 1129 1028 1175 est
1051 1122 1192 1176 enim
1224 1136 1444 1191 regnum
1475 1121 1774 1182 caelorum;
1807 1139 1827 1172 ι
1859 1131 1913 1176 et
1958 1121 2059 1176 ite-

473 1225 611 1277 rum,
645 1229 665 1264 ι
693 1210 746 1267 Si
769 1213 884 1282 quis
908 1228 1011 1266 non
1037 1213 1299 1289 receperit
1329 1228 1548 1284 regnum
1580 1213 1705 1277 Dei,
1729 1211 1865 1266 sicut
1896 1227 2058 1280 puer,

473 1319 581 1359 non
610 1305 826 1358 intrabit
853 1305 904 1358 in
937 1304 1062 1360 illud
1099 1324 1117 1356 ι
1154 1302 1376 1373 (Matth.
1412 1319 1538 1368 ιιι,
1569 1304 1675 1366 M;
1712 1319 1834 1359 xvtn
1861 1346 1874 1369 ,
1906 1305 1976 1368 5;
2011 1312 2060 1358 et

474 1393 642 1450 Marc.
667 1412 720 1462 ι,
758 1398 838 1463 Μ,
866 1396 952 1468 15)
981 1407 1068 1452 :et
1093 1397 1275 1452 multis
1294 1397 1413 1452 aliis
1432 1396 1562 1451 locis
1585 1396 1837 1449 Dominus
1853 1391 2066 1463 noster,”

473 1503 571 1559 per
599 1490 863 1561 singulare
912 1489 1222 1544 humilitatis
1250 1489 1550 1559 exemplum
1581 1487 1882 1557 superbiam
1914 1496 2061 1542 vete-

473 1583 550 1638 ris
577 1582 806 1638 hominis
831 1584 897 1638 ad
927 1582 1280 1638 innovandam
1313 1583 1584 1638 humiliter
1608 1582 1770 1637 vitam
1809 1581 2060 1638 similitu-

473 1674 599 1730 dine
625 1677 842 1746 puerilis
872 1677 1046 1731 :etatis
1070 1684 1305 1731 accusat.
1328 1675 1693 1745 Quapropter,
1723 1673 2023 1729 charissimi
2041 1715 2056 1740 ,

473 1784 594 1825 cum
621 1771 822 1825 cantari
849 1771 1043 1825 auditis
1065 1771 1116 1825 in
1145 1769 1394 1836 Psalmis,
1418 1768 1669 1834 Laudato,
1695 1769 1857 1840 pueri,
1879 1766 2060 1821 Domi~

474 1878 618 1929 num,
650 1877 716 1917 ne
741 1862 1069 1918 arbitremini
1099 1862 1165 1918 ad
1194 1876 1290 1918 vos
1315 1861 1470 1918 istam
1500 1860 1922 1916 exhortationem
1951 1873 2057 1914 non

476 1956 761 2025 pertinere,
795 1957 913 2024 quia
939 1955 1046 2026 jam
1091 1955 1333 2024 corporis
1365 1953 1655 2024 pueritiam
1677 1952 2002 2022 supergressi
2036 1957 2064 2019 ,λ

474 2048 556 2103 vel
579 2047 799 2118 juvenili
828 2049 1022 2104 decore
1050 2047 1313 2103 virescitis
1331 2087 1348 2115 ,
1377 2047 1460 2102 vel
1487 2047 1640 2102 senili
1664 2046 1868 2101 honore
1893 2060 2057 2100 cane-

473 2141 622 2196 scitis
652 2157 664 2194 :
693 2143 943 2195 omnihus
989 2142 1129 2195 enim
1175 2139 1326 2195 vobis
1371 2139 1503 2195 dicit
1529 2139 1853 2208 Apostolus,
1883 2139 2060 2195 Nolite

472 2238 595 2308 εθῑεί
627 2239 770 2307 pueri
797 2236 1062 2301 mentibus;
1087 2237 1174 2290 sed
1202 2236 1396 2288 malitia
1417 2235 1617 2304 parvuli
1635 2244 1810 2300 estote,
1834 2243 1890 2288 ut
1918 2249 2058 2288 men-

471 2332 602 2385 tibus
623 2330 829 2401 perfecti
850 2331 956 2383 sitis
979 2329 1016 2402 (I
1036 2327 1153 2384 Cor.
1181 2345 1289 2395 xw,
1312 2328 1428 2399 20).
1452 2330 1565 2395 Qua
1584 2327 1784 2381 malitia
1804 2327 2056 2394 maxime,

470 2423 572 2478 nisi
615 2423 862 2494 superbia
885 2423 907 2477 ?
934 2423 1047 2491 Ipsa
1075 2423 1214 2476 enim
1240 2422 1309 2476 de
1349 2437 1480 2475 vana
1524 2420 1824 2491 granditate
1855 2433 2058 2490 prmsu-

471 2530 622 2569 mens
651 2529 755 2568 non
783 2515 910 2569 sinit
931 2514 1200 2567 hominem
1226 2512 1502 2568 ambulare
1528 2527 1622 2581 per
1643 2520 1844 2565 arctam
1872 2511 2012 2563 viam
2039 2549 2054 2574 ,

469 2614 524 2660 et
567 2605 766 2660 intrare
810 2620 906 2674 per
941 2613 1220 2673 angustam
1259 2611 1464 2672 portam
1493 2621 1506 2657 :
1538 2618 1670 2671 puer
1695 2610 1871 2656 autem
1905 2599 2058 2655 facile

469 2695 634 2752 intrat
665 2711 757 2765 per
785 2706 1064 2766 angustum
1088 2711 1103 2760 ;
1136 2704 1189 2749 et
1221 2693 1341 2748 ideo
1363 2707 1543 2758 nemo,
1574 2693 1674 2746 nisi
1703 2701 1758 2746 ut
1782 2707 1915 2762 puer
1935 2733 1952 2759 ,
1978 2691 2060 2744 itt-

470 2798 574 2845 trat
608 2791 658 2844 in
700 2805 922 2858 regnum
954 2789 1230 2842 caelorum.
1261 2787 1396 2853 Quid
1426 2795 1602 2840 autem
1650 2785 1914 2855 superbia:
1943 2799 2058 2836 ma-

470 2879 582 2936 litia
608 2881 876 2945 deterius,
905 2895 1023 2950 quae
1054 2879 1397 2948 praepositum
1430 2893 1534 2932 non
1578 2876 1687 2930 vult
1733 2877 1927 2930 habere
1957 2889 2056 2930 nec

470 2970 681 3028 Deum?
709 2970 838 3026 Nam
867 2971 1120 3039 scriptum
1152 2979 1234 3024 est
1253 3011 1267 3035 ,
1298 2968 1515 3022 Initium
1540 2967 1787 3041 superbia:
1816 2967 2053 3035 hominis,

468 3073 756 3136 apostatare
775 3080 804 3116 a
829 3061 936 3116 Deo
961 3061 1144 3134 (Eccli.
1170 3079 1224 3125 ι.
1247 3060 1357 3125 14).
1380 3059 1529 3116 Hanc
1548 3075 1606 3115 se
1634 3059 1889 3115 adversus
1917 3075 2056 3130 pra:-

468 3165 621 3225 ccpta
661 3153 836 3209 divina
879 3153 1094 3208 tumidis
1137 3152 1433 3208 cervicibus
1475 3151 1768 3222 erigentem
1817 3159 1872 3205 ct
1909 3151 2057 3226 suavi

462 3251 592 3324 jugo
614 3251 820 3306 Domini
843 3251 1175 3306 resistentem
1195 3248 1425 3319 dejicite,
1442 3246 1687 3315 frangite,
1709 3245 2057 3300 comminuite

466 3355 626 3416 atque
649 3344 968 3408 consumite,
999 3351 1052 3398 et
1081 3341 1302 3406 laudate,
1334 3339 1496 3409 pueri,
1524 3337 1824 3402 Dominunt,
1850 3335 2056 3390 laudate

467 3455 648 3494 nomen
677 3436 905 3491 Domini.
938 3436 1028 3490 Illa
1067 3436 1208 3488 enim
1241 3442 1504 3504 prostrata
1545 3440 1600 3486 et
1649 3431 1907 3486 exstincta
1943 3470 1959 3495 ,
1989 3443 2056 3483 ex

467 3544 563 3584 ore
592 3529 867 3583 infantium
891 3536 942 3581 et
973 3527 1276 3581 lactentium
1306 3524 1579 3594 perﬁcitur
1601 3522 1716 3576 laus
1739 3520 1911 3588 (Psal.
1939 3536 2053 3586 vnt,

467 3619 546 3692 3);
581 3619 666 3674 illa
693 3633 947 3688 oppressa
979 3628 1138 3687 atque
1157 3615 1350 3677 deleta,
1383 3614 1471 3684 qui
1499 3613 1774 3682 gloriatur,
1800 3611 1851 3665 in
1876 3610 2056 3665 Domi-

467 3727 538 3767 no
563 3711 817 3783 glorietur
842 3708 880 3780 (l
908 3708 1026 3764 Cor.
1052 3724 1085 3769 I,
1111 3709 1220 3776 51).
1249 3705 1365 3761 Non
1393 3714 1609 3760 cantant
1629 3703 1726 3758 ista
1744 3705 1830 3772 qui
1858 3718 1916 3756 se
1938 3716 2053 3755 ma-

466 3821 599 3878 gnos
626 3813 828 3874 putant;
857 3818 962 3857 non
985 3809 1200 3856 cantant
1225 3799 1320 3853 ista
1342 3797 1428 3868 qui
1454 3804 1840 3867 cognoscentes
1864 3795 2053 3862 Deum,

465 3915 572 3955 non
603 3899 742 3953 sicut
772 3898 937 3952 Deum
965 3892 1417 3965 glorificaverunt,
1448 3900 1540 3944 aut
1565 3889 1762 3960 gratias
1791 3894 2014 3959 egerunt
2039 3903 2053 3942 :

467 4005 527 4046 se
549 3989 766 4046 laudant
794 3988 901 4054 illi,
933 4002 1038 4042 non
1072 3987 1260 4049 Deum;
1293 3999 1396 4039 non
1423 3983 1566 4038 enim
1599 3982 1747 4052 pueri
1776 3989 1922 4036 sunt.
1950 3979 2053 4036 ΝΟ·-

466 4100 589 4139 men
635 4097 790 4136 suum
838 4081 1014 4151 potius
1059 4077 1340 4150 praedicari
1366 4077 1551 4132 volunt
1579 4116 1592 4140 ,
1621 4086 1808 4130 etnon
1840 4072 2058 4127 laudant

471 4193 666 4235 nomen
697 4175 923 4229 Domini.
954 4173 1136 4252 itaque
1182 4178 1512 4230 evanuerunt
1553 4169 1604 4222 in
1646 4165 2058 4245 ci-gilatiouihus

467 4270 578 4331 suis
607 4318 622 4341 ,
647 4284 701 4330 et
725 4275 1064 4329 obscuratum
1085 4269 1087 4272 ’
1108 4280 1191 4342 est
1229 4271 1487 4340 insipiens
1512 4283 1606 4323 cor
1631 4283 1817 4323 eorum
1849 4284 1864 4332 ;
1894 4276 1947 4322 et
1971 4267 2054 4320 di-

468 4377 650 4424 centes
679 4381 736 4421 sc
761 4380 879 4420 esse
903 4366 1190 4434 sapientes,
1219 4363 1362 4418 stulti
1395 4360 1518 4416 facti
1543 4369 1667 4414 sunt
1689 4359 1866 4429 (Rom.
1897 4374 1934 4424 ι,
1962 4357 2052 4425 21,

467 4460 558 4531 22)
592 4477 605 4514 :
636 4458 924 4512 Voluerunt
970 4471 1162 4510 nomen
1191 4469 1345 4509 suum
1377 4452 1677 4508 diutissime
1702 4461 1756 4506 et
1797 4449 2056 4504 latissime

468 4551 728 4608 diﬂ'atnari
752 4551 793 4618 ⁸,
823 4550 930 4605 cito
953 4549 1049 4618 ipsi
1077 4551 1127 4602 in
1155 4546 1428 4618 angustias
1457 4545 1748 4599 transituri.
1775 4543 1942 4598 Deum
1963 4541 2058 4597 de-

469 4654 552 4700 cet
579 4686 594 4710 ,
626 4643 904 4697 Dominum
940 4641 1094 4696 decet
1131 4648 1187 4694 et
1215 4653 1428 4707 semper
1456 4645 1510 4692 et
1535 4635 1729 4704 ubique
1755 4635 2053 4706 prredicari.

468 4739 693 4807 Semper
718 4749 845 4805 ergo
871 4732 1191 4804 praedicetur
1216 4749 1229 4786 :
1266 4750 1284 4783 ι
1319 4729 1400 4786 Sit
1437 4743 1631 4784 nomen
1656 4727 1864 4781 Domini
1893 4726 2057 4782 benc-

469 4830 689 4892 dirtnm,
715 4841 780 4881 ex
811 4825 911 4880 hoc
936 4831 991 4878 et
1019 4838 1186 4893 usque
1209 4821 1261 4876 in
1287 4820 1562 4876 srcculum.
1588 4837 1607 4871 ι
1635 4817 1842 4888 Ubique
1871 4817 2058 4888 praedi-

467 4934 616 4980 cetur
650 4940 663 4977 :
693 4940 712 4974 ι
770 4922 814 4976 Α
867 4919 997 4974 solis
1041 4927 1161 4973 ortu
1189 4931 1359 4987 usque
1395 4915 1463 4971 ad
1502 4901 1772 4981 occasum,
1803 4913 2012 4970 laudate
2034 4915 2056 4947 ⁸

461 5017 665 5074 'nomen
698 5013 927 5070 Domini.

417 5095 428 5110 ’
542 5111 596 5167 2.
637 5111 852 5180 Qumrat
877 5124 943 5164 ex
968 5122 1055 5164 me
1079 5106 1272 5178 aliquis
1298 5118 1584 5176 puerorum
1609 5110 1913 5158 sanctorum
1939 5099 2054 5154 lau-

470 5204 709 5260 dantiutn
743 5219 936 5258 nomen
979 5200 1231 5267 Domini,
1267 5207 1322 5254 et
1352 5197 1496 5253 dicat
1526 5195 1656 5251 mihi
1691 5213 1703 5250 :
1735 5195 1870 5250 Ecce
1896 5209 2052 5264 usque

468 5295 783 5353 msazculum
807 5339 822 5364 ,
861 5295 1065 5366 accipio
1098 5307 1263 5365 usque
1297 5293 1351 5347 in
1392 5298 1694 5355 aeternum;
1740 5303 1836 5342 cur
1875 5297 2054 5342 autem

468 5406 533 5445 ea;
560 5390 688 5454 hoc,
733 5398 789 5444 et
831 5404 935 5442 non
967 5394 1090 5441 ante
1131 5384 1233 5440 hoc
1275 5393 1326 5438 ct
1370 5392 1496 5438 ante
1533 5381 1710 5435 omnia
1751 5378 1945 5433 smcula
1993 5379 2059 5432 sit

471 5498 654 5537 notum
678 5479 886 5536 Domini
909 5476 1268 5534 benedictum?
1291 5471 1646 5546 Respondebo
1677 5470 1900 5544 parvulo
1924 5512 1939 5538 ,
1965 5469 2056 5541 qui

537 5640 554 5673 ⁸
589 5641 678 5699 sic,
716 5645 773 5688 ut
809 5638 869 5688 ad
907 5633 1258 5699 subsequentia
1279 5631 1434 5699 verba
1454 5634 1646 5699 constet
1683 5627 1957 5699 antithesis,
1971 5624 2058 5697 Ile-

473 5688 686 5765 gendum
709 5714 818 5749 cum
840 5688 1124 5765 melioribus
1149 5705 1252 5765 lii-ss;
1279 5702 1335 5744 Al.
1373 5693 1508 5765 istim.
1524 5691 1794 5765 .roluerunt
1831 5688 2058 5765 latissime

470 5753 640 5818 nomen
658 5776 801 5826 suum
823 5767 868 5826 et
892 5753 1399 5826 altissintedimtmari.
1427 5753 1708 5818 [Voluerunt
1729 5764 1900 5805 nomen
1919 5762 2061 5803 sanan

472 5825 740 5888 dimissum
763 5833 808 5876 et
832 5821 1059 5888 latissime
1084 5820 1374 5888 diﬂ'mgwi’f-l
1397 5877 1408 5888 ,

535 5891 564 5932 ος
578 5877 674 5949 unc
697 5887 800 5950 loco
824 5882 1040 5946 nonnulli
1060 5877 1186 5948 iussi,
1212 5877 1470 5939 laudabile.

1751 365 1808 421 S.
1843 360 2212 422 AUGUSTINI
2246 365 2548 428 EPISCOPI

3611 379 3757 446 H73

2173 500 2281 541 non
2311 490 2697 546 contumaciter
2725 493 2913 562 quaerit
2943 510 2957 548 :
2999 492 3163 552 Vobis
3189 495 3383 554 dicitur
3406 539 3423 566 ,
3460 497 3663 557 domini
3699 508 3757 559 et

2167 579 2320 650 pueri
2348 581 2388 648 ι,
2437 581 2587 637 vobis
2628 583 2860 650 dicitur,
2897 585 3125 642 Laudate
3169 606 3349 646 nomen
3392 591 3644 649 Domini:
3689 595 3758 650 sit

2169 690 2352 730 nomen
2374 674 2585 730 Domini
2606 677 2916 733 benedictum
2942 697 2960 744 ,°
2984 682 3053 736 sit
3078 697 3105 735 a
3132 683 3285 738 vobis
3315 700 3506 740 nomen
3539 685 3755 741 Domini

2167 767 2506 823 benedictum
2533 813 2547 837 ,
2579 787 2642 825 ea:
2670 771 2764 825 hoc
2789 773 2972 843 utique
2995 789 3063 829 ex
3093 790 3197 845 quo
3225 778 3376 832 vobis
3414 777 3632 834 dicitur.
3669 779 3758 835 In-

2166 860 2341 931 cipitis
2369 862 2509 917 enim
2549 863 2769 921 laudare
2793 907 2807 932 ,
2846 867 2939 921 sed
2978 867 3094 924 sine
3130 867 3235 925 fine
3271 871 3500 926 laudate.
3547 872 3633 926 Ex
3661 873 3757 927 hoc

2167 965 2297 1023 ergo
2326 961 2370 1006 ct
2400 970 2552 1025 usque
2580 955 2632 1008 in
2659 957 2897 1035 sccculultn
2923 999 2938 1024 ,
2969 958 3084 1014 sine
3109 959 3213 1015 line
3239 960 3462 1017 laudate.
3499 962 3580 1018 Ne
3607 962 3758 1019 dica-

2167 1046 2239 1100 tis
2263 1062 2275 1099 :
2307 1046 2592 1117 Incipimus
2619 1049 2833 1119 quidem
2864 1051 3078 1107 laudare
3106 1053 3388 1109 Dominum
3411 1098 3424 1121 ,
3451 1058 3571 1127 quia
3601 1058 3758 1127 pueri

2168 1150 2396 1203 sumus;
2448 1140 2540 1193 sed
2585 1154 2704 1194 cunt
2754 1143 3080 1198 creveritnus
3129 1146 3409 1216 magnique
3454 1147 3756 1216 fuerimus,

2168 1244 2267 1285 nos
2294 1230 2436 1300 ipsos
2462 1230 2812 1286 laudabimus.
2840 1232 2954 1289 Non
2983 1235 3060 1289 sic
3087 1277 3100 1300 ,
3131 1237 3278 1305 pueri
3305 1279 3320 1304 ,
3353 1252 3455 1291 non
3483 1239 3562 1293 sic
3591 1256 3606 1292 :
3631 1254 3758 1309 pro-

2167 1335 2350 1393 pterea
2378 1325 2506 1379 dicit
2536 1326 2789 1380 Dominus
2812 1342 2904 1396 per
2927 1328 3114 1384 Isaiam
3141 1371 3157 1397 ,
3189 1328 3302 1401 Ego
3329 1348 3439 1385 sum
3463 1348 3482 1398 ;
3524 1342 3568 1386 et
3599 1349 3760 1402 usque

2168 1417 2289 1470 dum
2310 1419 2579 1472 senescatis
2601 1459 2617 1484 ,
2650 1436 2740 1490 ego
2762 1437 2872 1474 sunt
2901 1420 2920 1492 (
2942 1420 3069 1476 Isai.
3101 1439 3229 1478 XLVI
3255 1466 3268 1489 ,
3299 1425 3334 1478 4
3353 1422 3396 1495 ).
3423 1423 3517 1480 Ille
3541 1441 3758 1494 semper

2167 1507 2463 1564 lauoandus
2492 1513 2686 1582 estqui
2716 1522 2816 1567 est.
2843 1513 3074 1569 Laudate
3097 1557 3112 1581 ,
3151 1518 3294 1587 pueri
3315 1560 3332 1585 ,
3373 1534 3436 1573 ea:
3463 1519 3591 1585 hoc,
3634 1520 3755 1575 lau-

2167 1610 2290 1656 date
2317 1643 2332 1668 ,
2368 1617 2524 1658 senes
2548 1644 2563 1669 ,
2591 1613 2636 1656 et
2664 1621 2821 1675 usque
2848 1607 2899 1660 in
2925 1608 3185 1664 steculum.
3215 1609 3346 1675 Quia
3384 1621 3635 1666 senectus
3665 1627 3757 1666 ve-

2166 1704 2278 1750 stra
2306 1697 2540 1751 albescet
2559 1697 2772 1766 quidem
2801 1700 2950 1755 canis
2971 1703 3244 1772 sapientiae
3271 1745 3286 1768 ,
3323 1704 3416 1759 sed
3443 1722 3546 1760 non
3574 1708 3757 1764 carnis

2165 1798 2432 1844 vetustate
2460 1801 2776 1846 marcescct.
2806 1793 2909 1847 Aut
2937 1795 3187 1863 quoniam
3215 1795 3316 1851 hoc
3342 1796 3460 1852 loco
3487 1797 3758 1854 humilita-

2166 1890 2272 1938 tem
2305 1882 2478 1952 ponus
2504 1881 2713 1938 videtur
2739 1884 3036 1953 significare
3066 1887 3297 1956 pueritia
3325 1929 3339 1952 ,
3370 1890 3456 1944 cui
3486 1891 3756 1947 contraria

2165 1985 2248 2030 est
2271 1991 2407 2030 vana
2429 1986 2481 2031 et
2505 1975 2635 2030 falsa
2666 1978 2930 2047 snperbiaz
2960 1979 3266 2050 magnitudo
3293 1998 3308 2047 ;
3341 1991 3395 2038 et
3422 1981 3542 2038 ideo
3575 1984 3757 2038 Domi-

2165 2086 2290 2125 num
2317 2072 2418 2126 nisi
2453 2073 2600 2142 pueri
2637 2088 2740 2127 non
2776 2073 3028 2139 laudant,
3066 2074 3189 2145 quia
3224 2076 3439 2146 superbi
3477 2092 3599 2132 eum
3638 2078 3760 2132 latto

2165 2161 2295 2220 dare
2323 2179 2424 2218 non
2455 2174 2652 2220 norunt
2679 2183 2690 2218 :
2717 2166 2786 2219 sit
2806 2175 3052 2221 senectus
3073 2176 3246 2222 vestra
3272 2169 3490 2240 puerilis
3510 2212 3524 2237 ,
3556 2181 3610 2225 et
3634 2187 3761 2241 puc-

2164 2258 2286 2312 ritia
2314 2257 2534 2323 senilis;
2563 2257 2612 2312 id
2634 2267 2714 2312 est
2741 2275 2752 2311 :
2783 2268 2839 2311 ut
2874 2275 2973 2314 nec
3008 2261 3266 2330 sapientia
3306 2271 3480 2317 vestra
3528 2261 3596 2317 sit
3633 2279 3758 2318 cum

2165 2348 2412 2416 superbia
2445 2390 2460 2415 ,
2495 2365 2591 2404 nec
2619 2350 2886 2406 humilitas
2927 2352 3043 2407 sine
3089 2352 3345 2421 sapientia
3372 2394 3386 2418 ,
3436 2361 3494 2409 ut
3531 2354 3759 2408 laudetis

2166 2439 2448 2495 Dominum
2477 2457 2539 2494 ex
2562 2442 2656 2496 hoc
2687 2452 2734 2496 et
2761 2460 2916 2514 usque
2935 2445 2986 2497 in
3012 2446 3270 2498 saxulum.
3294 2444 3638 2516 Quacumque
3661 2463 3759 2501 au-

2167 2542 2272 2588 tem
2297 2534 2349 2588 in
2383 2535 2616 2603 parvulis
2644 2537 2841 2589 sanctis
2879 2535 3120 2591 Ecclesia
3160 2535 3356 2592 Christi
3402 2537 3715 2593 diffunditur
3739 2580 3756 2604 ,

2163 2623 2393 2679 Laudate
2419 2643 2597 2679 nomen
2627 2624 2997 2682 Domini:hoc
3040 2636 3121 2682 est
3159 2628 3298 2683 enim
3325 2671 3338 2694 ,
3389 2631 3432 2682 Α
3471 2629 3592 2684 solis
3639 2639 3757 2684 ortu

2163 2733 2320 2788 usque
2345 2717 2414 2770 ad
2443 2734 2677 2773 occasum
2701 2761 2716 2784 ,
2744 2717 2948 2773 laudate
2974 2737 3156 2774 nomen
3182 2719 3411 2774 Domini.

2236 2811 2288 2865 5.
2314 2809 2463 2884 [vet-it.
2492 2809 2570 2884 4.]
2622 2810 2865 2866 Ea‘t‘elsus
2909 2829 3061 2883 super
3088 2830 3256 2867 omnes
3284 2822 3450 2884 gentes
3482 2813 3755 2870 Dominus.

2164 2901 2360 2958 Gentes
2390 2902 2634 2957 homines
2664 2913 2786 2957 sunt
2812 2910 2839 2956 ε’
2858 2904 2983 2974 quid
3013 2905 3204 2958 mirum
3235 2906 3278 2958 si
3324 2919 3482 2974 super
3511 2905 3758 2961 homines

2163 2994 2407 3049 excelsus
2435 3003 2518 3049 est
2539 2995 2828 3050 Dominus?
2857 2995 2934 3049 llli
2961 3010 3123 3065 super
3150 3011 3208 3050 se
3234 2997 3475 3051 excelsos
3498 3011 3633 3066 quos
3657 3012 3758 3050 co-

2161 3086 2298 3152 lunt,
2325 3089 2491 3142 oculis
2518 3088 2699 3143 vident
2725 3088 2775 3141 itt
2803 3088 2939 3141 coelo
2965 3087 3187 3159 fulgere,
3218 3090 3385 3143 solem
3411 3095 3466 3142 et
3494 3089 3672 3142 lunam
3701 3098 3758 3146 et

2161 3179 2362 3244 stellas,
2396 3180 2486 3249 qui
2531 3184 2786 3234 creatum
2813 3179 3080 3242 serviunt,
3113 3179 3420 3234 deserentes
3445 3182 3755 3236 Creatorem

2164 3271 2271 3327 Sed
2300 3287 2404 3327 non
2436 3272 2609 3327 solum
2640 3271 2864 3327 excelsus
2891 3289 3042 3342 super
3069 3290 3238 3327 omnes
3263 3284 3432 3345 gentes
3472 3273 3757 3342 Dominus;

2162 3379 2347 3420 verum
2386 3365 2544 3418 etiam
2567 3381 2716 3434 super
2739 3362 2889 3418 cwlos
2909 3365 3072 3435 gloria
3093 3367 3222 3437 ejus.
3243 3364 3372 3421 Caeli
3401 3382 3556 3434 supra
3578 3380 3638 3421 se
3663 3383 3758 3420 su-

2163 3455 2395 3526 Spiciunt
2423 3457 2443 3488 ²
2477 3470 2630 3520 cum;
2663 3464 2717 3510 et
2761 3455 2986 3510 immites
3016 3471 3136 3510 eum
3161 3470 3341 3511 secum
3373 3457 3586 3525 habent,
3620 3474 3754 3514 con-

2163 3549 2330 3602 stituti
2373 3562 2533 3602 carne
2571 3546 2708 3603 infra
2751 3547 2975 3617 coelum,
3004 3548 3096 3619 qui
3143 3563 3240 3619 pro
3289 3549 3381 3604 illo
3419 3566 3523 3605 non
3566 3551 3755 3607 colunt

2165 3640 2384 3694 caelum.

2233 3748 2288 3802 4.
2331 3745 2498 3821 [vers.
2552 3747 2604 3811 5,
2657 3744 2752 3820 6.]
2797 3745 2920 3809 Quis
2973 3743 3114 3798 enim
3163 3741 3294 3796 sicut
3334 3737 3581 3793 Dominus
3613 3734 3756 3790 Dens

2159 3849 2350 3906 noster,
2379 3841 2466 3910 qui
2505 3841 2556 3892 in
2579 3840 2696 3894 altis
2724 3839 2936 3903 habitat,
2983 3846 3029 3892 et
3071 3836 3284 3890 humilia
3322 3835 3568 3906 respicit?
3593 3831 3756 3898 Quis-

2158 3935 2315 4002 quam
2340 3941 2551 4002 putaret
2571 3931 2712 4000 quod
2736 3931 2787 3984 in
2809 3930 2931 3985 altis
2951 3930 3101 3984 oculis
3123 3928 3342 3995 habitet,
3363 3927 3502 3982 unde
3523 3926 3752 3984 humilia

2160 4033 2371 4078 terrena
2403 4023 2678 4093 respiciat;
2726 4022 2818 4076 sed
2866 4022 3078 4076 humilia
3117 4021 3316 4089 respicit
3357 4020 3408 4073 in
3436 4019 3558 4074 rwlo
3599 4028 3650 4072 et
3693 4019 3749 4071 in

2158 4125 2310 4171 terra.
2365 4115 2419 4170 In
2475 4115 2667 4187 quibus
2714 4129 2842 4184 ergo
2888 4114 3009 4169 altis
3063 4114 3286 4182 habitat,
3334 4113 3476 4167 unde
3521 4111 3747 4166 humilia

2165 4214 2418 4283 respiciat
2447 4210 2502 4266 in
2528 4211 2665 4265 c0310
2692 4219 2744 4263 et
2775 4211 2826 4263 in
2851 4209 3035 4286 terra?
3061 4210 3143 4263 An
3175 4206 3232 4262 in
3254 4205 3446 4274 quibus
3467 4203 3585 4258 altis
3607 4202 3762 4258 habi-

2163 4316 2282 4371 tat,
2314 4305 2473 4360 etiam
2524 4305 2635 4374 ipsa
2679 4303 2897 4356 humilia
2944 4301 3201 4370 respicit?
3245 4299 3339 4352 Sic
3370 4297 3511 4351 enim
3561 4296 3762 4352 exaltat

2165 4399 2430 4467 humiles,
2458 4407 2516 4452 ut
2556 4413 2661 4452 non
2703 4395 2860 4450 faciat
2901 4395 3179 4465 superbos.
3227 4394 3414 4460 Itaque
3450 4399 3504 4444 et
3544 4390 3595 4443 in
3637 4388 3762 4444 altis

2165 4491 2370 4546 habitat
2394 4507 2528 4561 quos
2557 4490 2793 4553 cxaltat,
2844 4488 3073 4557 facitque
3119 4486 3217 4541 sibi
3248 4499 3342 4540 cos
3388 4483 3619 4546 coelum,
3659 4476 3761 4536 hoc

2163 4593 2246 4640 est
2268 4583 2450 4640 sedem
2489 4598 2674 4647 suam;
2721 4589 2777 4636 et
2814 4596 2907 4637 eos
2947 4589 3122 4634 tamen
3170 4594 3274 4632 non
3310 4573 3576 4646 superbos
3600 4614 3615 4637 ,
3665 4573 3760 4628 sed

2163 4693 2378 4748 semper
2403 4675 2644 4731 subditos
2672 4672 2928 4728 intuendo
2955 4714 2970 4735 ,
3001 4673 3161 4726 etiam
3192 4671 3241 4724 in
3272 4672 3386 4742 ipso
3407 4665 3549 4725 caelo
3582 4665 3761 4720 humi-

2163 4769 2231 4824 lia
2260 4768 2511 4840 respicit,
2543 4768 2593 4822 in
2621 4766 2812 4836 quibus
2840 4764 3068 4819 excelsis
3095 4763 3316 4817 habitat.
3349 4759 3584 4832 Spiritus
3614 4758 3754 4812 enim

2165 4878 2262 4934 per
2306 4861 2494 4916 Isaiam
2537 4861 2607 4914 ita
2648 4859 2921 4929 loquitur;
2978 4875 2996 4907 ε
3028 4857 3154 4911 llaec
3191 4855 3321 4910 dicit
3355 4851 3666 4908 Altissimus
3707 4851 3758 4905 in

2163 4954 2392 5011 excelsis
2421 4952 2667 5007 habitans
2686 4992 2701 5017 ,
2730 4951 2780 5004 in
2803 4957 3063 5004 :cternum
3093 4963 3287 5002 notnett
3315 4946 3464 5015 ejus,
3499 4942 3762 5000 Dominus

2167 5047 2459 5101 altissimus
2507 5045 2560 5098 in
2620 5043 2818 5097 sanctis
2861 5041 3099 5111 requiem
3158 5040 3383 5095 habens.
3416 5058 3435 5092 ι
3499 5035 3761 5106 Exposuit

2166 5139 2291 5211 quid
2323 5139 2550 5202 dixerit,
2581 5138 2632 5191 in
2657 5135 2864 5190 excelsis
2886 5133 3119 5188 habitans
3143 5148 3162 5195 ,°
3208 5131 3312 5186 hoc
3354 5131 3496 5186 enim
3547 5131 3762 5200 plenius

2165 5234 2407 5289 elocutus
2432 5273 2447 5298 ,
2479 5233 2532 5285 in
2556 5231 2742 5285 sanctis
2761 5270 2774 5294 ,
2804 5229 3009 5298 inquit,
3039 5227 3260 5296 requiem
3280 5225 3489 5278 habens.
3528 5223 3636 5278 Sed
3666 5224 3759 5293 qui

2164 5335 2289 5381 sunt
2317 5325 2527 5387 sancti,
2556 5321 2658 5377 nisi
2689 5321 2917 5375 humiles
2939 5362 2953 5385 ,
2997 5320 3086 5390 qui
3126 5318 3274 5388 pueri
3318 5315 3535 5371 laudant
3571 5315 3762 5370 Domi-

2167 5421 2334 5476 num?
2363 5419 2542 5488 Itaque
2569 5416 2807 5485 adjungit
2833 5432 2846 5467 :
2889 5413 2957 5468 Et
2991 5412 3328 5485 pusillanimis
3367 5410 3497 5464 dans
3541 5426 3762 5480 magna-

2165 5513 2444 5568 nimitatem
2466 5552 2480 5577 ,
2509 5519 2556 5563 et
2576 5509 2704 5563 dans
2731 5509 2884 5560 vitam
2909 5507 2993 5577 qui
3026 5507 3078 5559 in
3111 5505 3394 5559 humilitate
3435 5502 3603 5556 cordis
3639 5510 3768 5556 sunt

2167 5605 2299 5679 (Id.
2344 5619 2484 5670 LVlI,
2533 5601 2660 5672 15).
2689 5601 2746 5657 In
2785 5601 2978 5668 quibus
3018 5597 3217 5654 sanctis
3256 5598 3499 5667 requiem
3550 5594 3766 5664 habet,

2231 5809 2248 5841 ί
2275 5807 2347 5856 sic
2361 5803 2538 5867 aliquot
2549 5809 2654 5867 Mss.
2675 5807 2727 5850 At
2741 5799 2875 5856 Edd..
2888 5801 3029 5864 pueri
3041 5797 3293 5867 pqmz'm'ci.

2233 5873 2256 5910 ³
2287 5879 2389 5925 stu.
2516 5873 2569 5921 et
2590 5865 2759 5932 plures
2773 5860 2903 5930 uss;
2926 5860 3208 5931 suscipiam.
3341 5877 3360 5886 ν
