4090 6474
319 373 464 434 1473

321 495 408 551 his
455 493 808 566 pusillanimis
845 493 939 550 dat
983 495 1488 564 magnanimitatem.
1539 497 1680 552 Dans
1725 495 1909 566 utique

321 591 812 658 magnanimitatem
854 591 1094 644 excelsos
1134 589 1296 654 facit,
1339 590 1392 644 in
1433 590 1624 660 quibus
1672 591 1908 662 requiem

321 683 527 739 habens
560 681 613 738 in
644 682 869 738 excelsis
897 682 1118 736 habitat.
1149 681 1251 736 Sed
1283 683 1406 752 quia
1439 682 1790 752 pusillanituis
1816 682 1908 738 dat

319 776 814 848 magnanimitatem
841 816 853 840 ,
890 775 1075 830 eadem
1105 775 1309 829 excelsa
1344 776 1394 829 in
1435 774 1626 844 quibus
1669 774 1908 842 habitat,

320 867 545 922 humilia
596 867 832 938 respicit.
887 866 992 922 Sed
1048 864 1298 933 humilia,
1353 865 1562 936 inquit,
1609 865 1812 938 respicit
1857 866 1912 920 in

321 961 448 1016 ccrlo
478 969 524 1012 et
555 961 607 1014 in
636 969 788 1014 trrro.

396 1053 450 1107 5.
495 1052 560 1105 Ει
588 1051 843 1106 excitavit
868 1065 965 1106 nos
989 1051 1145 1104 etiam
1174 1065 1418 1122 quaerere
1443 1057 1618 1106 utrum
1645 1050 1830 1106 eadem
1855 1049 1910 1106 in

323 1144 464 1200 etelo
490 1184 505 1204 ,
535 1158 655 1212 qum
683 1141 734 1195 in
769 1151 946 1206 terra;
974 1157 1044 1196 an
1070 1141 1170 1196 alia
1212 1142 1262 1195 in
1303 1141 1475 1206 caelo,
1523 1142 1626 1195 alia
1673 1141 1724 1194 in
1770 1149 1910 1196 terra

330 1235 552 1290 humilia
585 1233 837 1310 respiciat
873 1233 1128 1288 Dominus
1161 1234 1298 1288 Deus
1327 1241 1526 1288 noster.
1557 1232 1611 1286 Si
1644 1232 1788 1288 enim
1816 1247 1910 1288 ea-

328 1329 452 1384 dem
478 1369 494 1394 ,
525 1328 676 1384 video
707 1326 1152 1398 quemadmodum
1177 1328 1278 1382 hoc
1297 1327 1586 1394 intelligam
1619 1324 1908 1380 secundum

321 1423 640 1492 Apostolqu
669 1422 976 1477 dicentem:
1015 1438 1034 1473 ι
1063 1421 1120 1475 lu
1164 1435 1325 1474 carne
1359 1420 1501 1473 enim
1537 1418 1868 1472 ambulantes
1891 1457 1908 1484 ,

321 1529 432 1569 non
459 1512 752 1566 secundum
775 1527 991 1566 carnem
1015 1510 1302 1565 militamus
1331 1528 1344 1563 :
1371 1525 1516 1563 arma
1545 1509 1686 1564 enim
1709 1507 1911 1562 militite

319 1615 522 1660 nostra:
557 1620 659 1660 non
688 1603 919 1660 carnalia
946 1645 959 1664 ,
988 1602 1081 1658 sed
1113 1603 1344 1672 potentia
1375 1589 1481 1654 Deo
1511 1619 1530 1652 ι
1569 1635 1588 1670 κ
1611 1597 1655 1652 ll
1683 1597 1803 1652 Cor.
1837 1613 1866 1651 κ
1890 1639 1908 1665 ,

319 1697 357 1752 5
385 1705 429 1750 ει
475 1694 574 1764 4).
615 1695 766 1750 Unde
794 1710 921 1764 ergo
965 1687 1236 1764 potentia,
1263 1692 1364 1746 nisi
1412 1693 1534 1761 quia
1577 1688 1912 1760 spiritualia?

321 1789 456 1844 Cum
489 1789 666 1857 itaque
697 1777 980 1856 Apostolus
1006 1794 1061 1841 et
1093 1785 1144 1838 in
1175 1800 1336 1840 cm'nc
1361 1783 1595 1838 ambulet
1619 1823 1632 1846 ,
1667 1790 1718 1836 et
1749 1781 1910 1850 spiri-

324 1879 543 1934 tualiter
572 1878 801 1943 militet,
837 1893 942 1932 non
974 1877 1164 1930 mirum
1211 1876 1254 1930 si
1295 1875 1560 1930 humilitas
1604 1874 1721 1942 ejus
1765 1882 1818 1928 et
1854 1873 1908 1928 iu

321 1973 464 2026 caelo
513 1970 794 2038 respicitur
843 1978 1058 2039 propter
1105 1967 1321 2037 spiritus
1369 1966 1708 2032 libertatem,
1757 1973 1810 2020 et
1857 1963 1912 2020 in

325 2073 465 2116 terra
493 2072 711 2132 propter
739 2061 979 2130 corporis
1023 2060 1354 2115 servitutem.
1397 2058 1538 2112 ldem
1577 2058 1771 2127 quippe
1804 2055 1910 2110 alio

323 2155 445 2211 loco
475 2155 642 2220 dicit,
679 2173 698 2207 ι
725 2154 916 2208 Nostra
949 2154 1089 2210 enim
1122 2153 1455 2208 conversatio
1498 2153 1548 2206 in
1587 2153 1737 2206 cmlis
1775 2159 1858 2208 est
1883 2168 1904 2203 ι

325 2245 604 2317 (Philipp.
647 2261 744 2311 ιιι,
785 2245 938 2318 20):
988 2245 1103 2315 ipse
1151 2245 1278 2300 item
1328 2244 1487 2310 dicit,
1544 2262 1562 2295 ι
1591 2243 1850 2313 optimum
1883 2261 1904 2295 ι

327 2339 430 2394 sibi
461 2357 480 2392 ι
513 2353 632 2394 esse
659 2339 876 2394 dissolvi
905 2347 956 2394 et
982 2353 1100 2394 esse
1127 2355 1246 2392 cum
1276 2337 1486 2393 Christo
1511 2379 1526 2402 ,
1553 2353 1770 2393 manere
1809 2352 1908 2392 au-

325 2441 432 2488 tem
461 2433 516 2488 iu
547 2447 709 2488 carne
732 2447 1092 2488 necessarium
1119 2473 1132 2498 ,
1167 2450 1186 2484 ι
1219 2432 1426 2502 inquit,
1461 2447 1480 2482 α
1511 2437 1730 2500 propter
1755 2444 1850 2484 vos
1879 2447 1902 2482 ι

331 2524 458 2596 (Id.
487 2541 504 2579 ι
531 2567 546 2590 ,
572 2525 644 2582 25
666 2567 680 2592 ,
708 2525 781 2580 24
805 2524 850 2596 ).
881 2524 1108 2580 Proinde
1136 2524 1376 2594 quisquis
1415 2523 1660 2593 intelligit
1694 2531 1748 2578 et
1782 2537 1912 2578 con-

326 2617 682 2672 versationem
711 2615 954 2684 Apostoli
980 2614 1033 2670 in
1060 2615 1210 2670 caelis
1233 2656 1248 2682 ,
1278 2624 1332 2670 et
1373 2615 1428 2670 in
1467 2630 1628 2670 carne
1674 2614 1910 2670 mansio-

329 2723 450 2763 nem
494 2708 550 2762 in
598 2708 792 2773 terris;
839 2708 998 2763 simul
1051 2715 1260 2778 oportet
1311 2708 1571 2776 intelligat
1625 2707 1908 2762 Dominum

331 2801 494 2859 Deum
523 2809 764 2854 nostrum
788 2800 838 2854 in
861 2799 1088 2854 excelsis
1114 2800 1310 2854 sanctis
1333 2799 1654 2854 habitantem
1679 2841 1694 2866 ,
1718 2815 1908 2870 quem-

327 2891 612 2950 admodum
652 2900 826 2946 tamen
862 2890 1075 2946 eosdem
1119 2899 1331 2946 sanctos
1373 2890 1599 2946 humiles
1626 2890 1726 2944 sibi
1773 2891 1910 2946 etin

333 2981 471 3038 uelo
501 2983 753 3052 reSpiciat
777 3025 790 3049 ,
819 2983 1068 3052 quoniam
1094 2997 1212 3052 qua:
1249 2996 1458 3038 sursum
1495 2991 1618 3037 sunt
1657 2983 1906 3052 sapiunt,

329 3075 416 3144 qui
441 3089 536 3144 spe
563 3075 579 3105 ⁸
608 3082 1016 3128 resurrcxerunt
1040 3088 1160 3128 cum
1186 3073 1398 3128 Christo
1424 3073 1442 3145 (
1464 3074 1656 3128 Coloss.
1684 3089 1742 3130 ut
1767 3115 1782 3141 ,
1809 3074 1834 3128 1
1865 3074 1906 3146 );

328 3176 382 3222 et
413 3169 466 3222 iu
495 3177 638 3223 terra
663 3209 678 3234 ,
707 3169 958 3237 quoniam
989 3169 1222 3224 nondum
1253 3168 1410 3222 soluti
1434 3176 1556 3221 sunt
1585 3167 1760 3224 carnis
1785 3166 1908 3221 vin-

319 3259 450 3314 culo
475 3301 490 3326 ,
521 3267 578 3314 ut
603 3273 668 3314 ex
695 3267 800 3312 tota
827 3260 934 3314 vita
957 3276 1050 3314 sua
1075 3261 1281 3331 possint
1299 3274 1418 3314 esse
1442 3275 1563 3314 cum
1586 3259 1817 3314 Christo.
1848 3259 1908 3316 Si

325 3363 454 3404 vero
501 3349 602 3404 alia
651 3350 902 3406 Dominus
941 3351 1081 3406 Deus
1121 3360 1302 3408 noster
1341 3351 1562 3406 humilia
1599 3353 1816 3422 respicit
1852 3351 1908 3408 in

325 3442 464 3498 ctelo
487 3484 502 3508 ,
533 3451 588 3498 et
612 3443 711 3496 alia
741 3444 796 3498 in
819 3453 955 3500 terra
981 3461 995 3510 ;
1024 3443 1188 3500 credo
1207 3444 1348 3515 quod
1377 3445 1428 3500 in
1451 3445 1588 3500 coelo
1607 3445 1718 3515 jam
1742 3445 1909 3514 respi-

325 3535 398 3590 cit
426 3549 560 3604 quos
587 3536 830 3603 vocavit,
873 3545 926 3591 et
965 3535 1168 3592 habitat
1205 3537 1256 3590 in
1309 3537 1425 3603 eis;
1466 3537 1518 3592 in
1560 3546 1698 3592 terra
1729 3547 1906 3594 autem

327 3627 546 3696 reSpicit
569 3642 702 3697 quos
729 3636 882 3682 vocat
906 3669 921 3694 ,
949 3635 1008 3682 ut
1033 3627 1234 3682 habitet
1253 3629 1306 3682 in
1334 3627 1434 3684 eis.
1459 3627 1594 3684 Istos
1617 3629 1758 3684 enim
1785 3646 1910 3700 pos-

327 3717 466 3771 sidet
491 3717 730 3774 etelestia
757 3719 1051 3789 cogitantes
1077 3760 1092 3784 ,
1125 3719 1243 3774 illos
1281 3719 1479 3776 excitat
1521 3727 1730 3776 terrena
1763 3735 1907 3776 som-

327 3811 558 3870 niantes.

395 3904 448 3960 6.
491 3904 598 3960 Sed
624 3905 746 3976 quia
783 3903 998 3961 difﬁcile
1031 3905 1332 3961 obtinemus
1376 3913 1434 3960 ut
1469 3906 1674 3976 possint
1708 3913 1763 3961 et
1801 3906 1904 3976 ipsi

319 3995 428 4066 jam
459 3997 688 4052 humiles
713 3995 818 4052 diei
841 4037 858 4065 ,
883 3999 972 4067 qui
1002 3997 1235 4051 nondum
1263 3997 1408 4050 suavi
1430 3996 1556 4067 jugo
1585 3997 1792 4052 Domini
1818 3997 1904 4067 pia

325 4089 462 4144 colla
485 4089 776 4159 junxerunt
803 4089 1232 4159 quandoquidem
1262 4089 1484 4144 humilia
1523 4091 1625 4144 isto
1662 4091 1810 4155 loco,
1847 4099 1907 4146 ut

325 4191 510 4237 sancta
531 4182 550 4212 ²
583 4181 940 4252 intelligamus
963 4223 978 4246 ,
1011 4196 1106 4252 per
1143 4189 1312 4236 totum
1355 4190 1554 4236 textum
1594 4181 1792 4236 Psalmi
1825 4182 1908 4237 di-

327 4276 463 4330 vina:
519 4274 810 4330 admonent
861 4274 1090 4340 litterae;
1149 4283 1230 4329 est
1271 4282 1326 4328 et
1371 4274 1510 4329 alius
1559 4274 1902 4343 intellectus,

329 4385 486 4440 quem
515 4384 724 4424 mecum
751 4367 994 4424 Charitas
1023 4376 1199 4423 vestra
1219 4366 1538 4422 consideret.
1562 4366 1740 4422 Coelos
1765 4382 1907 4423 nunc

329 4460 610 4530 signiﬁcari
641 4459 872 4514 arbitror
896 4473 992 4514 eos
1021 4458 1110 4528 qui
1137 4457 1396 4514 sedebant
1433 4473 1592 4527 super
1625 4457 1906 4514 duodecim

330 4555 548 4609 thronos
572 4593 588 4618 ,
617 4563 672 4607 et
715 4567 836 4608 eum
871 4551 1098 4608 Domino
1139 4550 1452 4621 judicabant
1495 4549 1722 4623 (Matth.
1773 4565 1865 4607 xix
1888 4593 1904 4620 ,

327 4645 395 4702 28
419 4647 458 4714 );
492 4655 648 4700 terrze
677 4653 854 4700 autem
879 4643 1093 4698 nomine
1117 4651 1364 4698 cmteram
1393 4641 1782 4698 multitudinem
1813 4643 1908 4699 be-

331 4741 661 4796 nedictorum
686 4779 701 4802 ,
730 4737 821 4809 qui
851 4737 1241 4793 constituentur
1267 4736 1334 4791 ad
1361 4736 1634 4792 dexteram
1659 4777 1675 4804 ,
1717 4745 1774 4790 ut
1811 4752 1908 4807 per

328 4847 486 4904 opera
519 4829 898 4886 misericordia:
937 4828 1220 4884 collaudati
1268 4827 1590 4897 recipiantur
1627 4828 1694 4883 ab
1737 4828 1814 4882 eis
1852 4827 1906 4882 in

329 4923 666 4979 tabernacula
693 4931 890 4978 :eterna
916 4964 930 4988 ,
959 4937 1092 4992 quos
1121 4921 1322 4975 amicos
1361 4920 1460 4975 sibi
1498 4920 1566 4975 de
1605 4935 1908 4974 mammona

327 5015 620 5086 iniquitatis
645 5015 698 5069 in
738 5013 894 5083 hujus
939 5014 1062 5068 vita:
1097 5012 1420 5067 mortalitate
1465 5011 1708 5066 fecerunt
1736 5009 1903 5082 (Luc.

327 5123 454 5174 xvi,
502 5107 536 5159 9
561 5125 600 5176 ι.
641 5107 730 5160 Eis
773 5106 968 5175 quippe
1008 5104 1138 5160 dicit
1171 5103 1500 5174 Apostolus:
1544 5104 1606 5159 Si
1643 5121 1736 5158 nos
1773 5104 1908 5160 vobis

325 5198 614 5270 spiritantia
643 5197 998 5252 seminavimus
1021 5239 1036 5262 ,
1059 5213 1296 5269 magnum
1324 5206 1395 5250 est
1423 5197 1466 5249 si
1490 5205 1654 5250 vestra
1681 5197 1908 5252 carnalia

329 5303 572 5346 metamus
613 5291 634 5364 (
657 5291 672 5344 I
721 5291 837 5344 Cor.
884 5307 976 5354 lx,
1019 5291 1079 5345 M
1109 5289 1163 5364 )?
1212 5287 1362 5357 Quod
1401 5289 1562 5344 etiam
1601 5289 1684 5344 his
1726 5289 1906 5346 verbis

323 5386 425 5440 dici
457 5395 632 5456 potest
657 5403 671 5436 :
700 5385 754 5440 Si
781 5399 880 5439 nos
903 5383 1054 5439 vobis
1083 5384 1320 5440 cmlestia
1345 5384 1723 5440 seminavimus
1749 5425 1765 5452 ,
1795 5399 1908 5441 ma-

321 5493 482 5549 gnum
511 5485 594 5532 est
620 5475 666 5532 si
697 5487 906 5532 terrena
936 5485 1109 5530 vestra
1154 5477 1460 5530 metamus?
1503 5475 1559 5530 In
1602 5477 1742 5532 caelo
1777 5491 1904 5548 ergo

323 5569 538 5640 reSpicit
565 5568 800 5623 cmlestia
827 5567 1154 5622 scminantes
1178 5609 1191 5631 ,
1225 5566 1276 5620 in
1306 5575 1445 5621 terra
1481 5575 1657 5623 autem
1693 5577 1903 5623 terrena

319 5659 636 5725 reddentes;
677 5667 852 5715 tamen
897 5658 1126 5712 humiles
1161 5665 1214 5713 et
1252 5656 1350 5713 hos
1388 5667 1442 5713 et
1485 5659 1622 5716 illos.
1671 5659 1902 5715 Humilia

383 5817 402 5851 ¹
437 5814 756 5876 Plures-Mss"
780 5815 953 5880 quippe
977 5821 1362 5868 resurrexerunl.

381 5881 404 5918 ³
433 5881 509 5934 sic
531 5888 635 5932 Mss.
660 5880 770 5932 add.
795 5877 934 5946 vero,
968 5885 1018 5934 ut
1040 5886 1252 5934 sanctam
1276 5877 1552 5934 Ecclesium.

1429 371 1826 434 unaunam
1861 369 1928 430 IN
1965 369 2286 436 rsammu
2324 381 2486 440 cxu.

3469 396 3608 454 1474

2017 496 2157 550 enim
2193 499 2394 570 respicit
2431 501 2482 554 in
2525 502 2650 556 coita
2691 511 2738 556 et
2777 502 2829 558 iu
2870 513 3046 570 terra;
3083 507 3202 577 quia
3251 511 3608 572 meminerunt

2017 593 2229 662 utrique
2259 595 2383 663 quid
2417 595 2610 650 l‘uerint
2649 613 2744 666 per
2783 613 2931 653 suam
2975 603 3229 656 malitiam
3257 645 3272 668 ,
3315 605 3438 673 quid
3482 605 3608 662 farti

2017 683 2124 737 sint
2153 701 2247 754 per
2290 687 2494 742 Domini
2537 691 2783 760 gratiam.
2824 692 3007 763 Neque
3046 695 3188 749 enim
3229 697 3330 751 illis
3379 709 3610 754 tantum-

2021 779 2181 833 modo
2211 780 2340 835 dicit
2371 782 2474 838 \"as
2501 783 2778 840 elt'ctionis
2801 828 2816 853 ,
2855 805 2872 838 ‹
2906 787 3100 844 Fuistis
3137 793 3276 846 enim
3323 792 3610 860 aliquando

2017 869 2253 924 tenebrae
2277 887 2291 937 ;
2323 888 2467 929 nunc
2495 884 2670 930 autem
2703 877 2788 933 lux
2813 879 2864 934 in
2893 879 3118 935 Domino
3137 901 3156 934 ι
3183 867 3412 955 (ΕρΙιέδ.
3437 901 3486 948 v,
3511 885 3607 960 8);

2019 969 2074 1017 et
2103 963 2293 1018 iterum
2320 1007 2335 1030 ,
2387 985 2406 1018 σ
2449 967 2629 1024 Gratia
2669 972 2800 1026 salvi
2841 972 2964 1028 facti
2999 978 3128 1032 estis
3169 993 3264 1047 per
3307 978 3462 1036 fidem
3487 1022 3502 1047 ,
3553 990 3608 1038 et

2019 1053 2124 1112 hoc
2147 1071 2254 1112 non
2285 1073 2348 1113 ex
2377 1060 2530 1116 vobis
2555 1103 2570 1129 ,
2605 1063 2697 1118 sed
2729 1065 2818 1119 Dei
2845 1065 3042 1122 donum
3070 1077 3190 1136 est,
3221 1086 3324 1126 non
3347 1087 3410 1127 ex
3432 1074 3607 1142 operi-

2016 1145 2116 1200 bus
2139 1190 2154 1212 ,
2184 1163 2250 1204 ne
2277 1149 2413 1206 forte
2455 1153 2574 1222 quis
2611 1156 2896 1212 extollatur
2928 1178 2946 1212 ι
2977 1176 2992 1214 :
3035 1161 3128 1216 sed
3173 1163 3329 1217 etiam
3367 1165 3606 1234 scipsum
3647 1201 3650 1204 «

2017 1239 2258 1312 adjungit
2281 1257 2669 1314 consequenter
2692 1289 2706 1309 ,
2735 1249 2919 1305 dicens
2942 1291 2957 1317 ,
3001 1270 3021 1302 ‹
3055 1252 3198 1309 Illius
3235 1255 3375 1310 enim
3418 1273 3605 1314 sumus

2018 1330 2366 1400 ﬁgmentum,
2415 1337 2580 1392 creati
2621 1339 2672 1392 in
2711 1341 2964 1409 operibus
3007 1342 3180 1399 bouis.
3217 1366 3236 1397 ι
3283 1347 3418 1402 Dicit
3446 1349 3603 1404 etiam

2017 1435 2257 1478 seorsum
2288 1424 2355 1480 de
2401 1442 2460 1482 se
2504 1437 2559 1483 et
2613 1429 2741 1498 ipsis
2791 1433 2878 1500 qui
2925 1435 3282 1503 re~piciuntur
3327 1439 3379 1492 in
3429 1441 3604 1495 caelo:

2023 1530 2043 1564 ι
2073 1513 2295 1570 Fuimus
2337 1520 2478 1572 enim
2509 1539 2554 1584 ι,
2605 1522 2814 1591 inquit,
2865 1542 2884 1576 ι
2916 1535 2967 1578 et
3009 1542 3104 1582 nos
3153 1530 3465 1585 naturaliter
3513 1531 3606 1586 [iiii

2017 1603 2110 1658 ira:
2135 1645 2150 1666 ,
2189 1607 2328 1662 sicut
2377 1619 2430 1664 et
2473 1613 2652 1667 cmteri
2687 1632 2706 1664 ι
2755 1614 2773 1683 (
2802 1613 2886 1668 Id.
2917 1631 2988 1680 ιι,
3021 1619 3055 1671 5
3090 1619 3156 1673 10
3185 1625 3222 1690 ).
3266 1621 3330 1676 Ει
3369 1621 3603 1678 iterum:

2024 1713 2042 1746 ι
2079 1695 2296 1754 Fuimus
2318 1702 2460 1756 enim
2490 1713 2540 1758 et
2571 1719 2668 1760 nos
2699 1725 2741 1770 ι,
2777 1707 2982 1776 inquit,
3017 1729 3036 1762 ι
3065 1713 3209 1766 stulti
3237 1714 3520 1784 aliquando
3549 1723 3608 1774 et

2017 1788 2275 1846 increduli
2301 1835 2316 1860 ,
2349 1805 2592 1852 errantes
2617 1839 2629 1858 .
2661 1800 2956 1858 servientes
2981 1803 3259 1859 desideriis
3285 1817 3337 1862 et
3361 1807 3594 1876 volupta-

2019 1881 2160 1936 tibus
2185 1885 2348 1940 variis
2373 1927 2387 1952 ,
2419 1888 2470 1942 in
2511 1890 2707 1944 malitia
2737 1903 2791 1947 et
2821 1893 3016 1950 invidia
3043 1906 3260 1966 agentes
3283 1939 3299 1963 ,
3335 1899 3608 1954 abomina-

2016 1972 2152 2029 biles
2177 2018 2192 2042 ,
2226 1977 2450 2034 invicem
2483 1981 2610 2034 odio
2633 1982 2890 2040 habentes
2920 2004 2933 2040 :
2959 2003 3078 2042 cum
3107 1998 3283 2045 autem
3307 1990 3604 2062 benignitas

2015 2073 2072 2118 et
2119 2064 2419 2124 humanitas
2457 2070 2630 2126 illuxit
2665 2073 2955 2131 Salvaturis
2997 2077 3090 2133 Dei
3137 2082 3342 2148 nostri,
3389 2097 3494 2138 non
3537 2099 3604 2139 ex

2015 2157 2268 2224 operibus
2290 2159 2510 2228 justitizr.
2545 2180 2664 2233 quae
2715 2167 2937 2222 fecimus
2983 2185 3120 2238 nos,
3171 2171 3264 2227 sed
3313 2175 3604 2232 secundant

2015 2261 2164 2304 suam
2214 2253 2638 2310 misericordiam
2689 2259 2866 2314 salvos
2902 2276 3002 2316 nos
3047 2264 3168 2318 l'ecit
3205 2279 3298 2333 per
3333 2265 3604 2325 lavacrum

1999 2346 2475 2420 regenerationis:
2519 2347 2663 2421 (Tit.
2697 2367 2754 2406 tu
2779 2393 2792 2413 ,
2844 2353 3002 2424 3-5).
3049 2355 3186 2411 Ecce
3220 2357 3438 2414 humilia
3481 2376 3602 2432 quae

2015 2435 2372 2504 respiciuntur
2399 2438 2449 2492 in
2480 2441 2642 2496 coelo.
2681 2442 2995 2512 Spirituales
3027 2447 3170 2524 enim
3201 2459 3356 2512 sunt,
3389 2458 3446 2506 et
3485 2467 3602 2508 om-

2013 2527 2102 2581 nia
2125 2528 2392 2598 judicant:
2425 2531 2518 2588 sed
2548 2542 2722 2589 tamen
2746 2535 2975 2592 humiles
3001 2579 3018 2605 ,
3052 2555 3118 2595 ne
3139 2540 3332 2611 dejecti
3361 2543 3604 2613 judicen-

1997 2626 2118 2688 ‘tur.
2152 2620 2287 2688 Quid
2323 2622 2392 2680 de
2433 2625 2612 2694 seipso
2654 2627 3042 2697 singulariter?
3087 2647 3264 2689 nonne
3312 2635 3433 2690 talia
3477 2647 3605 2695 sunt

2013 2727 2133 2782 qua:
2161 2717 2592 2771 Commemorat?
2623 2736 2642 2770 σ
2672 2718 2769 2786 Qui
2809 2735 2914 2774 non
2951 2735 3068 2776 sum
3099 2741 3146 2789 ι,
3189 2724 3396 2794 inquit,
3429 2745 3449 2780 ‹
3485 2727 3604 2786 ido-

2014 2820 2148 2860 neus
2175 2808 2356 2862 vocari
2383 2811 2700 2882 apostolus,
2751 2813 2872 2882 quia
2917 2823 3230 2884 persecutus
3262 2833 3379 2874 sum
3423 2819 3604 2878 Eccle-

2014 2897 2147 2953 siam
2173 2900 2346 2971 Πθὺμ
2370 2901 2486 2956 Cor.
2509 2919 2602 2967 xv,
2621 2904 2680 2976 9)
2706 2923 2720 2960 :
2743 2923 2763 2958 ‹
2786 2906 2878 2961 sed
2905 2907 3320 2966 misericordiam
3341 2927 3602 2971 consecu-

2016 2999 2242 3156 tus‘rgupi
2269 3033 2282 3060 ,
2311 2993 2434 3065 quia
2465 2996 2717 3067 ignorans
2739 2997 2842 3054 feci
2882 2999 2936 3054 in
2968 3000 3341 3062 incredulitate
3377 3005 3438 3080 (l
3469 3006 3602 3064 Tim.

2016 3096 2070 3149 ι,
2214 3121 2228 3136 .

2011 3096 2228 3149 1,15).

1999 3241 2002 3244 _
2086 3176 2138 3230 7.
2181 3175 2354 3249 [νει-ε.
2386 3179 2547 3255 7-9.]
2587 3181 2827 3256 Denique
2850 3195 2972 3256 post
2995 3187 3128 3246 istos
3151 3206 3340 3248 versus
3360 3234 3377 3260 ,
3410 3195 3601 3266 quibus

2012 3271 2087 3326 ait
2116 3267 2168 3325 iii
2195 3271 2410 3328 Psalmo
2439 3275 2702 3344 Spiritus,
2760 3298 2780 3332 ‹
2811 3279 2943 3348 Quis
2985 3283 3122 3337 sicut
3167 3285 3422 3342 Dominus
3459 3289 3602 3346 Deus

2010 3373 2234 3432 noster,
2267 3365 2357 3436 qui
2387 3366 2441 3421 in
2483 3368 2606 3424 altis
2645 3369 2888 3439 habitat,
2931 3381 2986 3428 et
3023 3374 3238 3430 humilia
3286 3379 3503 3448 respicit
3543 3382 3600 3437 in

2011 3455 2149 3511 ctelo
2177 3466 2231 3512 et
2257 3457 2310 3512 in
2339 3467 2480 3514 terra
2505 3477 2519 3514 :
2562 3479 2582 3512 ›
2608 3462 2797 3516 volens
2822 3461 3016 3532 docere
3044 3481 3141 3520 nos
3170 3483 3335 3538 quare
3371 3471 3422 3524 in
3463 3473 3601 3529 malo

2010 3545 2276 3615 humilia,
2323 3564 2446 3604 cum
2487 3550 2596 3619 jam
2645 3552 2950 3622 Spirituales
2995 3557 3171 3627 magni
3217 3567 3272 3613 et
3302 3559 3598 3628 iudiciariis

2009 3639 2228 3696 sedibus
2251 3640 2392 3712 digni
2417 3683 2432 3708 ,
2465 3644 2554 3698 tali
2577 3644 2946 3714 signiﬁcentur
2965 3647 3178 3719 eloquio
3202 3665 3218 3716 ;
3243 3652 3472 3722 subjecit
3491 3665 3600 3711 sta-

2010 3732 2143 3799 tim,
2183 3751 2204 3786 ε
2232 3735 2332 3801 Qui
2375 3736 2532 3808 erigit
2575 3753 2606 3792 a
2653 3745 2796 3794 terra
2849 3741 3058 3811 inopem
3083 3783 3098 3806 ,
3153 3751 3209 3798 et
3253 3744 3322 3800 de
3363 3755 3600 3805 stercore

2009 3827 2211 3882 exaltat
2239 3843 2528 3901 pauperem
2554 3848 2569 3897 ;
2599 3840 2658 3886 ut.
2685 3833 2912 3890 collocet
2940 3849 3058 3889 eum
3081 3831 3206 3892 eum
3234 3840 3558 3910 principibus
3579 3885 3596 3912 ,

2010 3933 2132 3976 cum
2165 3919 2496 3988 principibus
2516 3923 2698 3992 populi
2725 3924 2828 3978 sui.
2860 3943 2880 3976 ι
2906 3923 3020 3979 Νοη
3049 3927 3225 3997 itaque
3245 3927 3597 3999 dedignentur

2010 4026 2131 4067 esse
2160 4011 2380 4068 humilia
2401 4015 2574 4084 capita
2598 4016 2926 4071 excelsorum
2953 4059 2968 4085 ,
2997 4019 3095 4074 sub
3119 4019 3337 4076 dextera
3363 4023 3594 4078 Domini.

2010 4101 2262 4170 Quamvis
2303 4105 2445 4159 enim
2490 4105 2784 4161 collocetur
2831 4108 3000 4163 lidelis
3041 4109 3323 4168 dominica:
3358 4116 3598 4184 pecunia:

2009 4195 2348 4266 dispensator
2387 4213 2509 4254 cum
2555 4199 2878 4269 principibus
2927 4203 3107 4272 populi
3157 4203 3290 4270 Dei,
3343 4208 3594 4276 quamvis

2011 4305 2260 4348 sessurus
2287 4292 2358 4346 sit
2381 4292 2432 4348 in
2461 4291 2741 4348 duodecim
2769 4293 2984 4349 sedibus
3007 4335 3024 4362 ,
3053 4304 3107 4350 et
3133 4298 3352 4367 angelos
3381 4315 3598 4372 quoque

2008 4381 2372 4454 iudicaturus;
2422 4399 2453 4439 a
2503 4393 2642 4440 terra
2692 4392 2894 4455 tamen
2923 4387 3076 4457 inops
3123 4385 3384 4460 erigitur,
3433 4401 3487 4447 et
3529 4393 3598 4451 de

2011 4484 2250 4533 stercore
2279 4493 2479 4548 pauper
2506 4478 2792 4533 exaltatur.
2825 4481 2906 4533 An
2935 4478 3072 4534 forte
3097 4496 3202 4536 non
3231 4491 3312 4537 est
3332 4483 3598 4543 exaltatus

2011 4567 2080 4625 de
2110 4577 2345 4625 stercore
2369 4610 2384 4635 ,
2411 4568 2502 4639 qui
2527 4569 2796 4625 serviebat
2827 4569 3109 4626 desideriis
3150 4581 3204 4628 et
3239 4575 3598 4646 voluptatibus

2009 4661 2216 4716 variis?
2247 4659 2358 4716 Sed
2402 4659 2540 4716 forte
2583 4677 2702 4716 cum
2749 4662 2846 4717 ista
2889 4663 2998 4732 jam
3045 4662 3288 4732 diceret,
3334 4682 3440 4722 non
3484 4677 3599 4724 erat

2012 4753 2167 4824 inops
2189 4795 2205 4820 ,
2238 4768 2344 4808 non
2372 4767 2592 4824 pauper.
2620 4752 2757 4821 Quid
2784 4768 2912 4824 ergo
2934 4753 3110 4810 adhuc
3135 4755 3436 4826 ingemiscit
3471 4774 3598 4828 gra-

2011 4855 2202 4910 vatus,
2254 4843 2803 4914 habitaculum-quod
2853 4845 2924 4901 de
2969 4846 3106 4902 etelo
3159 4855 3243 4902 est
3289 4848 3597 4918 superindui

2009 4939 2231 5008 cupiens
2269 4937 2353 5008 (ll
2395 4935 2512 4992 Cor.
2545 4952 2601 5004 v,
2623 4935 2736 5009 2)?
2778 4937 2887 4992 Cur
2911 4979 2924 5004 ,
2966 4955 3034 4996 ne
3067 4939 3205 4995 forte
3248 4955 3306 4995 se
3337 4941 3596 5009 extollat,

2011 5031 2377 5102 colaphizatur
2393 5072 2408 5095 ,
2435 5039 2490 5086 et
2514 5030 2759 5086 subditur
2778 5033 2968 5103 angelo
2989 5041 3186 5088 satana:
3209 5072 3226 5098 ,
3247 5033 3462 5088 stimulo
3481 5049 3596 5090 ear-

2010 5125 2096 5180 nis
2123 5138 2232 5178 sua:
2255 5122 2273 5194 (
2297 5121 2385 5178 Id.
2412 5139 2523 5190 xu,
2553 5125 2586 5178 7
2612 5123 2667 5196 )?
2707 5123 2860 5180 Altus
2889 5134 2970 5180 est
3000 5125 3212 5194 quidem
3245 5124 3516 5180 habitante
3543 5127 3595 5182 in

2009 5231 2070 5272 se
2095 5215 2322 5270 Domino
2345 5257 2360 5282 ,
2403 5225 2458 5270 et
2496 5215 2702 5272 habens
2745 5231 2866 5271 eum
2910 5215 3164 5285 Spiritum
3203 5215 3292 5285 qui
3329 5223 3595 5272 scrutatur

2010 5308 2186 5364 omnia
2213 5349 2228 5373 ,
2255 5307 2416 5364 etiam
2446 5307 2780 5362 altitudinem
2823 5306 2912 5362 Dei
2955 5303 2975 5379 (
3001 5305 3018 5360 l
3045 5306 3162 5361 Cor.
3197 5321 3270 5371 ιι,
3305 5306 3416 5378 l0)
3447 5324 3460 5359 :
3491 5307 3593 5362 ita-

2009 5416 2113 5472 que
2143 5399 2196 5455 in
2222 5399 2362 5456 coelo
2391 5408 2512 5464 est;
2561 5398 2656 5455 sed
2701 5407 2756 5453 et
2797 5398 2849 5452 in
2890 5397 3028 5454 caelo
3073 5399 3328 5454 Dominus
3371 5399 3593 5458 humilia

2007 5492 2242 5563 respicit.

2077 5585 2131 5639 8.
2173 5583 2310 5653 Quid
2343 5599 2468 5654 ergo
2492 5625 2507 5650 ,
2541 5582 2770 5646 fratres,
2807 5581 2850 5636 si
2887 5581 2996 5652 jam
3037 5581 3336 5639 audivimus
3374 5582 3593 5641 humilia

2005 5695 2125 5751 qua:
2179 5679 2232 5734 in
2281 5679 2419 5734 coelo
2458 5685 2622 5744 sunt,
2666 5675 2892 5732 exaltata
2936 5674 3003 5731 de
3041 5683 3318 5744 stercore,
3373 5686 3432 5733 ut
3469 5695 3590 5735 cum

2005 5771 2186 5844 populi
2217 5769 2612 5826 collocarentur
2635 5768 2990 5839 principibus;
3032 5769 3234 5825 nihilne
3257 5784 3590 5842 consequen-

2005 5873 2088 5926 ter
2128 5861 2429 5922 audivimus
2473 5861 2540 5920 de
2586 5861 2870 5924 humilibus
2911 5877 3032 5938 quae
3076 5863 3128 5920 in
3191 5871 3334 5924 terra
3373 5863 3590 5942 respicit
