4070 6476
491 518 791 576 Dominum
820 516 1102 573 Pauciores
1127 515 1270 570 enim
1307 521 1429 568 stmt
1474 511 1549 568 illi
1591 512 1746 566 amici
1780 511 2068 581 judicaturi

492 630 612 670 cum
641 611 867 667 Domino
886 653 899 674 ,
935 610 1113 682 plures
1141 615 1317 662 autem
1345 607 1429 662 isti
1463 621 1594 677 quos
1620 605 1883 675 recipiunt
1913 605 1964 658 in
1995 613 2074 658 ta-

489 703 774 762 bernacula
800 714 1019 757 :eterna.
1043 700 1296 768 Quamvis
1318 701 1459 754 enim
1491 707 1594 753 tota
1620 697 1870 752 frumenti
1897 693 2071 752 massa

486 801 539 855 in
582 798 976 868 comparatione
1019 794 1270 864 sejunctze
1313 793 1477 862 palea:
1520 783 1714 862 paucos
1760 789 1957 845 habere
1993 783 2072 870 vi-

486 893 702 954 deatur;
730 906 821 960 per
850 905 908 943 se
934 897 1108 942 tamen
1137 885 1493 950 considerata,
1529 875 1744 954 Cepiosa
1771 889 1871 936 est.
1920 879 2072 934 Mulli

491 985 622 1038 enim
650 980 746 1050 ﬁlii
785 979 993 1034 deserta:
1017 1021 1030 1046 ,
1070 976 1231 1048 magis
1261 993 1410 1047 quam
1445 975 1552 1044 ejus
1580 981 1702 1050 Qua:
1733 973 1877 1028 habet
1911 974 2074 1027 virum

414 1053 418 1057 ’
490 1071 660 1143 (Isui.
693 1075 778 1126 Liv'
802 1113 814 1136 ,
847 1071 873 1125 1
899 1070 957 1138 ):
992 1069 1142 1123 multi
1179 1067 1268 1122 ﬁlii
1315 1067 1431 1137 ejus
1468 1082 1584 1136 qua:
1623 1081 1716 1135 per
1755 1064 1977 1135 gratiam
2020 1063 2073 1116 in

493 1173 765 1219 senectute
791 1163 1071 1230 concepit,
1111 1158 1272 1228 quam
1297 1158 1412 1228 ejus
1437 1173 1555 1228 qua:
1582 1156 1648 1211 ab
1675 1155 1890 1209 ineunte
1916 1161 2076 1209 :etate

486 1257 642 1327 chis
673 1255 886 1309 vinculo
915 1254 1158 1307 maritala
1190 1261 1288 1306 est.
1333 1251 1396 1305 Et
1432 1265 1530 1320 ego
1565 1248 1778 1319 quidem
1817 1247 1980 1313 dico,’
2020 1245 2075 1301 in

498 1355 771 1402 senectute
797 1346 1078 1415 concepit;
1106 1344 1318 1396 intuens
1353 1341 1538 1396 Saram
1574 1349 1797 1395 matrem
1837 1349 2074 1393 nostram

489 1441 538 1492 iu
574 1455 678 1492 uno
717 1437 862 1491 Isaac
887 1477 901 1503 ,
948 1450 1043 1504 per
1087 1449 1273 1488 omnes
1318 1440 1504 1503 gentes
1544 1439 1768 1485 matrem
1816 1430 2072 1485 ﬁdelium.

491 1529 620 1595 Quae
651 1536 826 1583 autem
855 1542 1083 1598 persona
1109 1533 1191 1579 est
1217 1523 1356 1592 apud
1396 1522 1584 1576 Isaiam
1612 1563 1625 1586 ,
1662 1521 1838 1577 videte
1869 1539 1880 1575 :
1927 1522 2078 1591 quasi

489 1621 708 1674 omnino
734 1635 839 1674 non
873 1619 1057 1672 matris
1080 1658 1093 1681 ,
1141 1631 1242 1671 nec
1277 1615 1392 1685 ejus
1429 1629 1547 1685 quae
1585 1615 1789 1684 peperit
1822 1614 2076 1684 aliquem.

491 1711 559 1766 Et
605 1719 780 1765 tamen
824 1709 952 1780 quid
997 1709 1045 1762 ei
1088 1707 1327 1762 dicitur?
1368 1724 1387 1757 ‹
1418 1706 1604 1760 Dicent
1634 1724 1678 1768 ι,
1724 1705 1930 1775 inquit,
1962 1723 1980 1756 ι
2026 1701 2077 1759 iu

489 1801 708 1856 auribus
737 1801 838 1856 tuis
862 1799 953 1855 ﬁlii
992 1799 1063 1853 tui
1103 1813 1236 1868 quos
1273 1797 1530 1851 amiseras
1560 1811 1574 1850 :
1622 1795 1876 1865 Angustia
1927 1795 2080 1850 nobis

493 1901 574 1948 est
605 1897 655 1947 in
687 1893 789 1947 isto
823 1893 941 1948 loco
965 1931 981 1958 ,
1011 1890 1169 1946 facile
1199 1891 1377 1960 itaque
1408 1887 1561 1943 nobis
1588 1896 1640 1942 et
1663 1903 1803 1942 nunc
1829 1888 2001 1942 locum
2025 1887 2078 1968 in

493 1999 600 2055 quo
627 1997 1044 2038 commoremur.
1071 1982 1153 2038 Tu
1179 1997 1306 2038 vero
1333 1981 1479 2036 dices
1506 1981 1557 2034 in
1584 1979 1747 2034 corde
1772 1986 1861 2033 tuo
1894 1997 1908 2031 :
1952 1976 2080 2045 Quis

492 2077 764 2147 generavit
787 2077 918 2131 mihi
947 2077 1077 2131 istos
1098 2118 1114 2144 ,
1144 2091 1262 2130 cum
1291 2075 1454 2130 sciam
1482 2088 1567 2128 me
1593 2086 1712 2128 esse
1738 2073 1854 2126 sine
1882 2069 2001 2125 filiis
2027 2079 2082 2125 et

491 2168 752 2222 viduam?
781 2168 910 2234 Quis
953 2182 1081 2237 ergo
1121 2167 1251 2221 istos
1293 2165 1539 2221 educavit
1582 2161 1757 2218 mihi?
1797 2178 1896 2234 ego
1939 2163 2082 2217 enim

493 2259 744 2315 derelicta
775 2259 850 2314 lui
878 2259 1031 2324 sola;
1071 2259 1124 2312 hi
1152 2265 1329 2313 autem
1360 2256 1489 2311 mihi
1533 2256 1619 2312 ubi
1657 2263 1810 2311 erant
1841 2275 1859 2308 ι
1909 2253 1929 2324 (
1949 2251 2078 2308 Ιεαῐ.

492 2367 637 2420 xux,
665 2353 735 2408 20
767 2352 890 2407 etﬁi
917 2349 975 2424 )‘l
1000 2351 1078 2407 Ex
1104 2367 1166 2406 ea
1191 2341 1318 2423 ergo
1346 2359 1493 2421 parte
1522 2352 1621 2405 ista
1649 2349 1776 2405 dicit
1802 2343 2042 2405 Ecclesia
2065 2391 2079 2414 ,

492 2459 593 2514 qua
619 2444 826 2500 videtur
851 2443 980 2498 nihil
1012 2459 1198 2512 parere
1225 2443 1278 2497 in
1308 2443 1423 2497 istis
1452 2442 1620 2500 turbis
1645 2457 1762 2512 qua:
1794 2457 1898 2495 non
1927 2441 2084 2496 dimi-

494 2546 681 2592 serunt
704 2538 881 2590 omnia
908 2578 921 2601 ,
947 2543 1003 2590 ut
1024 2543 1376 2605 sequerentur
1404 2533 1688 2589 Dominum
1711 2576 1724 2598 ,
1755 2542 1809 2588 et
1834 2527 2084 2588 sederent

494 2643 656 2698 super
677 2626 961 2683 duodecim
991 2627 1232 2681 thronos.
1271 2613 1380 2682 Sed
1414 2641 1571 2696 quam
1611 2625 1762 2679 multi
1804 2626 1855 2679 in
1893 2613 2082 2679 eadem

497 2719 649 2774 turba
678 2719 935 2774 facientes
965 2717 1064 2773 sibi
1096 2718 1295 2771 amicos
1323 2717 1390 2771 de
1418 2727 1723 2771 mammona
1755 2715 2080 2785 iniquitatis,

495 2823 592 2880 per
631 2823 792 2879 opera
830 2808 1210 2863 misericordia:
1247 2807 1313 2862 ad
1355 2807 1632 2862 dexteram
1670 2806 1932 2861 stabunt?
1966 2805 2082 2861 Non

494 2900 667 2956 solum
707 2913 834 2969 ergo
875 2899 1031 2969 erigit
1066 2898 1135 2953 de
1174 2907 1413 2953 stercore
1437 2939 1452 2964 ,
1495 2911 1654 2967 quem
1699 2897 1925 2952 collocet
1959 2905 2080 2951 cum

496 2992 822 3062 principibus
877 2992 1054 3062 populi
1103 2991 1224 3056 sui;
1269 2991 1364 3047 sed
1406 2993 1565 3047 etiam
1591 3033 1607 3059 ,
1672 2989 1930 3074 Habitare.
1962 2991 2083 3062 facit

494 3084 712 3139 sterilem
739 3085 792 3138 in
827 3084 976 3138 domo
1003 3127 1018 3152 ,
1059 3095 1270 3138 matrem
1309 3084 1533 3154 ﬁliorum
1567 3085 1822 3138 lartantem
1843 3101 1861 3138 :
1895 3083 1985 3154 qui
2029 3083 2080 3138 in

494 3176 618 3230 altis
661 3175 866 3229 habitat
889 3191 908 3241 ,'
935 3183 988 3230 et
1012 3171 1230 3230 humilia
1258 3175 1472 3246 respicit
1500 3176 1551 3230 in
1575 3167 1712 3230 cmlo
1737 3181 1791 3229 et
1817 3175 1867 3229 in
1900 3185 2037 3229 terra
2063 3216 2079 3242 ,

493 3283 679 3325 semen
709 3268 975 3322 Abraham
1000 3268 1140 3323 sicut
1161 3269 1344 3324 stellas
1363 3269 1485 3325 caeli
1511 3310 1526 3334 ,
1551 3269 1886 3324 sanctitatem
1917 3254 2084 3323 subii-

495 3374 636 3415 mem
664 3360 716 3412 in
743 3359 990 3429 supernis
1019 3361 1234 3416 sedibus
1281 3362 1596 3416 collocatam
1629 3402 1642 3424 ,
1694 3368 1749 3416 et
1786 3362 1922 3416 sicut
1959 3363 2080 3415 are-

398 3513 402 3518 _
495 3465 617 3504 nam
651 3451 702 3503 in
729 3465 822 3504 ora
866 3451 1029 3504 maris
1052 3491 1067 3518 ,
1109 3451 1510 3507 misericordem
1548 3461 1706 3521 atque
1746 3453 2081 3532 innumeram

496 3543 890 3598 multitudinem
918 3557 949 3597 a
983 3544 1213 3601 sinistris
1249 3545 1500 3601 ﬂuctibus
1536 3553 1696 3617 atque
1732 3535 2082 3602 amaritudin'e

495 3633 658 3704 impia
691 3643 1024 3705 segregatam
1047 3637 1089 3689 ¹.

913 3804 997 3868 ΙΝ
1043 3804 1421 3866 PSALMUM
1475 3803 1677 3868 CXIII

1091 3904 1510 3962 ENARRATIO.

1153 4010 1325 4051 SEBIO
1362 4012 1399 4050 1.

961 4086 1042 4143 De
1063 4088 1228 4159 prima
1253 4098 1395 4159 parte
1416 4087 1634 4143 Psalmi.

567 4202 620 4255 Ι.
661 4199 810 4274 [ven
858 4197 1000 4272 1-6.]
1045 4200 1296 4272 Legimus
1335 4201 1546 4271 quidem
1571 4243 1585 4267 ,
1635 4200 2082 4272 notissimumque

496 4285 807 4357 retinemus,
835 4291 1164 4346 dilectissimi
1190 4291 1401 4358 fratres,
1431 4292 1570 4362 quod
1593 4303 1839 4349 narratur
1869 4295 1920 4350 in
1948 4295 2082 4351 libro

498 4382 666 4439 Exodi
693 4427 706 4450 ,
742 4384 992 4453 populum
1023 4383 1185 4438 israei
1223 4383 1508 4438 liberatum
1535 4385 1600 4439 ab
1631 4384 1808 4455 iniqua
1839 4386 2081 4442 domina-

497 4475 644 4530 tione
680 4473 1052 4545 lEgyptiorum
1101 4477 1239 4529 inter
1267 4473 1468 4530 divisos
1491 4473 1683 4530 fluctus
1711 4477 1874 4531 maris
1903 4469 2080 4532 trans-

496 4566 604 4620 isse
644 4580 738 4636 per
768 4565 966 4620 siccum
993 4564 1186 4639 (Exod.
1218 4581 1305 4620 xlv
1327 4606 1340 4630 ,
1370 4565 1463 4635 22)
1500 4584 1514 4620 :
1546 4565 1834 4624 Iordanem
1870 4577 2079 4640 quoque

497 4658 712 4711 ﬁuvtum
733 4697 749 4724 ,
777 4671 898 4712 cum
933 4671 1029 4727 per
1057 4671 1178 4711 eum
1208 4657 1262 4712 in
1293 4666 1487 4712 terram
1518 4660 1884 4728 promissionis
1911 4662 2080 4717 intra-

494 4757 635 4816 rent,
665 4755 860 4802 tactum
893 4747 1115 4817 pedibus
1144 4747 1477 4803 sacerdotum
1504 4751 1682 4804 arcam
1713 4751 1922 4807 Domini
1951 4769 2079 4823 por-

495 4840 742 4906 tantium,
775 4838 984 4894 stetisse
1008 4837 1239 4910 desuper
1262 4838 1520 4895 infrenato
1543 4841 1721 4911 lapsu;
1744 4842 1811 4898 ab
1832 4842 2079 4901 inferiare

491 4935 667 4985 autem
700 4939 848 5001 parte
869 4928 1176 4995 deﬂuxisse,
1201 4929 1341 4997 quod
1367 4931 1614 4986 currebat
1638 4932 1688 4986 in
1716 4949 1881 5001 mare,
1906 4934 2078 4993 donec

493 5022 542 5075 in
601 5023 747 5077 sicco
799 5021 1066 5076 stantibus
1119 5019 1486 5077 sacerdotibus
1547 5027 1800 5080 transiret
1851 5028 2076 5096 populus

493 5115 771 5170 universas
795 5112 975 5187 (Josue
1003 5128 1080 5182 ιιι,
1127 5112 1320 5184 15-17)
1337 5131 1350 5169 :
1365 5109 1608 5170 novimus
1630 5118 1762 5183 haec,
1782 5134 1879 5174 nec
1903 5129 2073 5177 tamen

489 5207 736 5261 arbitrari
765 5221 860 5262 nos
882 5213 1093 5276 oportet
1117 5205 1169 5260 in
1196 5205 1296 5261 hoc
1325 5206 1551 5276 psalmo,
1582 5209 1667 5263 cui
1697 5225 1836 5264 nunc
1856 5211 2076 5267 Alleluia

493 5297 832 5366 pronuntiato
873 5308 1192 5369 cantatoque
1234 5299 1608 5369 respondimus
1630 5343 1645 5368 ,
1692 5302 1743 5356 id
1772 5317 1929 5374 agere
1957 5305 2075 5375 Spi-

491 5391 651 5444 ritum
696 5401 935 5447 sanctum
962 5435 976 5460 ,
1022 5400 1081 5446 ut
1119 5393 1383 5462 praeterita
1432 5392 1520 5447 illa
1562 5403 1708 5464 gesta
1739 5397 2068 5466 recolentes,

494 5499 822 5556 nequaquam
855 5486 1026 5540 futura
1068 5486 1189 5541 talia
1235 5487 1551 5558 cogitemus.
1580 5485 1688 5543 Illa
1711 5490 1889 5560 enim,
1934 5492 2072 5551 sicut

554 5619 571 5684 ξ
595 5626 679 5684 ’διο
700 5624 798 5667 Αιιι.
827 5625 878 5684 et
899 5617 1116 5684 melioris
1137 5627 1266 5684 nota:
1286 5626 1392 5670 Mss.
1418 5627 1474 5684 At
1494 5628 1624 5683 Lov.,
1659 5625 1904 5678 sanctitate
1922 5630 2070 5684 subli-

489 5677 559 5746 mi
588 5677 878 5746 in‘supernis
908 5679 1098 5730 sedibus
1120 5678 1336 5746 collocat,
1360 5688 1405 5733 et
1428 5681 1550 5733 sicut
1573 5677 1723 5736 arena
1741 5685 1793 5738 in
1815 5677 2069 5746 ordinaris

489 5739 926 5813 mispﬁcqt’dettt.._..
950 5749 1186 5813 segregat:
1211 5739 1449 5813 δίο-ῥυείη
1472 5751 1546 5795 ετ.
1693 5752 1820 5813 quod
1839 5739 2068 5812 Iunoni};

489 5803 986 5880 ξφῳνᾳθῃξὲ-Ψθιν
1435 5807 1648 5880 qunuili
1676 5803 1793 5864 νριιο

491 5865 652 5917 ειίιαιε
673 5862 872 5918 tuum
893 5863 944 5916 in
965 5862 1184 5929 supernis
1204 5863 1396 5919 sedibus
1418 5867 1715 5923 collocatum.

1729 401 1787 458 s.
1828 357 2190 457 sueusruvt
2231 359 2535 454 suscepi
2631 381 2633 384 ’

3622 361 3760 461 ists

2186 509 2315 565 dicit
2354 511 2673 580 Apostolus,
2719 512 2773 564 in
2817 506 2982 583 ﬁgura
3023 497 3370 584 contingebant
3404 514 3538 580 illis;
3576 517 3766 586 scripta

2184 611 2300 655 sunt
2325 612 2488 656 autem
2528 603 2596 654 ad
2619 612 2984 672 correpttmtem
3011 613 3251 670 nostram,
3285 605 3337 658 in
3364 622 3486 674 quos
3514 605 3632 675 ﬁnis
3663 621 3764 660 sw—

2183 693 2409 746 culorum
2437 685 2630 747 obvenit
2673 691 2734 766 (Ι
2767 691 2885 748 Cor.
2931 683 2984 759 x',
3021 693 3129 766 Ii).
3171 694 3301 749 Cum
3334 696 3492 766 igitur
3521 697 3768 752 audimus

2181 787 2234 838 in
2263 785 2494 850 Psalmo,
2525 784 2592 838 In
2633 786 2767 839 exitu
2793 785 2962 840 Israel
2999 785 3061 840 de
3090 779 3351 858 ngypto,
3384 787 3562 843 domus
3604 786 3768 843 Iacob

2183 875 2244 929 de
2268 878 2454 947 papula
2483 877 2724 945 barbaro,
2772 883 2907 950 facta
2949 885 3021 932 est
3049 878 3235 934 Judwa
3263 883 3596 951 sanctiﬁcatio
3619 883 3732 952 eius
3751 923 3767 947 ,

2181 965 2347 1021 Israel
2373 980 2591 1039 potestas
2617 971 2757 1041 ejus;
2785 987 2925 1023 mare
2949 971 3072 1025 vidit
3099 981 3146 1025 et
3181 973 3328 1044 fugit,
3357 973 3604 1030 Iordanis
3642 991 3770 1029 con-

2185 1063 2353 1113 versus
2403 1069 2475 1112 est
2508 1071 2796 1132 retrorsum
2827 1077 2848 1115 :
2876 1076 2942 1114 ne
2985 1061 3314 1117 arbitremini
3366 1064 3519 1118 nobis
3564 1063 3772 1119 narrari

2185 1149 2473 1218 praeterita,
2498 1151 2590 1204 sed
2619 1149 2796 1221 potius
2822 1151 2996 1206 futura
3024 1153 3237 1222 praedici
3261 1169 3276 1221 ;
3309 1155 3426 1224 quia
3450 1156 3536 1209 illa
3557 1169 3771 1226 quoque

2186 1241 2436 1295 miracula
2476 1257 2595 1296 cum
2644 1243 2696 1296 in
2725 1243 2814 1298 illo
2845 1245 3040 1315 populo
3072 1245 3293 1312 fierent,
3341 1249 3617 1317 praesentia
3647 1247 3768 1317 qui-

2187 1331 2332 1397 dem,
2367 1332 2459 1388 sed
2487 1349 2593 1388 non
2623 1334 2737 1389 sine
2769 1335 3066 1390 futurorum
3095 1338 3477 1407 signiﬁcatione
3503 1339 3768 1410 gereban-

2186 1434 2288 1480 tur.
2319 1426 2547 1502 Ideoque
2577 1437 2632 1480 ut
2658 1428 2996 1496 Ostenderet,
3043 1431 3132 1499 qui
3165 1431 3432 1499 psallendo
3481 1432 3576 1485 ista
3626 1447 3767 1501 pra:-

2185 1518 2427 1586 dicebat,
2484 1519 2668 1575 eadem
2717 1537 2777 1576 se
2824 1522 3000 1576 verbis
3054 1538 3212 1594 agere
3258 1539 3374 1593 qua:
3421 1524 3525 1578 illic
3577 1523 3759 1580 factis"

2189 1611 2514 1680 agebantur,
2560 1627 2665 1666 uno
2713 1613 3011 1683 eodemque
3058 1616 3257 1684 Spiritu
3305 1628 3557 1686 operante
3589 1625 3644 1672 et
3680 1617 3767 1671 illa

2186 1702 2325 1758 facta
2367 1712 2420 1759 et
2465 1705 2577 1759 haec
2622 1704 2781 1772 dicta,
2834 1714 2891 1760 ut
2935 1705 2983 1761 id
3027 1707 3168 1778 quod
3213 1709 3263 1762 in
3306 1708 3409 1770 ﬁne
3452 1709 3769 1764 sazcuiorum

2188 1783 2634 1849 lnanifestandum
2685 1797 3092 1864 reservabatur,
3148 1797 3325 1868 ﬁguris
3376 1815 3553 1854 rerum
3612 1809 3772 1869 atque

2185 1886 2470 1941 verborum
2504 1888 2951 1956 praecurrentibus
2995 1889 3357 1956 nuntiaretur;
3403 1907 3505 1944 non
3551 1881 3772 1944 omnino

2185 1991 2248 2031 ea
2274 1975 2407 2030 dixit
2431 1992 2549 2046 quae
2582 1977 2650 2031 ibi
2682 1986 2829 2046 gesta
2861 1989 3004 2045 sunt,
3036 1978 3129 2034 sed
3159 1980 3314 2034 aliter
3341 1981 3580 2050 quaedam
3611 1995 3772 2050 quam

2189 2066 2296 2121 illic
2326 2067 2462 2122 lecta
2491 2067 2774 2124 didicimus
2799 2086 2812 2122 :
2838 2084 2904 2124 ne
2943 2086 3068 2124 vere
3098 2081 3368 2140 putaretur
3399 2081 3662 2127 transacta
3691 2087 3774 2127 re-

2186 2157 2382 2225 colere,
2417 2159 2589 2228 potius
2615 2175 2772 2229 quam
2805 2169 3025 2215 ventura
3058 2160 3343 2231 praedicere
3360 2163 3400 2214 '.
3426 2163 3605 2218 Primo
3629 2162 3773 2218 enim

2186 2249 2470 2305 Iordanem
2507 2251 2677 2321 ipsum
2706 2268 2812 2306 non
2859 2267 3133 2308 reversum
3164 2269 3283 2309 esse
3313 2263 3643 2322 retrorsum,
3675 2255 3772 2311 sed

2189 2341 2401 2397 stetisse
2430 2344 2653 2413 legimus
2682 2345 2749 2399 ab
2779 2360 2838 2399 ea
2871 2355 3049 2414 parte,
3094 2361 3196 2416 qua
3236 2328 3385 2416 aqua
3427 2345 3659 2416 desuper
3690 2348 3774 2401 in-

2187 2435 2441 2500 duebant,
2469 2451 2588 2490 cum
2613 2436 2838 2506 populus
2863 2436 2948 2491 ille
2972 2437 3248 2502 transiret;
3273 2437 3464 2492 deinde
3484 2439 3774 2508 gestientes

2187 2536 2393 2580 montes
2419 2526 2688 2596 collesque
2729 2543 2833 2582 non
2880 2527 3102 2598 legimus
3138 2546 3151 2584 :
3187 2545 3305 2599 qua:
3345 2531 3421 2585 sic
3448 2529 3681 2594 addidit,
3721 2537 3777 2584 ut

2186 2618 2342 2673 etiam
2371 2617 2547 2671 omnia
2569 2617 2669 2672 ista
2694 2629 2982 2688 repeteret.
3009 2618 3138 2674 Nam
3167 2635 3290 2676 cum
3311 2621 3550 2686 dixisset,
3587 2640 3606 2672 ι
3631 2619 3778 2676 Mare

2185 2708 2317 2764 vidit
2355 2716 2409 2763 et
2434 2706 2600 2779 fugit,
2642 2707 2888 2764 Jordanis
2925 2725 3215 2767 conversus
3259 2721 3340 2768 est
3380 2710 3709 2778 retrorsum;
3751 2732 3771 2765 ι

2186 2800 2478 2868 contexuit,
2513 2820 2532 2852 ι
2557 2799 2760 2858 Montes
2785 2804 3078 2874 gestiet-unt
3109 2806 3254 2861 velut
3279 2807 3499 2873 arietes,
3532 2816 3583 2864 et
3607 2807 3778 2862 colles

2186 2893 2332 2948 velut
2350 2895 2468 2964 agni
2486 2893 2663 2949 ovium
2690 2913 2704 2949 :
2728 2897 3020 2968 eademque
3040 2915 3222 2955 rursus
3249 2901 3554 2973 interrogat,
3580 2918 3602 2954 ι
3628 2901 3772 2970 Quid

2184 2992 2268 3041 est
2295 2985 2420 3051 tibi,
2455 2999 2601 3042 mare
2624 3028 2639 3053 ,
2685 2987 2825 3058 quod
2855 2988 3059 3058 fugisti;
3102 3000 3154 3046 et
3199 3001 3286 3057 tu,
3336 2993 3620 3062 Jordauis,
3649 2998 3777 3064 quia

2186 3075 2478 3132 conversus
2506 3079 2922 3137 esretrorsum?
2953 3092 3181 3151 montes,
3208 3085 3327 3153 quia
3353 3086 3607 3156 gestiistis
3631 3087 3778 3142 velut

2185 3167 2407 3233 arieles;
2440 3175 2494 3222 et.
2518 3167 2704 3236 colles,
2740 3169 2884 3225 velut
2909 3172 3028 3242 agni
3063 3175 3275 3228 ovium?
3312 3192 3331 3227 ι

2253 3259 2308 3312 2.
2332 3259 2686 3315 Attendamus
2707 3274 2835 3330 ergo
2860 3261 2986 3332 quid
3009 3263 3420 3332 admoneamur;
3451 3265 3571 3337 quia
3599 3276 3655 3322 et
3684 3268 3775 3323 illa

2185 3346 2320 3402 facta
2348 3349 2529 3419 ﬁgurae
2558 3359 2755 3405 nostra
2781 3350 3014 3421 fuerunt,
3039 3364 3093 3410 et
3119 3355 3232 3410 hrec
3257 3355 3393 3412 dicta
3423 3368 3479 3413 ut
3503 3375 3601 3414 nos
3627 3360 3774 3430 ipsos

2184 3455 2628 3509 recognoscamus
2658 3442 2960 3499 hortantur.
2999 3445 3054 3502 Si
3098 3448 3238 3502 enim
3279 3451 3499 3518 gratiam
3529 3451 3621 3506 Dei
3651 3468 3775 3522 qua:

2185 3529 2306 3583 data
2355 3538 2438 3584 est
2481 3531 2633 3586 nobis
2674 3532 2829 3588 ﬁrmo
2867 3535 3031 3589 corde
3075 3537 3404 3606 retinemus,
3445 3556 3541 3595 nos
3585 3557 3772 3597 sumus

2186 3619 2350 3675 Israel
2382 3636 2565 3677 semen
2597 3623 2823 3678 Abrahae
2850 3625 3037 3680 :nobis
3075 3625 3202 3682 dicit
3232 3630 3548 3698 Apostolus,
3587 3649 3607 3683 ‹
3629 3632 3772 3704 Ergo

2185 3725 2366 3768 semen
2396 3713 2621 3770 Abrahae
2646 3716 2774 3771 estis
2805 3736 2823 3769 ›
2859 3715 3053 3788 (Galnt.
3084 3734 3162 3788 ιιι,
3190 3707 3307 3792 29).
3339 3721 3468 3788 Quia
3499 3724 3638 3778 sicut
3664 3724 3772 3781 alio

2186 3803 2304 3858 loco
2333 3804 2498 3872 dicit,
2546 3824 2564 3856 ι
2593 3805 2703 3861 Non
2734 3808 2787 3862 in
2819 3809 3255 3877 circumcisione,
3305 3812 3397 3868 sed
3427 3814 3478 3868 in
3508 3816 3772 3886 praeputio

2183 3893 2432 3964 deputata
2478 3895 2562 3951 est
2605 3897 2832 3954 Abrahae
2872 3899 3003 3955 ﬁdes
3043 3900 3107 3955 ad
3145 3902 3423 3972 justitiam,
3464 3914 3518 3958 et
3555 3905 3768 3977 signum

2185 3986 2392 4055 accepit
2413 3985 2856 4054 circumcisionis,
2886 3992 3215 4061 signaculum
3244 3994 3460 4063 justitiaa
3482 3994 3626 4063 ﬁdei,
3649 4011 3766 4068 qua

2185 4085 2271 4131 est
2296 4077 2348 4131 in
2377 4080 2635 4149 praeputio
2667 4089 2724 4135 ut
2757 4081 3039 4151 deputetur
3064 4093 3118 4139 et
3151 4084 3258 4140 illis
3284 4085 3349 4140 ad
3375 4087 3674 4155 justitiam;
3711 4098 3766 4145 ut

2187 4165 2256 4220 sit
2283 4175 2432 4236 pater
2451 4168 2868 4227 circumcisionis
2896 4171 2977 4227 his
2999 4174 3088 4243 qui
3111 4189 3213 4228 non
3245 4175 3416 4230 solum
3445 4192 3507 4231 ex
3535 4178 3766 4234 circum-

2186 4259 2389 4315 cisione
2409 4269 2554 4328 sunt,
2586 4262 2679 4316 sed
2705 4271 2758 4317 et
2793 4263 2874 4317 his
2898 4265 2987 4334 qui
3016 4277 3311 4337 sequuntur
3352 4269 3570 4340 vestigia
3600 4270 3764 4342 ﬁdei,

2185 4367 2304 4422 qua:
2332 4361 2414 4408 est
2435 4353 2489 4407 in
2510 4353 2765 4423 prmpulio
2791 4356 2956 4425 patris
2977 4359 3143 4412 nostri
3163 4359 3408 4414 Abrahae.
3435 4379 3456 4413 ι
3486 4360 3599 4416 Non
3621 4363 3768 4418 enim

2184 4445 2472 4500 carnaliter
2510 4446 2836 4502 circumcisa:
2884 4451 3026 4520 genti
3071 4453 3437 4510 tantummodo
3472 4453 3641 4513 factus
3683 4468 3772 4515 est

2185 4547 2353 4607 pater,
2381 4539 2467 4593 cui
2495 4537 2692 4594 dictum
2723 4549 2823 4605 est,
2859 4541 3065 4597 Patrem
3105 4547 3378 4601 multarum
3405 4550 3628 4620 gentium
3659 4568 3758 4621 po-

2181 4629 2261 4684 sui
2287 4638 2351 4682 te.
2379 4627 2659 4684 Multarum
2679 4640 2874 4697 autem,
2900 4651 3004 4690 non
3028 4639 3394 4706 quarumdam,
3415 4640 3506 4695 sed
3528 4645 3772 4700 omnium

2183 4720 2362 4790 (Rom.
2393 4738 2464 4788 IV,
2487 4722 2646 4795 9-17)
2668 4741 2682 4790 ;
2714 4724 2854 4795 quod
2883 4738 3064 4796 aperte
3084 4728 3293 4794 dicitur,
3316 4746 3434 4787 cum
3460 4733 3508 4788 ei
3535 4733 3768 4793 dicitur:

2180 4809 2248 4863 Et
2292 4810 2642 4867 benedicentur
2684 4815 2737 4868 in
2782 4825 2828 4869 te
2865 4831 3032 4871 omnes
3075 4829 3243 4890 gentes
3273 4820 3422 4894 (Gen.
3463 4834 3604 4892 xxtt,
3652 4826 3768 4898 18).

2180 4903 2369 4959 Nullus
2412 4906 2588 4976 itaque
2631 4907 3053 4965 Christianorum
3098 4927 3155 4967 se
3185 4928 3214 4967 a
3243 4917 3458 4971 nomine
3484 4917 3643 4973 Israel
3674 4935 3770 4974 ar-

2181 4994 2411 5051 bitretur
2459 5006 2791 5053 extraneum.
2835 5000 2944 5055 lllis
2987 5003 3129 5056 enim
3178 5005 3267 5074 qui
3316 5008 3655 5064 crediderunt
3698 5025 3770 5065 ex

2179 5085 2399 5155 Judtris,
2453 5088 2504 5142 in
2550 5105 2772 5159 quorum
2816 5107 3038 5147 numero
3078 5096 3436 5166 principaliter
3479 5100 3771 5170 Apostolos

2181 5180 2506 5249 invenimus,
2557 5183 2610 5237 in
2655 5185 2895 5256 angulari
2945 5188 3117 5258 lapide
3146 5192 3477 5261 copulzunur.
3518 5195 3651 5251 Hinc
3690 5200 3771 5252 ait

2181 5273 2435 5328 Dominus
2464 5275 2574 5330 alio
2622 5277 2739 5331 loco
2764 5295 2776 5331 :
2803 5275 2976 5334 llabeo
3002 5281 3130 5335 alias
3157 5299 3269 5338 oves
3295 5301 3408 5355 qua:
3432 5303 3530 5340 non
3559 5297 3672 5341 sunt
3702 5289 3772 5344 de

2177 5362 2273 5418 hoc
2301 5365 2453 5430 ovili;
2485 5373 2679 5435 oportet
2699 5383 2776 5420 me
2801 5378 2846 5423 et
2872 5369 2989 5424 illas
3008 5371 3280 5440 adducere,
3318 5381 3372 5429 ut
3397 5377 3460 5429 sit
3486 5393 3614 5432 unus
3639 5395 3768 5448 grex

2179 5464 2226 5508 et
2246 5471 2378 5508 unus
2398 5464 2571 5525 pastor
2600 5455 2778 5527 (Joan.
2805 5475 2858 5524 x,
2891 5460 3005 5532 16).
3036 5463 3268 5534 Populus
3291 5481 3417 5537 ergo
3437 5469 3766 5526 christianus

2176 5545 2547 5618 magis'lsrael,
2571 5558 2626 5604 et
2645 5549 2759 5620 ipse
2784 5554 2960 5621 potius
2981 5555 3172 5613 domus
3188 5558 3370 5614 Jacob.
3401 5559 3539 5616 Idem
3564 5563 3763 5634 quippe

2175 5637 2338 5694 Israel
2367 5638 2454 5709 qui
2482 5638 2666 5694 Jacob.
2698 5640 2788 5696 ilia
2815 5659 2944 5700 vero
2973 5649 3122 5702 turba
3148 5647 3472 5720 Judaeorum,
3500 5669 3619 5724 qua:
3644 5669 3762 5713 mo-

2178 5730 2281 5786 rito
2308 5730 2542 5802 perﬁdiae
2572 5734 2851 5804 reprobata
2878 5746 2979 5806 est,
3005 5739 3274 5809 voluptate
3299 5744 3495 5798 carnali
3518 5745 3763 5806 vendidit

2239 5824 2261 5895 ξ
2283 5831 2383 5895 Am.
2409 5829 2461 5872 et
2482 5837 2668 5895 omnes
2677 5839 2827 5895 prope
2847 5836 2975 5895 Mss,
2992 5833 3185 5895 ﬁguras.

2241 5887 2262 5918 ³
2284 5893 2460 5936 (naues
2480 5899 2632 5952 prope
2653 5887 2782 5953 tias,
2813 5887 3100 5954 prmideie.
