4090 6464
301 363 448 424 ιιπ

302 481 656 552 primogenita
684 493 802 547 sua,
829 485 1014 538 utnon
1039 479 1106 536 ad
1127 477 1314 546 Jacob,
1337 481 1432 536 sed
1449 480 1517 536 ad
1541 481 1682 536 Esau
1705 481 1881 552 potius

299 574 612 642 pertineret.
658 571 816 627 Scitis
863 585 1094 642 namque
1135 572 1188 626 in
1239 571 1342 626 hoc
1390 573 1645 642 mysterio
1687 572 1884 628 dictum

299 679 444 730 esse,
479 663 618 730 Quia
643 665 808 734 major
831 663 1008 718 serviet
1037 663 1222 716 minori
1249 661 1398 731 (Gen.
1427 679 1552 730 xxv,
1577 665 1663 728 55,
1693 663 1809 735 25).

369 755 424 808 5.
447 752 714 825 Egyptus
739 761 936 818 autem,
959 753 1210 822 quoniam
1237 752 1616 821 interpretatur
1629 752 1882 822 Afﬂictio,

300 845 382 900 vel
407 845 685 914 Aiﬁigens,
730 845 812 900 vel
839 843 1248 914 Cumpritnens,
1278 858 1420 913 stupe
1449 843 1502 898 in
1531 842 1760 915 imagine
1785 859 1883 915 po-

295 937 442 990 nitur
489 937 650 1006 hujus
693 935 906 1000 saeculi;
939 950 968 988 a
997 950 1104 1006 quo
1139 935 1487 1005 spiritualiter
1527 935 1884 992 recedendum

297 1039 402 1096 est,
435 1045 502 1085 ne
528 1029 693 1084 simus
710 1029 896 1100 iugum
923 1028 1174 1082 ducentes
1199 1042 1319 1082 cum
1347 1027 1650 1083 infidelibus
1673 1027 1738 1098 (11
1759 1026 1880 1082 Cor.

297 1139 374 1192 vn,
406 1123 520 1193 14).
551 1122 640 1178 Sic
665 1123 807 1177 enim
834 1122 1058 1191 quisque
1083 1120 1378 1176 Jerusalem
1403 1120 1638 1176 caelestis
1667 1119 1725 1174 ﬁt
1753 1120 1884 1176 civis

297 1215 564 1280 idoneus,
609 1228 730 1268 cum
777 1213 1007 1282 primum
1056 1211 1180 1266 huic
1225 1211 1422 1267 saeculo
1463 1213 1878 1276 renuntiaverit;

295 1307 744 1379 quemadmodum
795 1305 886 1360 ille
915 1304 1144 1374 populus
1175 1304 1226 1357 in
1271 1311 1468 1358 terram
1514 1302 1882 1373 promissionis

295 1401 416 1456 duci
449 1415 552 1454 non
585 1399 774 1468 potuit,
801 1397 902 1452 nisi
933 1395 1077 1468 prius
1101 1395 1168 1450 ab
1193 1393 1423 1466 Βαγριο
1449 1393 1750 1450 recederet.
1774 1393 1880 1449 Sed

296 1493 436 1548 sicut
479 1491 568 1546 ille
605 1505 710 1545 non
759 1488 881 1544 inde
924 1487 1202 1553 discessit,
1253 1487 1354 1542 nisi
1403 1487 1584 1542 divino
1628 1486 1881 1544 liberatus

297 1586 526 1650 auxilio;
558 1585 636 1638 sic
661 1597 817 1638 nemo
843 1581 1004 1637 corde
1033 1581 1100 1637 ab
1125 1579 1227 1636 hoc
1255 1579 1450 1636 saeculo
1475 1580 1750 1646 avertitur,
1779 1581 1880 1636 nisi

295 1679 492 1733 divina:
519 1675 902 1731 misericordiae
929 1688 1147 1729 munere
1173 1673 1404 1744 adjutus.
1427 1673 1576 1742 Quod
1601 1675 1744 1728 enim
1772 1674 1880 1730 illic

293 1769 462 1825 semel
505 1757 1047 1838 prazﬁguratum'est,
1087 1767 1192 1822 hoc
1232 1767 1284 1820 in
1312 1767 1414 1821 isto
1442 1766 1546 1822 ﬁne
1573 1766 1791 1834 saeculi,
1823 1767 1878 1821 in

295 1861 416 1928 bac,
463 1861 604 1917 sicut
639 1861 828 1916 beatus
873 1859 1108 1915 Joannes
1149 1859 1365 1924 scribit,
1417 1859 1548 1914 hora
1591 1859 1877 1914 novissima

295 1953 340 2022 (1
363 1953 524 2007 Joan.’
549 1969 607 2016 ιι,
643 1951 752 2024 18),
797 1951 1121 2022 quotidianis
1158 1951 1412 2007 Ecclesiae
1451 1949 1645 2006 fetibus
1673 1952 1722 2004 in
1749 1967 1880 2006 uno-

295 2059 506 2114 quoque
530 2043 783 2098 credente
803 2043 1118 2111 completur.
1144 2041 1336 2096 Audite
1357 2041 1669 2110 Apostolum
1691 2041 1876 2097 docto—

293 2151 408 2192 rem
436 2135 688 2191 Gentium
715 2133 996 2190 docentem
1023 2143 1079 2190 et
1105 2133 1456 2188 instruentem
1483 2151 1496 2187 :
1526 2151 1544 2186 ‹
1567 2132 1704 2188 Nolo
1733 2134 1876 2190 enim

297 2244 414 2295 vos,
444 2247 464 2279 ι
493 2228 682 2297 inquit,
709 2245 730 2278 ι
760 2227 1022 2298 ignorare,
1053 2224 1266 2291 fratres,
1311 2225 1430 2295 quia
1485 2240 1672 2280 omnes
1699 2235 1876 2295 patres

293 2319 462 2376 nostri
484 2319 584 2373 sub
609 2318 750 2373 nube
777 2317 990 2374 fuerunt
1009 2359 1024 2383 ,
1053 2325 1108 2372 et
1147 2331 1334 2372 omnes
1357 2332 1453 2386 per
1477 2331 1624 2372 mare
1647 2318 1873 2372 transie-

293 2423 448 2478 runt,
477 2411 546 2468 "et
571 2425 758 2468 omnes
789 2411 842 2464 in
870 2409 1120 2480 Moysen1L
1142 2409 1392 2480 baptizati
1419 2417 1544 2464 sunt
1573 2410 1624 2463 in
1655 2408 1796 2464 nube
1821 2417 1878 2464 et

293 2507 346 2561 in
373 2506 544 2570 mari,
585 2513 640 2560 et
664 2517 854 2560 omnes
877 2501 1123 2558 eumdem
1151 2502 1326 2558 cibum
1355 2501 1690 2572 spiritualem
1721 2517 1875 2556 man-

293 2599 653 2665 ducavernnt,
701 2608 754 2655 et
797 2613 985 2654 onmes
1029 2597 1274 2653 eumdem
1317 2607 1500 2667 potum
1545 2596 1874 2666 spiritualem

293 2689 561 2746 biberunt.
587 2691 844 2748 Bibcbant
863 2691 1006 2746 enim
1030 2689 1098 2745 de
1117 2689 1378 2759 spirituali
1405 2698 1666 2760 sequente
1687 2697 1834 2759 petra
1857 2706 1872 2743 :

293 2793 442 2855 petra
475 2789 654 2839 autem
682 2791 796 2839 erat
834 2783 1100 2840 Christus.
1141 2782 1243 2837 Sed
1287 2799 1391 2836 non
1423 2782 1474 2836 in
1507 2782 1752 2837 omnibus
1776 2783 1876 2836 illis

293 2877 430 2933 bene
451 2876 774 2944 complacuit
795 2877 904 2931 Deo
930 2895 942 2930 :
967 2874 1217 2945 prostrati
1243 2874 1384 2928 enim
1409 2883 1532 2930 sunt
1557 2875 1606 2928 in
1636 2873 1872 2930 deserto.

295 2967 419 3024 llaec
441 2977 616 3022 autem
647 2967 826 3037 ﬁgurae
859 2978 1054 3022 nostra:
1079 2966 1230 3022 factte
1257 2977 1382 3020 sunt
1403 2985 1420 3018 ι
1444 2966 1486 3036 (1
1504 2965 1622 3021 Cor.
1647 2981 1700 3031 ιι,
1731 2967 1872 3036 1-6).

295 3059 430 3127 Quid
458 3059 616 3114 vultis
643 3059 866 3128 amplius
885 3101 898 3124 ,
947 3057 1140 3136 fratres
1180 3057 1548 3112 dilectissimi?
1574 3059 1731 3112 Certe
1761 3074 1876 3113 ma-

293 3153 544 3207 nifestum
575 3161 656 3207 est
685 3169 789 3206 non
823 3151 1053 3206 humana
1085 3150 1404 3218 suspicione,
1437 3139 1530 3203 sed
1561 3150 1873 3217 apostolico,

291 3245 348 3302 id
373 3255 457 3302 est
480 3246 662 3300 divino
688 3254 742 3301 et
779 3245 1046 3300 dominico
1075 3243 1410 3309 magisterio;
1448 3241 1590 3297 Deus
1617 3243 1759 3297 enim
1795 3242 1874 3296 lo-

291 3339 556 3409 quebatur
603 3338 656 3392 in
707 3338 818 3403 eis,
865 3345 920 3392 et
967 3336 1208 3406 quamvis
1255 3333 1324 3390 de
1375 3335 1584 3389 carneis
1627 3335 1874 3404 nubibus,

295 3441 472 3487 tamen
508 3431 764 3486 Dominus
788 3429 1064 3484 intonabat
1089 3447 1101 3482 :
1125 3437 1271 3483 certe
1297 3441 1425 3496 ergo
1459 3437 1604 3482 tanto
1627 3427 1876 3482 testium-

295 3525 386 3578 nio
423 3521 764 3578 manifestum
803 3531 885 3577 est
928 3520 1014 3575 illa
1056 3520 1232 3574 omnia
1275 3517 1496 3588 ﬁgurate
1523 3529 1668 3586 gesta
1691 3559 1705 3584 ,
1738 3533 1880 3574 nunc

295 3617 350 3670 in
375 3623 556 3670 nostra
587 3614 758 3668 salute
783 3612 1070 3682 compleri;
1115 3612 1234 3681 quia
1265 3619 1391 3665 tunc
1421 3609 1594 3664 futura
1629 3626 1878 3679 prauum-

295 3707 580 3772 tiabantur,
605 3720 745 3761 nunc
785 3705 1054 3776 praeterita
1093 3704 1361 3774 leguntur,
1403 3712 1458 3759 et
1479 3703 1762 3773 praesentia
1789 3717 1880 3758 co-

293 3809 645 3872 gnoscuntur.

364 3894 418 3947 4.
443 3891 635 3946 Audite
663 3889 804 3961 quod
830 3897 911 3946 est
942 3888 1262 3954 mirabilius,
1307 3888 1586 3942 Librorum
1636 3898 1878 3946 veterum

297 3991 632 4038 sacramenta
657 3981 918 4038 occultata
944 3989 1102 4050 atque
1125 3979 1320 4046 velata,
1350 3979 1604 4034 nonnulla
1633 3994 1702 4034 ex
1729 3988 1879 4048 parte

293 4083 326 4130 a
355 4074 530 4130 Libris
573 4073 840 4129 veteribus
877 4072 1124 4127 revelari.
1161 4071 1292 4126 Nam
1331 4069 1578 4126 Mtclizeas
1624 4071 1880 4140 propheta

291 4169 366 4222 ita
394 4165 655 4237 loquitur:
677 4183 694 4216 ι
721 4165 884 4220 Prout
903 4163 1036 4228 dies,
1053 4183 1072 4216 ι
1093 4161 1282 4233 inquit,
1297 4179 1316 4216 ι
1329 4161 1668 4231 profectionis
1698 4178 1878 4218 eorum

295 4275 358 4316 ex
391 4259 658 4330 Egypto,
687 4255 962 4314 ostendam
1009 4255 1270 4310 mirabilia
1315 4253 1440 4310 illis.
1486 4252 1754 4308 Videbunt
1783 4269 1879 4308 na-

297 4355 507 4420 tiones,
563 4361 616 4407 et
667 4350 1062 4407 confundentur
1109 4351 1177 4406 ab
1225 4349 1370 4404 omni
1429 4348 1609 4418 vigore
1661 4363 1879 4404 eorum:

299 4445 544 4500 manibus
573 4459 666 4500 ora
704 4459 800 4499 sua
843 4443 1151 4506 obstruent,
1193 4457 1349 4496 aures
1378 4441 1486 4496 illis
1514 4440 1884 4496 obsurdabun-

301 4547 403 4604 tur,
449 4537 782 4608 delingentes
821 4545 1014 4590 terram
1039 4575 1054 4602 ,
1099 4534 1244 4590 velut
1285 4541 1559 4602 serpentes
1609 4529 1883 4588 trahentes

301 4639 528 4696 terram;
555 4627 1011 4683 conturbabuntur
1035 4624 1102 4681 de
1124 4623 1557 4680 conclusionibus
1588 4637 1792 4688 eorum,
1823 4623 1876 4678 in

305 4723 528 4778 Domino
556 4722 664 4777 Deo
685 4729 870 4776 nostro
895 4719 1142 4775 excident
1182 4727 1378 4783 mente,
1408 4725 1462 4772 et
1494 4716 1830 4772 terrebantur
1853 4730 1886 4770 a

305 4827 372 4871 te.
405 4815 540 4882 Quis
581 4813 692 4869 Deo
731 4821 822 4867 tuo
864 4811 1089 4878 similis,
1137 4808 1388 4866 auferens
1431 4807 1794 4878 iniquitatem,
1833 4813 1889 4862 et

305 4905 700 4976 transgrediens
743 4904 1071 4975 impietatem
1116 4899 1346 4956 residuis
1383 4897 1709 4954 hereditatis
1753 4897 1887 4951 tum?

303 5001 368 5054 Et
395 5015 502 5054 non
524 4999 788 5054 continuit
815 4998 876 5072 in
899 4993 1260 5052 testimonium
1283 4993 1413 5048 iram
1437 5005 1606 5055 suam,
1636 4989 1885 5060 quoniam

306 5091 640 5146 voluntarius
663 5099 720 5146 et
738 5088 1043 5144 misericors
1068 5095 1180 5151 est;
1211 5085 1324 5156 ipse
1349 5089 1622 5138 convertet
1643 5089 1698 5136 et
1727 5081 1888 5134 mise-

307 5181 510 5237 rebitur
535 5181 739 5247 nostri,
769 5179 1044 5250 demerget
1065 5177 1257 5234 delicta
1289 5183 1468 5230 nostra
1487 5214 1502 5242 ,
1534 5171 1808 5240 demerget
1835 5170 1888 5226 in

307 5275 469 5327 maris
517 5272 832 5342 profundum
858 5285 1041 5326 omnes
1067 5269 1252 5338 culpas
1289 5273 1497 5322 nostras
1532 5283 1550 5318 ι
1575 5263 1758 5336 (uicti.
1793 5277 1888 5330 vn,
1919 5283 1922 5286 '

311 5360 526 5437 15-19).
563 5361 766 5433 Nempe
817 5359 1119 5426 advertitis,
1167 5358 1389 5425 fratres,
1447 5353 1778 5410 manifestius
1807 5352 1894 5407 hic

307 5457 508 5530 aperiri
549 5463 888 5512 sacrosancta
933 5451 1206 5524 mysteria.
1257 5449 1312 5505 in
1365 5451 1466 5504 hoc
1507 5461 1636 5518 ergo
1691 5447 1895 5517 psalmo

311 5550 556 5623 quamvis
595 5549 770 5604 futura
797 5547 1064 5602 intueatur
1101 5542 1355 5598 mirabilis
1393 5539 1682 5612 prophetiae
1722 5537 1895 5608 Spiri-

313 5655 427 5711 tus,
475 5653 652 5699 tamen
700 5639 909 5696 videtur
949 5637 1096 5692 velut
1136 5641 1399 5692 transacta
1445 5647 1684 5688 narrare.
1734 5628 1900 5684 Facta

311 5745 406 5805 ωε,
431 5735 624 5809 inquit,
646 5733 832 5790 ludam
853 5727 1189 5800 sanctiﬁcatio
1213 5727 1321 5798 ejus
1339 5740 1358 5780 :
1373 5741 1510 5780 mare
1528 5724 1652 5778 uidit
1670 5733 1718 5780 et
1739 5721 1900 5796 fugit:

380 5873 404 5910 ⁸
423 5869 500 5928 sic
513 5877 622 5927 lss.
635 5871 776 5937 juxta
794 5875 942 5921 Grec.
963 5871 1019 5920 At
1039 5857 1173 5928 ωτι,
1193 5855 1250 5916 in
1267 5857 1440 5925 ηομες.

1369 349 1772 424 ΕΝΑιιιιΑτιο
1805 359 1874 423 IN
1909 357 2232 427 PSALMUM
2269 359 2449 428 exui.

3433 369 3570 445 N73

1993 493 2049 540 et
2079 489 2212 555 facta
2237 494 2330 550 est,
2359 495 2414 542 et
2435 485 2576 550 uidit,
2599 496 2654 543 et
2677 489 2824 559 fugit,
2854 490 3104 558 praeteriti
3131 495 3386 564 temporis
3407 499 3568 554 verba

1991 585 2144 644 sunt;
2191 589 2243 634 et
2267 595 2532 634 conversus
2556 590 2626 634 est
2653 579 2926 647 Jordnnis,
2957 591 3008 638 et
3045 585 3312 654 gestierunt
3341 599 3530 644 montes
3549 631 3564 656 ,

1989 671 2043 724 et
2069 681 2315 726 commota
2335 683 2406 727 est
2427 671 2580 738 terra,
2601 674 2786 729 eodem
2809 675 2968 730 modo
2991 681 3313 746 praeteritum
3339 692 3564 749 sonant;

1989 761 2106 816 sine
2151 764 2454 832 praeiudicio
2499 773 2670 820 tamen
2713 761 3036 838 intelligendi
3079 769 3272 826 futura.
3317 773 3566 845 Alioquin

1989 862 2175 910 contra
2211 849 2582 925 Evangelicum
2625 860 2983 916 tcsﬁmonium
3014 864 3252 933 cogimur
3284 866 3442 920 etiam
3479 869 3564 922 illa

1991 961 2096 1000 non
2123 945 2190 1001 de
2215 945 2390 1000 futuro
2417 950 2762 1017 pra-nuntiata
2785 991 2799 1017 ,
2823 951 2916 1006 sed
2941 952 3008 1007 de
3035 955 3302 1022 praeterito
3329 971 3564 1012 comme-

1989 1049 2214 1104 morata,
2243 1037 2540 1110 intelligere
2565 1059 2576 1094 :
2599 1041 2888 1096 Diviserunt
2910 1045 3002 1098 sibi
3031 1049 3318 1102 vestimenta
3349 1065 3486 1114 mea,
3519 1059 3565 1106 et

1987 1143 2137 1198 super
2159 1131 2501 1184 vestimentum
2541 1149 2704 1186 meum
2745 1134 2984 1188 miserunt
3026 1146 3208 1190 sortem
3238 1137 3406 1208 (Psat.
3439 1155 3558 1206 xxi,

1989 1222 2102 1291 i9).
2127 1221 2254 1287 Quae
2276 1223 2514 1291 quamvis
2536 1224 2712 1278 verbis
2731 1226 2982 1293 prteteriti
3001 1231 3254 1298 temporis
3273 1231 3412 1286 dicta
3433 1232 3560 1298 sint,

1989 1312 2039 1366 id
2069 1321 2242 1367 tamen
2271 1313 2692 1381 praenuntiabant
2738 1315 2880 1384 quod
2911 1325 3058 1372 tanto
3085 1329 3202 1387 post
3243 1320 3475 1376 futurum
3507 1324 3558 1378 in

1988 1403 2233 1472 passione
2265 1404 2470 1458 Domini
2497 1405 2870 1474 compleretur.
2909 1407 3010 1462 Sed
3041 1419 3247 1476 tamen,
3279 1413 3562 1468 dilectissi-

1986 1495 2080 1560 mi,
2107 1495 2364 1565 propheta
2401 1497 2502 1551 iste
2527 1513 2684 1566 quem
2711 1503 3156 1568 commemoravi,
3188 1505 3346 1558 etiam
3377 1521 3558 1572 grossa

1986 1587 2146 1640 corda
2175 1589 2394 1650 limavit,
2427 1599 2480 1644 et
2519 1589 2584 1643 ad
2627 1590 2962 1660 intelligenda
2999 1593 3066 1648 de
3093 1598 3372 1663 prieteritis
3399 1599 3560 1653 rebus

1984 1678 2148 1747 gestis
2195 1678 2367 1732 futura
2409 1679 2774 1735 incunctanter
2819 1684 3092 1751 extendit;
3141 1696 3192 1740 ut
3231 1703 3336 1742 non
3385 1690 3556 1744 solum

1985 1771 2274 1840 apostolica
2303 1773 2620 1828 auctoritate
2655 1773 2850 1844 ﬁguras
2877 1785 3086 1832 nostras
3115 1779 3230 1832 illas
3255 1779 3418 1836 fuisse
3441 1797 3562 1837 ore»

1983 1863 2192 1930 damus,
2223 1867 2316 1920 sed
2343 1881 2442 1920 nec
2469 1866 2535 1921 ab
2563 1868 2688 1935 ipsis
2711 1867 2990 1937 Prophetis
3021 1871 3120 1926 hoc
3144 1874 3559 1940 praitermissum

1984 1969 2122 2022 esse,
2174 1965 2232 2012 ut
2273 1959 2432 2012 etiam
2471 1975 2656 2014 eorum
2699 1963 2908 2033 eloquio
2953 1964 3274 2032 pandente‘,
3319 1965 3562 2022 videntes

1981 2057 2138 2119 atque
2160 2049 2470 2119 gaudentes,
2503 2053 2632 2106 certi
2659 2068 2722 2108 ac
2755 2055 2962 2120 securi,
3003 2053 3072 2109 de
3111 2055 3358 2110 thesauro
3389 2056 3482 2112 Dei
3507 2063 3562 2112 ct

1981 2155 2114 2197 nova
2143 2151 2198 2197 et
2237 2151 2414 2198 vetera
2443 2146 2788 2200 concorditer
2819 2146 3032 2201 sibimet
3067 2147 3390 2203 coluerentia
3437 2165 3560 2218 pro-

1983 2233 2236 2288 feramus.
2263 2233 2397 2288 Cum
2427 2236 2568 2290 enim
2598 2243 2742 2290 tumo
2775 2246 2892 2305 post
2917 2251 3186 2306 egressum
3215 2239 3392 2308 populi
3419 2240 3558 2295 illius

1981 2341 2046 2381 ex
2069 2323 2315 2397 lEgypto,
2347 2334 2401 2380 et
2429 2337 2576 2381 tanto
2601 2337 2722 2382 ante
2750 2328 2846 2383 ista
2873 2329 3124 2384 Ecclesiae
3162 2339 3397 2398 tempora
3444 2329 3560 2388 haec

1980 2433 2098 2489 qua:
2123 2419 2532 2472 commemoravi
2557 2457 2574 2484 ,
2603 2419 2884 2484 cecinerit;
2929 2429 3102 2476 tamen
3131 2435 3190 2475 se
3219 2420 3390 2476 futura
3421 2437 3556 2491 pra:-

1979 2509 2160 2564 dicere
2189 2509 2306 2564 sine
2335 2509 2442 2564 ulla
2471 2507 2798 2565 dubitatione
2830 2519 3070 2566 testatur.
3113 2511 3402 2566 Secundum
3425 2513 3552 2578 dies,

1981 2602 2180 2672 inquit,
2227 2601 2550 2673 profectionis
2571 2615 2746 2656 eorum
2783 2617 2846 2656 ea:
2883 2601 3140 2673 1E9ypto,
3175 2604 3434 2658 ostendam
3463 2604 3556 2658 mi-

1980 2695 2160 2749 rabilia
2179 2693 2302 2749 illis.
2332 2693 2578 2748 Videbunt
2601 2695 2846 2756 nationes,
2869 2704 2916 2747 et
2935 2694 3320 2763 confundantur.
3347 2694 3457 2750 Hoc
3477 2703 3558 2750 est

1980 2787 2120 2858 quod
2143 2786 2230 2843 hic
2251 2787 2447 2842 dictum
2477 2795 2581 2854 est,
2617 2785 2759 2840 Mare
2781 2787 2904 2840 vidit
2925 2827 2940 2852 ,
2971 2796 3014 2861 et
3045 2788 3213 2858 fugit:
3232 2787 3276 2840 si
3305 2786 3445 2840 enim
3475 2786 3560 2842 hic

1983 2891 2079 2948 per
2103 2878 2264 2933 verba
2299 2878 2554 2948 praeteriti
2583 2877 2860 2944 temporis,
2891 2877 3028 2930 sicut
3051 2885 3150 2938 est,
3183 2876 3304 2930 uidit
3329 2885 3382 2930 et
3405 2877 3558 2947 fugit,

1982 2971 2189 3026 occulte
2219 2969 2394 3025 futura
2427 2969 2815 3040 praedicantur;
2854 2965 3098 3021 Videbunt
3151 2975 3296 3022 certe
3339 2976 3384 3020 et
3435 2983 3558 3022 con-

1982 3065 2289 3134 fundantur,
2323 3063 2530 3132 quando
2565 3061 2726 3116 futuri
2759 3061 3012 3129 temporis
3059 3059 3219 3114 verba
3259 3069 3414 3126 sunt,
3443 3059 3560 3130 quis

1982 3155 2174 3210 audeat
2211 3155 2278 3209 de
2319 3154 2477 3209 rebus
2513 3153 2794 3224 praeteritis
2821 3151 3088 3220 cogitare?
3127 3150 3196 3204 Et
3225 3150 3380 3220 paulo
3409 3158 3558 3219 post,

1981 3248 2126 3317 ipsos
2149 3248 2327 3300 hostes
2349 3255 2579 3308 nostros,
2603 3244 2692 3314 qui
2717 3259 2815 3298 nos
2841 3243 3098 3312 fugientes
3121 3251 3176 3296 ut
3197 3243 3562 3298 interimerent

1982 3339 2342 3409 sequebantur
2361 3379 2376 3406 ,
2418 3337 2469 3391 id
2493 3345 2574 3392 cst
2599 3335 2788 3390 delicta
2819 3343 3022 3398 nostra,
3049 3333 3188 3388 sicut
3207 3333 3486 3404 Egyptios
3505 3334 3561 3390 in

1983 3432 2116 3487 mari
2143 3433 2377 3496 obrutos,
2413 3431 2484 3484 ita
2517 3431 2568 3483 lu
2613 3428 2884 3498 Baptismo
2923 3429 3168 3502 demersa
3211 3436 3264 3482 et
3300 3427 3561 3484 exstincta

1983 3525 2100 3580 luce
2129 3524 2326 3579 clarius
2355 3523 2594 3586 intimat,
2639 3520 2862 3575 dicens:
2891 3517 3188 3585 «Quoniam
3236 3517 3562 3574 voluntarius

1983 3630 2036 3674 et
2063 3617 2369 3672 misericors
2405 3621 2520 3682 est,
2561 3615 2678 3683 ipse
2705 3620 2983 3667 convertet
3011 3619 3064 3667 et
3093 3610 3430 3691 miserebitur
3469 3624 3564 3666 no-

1983 3711 2118 3776 stri;
2165 3710 2436 3778 demerget
2487 3705 2680 3761 delicta
2733 3713 2914 3759 nostra
2933 3743 2950 3770 ,
3001 3702 3277 3773 demerget
3309 3702 3366 3758 in
3401 3701 3565 3758 maris

1984 3803 2301 3876 profundum
2332 3814 2518 3856 omnes
2542 3799 2726 3868 culpas
2755 3785 2982 3852 nostras.
3008 3814 3028 3848 ι
3549 3853 3552 3858 ι

2057 3897 2108 3952 5.
2143 3893 2277 3963 Quid
2307 3901 2408 3958 est,
2441 3889 2738 3945 charissimi
2757 3889 2782 3941 ft
2805 3885 2906 3955 Qui
2933 3903 3028 3942 vos
3056 3885 3372 3956 cognoscitis
3396 3883 3564 3938 Israe-

1985 3989 2102 4044 litas
2129 3983 2420 4041 secundum
2463 3995 2646 4036 semen
2677 3979 2938 4044 Abrahae,
2969 3977 3060 4048 qui
3096 3977 3222 4032 estis
3255 3975 3444 4032 domus
3471 3973 3564 4030 Ja-

1985 4081 2084 4137 cob
2131 4075 2420 4135 secundum
2477 4074 2884 4146 promissionem
2932 4070 3170 4126 heredes
3191 4109 3208 4137 ,
3263 4069 3567 4138 cognoscite

1985 4175 2146 4230 etiam
2171 4187 2266 4227 vos
2291 4170 2482 4226 exiisse
2512 4169 2578 4224 ab
2607 4166 2858 4238 Egypto,
2888 4165 2977 4235 qui
3003 4149 3128 4219 iiuic
3145 4163 3343 4218 saeculo
3362 4177 3564 4218 renuu-

1987 4268 2188 4332 tiastis;
2238 4264 2430 4320 exiisse
2457 4261 2524 4316 de
2571 4259 2768 4331 populo
2797 4257 3022 4312 barbaro
3045 4297 3061 4324 ,
3109 4255 3200 4326 qui
3233 4254 3567 4312 confessione

1988 4358 2196 4431 pietatis
2229 4369 2322 4410 vos
2354 4370 2383 4408 a
2411 4347 2758 4422 blasphemiis
2797 4349 3033 4419 gentium
3071 4345 3404 4416 sejunxistis.
3448 4341 3566 4398 Non

1988 4459 2070 4507 est
2095 4449 2235 4505 enim
2267 4448 2442 4517 lingua
2469 4452 2666 4505 vestra,
2700 4440 2793 4496 sed
2821 4439 3044 4494 barbara
3068 4479 3084 4504 ,
3116 4453 3234 4508 qua:
3264 4435 3430 4490 Deum
3456 4435 3568 4490 lau-

1990 4543 2117 4598 dare
2142 4557 2248 4596 non
2277 4539 2440 4603 novit,
2461 4535 2546 4591 cui
2575 4549 2665 4589 vos
2685 4531 2910 4588 cantatis
2927 4530 3172 4586 Alleluia.
3211 4548 3228 4580 ι
3259 4528 3417 4584 Facta
3439 4535 3522 4584 est
3541 4545 3562 4582 ι

1992 4637 2130 4693 enim
2181 4653 2200 4686 ‹
2231 4633 2412 4690 Iudaea
2464 4628 2812 4685 sanctiﬁcatio
2859 4626 2974 4696 ejus
3008 4644 3028 4677 ι
3073 4623 3126 4678 in
3169 4623 3319 4678 vobis
3355 4639 3367 4675 :
3408 4640 3426 4674 ι
3455 4621 3568 4678 Non

1992 4727 2131 4782 enim
2159 4725 2246 4796 qui
2274 4724 2324 4778 in
2351 4721 2632 4776 manifesto
2656 4717 2871 4774 Judaeus
2893 4725 2978 4772 est
2997 4757 3012 4782 ,
3053 4729 3224 4785 neque
3243 4729 3360 4784 quae
3383 4714 3432 4772 in
3459 4728 3571 4768 nia-

1993 4817 2184 4874 nifesto
2223 4817 2276 4870 in
2316 4829 2476 4870 carne
2511 4821 2594 4868 est
2631 4809 3000 4873 circumcisio;
3047 4807 3142 4862 sed
3165 4807 3256 4878 qui
3283 4806 3336 4860 in
3365 4804 3572 4860 occulto

1993 4911 2209 4968 Judacus
2251 4916 2368 4974 est,
2410 4917 2464 4961 et
2509 4902 2914 4959 circumcisione
2956 4897 3352 4974 cordis_(liom.
3383 4912 3451 4961 ιι,
3479 4895 3569 4956 28,

1993 4999 2109 5074 29:).
2154 4989 2478 5068 interrogate
2503 5011 2629 5066 ergo
2661 4995 2820 5050 corda
2859 5000 3036 5048 vestra
3073 5007 3088 5044 :
3117 4991 3160 5044 si
3190 5003 3251 5044 ea
3291 4987 3572 5042 circumci-

1996 5095 2074 5152 dit
2100 5093 2231 5148 lidcs
2251 5133 2264 5157 ,
2295 5091 2339 5146 si
2364 5091 2602 5160 purgavit
2623 5086 2890 5142 confessio
2915 5101 2930 5146 ;
2962 5087 3012 5136 in
3043 5081 3194 5136 vobis
3221 5083 3355 5151 facta
3384 5085 3453 5131 est
3479 5075 3574 5129 Ju-

1997 5187 2108 5241 dwa
2159 5181 2492 5251 sanctiﬁcatio
2537 5180 2678 5251 ejus,
2723 5177 2778 5232 in
2819 5175 2968 5230 vobis
2995 5171 3160 5234 Israel
3188 5177 3402 5238 potestas
3445 5167 3573 5236 rjus.

1999 5275 2156 5334 Dedit
2193 5275 2338 5331 enim
2379 5270 2529 5328 vobis
2575 5277 2890 5340 potestatem
2929 5263 3068 5318 ﬁlios
3107 5261 3200 5316 Dei
3241 5258 3359 5313 ﬁeri
3387 5255 3576 5328 (Joan.

1998 5387 2054 5440 ι,
2087 5368 2216 5440 12).
3505 5423 3526 5428 ,,

2073 5461 2125 5519 6.
2156 5457 2406 5517 Jamvero
2435 5454 2744 5512 recordetur
2772 5447 3130 5518 unusquisque
3157 5453 3390 5502 vestrum
3411 5484 3426 5508 ,
3458 5455 3576 5496 cum

2003 5555 2113 5611 Deo
2139 5551 2298 5608 vellet
2337 5565 2432 5605 cor
2457 5545 2724 5618 applicare
2749 5583 2762 5607 ,
2809 5541 3030 5612 ejusque
3053 5537 3204 5594 suavi
3239 5537 3402 5606 jugo,
3433 5549 3578 5612 rece-

2007 5648 2140 5706 dens
2164 5662 2194 5700 a
2222 5643 2460 5716 pristinis
2485 5635 2795 5710 ignorantiae
2826 5649 2934 5687 sua:
2964 5629 3243 5688 desideriis
3266 5671 3281 5695 ,
3331 5629 3579 5682 devotum

2071 5785 2088 5818 ι
2126 5767 2204 5834 sic.
2215 5767 2394 5845 aliquoi
2419 5815 2433 5838 ,
2469 5755 2572 5845 siss.
2609 5775 2664 5845 at
2859 5765 3234 5845 praetermissum
3255 5771 3340 5828 est,
3369 5770 3420 5815 ut
3441 5761 3580 5817 etiam
3613 5807 3618 5810 .

2010 5833 2176 5900 eorum
2196 5833 2379 5908 eloqitio
2401 5833 2711 5907 morderetur.
2742 5833 2981 5898 Videmus,
3007 5839 3102 5883 etc.
3555 5865 3560 5868 .
