4090 6478
500 379 639 436 M79

500 497 731 551 auiinum
760 492 988 547 subdere
1011 533 1025 557 ,
1068 489 1475 557 carnalibusque
1518 481 1676 553 hujus
1707 482 1889 539 mundi
1929 480 2082 536 faelis

503 590 576 653 (in
609 586 799 653 quibus
822 585 936 637 siue
962 582 1129 637 fructu
1162 578 1433 634 laborabat
1457 619 1471 640 ,
1505 586 1752 646 tanquam
1778 576 1829 630 in
1857 573 2086 646 [Egypto

503 679 696 734 lateres
722 678 820 732 sub
840 677 969 729 dura
1001 674 1363 728 dominatione
1402 669 1597 725 diaboli
1628 667 1849 737 faceret)
1868 707 1883 729 ,
1909 662 2087 720 audita

504 786 636 826 voce
666 768 875 825 Domini
904 766 1132 820 dicentis
1151 806 1167 831 ,
1208 763 1381 819 Venite
1398 762 1468 816 ad
1492 777 1571 815 me
1592 803 1607 826 ,
1634 776 1805 814 omnes
1829 759 1913 827 qui
1948 758 2090 811 labo-

509 863 632 917 ratis
660 872 704 915 et
744 861 937 915 onerati
979 858 1131 923 estis,
1183 867 1228 911 et
1255 872 1345 926 ego
1375 871 1459 909 vos
1500 853 1723 921 reﬁciant
1768 849 1977 922 (Matth.
2011 863 2085 916 xl,

507 957 600 1025 28)
621 999 635 1025 ,
676 956 896 1009 de~ertis
929 963 1088 1021 atque
1117 950 1342 1019 ahjectis
1367 949 1467 1003 sub
1494 949 1661 1002 levem
1685 946 1881 1001 Christi
1920 943 2089 999 sarci-

509 1063 631 1102 nam
661 1061 880 1101 currere
916 1062 928 1097 :
962 1042 1277 1099 recordetur
1316 1055 1442 1110 ergo
1471 1038 1829 1109 unusquisque
1854 1045 2090 1091 vestrum

507 1138 954 1211 quemadmodum
983 1136 1159 1190 omnia
1204 1134 1477 1189 saecularia
1506 1131 1882 1203 impedimenta
1910 1144 2091 1185 cesse-

507 1243 670 1299 runt,
702 1231 1122 1286 dissuadentium
1146 1228 1164 1260 ί
1193 1241 1353 1283 voces
1378 1234 1468 1280 aut
1494 1239 1774 1294 erumpere
1817 1237 1921 1277 non
1949 1235 2093 1276 ausa:

512 1334 634 1380 sunt
656 1365 669 1389 ,
693 1333 784 1378 aut
810 1320 1149 1377 considerato
1175 1317 1373 1374 Christi
1404 1316 1619 1371 nomine
1650 1330 1745 1384 per
1769 1326 1954 1368 omnes
1982 1320 2092 1365 ter-

512 1433 598 1471 ras
627 1417 858 1472 cytaltato
884 1424 938 1470 et
972 1413 1233 1466 honorato
1261 1408 1585 1465 tremefacta:
1618 1407 1897 1461 siluerunt.
1929 1403 2091 1474 Ergo,

514 1508 660 1564 Mare
690 1509 810 1563 ridit
840 1518 886 1562 et
926 1507 1055 1579 fugit
1082 1521 1100 1559 :
1130 1515 1187 1559 ut
1214 1504 1305 1558 tibi
1344 1503 1461 1557 sine
1487 1498 1911 1556 contradictione
1936 1494 2001 1555 ad
2025 1495 2090 1549 li-

512 1601 771 1657 bertatem
800 1599 1129 1670 spiritualem
1153 1594 1480 1667 panderetur
1504 1592 1609 1647 via.

581 1696 635 1750 7.
665 1694 908 1748 Jordanis
939 1702 1116 1746 autem
1158 1686 1613 1760 quemadmodum
1654 1692 1930 1739 retrorsum
1970 1696 2096 1736 con-

516 1804 683 1842 uersus
707 1787 796 1851 sit,
839 1784 963 1839 nolo
992 1791 1141 1837 extra
1166 1794 1263 1835 vos
1291 1778 1564 1850 quaeratis,
1593 1775 1720 1832 nolo
1748 1772 1951 1844 aliquid
1972 1772 2097 1828 mali

516 1877 879 1948 suspicemini.
931 1876 1172 1943 Increpat
1216 1872 1358 1926 enim
1404 1869 1662 1924 Dominus
1710 1861 2097 1937 quosdam’qui

515 1973 731 2029 dorsum
754 1971 818 2025 ad
849 1985 969 2026 eum
1002 1972 1289 2037 posuerunt
1309 2004 1323 2028 ,
1354 1972 1407 2017 et
1443 1977 1551 2016 non
1588 1959 1774 2014 faciem
1798 1956 2006 2031 (Jerent.
2039 1969 2094 2019 ll,

514 2066 629 2137 27).
672 2066 737 2120 Et
772 2062 1009 2133 quisquis
1049 2058 1367 2130 principium
1412 2070 1566 2110 suum
1593 2051 1828 2117 deserit,
1861 2058 1913 2104 et
1942 2064 1973 2103 a
2002 2062 2100 2102 suo

515 2157 768 2213 Creatore
804 2154 1061 2208 avertitur
1084 2191 1100 2216 ,
1133 2158 1382 2217 tanquam
1408 2145 1601 2199 ﬂuvius
1628 2144 1678 2197 in
1710 2156 1877 2205 mare,
1908 2140 2102 2193 labitur

519 2250 570 2304 in
599 2249 757 2317 hujus
784 2245 965 2302 saeculi
989 2240 1365 2297 amaricantem
1394 2235 1647 2293 malitiam
1674 2235 1716 2285 ³.
1747 2233 1952 2287 Bonum
1973 2243 2102 2299 ergo

516 2350 601 2397 est
642 2340 713 2394 illi
754 2348 810 2392 ut
856 2346 1147 2391 retrorsum
1196 2338 1571 2395 convertatur,
1619 2328 1816 2395 ﬁatque
1845 2323 1917 2377 illi
1957 2323 2100 2377 Deus

514 2440 640 2486 ante
687 2429 876 2486 faciem
919 2425 1161 2481 redeunti
1188 2464 1203 2488 ,
1250 2436 1406 2492 quem
1440 2420 1542 2476 sibi
1568 2433 1598 2472 a
1639 2427 1787 2486 tergo
1818 2422 2098 2484 posuerat;

517 2533 571 2579 et
602 2522 692 2575 tiat
735 2520 809 2574 illi
856 2529 1000 2573 retro
1052 2530 1202 2571 mare
1231 2512 1389 2583 hujus
1418 2510 1598 2566 saeculi
1619 2550 1634 2575 ,
1684 2506 1825 2577 quod
1850 2505 1952 2560 sibi
1981 2512 2103 2559 ante

516 2613 701 2668 faciem
722 2652 736 2675 ,
767 2626 887 2663 cum
914 2608 1037 2662 illuc
1062 2606 1330 2660 laberetur
1349 2644 1365 2670 ,
1396 2601 1680 2663 effecerat;
1736 2608 1790 2652 et
1814 2597 1890 2651 sic
1915 2594 2103 2649 oblivi-

523 2714 704 2759 scatur
722 2718 783 2757 ea
805 2717 922 2771 qum
948 2708 1091 2753 retro
1111 2706 1255 2761 sunt,
1275 2704 1331 2749 ut
1348 2694 1399 2747 in
1414 2708 1477 2748 ea
1500 2707 1618 2762 qute
1634 2697 1755 2743 ante
1772 2698 1895 2744 sunt
1920 2694 2104 2741 exten-

520 2798 677 2853 datur
701 2794 961 2866 (Philipp.
987 2807 1063 2855 Ill,
1095 2789 1183 2852 13)
1216 2805 1229 2841 :
1257 2785 1398 2857 quod
1421 2784 1530 2853 jam
1558 2794 1816 2836 converso
1846 2778 1972 2831 utile
2000 2784 2101 2831 est.

518 2888 757 2958 Namque
785 2894 1066 2952 antequam
1092 2885 1433 2934 convertatur
1454 2915 1470 2940 ,
1503 2874 1547 2927 si
1574 2887 1635 2927 ea
1662 2886 1778 2941 qua:
1809 2876 1954 2923 retro
1982 2873 2106 2922 sunt

521 2977 849 3036 obliviscitur
875 3016 890 3040 ,
918 2975 1084 3028 Deum
1108 2969 1475 3032 obliviscitur;
1507 2965 1629 3036 quia
1656 2964 1827 3033 ipsum
1860 2970 2003 3015 retro
2028 2959 2108 3015 fe-

522 3079 709 3137 cerat,
754 3068 820 3124 ad
868 3080 1025 3138 quem
1072 3063 1289 3119 dorsum
1332 3066 1580 3131 posuerat
1608 3075 1621 3110 :
1650 3064 1703 3111 et
1730 3056 1775 3110 si
1818 3056 1870 3109 in
1897 3069 1957 3109 ea
1986 3067 2107 3124 qua:

522 3174 647 3221 ante
684 3170 808 3218 sunt
848 3156 1187 3221 extenditur,
1230 3154 1280 3208 in
1308 3152 1562 3207 saeculum
1596 3147 1937 3212 extenditur;
1984 3144 2106 3215 quia

524 3259 695 3331 ipsum
734 3256 834 3311 sibi
865 3262 986 3308 ante
1013 3252 1197 3306 faciem
1242 3253 1528 3319 posuerat,
1574 3257 1681 3315 quo
1721 3241 1905 3296 avidus
1934 3241 2108 3294 irrue-

522 3330 631 3409 bat.
662 3345 908 3405 Jordanis
930 3358 1060 3415 ergo
1086 3343 1205 3397 illos
1234 3337 1532 3410 significat,
1560 3333 1651 3405 qui
1677 3334 1899 3404 gratiam
1923 3330 2106 3401 Bapti-

522 3444 622 3499 smi
651 3446 1038 3511 perceperunt;
1084 3442 1139 3490 et
1167 3433 1242 3487 sic
1266 3429 1515 3487 Jordanis
1542 3426 1869 3481 convertitur
1908 3432 2109 3476 retror-

525 3552 641 3594 sum
663 3576 677 3599 ,
712 3549 833 3589 cum
878 3531 951 3586 illi
988 3532 1370 3585 convertuntur
1398 3522 1464 3576 ad
1494 3522 1659 3575 Deum
1680 3560 1695 3585 ,
1741 3526 1800 3572 ut
1838 3531 1956 3572 eum
1997 3514 2107 3584 jam

524 3640 673 3686 retro
698 3642 804 3683 non
835 3625 1084 3684 habeant,
1111 3621 1204 3675 sed
1234 3616 1466 3672 revelata
1492 3613 1626 3667 facie
1650 3611 1873 3682 gloriam
1899 3608 2107 3663 Domini

524 3721 895 3797 speculantes,
946 3716 997 3769 in
1049 3711 1292 3769 eamdem
1336 3707 1618 3777 imaginem
1667 3701 2109 3758 transformeutur

524 3796 567 3873 a7
581 3814 743 3887 gloria
775 3814 827 3866 in
852 3808 1071 3881 gloriam
1101 3803 1167 3876 (ll
1192 3801 1311 3857 Cor.
1340 3816 1394 3855 tu
1417 3842 1433 3866 ,
1464 3796 1573 3867 18).

522 3924 529 3927 ’
668 3906 875 3962 Montes
899 3902 1169 3973 gestierunt
1203 3896 1337 3949 velut
1372 3892 1549 3946 arietes
1576 3903 1594 3943 :
1622 3887 1803 3942 ﬁdeles
1826 3885 2107 3956 dispensa-

525 4014 674 4060 tores
696 3998 843 4055 vcrbi
873 3992 1111 4050 veritatis
1138 3986 1307 4045 sancti
1335 3982 1570 4054 Apostoli
1591 4022 1606 4047 ,
1634 3979 1804 4034 sancti
1836 3977 2108 4047 Evangelii

528 4093 927 4168 praedicatores.
954 4084 1019 4138 Et
1040 4081 1190 4136 calles
1218 4077 1352 4133 velut
1379 4075 1499 4147 agni
1526 4073 1714 4126 ouium.
1744 4069 1810 4124 Hi
1840 4077 1964 4122 sunt
1987 4068 2107 4138 qui-

525 4160 625 4242 bus
648 4182 874 4245 dicitur,
918 4175 983 4229 In
1010 4173 1206 4228 Christo
1242 4166 1369 4222 Jesu
1412 4180 1498 4236 per
1539 4160 1871 4231 Evangelium
1909 4174 1998 4228 ego
2024 4173 2110 4211 vos

527 4277 675 4353 genui
704 4290 721 4328 :
752 4272 805 4326 hi
831 4276 957 4323 sunt
984 4265 1173 4335 quibus
1199 4258 1415 4322 dicitur,
1449 4253 1573 4308 Non
1592 4262 1647 4306 ut
1670 4249 1981 4321 confundam
2002 4264 2105 4313 vos,

530 4339 636 4423 hac
661 4362 844 4426 scribo,
877 4357 964 4412 sed
989 4363 1043 4409 ut
1064 4354 1196 4423 ﬁlios
1223 4365 1356 4402 meos
1374 4346 1694 4401 charissimos
1720 4356 1896 4394 moneo
1917 4340 1956 4410 (1
1988 4339 2108 4396 Cor.

526 4476 577 4519 tv
599 4501 613 4524 ,
642 4456 744 4522 15,
777 4451 866 4522 Μ)
899 4467 912 4504 :
951 4447 1004 4501 hi
1042 4452 1165 4501 sunt
1192 4441 1258 4496 de
1284 4438 1476 4510 quibus
1516 4436 1741 4499 dicitur,
1787 4431 1975 4524 Alfei'te
2003 4429 2111 4483 Do-

528 4522 664 4607 mino
710 4546 841 4617 ﬁlios
884 4541 1093 4596 arietum
1131 4532 1302 4609 (Psal.
1333 4544 1498 4585 xxvm
1523 4570 1539 4595 ,
1568 4528 1647 4596 1).
1703 4522 1973 4617 Attendite
2015 4536 2112 4591 per

526 4615 716 4704 omnes
740 4651 927 4700 terras,
958 4634 1046 4705 qui
1075 4628 1242 4685 nostis
1267 4626 1368 4681 ista
1394 4621 1595 4685 mirari,
1622 4627 1676 4673 et
1698 4615 1926 4688 gaudere
1952 4625 2111 4685 atque

527 4746 744 4797 cantare
771 4704 993 4787 Domino
1020 4726 1130 4780 Deo
1172 4722 1383 4782 vestro;
1432 4710 1688 4767 attendite
1730 4709 1827 4761 ista
1852 4704 2110 4774 compleri

526 4849 623 4906 per
648 4841 834 4886 omnes
859 4829 1066 4895 gentes,
1090 4830 1209 4887 qua:
1236 4820 1359 4866 ante
1385 4816 1493 4862 tam
1519 4804 1673 4873 longa
1704 4810 1944 4869 tempora
1972 4797 2109 4867 tign-

522 4935 640 4983 rate
661 4930 809 4994 gesta
840 4926 999 4986 atque
1022 4906 1272 4980 prmdicta
1301 4907 1445 4994 sunt.

594 4977 1088 5078 ilflnterrog-ate—et
1106 4998 1287 5059 dicite,
1320 5011 1339 5044 ι
1369 4987 1506 5059 Quid
1534 4992 1616 5041 est
1643 4983 1757 5050 tibi,
1784 4995 1950 5045 mare,
1969 4977 2110 5050 quod

525 5106 743 5180 fugisti;
793 5110 844 5157 et
885 5106 941 5152 tu
966 5136 980 5161 ,
1013 5088 1259 5148 Jordanis
1280 5126 1294 5148 ,
1338 5081 1462 5154 quia
1489 5089 1781 5135 conversus
1809 5089 1868 5129 es
1908 5082 2109 5128 retror-

522 5168 639 5258 suin
663 5200 687 5252 τ
728 5201 957 5257 montes,
984 5186 1107 5258 quia
1135 5178 1387 5254 gestiistis
1409 5175 1553 5231 velut
1579 5171 1771 5226 arietes
1795 5184 1809 5235 ;
1842 5178 1896 5224 et
1922 5168 2108 5231 colles,

525 5294 665 5349 sicut
699 5286 818 5357 agni
848 5276 1064 5338 ovium?
1100 5293 1119 5328 ι
1171 5269 1308 5339 Quid
1335 5274 1445 5330 est,
1476 5280 1509 5320 o
1536 5262 1786 5319 sxeculum
1807 5299 1822 5322 ,
2019 5265 2107 5311 tua

527 5350 903 5454 impedimenta
951 5364 1262 5428 cesserunt?
1306 5358 1430 5431 quid
1456 5366 1576 5422 est,
1623 5369 1656 5408 o
1685 5361 1762 5407 tot
1790 5350 1952 5405 millia
1997 5356 2108 5454 toto

524 5437 658 5533 orbe
684 5468 917 5527 fidelium
943 5504 957 5528 ,
1000 5460 1125 5515 huic
1152 5451 1350 5510 mundo
1380 5444 1797 5504 renuntiantium
1816 5481 1832 5506 ,
1873 5438 2014 5509 quod
2040 5437 2108 5492 ad

524 5532 761 5625 vestrum
788 5558 1069 5617 Dominum
1099 5540 1512 5606 convertimini?
1540 5536 1675 5606 Quid
1697 5543 1778 5591 est
1805 5532 1947 5603 quod
1976 5547 2107 5602 gau-

586 5706 603 5738 ι
629 5708 703 5752 ει»,
724 5706 778 5750 et
798 5703 927 5752 tom,
949 5682 1284 5752 dissidentium
1315 5685 1361 5731 et

519 5729 779 5821 oar:
802 5729 1485 5810 Triiii‘dﬁiiiiiifasslvero
1506 5750 1604 5788 non
1637 5733 1847 5793 habent,
1872 5729 2110 5781 dissiden-

518 5832 758 5953 nuingés
777 5890 908 5948 ωειλ,
927 5872 1269 5931 amaricantem
1291 5863 1528 5920 lmtitiam.

1698 364 1756 421 S.
1795 358 2163 422 AUGUSTiNI
2203 360 2507 421 EPiSCOPl

2142 534 2143 539 η
2192 480 2360 542 detis,
2388 480 2653 551 quibusin
2680 480 2781 536 tiuc
2811 480 3017 535 dicetur
3051 499 3064 536 :
3098 480 3274 552 Euge,
3304 483 3428 537 bone
3446 498 3616 547 serve.
3648 501 3780 555 quo,

3636 367 3781 428 μεθ

2192 575 2329 628 niam
2358 575 2409 628 in
2439 575 2615 646 paucis
2645 575 2810 643 ﬁdelis
2832 575 2993 645 fuisti,
3016 593 3171 645 supra
3193 578 3349 631 multa
3373 587 3419 631 te
3442 578 3783 633 constituam!

2193 665 2319 734 quid
2349 674 2434 720 est
2462 666 2600 735 quod
2631 664 2907 735 gaudetis,
2956 666 3149 735 quibus
3183 667 3236 721 in
3265 668 3369 723 line
3397 668 3642 724 dicetur:
3685 668 3784 723 Ve-

2194 758 2315 823 nite,
2348 757 2590 812 benedicti
2619 756 2794 812 Patris
2830 759 2957 824 mei,
2989 759 3229 828 percipite
3255 776 3463 830 regnum
3487 760 3621 831 quod
3646 759 3785 815 vobis

2197 859 2429 920 paratum
2450 859 2521 904 est
2550 850 2612 903 ab
2637 850 2830 920 origine
2853 850 3028 904 mundi
3058 851 3266 920 (Matth.
3300 867 3430 918 xxv,
3461 852 3552 917 21,
3580 851 3713 923 54)?

2269 941 2355 996 10.
2386 941 2533 1014 [vers.
2560 940 2635 1013 7.]
2667 942 3082 1011 Respondebant
3105 943 3256 997 vobis
3283 942 3397 997 hsce
3422 944 3622 1008 omnia,
3654 957 3786 998 vos-

2198 1048 2300 1103 que
2342 1032 2439 1103 ipsi
2484 1032 2873 1103 respondebitis
2918 1033 3062 1088 vobis
3094 1051 3108 1087 :
3135 1034 3179 1086 A
3220 1035 3351 1104 facie
3400 1033 3603 1088 Domini
3647 1051 3787 1088 com-

2197 1133 2335 1177 mota
2371 1134 2443 1177 est
2478 1134 2612 1177 terra
2635 1163 2649 1188 ,
2691 1141 2723 1176 a
2763 1125 2890 1195 facie
2916 1122 3010 1177 Dei
3048 1124 3230 1178 Iacob.
3276 1125 3413 1193 Quid
3450 1135 3560 1191 est,
3592 1142 3626 1179 a
3654 1125 3787 1197 facie

2200 1215 2441 1283 Domini;
2493 1216 2595 1270 nisi
2629 1216 2745 1285 ejus
2772 1218 3055 1285 prtesentia
3090 1218 3177 1286 qui
3213 1217 3348 1271 dixit
3377 1236 3389 1270 :
3423 1216 3553 1271 Ecce
3577 1234 3670 1289 ego
3698 1234 3785 1272 eo.

2199 1308 2388 1362 biscum
2438 1325 2551 1362 sum
2596 1324 2753 1379 usque
2792 1310 2843 1363 in
2898 1311 3379 1363 consummationem
3427 1310 3600 1363 swculi
3648 1308 3783 1380 (Id.

2200 1416 2388 1466 xxvm,
2418 1398 2562 1473 20)?
2589 1399 2863 1456 Commota
2894 1412 2975 1457 est
3001 1402 3142 1457 enim
3173 1411 3311 1457 terra
3340 1402 3471 1465 ;scd
3498 1401 3619 1471 quia
3650 1402 3781 1457 male

2201 1493 2347 1563 pigra
2379 1504 2740 1562 remanserat,
2770 1506 3037 1550 commota
3059 1504 3141 1550 est
3161 1536 3176 1563 ,
3208 1505 3264 1549 ut
3292 1495 3513 1551 solidius
3543 1494 3783 1550 firmare-

2204 1594 2289 1639 tur
2312 1600 2341 1639 a
2371 1584 2505 1640 facie
2538 1587 2769 1641 Domini.

2275 1679 2361 1735 11.
2392 1678 2541 1750 [vers.
2571 1677 2649 1751 8.]
2684 1679 2786 1746 Qui
2827 1679 3071 1733 convertit
3107 1686 3302 1750 petram
3329 1679 3381 1733 in
3407 1687 3588 1751 stagna
3626 1696 3788 1752 aqua-

2202 1786 2345 1835 rum,
2391 1779 2437 1824 et
2464 1786 2639 1840 rupem
2667 1771 2719 1823 in
2764 1775 2927 1841 fontes
2955 1787 3221 1842 aquarum.
3272 1771 3517 1841 Seipsum
3557 1775 3699 1826 enim
3740 1780 3797 1827 et

2203 1861 2485 1933 quamdam
2511 1877 2659 1917 suam
2690 1862 2939 1917 duritiam
2962 1862 3229 1932 liquefecit
3254 1862 3318 1916 ad
3345 1862 3643 1933 irrigandos
3664 1862 3794 1917 fide-

2205 1956 2283 2010 les
2306 1971 2432 2011 suos
2454 1996 2470 2021 ,
2501 1964 2558 2009 ut
2584 1957 2735 2010 ticret
2766 1956 2816 2009 in
2843 1955 2924 2011 eis
2953 1955 3074 2010 fons
3099 1971 3251 2025 aqua)
3278 1955 3522 2010 salientis
3552 1956 3602 2009 in
3628 1955 3794 2010 vitam

2205 2057 2456 2104 aeternam
2486 2048 2665 2117 (Joan.
2697 2065 2770 2116 tv,
2800 2049 2891 2120 14)
2916 2066 2931 2115 ;
2959 2049 3078 2119 quia
3102 2049 3269 2118 prius,
3293 2064 3413 2103 cum
3436 2049 3793 2118 ignoraretur,

2205 2142 2370 2197 durus
2396 2141 2693 2196 videbatur.
2725 2142 2852 2195 lude
2877 2141 2951 2195 illi
2985 2141 3176 2195 turbati
3200 2149 3344 2209 sunt,
3374 2150 3428 2196 et
3455 2157 3558 2195 non
3589 2155 3789 2211 exspe-

2206 2241 2481 2288 ctaverunt
2527 2232 2698 2288 donec
2746 2232 3036 2302 Scripturis
3088 2232 3286 2302 apertis
3335 2231 3586 2287 influeret
3632 2240 3795 2301 atque

2207 2325 2491 2381 inundaret
2513 2326 2565 2379 in
2593 2340 2717 2391 eos,
2758 2325 2848 2395 qui
2890 2325 3174 2391 dixerunt,
3216 2324 3391 2379 Durus
3410 2334 3482 2378 est
3503 2325 3584 2377 hic
3608 2339 3793 2391 sermo,

2206 2417 2316 2487 quis
2347 2425 2506 2480 potest
2549 2433 2660 2471 eum
2705 2416 2882 2469 audire
2921 2414 3031 2486 (Id.
3055 2431 3107 2469 vr
3131 2456 3145 2481 ,
3173 2414 3310 2485 6|)?
3354 2414 3457 2470 Ista
3488 2423 3635 2484 petra
3654 2455 3668 2479 ,
3697 2414 3796 2469 ista

2206 2508 2401 2563 duritia
2431 2522 2685 2563 conversa
2713 2516 2795 2563 est
2820 2508 2871 2562 in
2902 2520 3084 2578 stagna
3111 2522 3367 2578 aquarum
3394 2548 3410 2574 ,
3439 2514 3493 2561 et
3514 2507 3610 2560 ista
3637 2514 3797 2576 rupes

2207 2601 2261 2656 in
2306 2601 2480 2657 fontes
2507 2616 2764 2671 aquarum
2786 2643 2801 2668 ,
2834 2616 2955 2656 cum
2994 2615 3276 2671 resurgens
3297 2601 3544 2670 CXpOSUll
3570 2601 3685 2667 eis,
3718 2600 3799 2654 in-

2208 2694 2410 2765 cipiens
2432 2710 2460 2747 a
2489 2693 2668 2764 Moyse
2692 2709 2785 2764 per
2808 2708 2995 2749 omnes
3021 2693 3317 2763 Prophetas
3341 2735 3357 2761 ,
3384 2693 3507 2764 quia
3537 2692 3615 2748 sic
3640 2706 3799 2763 Opor-

2210 2787 2354 2841 tebat
2401 2784 2669 2840 Christum
2719 2786 2823 2855 pati
2855 2784 3008 2856 (Luc.
3037 2800 3164 2841 xxxv
3188 2827 3204 2854 ,
3230 2784 3357 2841 εδει
3381 2785 3508 2857 27);
3558 2794 3612 2842 et
3653 2785 3798 2845 misit

2208 2880 2461 2950 Spiritum
2484 2889 2745 2943 sanctum,
2775 2880 2841 2934 de
2870 2895 2976 2950 quo
2996 2878 3227 2949 dicebat,
3266 2879 3329 2936 Si
3353 2880 3463 2951 quis
3482 2881 3605 2949 sitit,
3634 2880 3800 2935 vestiat

2209 2979 2255 3024 et
2282 2970 2415 3024 bibat
2444 2969 2621 3040 (Joan.
2652 2985 2746 3037 γη,
2777 2968 2891 3041 57).

2590 3122 2642 3161 IN
2680 3120 2925 3162 essanun
2964 3121 3094 3162 cxm
3131 3109 3399 3163 strepuit.

2284 3249 2371 3303 12.
2406 3246 2555 3321 [θεν-ε.
2580 3246 2655 3320 1.]
2686 3245 2807 3301 Non
2834 3246 2996 3313 nobis,
3024 3246 3260 3313 Domine,
3290 3245 3566 3315 nonnobis,
3593 3247 3685 3302 sed
3703 3263 3799 3303 no-

2210 3342 2338 3397 mini
2369 3349 2456 3395 tuo
2485 3341 2552 3394 da
2591 3340 2822 3411 gloriam.
2871 3340 3052 3397 Gratia
3090 3341 3290 3411 quippe
3330 3340 3429 3396 ista
3469 3342 3800 3412 erumpentis

2211 3451 2361 3507 aqua:
2386 3436 2452 3489 de
2481 3444 2630 3504 petra
2659 3433 2822 3505 (petra
2843 3443 3007 3486 autem
3027 3442 3134 3487 erat
3156 3432 3384 3488 Christus
3407 3432 3447 3505 [1
3478 3433 3598 3489 Cor.
3622 3450 3675 3499 x,
3695 3433 3797 3506 η),

2212 3546 2317 3586 non
2356 3530 2506 3600 quasi
2536 3529 2787 3598 operibus
2812 3526 3236 3596 praecedentibus
3258 3527 3376 3582 data
3415 3538 3511 3594 est,
3561 3529 3656 3584 sed
3700 3529 3802 3584 mi-

2213 3631 2425 3679 serante
2455 3621 2547 3674 illo
2572 3620 2663 3690 qui
2698 3618 2954 3689 justiticat
2980 3619 3200 3689 impium
3232 3618 3408 3691 (Rom.
3437 3635 3490 3673 1v
3511 3661 3525 3683 ,
3568 3619 3649 3689 5).
3700 3617 3801 3673 Et-

2212 3716 2353 3771 enim
2380 3713 2622 3769 Christus
2650 3728 2748 3783 pro
2776 3712 2953 3781 impiis
2974 3720 3217 3766 mortuus
3242 3721 3322 3766 est
3350 3710 3460 3781 (Id.
3488 3727 3521 3765 v
3542 3753 3557 3775 ,
3592 3710 3648 3781 6)
3669 3752 3683 3776 ,
3731 3724 3802 3767 ne

2212 3808 2370 3862 ullam
2417 3820 2563 3861 suam
2613 3804 2898 3869 homines,
2949 3804 3044 3859 sed
3092 3803 3325 3859 nominis
3364 3803 3458 3858 Dei
3499 3810 3802 3872 qumrerent

2210 3900 2456 3972 gloriam.

2286 3995 2372 4049 15.
2404 3992 2552 4063 [vei-5.
2579 3990 2660 4064 2.]
2694 3990 2860 4062 Super
2882 3989 3226 4044 misericordia
3255 3997 3340 4043 tua
3358 4028 3373 4054 ,
3406 3976 3605 4058 inquit,
3633 3996 3683 4042 et
3714 4002 3803 4043 ve-

2211 4087 2361 4140 ritate
2402 4095 2509 4138 tua.
2542 4083 2667 4138 llmc
2692 4082 2818 4150 duo,
2847 4082 3267 4137 misericordiam
3296 4091 3350 4135 et
3374 4081 3675 4148 veritatem,
3707 4080 3803 4136 ad-

2211 4179 2403 4235 vertite
2431 4178 2481 4232 in
2526 4177 2724 4232 sanctis
2762 4174 3050 4244 Scripturis
3088 4189 3246 4246 quam
3278 4174 3377 4229 sibi
3401 4190 3544 4243 smpe
3569 4174 3802 4244 iungan-

2214 4287 2320 4330 tur.
2371 4274 2423 4328 In
2449 4288 2543 4328 sua
2571 4272 2767 4343 quippe
2790 4269 3152 4324 misericordia
3183 4269 3391 4323 vocavit
3421 4268 3635 4336 impios,
3664 4278 3719 4323 et
3747 4269 3802 4324 in

2213 4368 2436 4422 veritate
2469 4364 2671 4433 judieat
2697 4377 2789 4416 cos
2811 4361 2899 4432 qui
2928 4361 3100 4414 vocati
3131 4360 3315 4414 venire
3344 4359 3651 4413 noluerunt.
3687 4356 3802 4411 Nc-

2214 4456 2415 4529 quando
2439 4455 2607 4508 dicunt
2642 4452 2822 4507 Gentes
2840 4493 2856 4517 ,
2890 4451 2985 4506 Ubi
3015 4460 3087 4505 est
3116 4448 3252 4504 Deus
3272 4449 3485 4504 eorum?
3532 4447 3588 4503 In
3617 4447 3803 4502 novis-

2214 4550 2353 4604 simo
2390 4547 2531 4602 enim
2583 4544 2860 4614 apparebit
2907 4541 3268 4598 misericordia
3316 4542 3431 4610 ejus
3479 4549 3534 4595 et
3580 4540 3799 4607 veritas,

2213 4638 2425 4712 quando
2464 4638 2674 4707 signum
2719 4635 2837 4688 Filii
2883 4633 3116 4689 hominis
3149 4633 3426 4703 apparebit
3453 4633 3503 4687 in
3534 4631 3703 4696 caalo,
3748 4637 3804 4686 et

2216 4742 2342 4788 tunc
2383 4731 2631 4801 plangent
2677 4741 2863 4783 omnes
2908 4725 3075 4781 tribus
3110 4733 3268 4780 terrae
3291 4765 3306 4789 ,
3337 4738 3441 4779 nec
3467 4723 3667 4789 dicent,
3701 4722 3803 4777 Ubi

2215 4833 2285 4877 est
2314 4822 2446 4875 Deus
2472 4820 2682 4874 eorum?
2728 4832 2849 4872 cum
2890 4818 2969 4871 eis
2999 4831 3104 4871 non
3134 4814 3307 4870 adhuc
3334 4813 3631 4870 credendus
3658 4828 3804 4884 pra:-

2213 4913 2419 4969 dicalur
2439 4953 2453 4977 ,
2483 4910 2574 4964 sed
2600 4908 2710 4979 jam
2740 4906 3049 4962 tremendus
3074 4905 3394 4960 ostenditur.

2292 5007 2373 5060 14.
2410 5002 2559 5077 [vers
2586 4999 2663 5073 3.]
2717 4999 2854 5054 Deus
2892 5009 3061 5053 autem
3104 5007 3272 5052 noster
3314 4998 3367 5051 in
3411 4996 3535 5051 coelo
3575 5011 3801 5051 sursum.

2213 5097 2328 5153 Non
2356 5095 2407 5151 in
2439 5094 2577 5150 ccelo
2597 5134 2611 5159 ,
2657 5093 2745 5147 ubi
2774 5091 2939 5146 solem
2970 5098 3024 5144 et
3063 5090 3242 5145 lunam
3268 5088 3451 5143 vident
3470 5129 3484 5151 ,
3512 5102 3677 5158 opera
3708 5086 3804 5142 Dei

2214 5206 2333 5261 qum
2362 5189 2543 5243 colunt
2567 5203 2581 5251 ;
2628 5184 2720 5239 sed
2744 5184 2796 5238 in
2820 5184 2944 5238 ccelo
2969 5199 3205 5249 sursum,
3234 5180 3376 5253 quod
3418 5180 3805 5251 transgreditur

2215 5283 2391 5337 omnia
2431 5292 2652 5349 corpora
2688 5277 2924 5331 ctelestia
2959 5284 3014 5330 et
3042 5274 3334 5330 terrestria.
3383 5273 3493 5328 Nec
3522 5273 3599 5328 sic
3622 5282 3707 5328 est
3746 5274 3805 5329 in

2214 5375 2354 5429 coelo
2381 5373 2520 5426 Deus
2548 5378 2733 5424 noster
2757 5409 2770 5432 ,
2800 5367 2951 5438 quasi
2981 5366 3251 5421 subtracto
3277 5364 3414 5421 coelo
3442 5365 3649 5420 ruinam
3682 5364 3803 5420 sine

2214 5465 2341 5520 sede
2385 5461 2653 5516 formidet.
2706 5460 2773 5513 In
2800 5460 2937 5514 ctelis
2962 5468 3006 5512 et
3027 5459 3080 5512 in
3110 5470 3243 5512 terra
3267 5458 3439 5511 omnia
3473 5470 3804 5528 quwcumque

2214 5558 2369 5612 voluit
2397 5556 2531 5627 fecit.
2559 5553 2667 5609 Nec
2694 5551 2893 5622 indiget
2913 5551 3163 5621 operibus
3191 5549 3299 5603 suis
3318 5590 3332 5615 ,
3363 5560 3611 5620 tanquam
3633 5550 3687 5603 in
3718 5550 3800 5621 eis

2214 5649 2538 5714 collocetur,
2569 5654 2628 5701 ut
2664 5652 2907 5709 maneat;
2952 5642 3045 5698 sed
3087 5642 3139 5697 in
3175 5656 3269 5697 sua
3305 5641 3603 5696 aeternitate
3629 5641 3803 5711 persi-

2214 5747 2326 5812 stit,
2355 5746 2410 5799 in
2438 5759 2540 5816 qua
2568 5756 2788 5798 manens
2812 5740 2988 5797 omnia
3015 5722 3365 5810 qurecumque
3390 5738 3557 5793 voluit
3588 5735 3713 5793 fecit
3741 5738 3797 5790 in

2222 5840 2375 5898 uelis
2403 5849 2457 5896 et
2481 5842 2531 5896 in
2558 5848 2697 5901 terra
2731 5855 2744 5892 :
2776 5849 2946 5911 neque
2971 5834 3112 5913 enim
3132 5832 3243 5913 jam
3266 5848 3388 5889 eum
3411 5831 3709 5909 portabant,
3736 5835 3803 5897 ut
