4090 6472
327 379 455 435 9481

1451 369 1843 430 ENARRA'I'IO
1880 367 1947 422 IN
1987 368 2302 426 PSALMUM
2338 370 2522 430 CXIII.

3442 383 3581 437 ηερ.

326 497 392 549 an
418 510 487 550 eo
509 493 624 550 ﬁeri
647 502 897 565 possent;
928 492 1159 563 quando,
1189 491 1291 546 nisi
1314 490 1519 555 fierent,
1543 504 1661 545 eum
1684 496 1896 557 portare
2006 491 2111 539 tata
2130 499 2426 559 compago:
2452 489 2701 547 sedsicut
2723 490 2975 548 fabricata
2995 494 3198 564 singula
3223 497 3480 561 ostendis,
3500 503 3579 556 sic

324 600 429 639 non
460 590 699 654 possent.
748 582 888 653 Ergo
916 582 968 636 in
993 582 1185 652 quibus
1208 590 1293 637 est
1317 580 1450 651 ipse,
1480 589 1727 649 tanquam
1755 575 1893 630 indi-

319 676 495 745 gentia
521 675 763 731 continet
785 715 801 739 ,
844 689 949 729 non
974 674 1042 729 ab
1067 674 1148 730 eis
1179 681 1425 742 tanquam
1456 671 1697 741 indigens
1723 667 1894 724 conti-

322 778 496 823 netur.
528 768 653 823 Sive
676 768 754 822 sic
782 766 1104 837 intelligatur
1122 806 1138 830 ,
1167 765 1234 819 In
1261 763 1398 819 cretis
1418 772 1465 817 et
1488 763 1542 817 in
1570 772 1704 816 terra
1724 761 1893 815 omnia

317 874 640 927 quacumque
661 858 816 913 uoluit
836 857 986 928 fecit,
1016 857 1100 911 vel
1120 856 1173 911 in
1196 854 1583 924 superioribus,
1619 852 1701 907 vel
1732 852 1784 906 in
1813 852 1889 905 in-

315 950 600 1005 ferioribus
626 950 804 1020 populi
847 950 929 1004 sui
972 947 1319 1002 voluntariam
1344 946 1564 1016 gratiam
1584 958 1734 999 suam
1760 956 1890 996 con-

314 1026 517 1108 stituit,
566 1056 635 1095 ne
677 1042 799 1110 quis
835 1039 905 1094 de
932 1054 1151 1109 operum
1194 1036 1397 1092 meritis
1426 1034 1694 1104 glorietur
1724 1049 1738 1086 :
1767 1032 1889 1102 quia

314 1133 428 1187 sive
465 1139 674 1185 montes
711 1131 942 1201 gestiant
976 1129 1121 1184 velut
1145 1128 1371 1192 arietes,
1401 1126 1516 1180 sive
1552 1124 1719 1179 colles
1745 1122 1890 1177 velut

311 1223 432 1293 agni
469 1224 685 1288 ovium;
725 1238 753 1275 a
782 1222 915 1277 facie
943 1220 1150 1275 Domini
1187 1226 1450 1274 commota
1478 1225 1560 1272 est
1597 1226 1735 1272 term
1759 1256 1774 1280 ,
1820 1230 1888 1270 ne

312 1314 366 1367 in
387 1314 614 1369 terrenis
634 1312 879 1369 sordibus
899 1320 1153 1382 perpetuo
1179 1316 1529 1366 remanerent.

976 1460 1145 1502 SBRIO
1182 1460 1239 1499 II.

766 1555 848 1613 De
870 1559 1029 1612 altera
1057 1566 1197 1627 parte
1224 1554 1437 1611 Psalmi.

378 1671 434 1725 1.
474 1668 625 1742 [νινε.
654 1669 733 1743 4.]
762 1669 1074 1741 Quanquam
1120 1668 1346 1724 furtasse
1379 1666 1613 1722 omnium
1640 1664 1879 1721 Psalmo-

306 1779 426 1819 rum
453 1766 525 1819 sit
551 1779 654 1819 una
695 1763 965 1819 contextio
990 1762 1273 1834 diligenter
1313 1760 1667 1825 intuentibus,
1714 1758 1787 1813 ita
1825 1765 1884 1813 ut

303 1856 483 1911 nullus
512 1863 768 1926 sequatur
793 1856 882 1926 qui
908 1870 1011 1911 non
1039 1853 1301 1925 superiori
1326 1852 1491 1923 possit
1521 1850 1772 1922 adjungi;
1803 1858 1882 1904 ta-

302 1963 426 2003 men
454 1950 614 2003 istum
648 1949 719 2003 ita
755 1948 1180 2012 consideremus,
1213 1957 1461 2015 tanquam
1497 1954 1720 2016 uterque
1744 1956 1880 1999 unus

299 2042 406 2104 sit,
438 2040 540 2095 iste
566 2040 767 2095 scilicet
788 2055 851 2095 ac
882 2038 1143 2111 superior.
1194 2037 1433 2108 Namque
1457 2051 1577 2093 cum
1604 2037 1656 2090 in
1682 2035 1775 2090 illo
1797 2034 1879 2089 di-

299 2139 451 2186 ctum
477 2131 568 2197 sit,
600 2130 746 2185 «Non
768 2129 944 2197 nobis,
966 2130 1208 2196 Domine,
1234 2144 1341 2184 non
1369 2127 1541 2192 nobis,
1566 2126 1658 2182 sed
1678 2125 1877 2181 nomini

298 2229 395 2277 tuo
422 2222 488 2278 da
532 2223 753 2293 gloriam
790 2240 803 2278 :
834 2235 996 2293 super
1034 2220 1400 2277 misericordia
1444 2230 1531 2274 tua
1571 2228 1625 2274 et
1654 2218 1877 2275 veritate

297 2323 391 2370 tua
421 2333 436 2372 :
464 2314 744 2385 nequando
762 2316 940 2371 dicant
964 2315 1183 2383 Gentes,
1213 2314 1314 2371 Ubi
1338 2322 1420 2369 est
1440 2314 1580 2369 Deus
1601 2314 1822 2370 eorum?
1851 2334 1869 2367 ι

295 2406 421 2475 quia
453 2406 768 2462 invisibilem
808 2407 970 2461 Deum
993 2407 1216 2462 colimus
1238 2448 1253 2472 ,
1283 2406 1371 2474 qui
1398 2405 1660 2460 nullorum
1687 2419 1877 2473 corpo-

297 2497 407 2552 reis
430 2497 631 2561 oculis,
672 2496 921 2553 cordibus
958 2505 1133 2553 autem
1178 2511 1466 2567 paucorum
1512 2496 1875 2551 mundissimis

296 2598 456 2643 laeuis
478 2597 563 2643 est
588 2606 602 2642 :
634 2599 881 2660 tanquam
906 2589 1030 2644 ideo
1058 2589 1265 2659 possint
1290 2587 1470 2644 dicere
1498 2588 1695 2643 Gentes
1723 2620 1740 2654 -,
1775 2587 1875 2643 Ubi

295 2683 372 2733 est
410 2678 547 2733 Deus
572 2681 787 2734 eorum?
828 2679 949 2750 quia
978 2664 1076 2749 ipsi
1121 2687 1344 2750 possunt
1384 2678 1667 2733 ostendere
1702 2679 1873 2733 oculis

294 2769 432 2825 deos
452 2784 578 2825 suos
601 2787 617 2836 ;
660 2770 832 2840 primo
854 2770 1404 2841 admonuit'operibus
1427 2771 1612 2826 sentiri
1636 2774 1875 2842 praesens

296 2860 427 2915 tiam
460 2860 551 2916 Dei
579 2861 767 2928 nostri,
793 2862 915 2932 quia
943 2877 1063 2917 eum
1089 2861 1161 2916 sit
1184 2861 1235 2915 in
1260 2862 1382 2915 caelo
1407 2877 1609 2915 sursum
1626 2902 1641 2928 ,
1671 2862 1725 2915 in
1749 2862 1873 2916 emta

298 2960 347 3008 rt
374 2952 425 3005 in
454 2961 585 3005 terra
610 2953 780 3006 omnia
807 2968 1131 3025 quaeautque
1153 2952 1310 3007 uoluit
1336 2953 1475 3024 fecit.
1519 2953 1588 3009 Et
1616 2955 1763 3023 quasi
1792 2953 1874 3009 di-

296 3051 464 3107 ceret,
490 3036 781 3099 Ostendam
797 3042 993 3100 Gentes
1006 3044 1138 3100 deos
1155 3055 1310 3111 auos;
1343 3044 1653 3111 Simulacra,
1680 3046 1868 3116 inquit,

298 3130 533 3185 Gentium
556 3143 819 3203 argentum
845 3144 890 3188 et
909 3142 1110 3201 aurum,
1133 3151 1288 3205 opera
1308 3151 1550 3189 manuum
1574 3137 1832 3192 hominum
1851 3151 1872 3193 :

297 3222 353 3275 id
385 3232 497 3289 est,
534 3225 776 3293 quamvis
804 3225 968 3280 Deum
997 3226 1559 3281 nostrum'carnalibus
1586 3227 1756 3283 oculis
1781 3243 1872 3283 ve-

295 3314 425 3369 stris
452 3330 555 3369 non
586 3317 853 3385 possimus
875 3317 1160 3373 ostendere
1180 3357 1196 3384 ,
1225 3333 1388 3388 quem
1416 3334 1511 3388 per
1532 3333 1692 3388 opera
1719 3319 1873 3374 intel-

297 3405 465 3477 ligere
482 3408 779 3474 debuistis;
806 3409 970 3465 nolite
1001 3417 1178 3464 tamen
1211 3409 1395 3465 seduci
1433 3410 1751 3466 vanitatibus
1783 3426 1873 3467 ve-

296 3498 458 3564 stris,
497 3499 620 3568 quia
656 3513 751 3553 vos
793 3514 854 3553 ea
889 3514 1006 3570 quae
1032 3499 1205 3555 colitis
1231 3499 1396 3569 digito
1433 3500 1655 3569 potestis
1692 3509 1871 3556 osten-

297 3589 447 3643 dere.
501 3589 664 3644 Multo
708 3592 902 3660 quippe
946 3591 1223 3647 honestius
1270 3606 1375 3646 non
1421 3591 1690 3648 haberetis
1728 3593 1870 3663 quod

296 3684 527 3752 possetis
551 3681 832 3739 ostendere
853 3725 868 3749 ,
909 3699 1067 3754 quam
1095 3685 1225 3739 utin
1255 3699 1319 3739 eo
1344 3684 1486 3756 quod
1512 3686 1627 3741 istis
1646 3687 1816 3743 oculis
1838 3702 1871 3743 a

296 3774 451 3829 vobis
492 3773 786 3829 ostenditur
809 3809 826 3841 ,
876 3776 1039 3830 vestri
1079 3775 1255 3830 cordis
1281 3777 1492 3832 accitas
1515 3777 1867 3834 ostendatur:

292 3860 424 3933 quid
447 3864 589 3918 enim
630 3864 910 3922 ostenditis
932 3906 949 3932 ,
994 3865 1095 3920 nisi
1129 3880 1315 3920 aurum
1344 3876 1399 3922 et
1423 3867 1733 3937 argentum?
1761 3869 1868 3924 lia-

293 3953 425 4009 bent
452 3955 662 4025 quidem
687 3967 742 4011 et
768 3972 905 4013 aerea
929 3998 945 4024 ,
972 3966 1025 4012 et
1045 3957 1216 4029 lignea
1236 3999 1252 4025 ,
1278 3966 1331 4013 et
1356 3958 1530 4013 fictilia
1563 3959 1863 4026 simulacra,

292 4056 352 4101 et
373 4048 733 4116 hujuscemodi
755 4048 970 4103 alterius
997 4048 1324 4117 alteriusque
1343 4050 1579 4105 materia:
1600 4066 1615 4117 ;
1641 4050 1733 4106 sed
1751 4067 1872 4121 prc-

292 4139 491 4193 tiosum
523 4154 706 4195 eorum
728 4140 913 4195 maluit
929 4154 1349 4196 commemorare
1377 4140 1607 4211 Spiritus
1631 4152 1869 4210 sanctus,

290 4229 416 4299 quia
446 4245 568 4286 cum
598 4231 649 4285 in
675 4248 740 4286 eo
763 4233 987 4304 quisque
1008 4232 1148 4304 quod
1185 4232 1258 4287 illi
1297 4231 1509 4288 charius
1542 4243 1627 4290 est
1644 4235 1873 4291 erubue-

291 4321 401 4387 rit,
449 4322 614 4376 multo
643 4322 847 4377 facilius
887 4324 1141 4378 avertitur
1163 4338 1195 4379 a
1220 4324 1562 4380 veneratione
1597 4325 1867 4381 viliorum.

291 4409 432 4466 Nam
456 4411 652 4468 dictum
680 4424 763 4469 est
789 4414 897 4468 alio
918 4414 1037 4470 loco
1060 4414 1451 4486 Seripturarum
1471 4416 1539 4472 de
1558 4417 1871 4474 simulach

291 4522 414 4561 rum
439 4507 727 4563 cultoribus
756 4526 769 4564 :
799 4508 1028 4564 Dicentes
1071 4510 1207 4580 ligno
1226 4552 1242 4577 ,
1273 4508 1432 4564 Pater
1451 4528 1589 4566 meus
1623 4529 1675 4567 cs
1705 4522 1798 4578 tu;
1824 4523 1871 4568 et

292 4597 492 4668 lapidi,
540 4597 617 4652 Tu
659 4615 739 4653 me
777 4601 992 4671 genuisti
1026 4598 1237 4671 (Jerem.
1268 4616 1342 4667 ιι,
1374 4600 1489 4675 27).
1541 4602 1645 4659 Sed
1675 4619 1742 4659 ne
1770 4604 1871 4659 sibi

292 4692 613 4762 prudentior
636 4694 882 4749 videatur
900 4694 989 4765 qui
1017 4694 1118 4750 hoc
1146 4704 1252 4749 non
1280 4695 1423 4766 ligno
1447 4704 1503 4751 et
1536 4697 1695 4767 lapidi
1717 4698 1869 4753 dixe;

293 4783 369 4837 rit
390 4825 407 4851 ,
451 4782 546 4839 sed
584 4798 717 4840 auro
756 4793 813 4841 et
849 4794 1098 4857 argento;
1146 4785 1251 4841 huc
1276 4785 1536 4857 aspiciat,
1563 4788 1665 4843 huc
1687 4803 1870 4844 aurem

290 4876 475 4933 (turdis
497 4878 733 4933 intendat
760 4896 774 4934 :
807 4879 1095 4934 Simulacra
1131 4878 1362 4933 Gentium
1392 4889 1655 4950 argentum
1688 4889 1736 4934 et
1773 4898 1869 4934 au-

295 4983 432 5021 rum.
474 4966 590 5024 Non
631 4970 895 5040 abject‘um
929 4969 1127 5040 aliquid
1163 4978 1219 5025 et
1256 4970 1591 5039 aspernabile
1624 4973 1871 5027 nomina-

295 5070 409 5114 tum
435 5069 517 5115 est
545 5078 559 5114 :
587 5066 643 5115 et
669 5062 717 5115 ei
746 5061 957 5131 quidem
987 5064 1168 5116 animo
1192 5061 1281 5131 qui
1309 5070 1446 5117 terra
1473 5078 1578 5116 non
1602 5066 1705 5129 est,
1730 5072 1871 5118 terra

295 5161 380 5206 cst
409 5160 461 5207 et
490 5164 675 5207 aurum
701 5162 757 5208 et
794 5161 1106 5223 argentum;
1152 5147 1568 5222 sed'speciosior
1591 5165 1749 5224 atque
1774 5154 1873 5209 ful-

295 5243 526 5312 gentior,
554 5242 777 5298 soiidior
799 5253 956 5313 atque
983 5243 1204 5299 ﬁrmior.
1233 5244 1349 5299 Noli
1379 5259 1506 5316 ergo
1530 5244 1727 5300 addere
1757 5261 1873 5300 ma-

294 5349 398 5387 nus
429 5334 721 5398 hominum,
745 5344 801 5389 ut
821 5351 887 5389 ex
911 5350 977 5391 eo
993 5337 1207 5392 metallo
1221 5337 1359 5407 quod
1391 5336 1515 5392 fecit
1537 5353 1695 5393 verus
1714 5340 1870 5406 Deus,

202 5442 203 5449 η
296 5424 430 5478 velis
476 5421 651 5479 facere
693 5424 886 5480 falsum
936 5425 1132 5491 deum;
1184 5428 1292 5482 imo
1342 5426 1530 5484 falsum
1579 5429 1870 5496 hominem,

280 5529 456 5584 quem
502 5530 601 5586 pro
641 5530 772 5570 vero
804 5517 1084 5572 venereris
1124 5517 1267 5582 Deo;
1313 5535 1469 5590 quem
1512 5521 1749 5591 quisquis
1782 5538 1874 5591 pro

297 5619 432 5659 vero
454 5604 674 5661 homine
709 5607 761 5662 in
794 5608 1079 5662 amicitiam
1103 5609 1391 5678 reciperet,
1416 5611 1692 5668 insaniret.
1722 5613 1875 5668 Ducit

293 5699 440 5752 enim
464 5734 479 5762 ,
512 5707 566 5752 et
601 5698 792 5755 aﬂ‘ectu
818 5699 1044 5770 quodam
1082 5701 1262 5756 intimo
1299 5704 1437 5772 rapit
1478 5705 1683 5761 infirma
1713 5709 1872 5764 corda

294 5790 603 5846 mortalium
647 5790 831 5846 forma:
873 5791 1197 5857 similitudo,
1244 5802 1298 5847 et
1342 5795 1701 5852 membrorum
1750 5801 1869 5858 imi-

657 5883 880 5943 Bsxcr.
932 5888 1205 5945 AUGlIS'I‘.
1257 5884 1358 5946 IV.

2001 576 2224 633 ostende
2264 580 2437 635 ofﬁcia
2484 581 2849 651 singulorum,
2884 597 3111 654 quorum
3163 594 3213 641 te
3257 587 3486 658 effigies,
3543 607 3579 647 o

2000 663 2231 724 humana
2249 672 2453 728 vanitas
2468 714 2482 737 ,
2511 674 2689 729 trahit.
3108 714 3111 717 ς

2046 757 2100 812 2.
2120 756 2270 831 [uera
2297 763 2438 834 5-7.]
2465 764 2598 820 COS)
2624 766 2766 822 enim
2788 766 3035 836 «habent,
3058 776 3109 826 et
3127 771 3573 843 nonloquentur;

1998 851 2183 907 oculos
2202 850 2420 920 habent,
2443 864 2497 910 et
2520 871 2625 912 non
2651 858 2942 915 videbunt:
2964 875 3120 917 aures
3141 861 3360 931 habent,
3388 874 3571 922 etnon

1979 930 2242 1010 audient;
2271 960 2429 1000 nares
2456 946 2673 1014 habent,
2696 960 2884 1007 etnon
2913 951 3216 1010 odorabunt
3238 973 3253 1009 :
3275 930 3463 1012 manus
3485 952 3579 1017 ha-

1996 1032 2155 1101 bent,
2186 1044 2372 1093 etnon
2397 1041 2832 1109 eontrectabunt;
2881 1044 3043 1113 pedes
3088 1042 3318 1112 habent,
3368 1060 3424 1113 et
3464 1066 3572 1107 non

1994 1124 2342 1182 ambulabunt
2368 1145 2381 1183 :
2413 1139 2518 1185 non
2545 1131 2848 1189 clamabunt
2872 1134 2926 1189 in
2956 1135 3195 1193 faucibus
3223 1141 3358 1197 suis.
3395 1161 3413 1195 ι
3447 1142 3567 1198 Jam

1993 1231 2121 1289 ergo
2143 1220 2332 1278 artifex
2362 1223 2552 1279 melior
2574 1234 2657 1279 est
2678 1226 2792 1294 eis,
2822 1227 2946 1299 quia
2974 1243 3039 1285 ea
3082 1232 3254 1301 potuit
3297 1236 3570 1292 membro-

1993 1323 2109 1365 rum
2140 1320 2289 1367 motu
2314 1322 2474 1384 atque
2500 1314 2680 1371 officio
2707 1316 2969 1391 fabricare
3000 1338 3014 1374 :
3042 1336 3201 1391 quem
3232 1331 3406 1381 tamen
3434 1328 3568 1383 arti-

1992 1401 2145 1457 ficem
2173 1411 2225 1457 te
2250 1404 2431 1474 utique
2460 1405 2682 1475 puderet
2693 1408 2949 1475 iadorare.
2977 1411 3163 1468 Melior
3187 1423 3243 1469 et
3270 1424 3343 1483 tu,
3376 1434 3565 1488 quam-

1989 1490 2070 1546 vis
2092 1506 2154 1546 ea
2178 1504 2294 1551 non.
2309 1493 2531 1561 ieceris;
2558 1498 2809 1568 quoniam
2834 1516 2954 1570 quas
2980 1502 3069 1558 illa
3096 1518 3201 1560 non
3226 1519 3451 1578 possunt
3479 1510 3563 1565 l'a-

1987 1579 2084 1635 cis.
2108 1582 2296 1639 Melior
2324 1594 2379 1640 et
2401 1585 2610 1643 bestia:
2634 1588 2701 1644 ad
2728 1589 3003 1651 hocenim
3027 1594 3265 1652 additum
3296 1608 3410 1668 est,
3441 1600 3565 1657 Non

1988 1673 2275 1730 clamabunt
2318 1678 2373 1733 in
2416 1681 2646 1749 faucibus
2686 1683 2813 1738 suis.
2861 1683 3137 1757 Namque,
3170 1704 3291 1745 cum
3318 1694 3564 1763 superius

1986 1763 2226 1832 dixisset,
2254 1767 2326 1824 οε
2346 1771 2560 1840 habent,
2583 1782 2630 1828 et
2652 1790 2753 1849 non
2776 1775 3076 1847 loquentur;
3104 1781 3228 1850 quid
3252 1797 3385 1852 Opus
3408 1795 3553 1851 erat,

1986 1864 2264 1925 postquam
2309 1873 2339 1913 a
2382 1863 2555 1931 capite
2590 1879 2757 1935 usque
2783 1866 2851 1922 ad
2877 1868 3041 1938 pedes
3066 1871 3305 1927 membra
3334 1859 3558 1930 decursa

1984 1954 2127 2011 sunt,
2154 1944 2222 2002 de
2244 1945 2474 2005 faucium
2498 1952 2741 2017 clamore
2763 1964 3036 2026 repetere;
3070 1958 3194 2026 nisi,
3223 1961 3404 2030 credo,
3431 1964 3554 2034 quia

1984 2033 2070 2088 illa
2090 2051 2208 2106 qure
2228 2037 2294 2093 de
2312 2041 2522 2105 caeteris
2547 2045 2801 2123 membris
2819 2052 3296 2119 commemorabat,
3316 2033 3559 2111 commu-

1982 2126 2067 2187 nia
2093 2142 2213 2185 esse
2250 2129 2554 2190 hominibus
2582 2134 2883 2209 belluisquc
2910 2141 3207 2197 sentimus?
3233 2143 3364 2201 Nam
3391 2154 3447 2201 et
3475 2149 3558 2201 vi-

1980 2221 2105 2277 dent
2124 2264 2140 2290 ,
2167 2233 2223 2280 et
2243 2227 2463 2282 audiunt
2484 2271 2499 2295 ,
2533 2240 2587 2285 et
2612 2231 2868 2311 olfaciunt
2886 2275 2903 2302 ,
2930 2244 2985 2291 et
3007 2239 3301 2305 ambulant,
3324 2250 3379 2297 et
3401 2258 3557 2312 quae-

1979 2312 2123 2380 dam,
2150 2316 2288 2371 sicut
2311 2318 2509 2386 simiae,
2541 2323 2784 2379 manibus
2805 2336 3160 2384 contrectant.
3208 2331 3341 2387 Illud
3377 2344 3556 2390 autem

1978 2404 2118 2473 quod
2141 2405 2211 2461 de
2234 2421 2330 2462 ore
2353 2407 2580 2476 dixerat,
2604 2415 2877 2484 proprium
2907 2427 2990 2472 est
3014 2418 3278 2487 hominis;
3302 2425 3554 2493 quoniam

1980 2493 2162 2550 bestias
2191 2512 2297 2552 non
2338 2498 2645 2571 loquuntur.
2676 2504 2755 2560 Ne
2778 2506 2897 2575 quis
2922 2520 3099 2565 autem
3123 2511 3191 2567 ad
3223 2514 3333 2568 sola
3363 2512 3556 2572 huma-

1979 2603 2169 2645 norum
2196 2592 2559 2650 membrorum
2583 2610 2745 2667 Opera
2769 2600 2993 2655 referret
3020 2618 3139 2672 qua:
3165 2604 3305 2659 dicta
3335 2618 3476 2676 sunt,
3500 2619 3564 2667 et.

1978 2678 2079 2733 diis
2103 2678 2352 2739 Gentium
2380 2684 2525 2740 solos
2550 2686 2792 2745 homines
2818 2699 3197 2762 anteponeret;
3225 2707 3347 2765 post
3371 2701 3550 2763 omnia

1977 2770 2231 2838 subdidit,
2254 2773 2457 2841 dicens,
2477 2776 2602 2832 Non
2618 2780 2909 2837 statuebant
2928 2785 2981 2839 in
3007 2786 3237 2856 faucibus
3257 2791 3361 2845 suis
3375 2806 3394 2844 :
3408 2793 3552 2861 quod

1978 2874 2190 2918 rursum
2219 2863 2523 2925 hominibus
2549 2873 2934 2944 pecoribusque
2959 2862 3241 2934 commune
3267 2890 3369 2936 est.
3396 2883 3552 2950 Quod

1976 2952 2021 3007 si
2047 2953 2223 3023 primo
2250 2955 2492 3025 dixisset,
2523 2974 2643 3014 cum
2673 2963 2742 3017 ab
2767 2978 2860 3019 ore
2884 2966 3046 3035 cmpit
3069 2970 3306 3025 membra
3334 2987 3555 3040 percur-

1976 3059 2115 3110 rere,
2143 3046 2216 3101 Os
2241 3045 2458 3114 habent,
2489 3061 2673 3107 etnon
2703 3055 3038 3121 clamabunt;
3069 3069 3257 3115 cuncta
3289 3063 3447 3118 etiam
3473 3065 3554 3121 sic

1975 3134 2043 3190 ad
2070 3146 2315 3211 naturam
2346 3138 2575 3198 hominis
2604 3144 2952 3215 referrentur,
2979 3166 3079 3206 nec
3103 3152 3259 3208 facile
3286 3155 3353 3209 ibi
3390 3156 3551 3226 quid-

1974 3243 2132 3297 quam
2162 3229 2231 3285 de
2259 3236 2635 3291 communione
2673 3236 2906 3295 ferarum
2937 3257 3129 3298 sensus
3157 3247 3424 3302 audientis
3453 3250 3551 3303 ad-

1975 3330 2230 3376 verteret.
2257 3322 2390 3379 Cum
2412 3340 2543 3381 vero
2573 3328 2701 3384 illud
2730 3329 2798 3385 de
2827 3347 2921 3387 ore
2949 3332 3113 3401 dixit,
3136 3337 3278 3405 quod
3315 3337 3547 3395 hominis

1975 3414 2249 3484 proprium
2279 3425 2382 3485 est,
2404 3428 2458 3472 et
2482 3427 2601 3488 post
2619 3425 3077 3481 enumerationem
3104 3431 3332 3497 partium
3359 3445 3549 3501 corpo-

1975 3506 2051 3561 ris
2073 3523 2232 3577 quam
2256 3512 2693 3567 commemoratis
2730 3513 2951 3583 pedibus
2990 3518 3304 3576 terminasse
3330 3523 3550 3580 videba-

1976 3605 2081 3663 tur,
2113 3597 2384 3668 adjunxit,
2414 3598 2535 3655 Non
2562 3602 2852 3659 clamabunt
2878 3606 2930 3660 in
2956 3607 3188 3677 faucibus
3212 3614 3351 3676 suis;
3380 3614 3551 3670 lecto-

1974 3690 2201 3745 remvel
2226 3690 2524 3747 auditorem
2553 3692 2677 3749 fecit
2705 3695 2986 3765 intentum,
3012 3708 3072 3753 ut
3090 3700 3213 3756 dum
3242 3706 3430 3773 quaerit
3454 3722 3553 3763 cur

1974 3779 2208 3836 additum
2230 3783 2315 3844 sit,
2342 3782 2619 3839 adnmneri
2640 3799 2699 3841 se
2721 3787 2962 3843 inveniat
2981 3790 3279 3848 simulacris
3295 3793 3547 3852 Gentium

1974 3889 2083 3931 non
2126 3883 2326 3930 tantum
2373 3876 2646 3943 homines,
2692 3879 2785 3934 sed
2829 3881 2986 3935 etiam
3034 3882 3237 3940 belluas
3264 3900 3323 3940 se
3350 3887 3547 3943 debere

1976 3981 2288 4037 praeponere
2313 3985 2326 4022 :
2354 3977 2412 4023 ut
2435 3969 2481 4024 si
2508 3969 2669 4040 pudet
2690 3971 2914 4027 adorare
2946 3972 3203 4042 bestiam,
3235 3992 3390 4048 quam
3424 3978 3550 4035 fecit

1977 4059 2117 4114 Deus
2144 4059 2407 4116 videntem
2428 4104 2443 4129 ,
2472 4062 2774 4120 audientem
2792 4107 2807 4131 ,
2838 4064 3182 4134 odorantem,
3215 4080 3551 4128 contrectan-

1976 4157 2105 4217 tem,
2128 4152 2485 4207 ambulantem
2505 4195 2520 4219 ,
2551 4154 2868 4211 clamantem
2899 4158 2949 4212 in
2973 4159 3211 4215 faucibus
3236 4164 3366 4224 suis.
3398 4164 3550 4221 vide-

1973 4253 2095 4298 rcnt
2119 4259 2275 4313 quam
2307 4245 2608 4315 pudendum
2636 4258 2778 4304 esset
2798 4248 3023 4306 adorare
3044 4262 3266 4321 mutum,
3288 4266 3342 4311 et
3360 4273 3551 4317 carens

1975 4335 2080 4389 vita
2107 4351 2376 4407 sensuque
2400 4338 2777 4405 simulacrum;
2806 4341 2891 4396 cui
2913 4342 2981 4397 ad
3014 4342 3114 4399 hoc
3144 4344 3342 4402 inesset
3370 4349 3552 4416 simili-

1978 4427 2103 4481 tudo
2133 4428 2492 4483 mcmhrorum
2514 4469 2529 4493 ,
2562 4440 2621 4483 ut
2648 4431 2823 4486 anima
2850 4434 3155 4490 carnalibus
3185 4438 3430 4495 sensibus
3455 4440 3551 4497 de-

1976 4519 2081 4576 dita
2105 4562 2119 4584 ,
2147 4521 2297 4591 quasi
2326 4522 2521 4578 viventi
2552 4532 2713 4594 atque
2742 4525 2989 4589 animatre
3032 4526 3222 4583 formae
3261 4532 3552 4601 applicaret

1976 4611 2245 4678 ait‘ectum,
2269 4628 2390 4669 cum
2414 4630 2475 4672 ea
2499 4615 2704 4672 videret
2728 4633 2848 4688 quas
2876 4618 2932 4673 in
2958 4634 3056 4675 suo
3078 4636 3307 4693 corpore
3335 4626 3448 4681 viva
3472 4637 3553 4682 at-

1976 4720 2080 4773 que
2125 4705 2354 4761 animata
2400 4707 2645 4763 sentiret.
2689 4707 2901 4776 Quanto
2950 4726 3079 4782 ergo
3134 4716 3324 4771 melius
3374 4733 3552 4774 mures

1977 4804 2137 4865 atque
2157 4805 2451 4866 serpentes,
2483 4806 2538 4852 et
2557 4797 2608 4852 id
2632 4813 2802 4868 genus
2825 4800 3174 4863 animantium
3202 4815 3390 4859 cetera
3417 4809 3455 4871 ³,
3485 4808 3552 4863 de

1978 4887 2276 4942 simulacris
2290 4887 2561 4954 Gentium,
2580 4889 2625 4942 si
2651 4890 2720 4944 ita
2736 4889 3019 4961 dicendum
3036 4903 3139 4961 est,
3158 4895 3553 4966 quodammodo

1975 4979 2249 5049 judicant,
2282 4982 2334 5034 in
2371 4981 2565 5048 quibus
2601 4983 2724 5051 quia
2752 4997 2857 5038 non
2883 4986 3121 5040 sentiunt
3159 4987 3444 5045 humanam
3472 4994 3556 5046 vi-

1981 5082 2125 5137 tam,
2166 5085 2270 5126 non
2297 5081 2500 5125 eurant
2543 5072 2830 5129 humanam
2877 5074 3135 5147 figuram?
3162 5079 3343 5151 Itaque
3384 5082 3436 5137 in
3475 5085 3555 5139 eis

1981 5165 2296 5234 plerumque
2324 5162 2617 5231 nidificant,
2640 5176 2695 5221 et
2720 5168 2821 5222 nisi
2850 5156 3098 5226 humanis
3118 5174 3349 5229 motibus
3376 5176 3555 5233 deler-

1983 5265 2217 5322 reantur,
2253 5257 2392 5310 nulla
2423 5257 2521 5312 sibi
2553 5257 2852 5314 habitacula
2890 5264 3174 5317 munitiora
3215 5267 3556 5336 conquirunt.

1982 5346 2156 5401 Movet
2185 5361 2313 5416 ergo
2336 5362 2395 5401 se
2420 5346 2583 5403 homo
2601 5379 2618 5413 ,-
2648 5359 2704 5401 ut
2729 5348 2992 5405 viventem
3019 5350 3246 5407 bestiam
3274 5371 3302 5408 a
3332 5372 3430 5412 suo
3455 5358 3557 5415 deo

1968 5438 2278 5503 deterreat;
2302 5448 2356 5494 et
2380 5439 2531 5495 illum
2553 5454 2660 5493 non
2681 5454 2739 5493 se
2760 5450 3085 5519 moventem,
3108 5446 3259 5514 quasi
3287 5459 3557 5518 puteutem

1982 5528 2141 5592 colit,
2170 5544 2199 5582 a
2227 5544 2333 5599 quo
2376 5528 2653 5583 meliorem
2684 5528 2958 5599 deterruit.
3010 5533 3277 5611 Deterruit
3307 5540 3451 5595 enim
3482 5542 3558 5599 vi-

2050 5686 2063 5716 ‘
2100 5686 2173 5733 δίο
2188 5691 2288 5733 ⁸⁸³-
2316 5683 2425 5756 βάσο
2448 5696 2597 5756 Υθιῖρε
2623 5692 2933 5756 camerae
3126 5692 3201 5756 vel
3220 5694 3389 5749 melius
3403 5712 3557 5751 mum

1983 5751 2403 5859 ggmggetuueg,
2427 5753 2473 5796 et
2510 5745 2564 5797 id
2596 5750 2743 5809 genus
2760 5745 3074 5802 ωιίηῑωτιίιιῆι
3099 5745 3326 5821 calerent,
3354 5745 3557 5823 suis;

2257 5843 2271 5869 ,
2379 5844 2391 5860 .

2533 5897 3058 5980 {Quar‘ante-sept
3070 5892 3116 5974 .)
