4090 6538
494 393 650 448 “"85

510 504 723 559 dentem
763 518 792 556 a
837 517 1019 569 czcco,
1050 500 1351 557 audientem
1398 502 1429 552 a
1473 497 1671 565 surdo,
1706 498 2027 553 clamantem
2056 510 2087 548 a

512 606 681 663 muto,
706 595 1062 651 ambulantem
1087 592 1155 647 ab
1180 591 1459 657 immobili,
1483 590 1801 645 sentientem
1823 588 1892 643 ab
1917 586 2091 642 insen-

494 698 628 743 san
647 730 663 754 ,
695 687 963 742 viventem
989 701 1019 740 a
1050 692 1258 739 mortuo
1279 725 1294 750 ,
1325 685 1432 738 imo
1457 683 1727 738 deteriore
1754 697 1914 753 quam
1946 696 2089 737 mor-

511 791 623 834 tuo.
657 778 919 833 Mortuum
947 779 1141 848 quippe
1170 776 1311 831 sicut
1330 774 1671 830 manifestum
1693 788 1775 829 est
1799 789 1907 829 non
1934 773 2089 830 vive-

510 886 589 937 re,
623 872 693 925 ita
722 869 1060 925 manifestum
1087 877 1170 924 est
1196 868 1480 937 aliquando
1501 867 1717 922 vixisse.
1747 867 2088 936 Quapropter
2110 940 2125 949 ς

508 963 669 1017 deum
697 963 786 1031 qui
814 975 915 1016 nec
940 960 1069 1014 vivit
1093 973 1194 1014 nec
1214 959 1368 1024 vixit,
1394 958 1634 1028 profecto
1654 966 1708 1013 et
1732 966 1973 1013 mortuus
1992 972 2089 1013 an-

506 1054 725 1108 teeedit.

579 1146 630 1199 5.
676 1144 811 1210 Quid
842 1144 943 1199 hoc
973 1140 1326 1207 manifestius,
1360 1136 1554 1195 fratres
1581 1140 1686 1194 mei
1716 1138 2086 1194 dilectissimi?

498 1238 631 1306 quid
679 1237 1011 1292 evidentius?
1035 1235 1167 1299 Quis
1212 1249 1344 1304 puer
1390 1235 1781 1303 interrogatus,
1827 1246 1936 1287 non
1981 1232 2084 1286 hoc

508 1339 713 1385 certum
760 1336 879 1384 eSSe
916 1327 1272 1396 respondeat,
1298 1324 1439 1395 quod
1465 1324 1758 1379 Simulat-ra
1781 1324 2004 1394 gentium
2030 1338 2086 1377 os

507 1422 692 1477 habent
710 1464 725 1487 ,
754 1429 801 1475 et
827 1437 929 1475 non
958 1421 1261 1489 loquentur;
1290 1416 1467 1471 oculos
1492 1410 1709 1481 habent,
1740 1423 1787 1468 et
1814 1426 1918 1468 non
1946 1413 2085 1467 uide-

507 1516 652 1581 bunt,
671 1521 726 1570 et
742 1520 931 1569 caetera
953 1526 1072 1581 qua:
1087 1510 1300 1565 divinus
1317 1520 1496 1563 sermo
1511 1505 1819 1561 contexuit?
1833 1505 1942 1560 Cur
1956 1518 2086 1574 ergo

507 1614 788 1676 tantopere
816 1604 1045 1674 Spiritus
1069 1610 1289 1657 sanctus
1316 1607 1470 1655 curat
1498 1598 1892 1667 Scripturarum
1920 1595 2085 1665 pluri-

500 1699 609 1753 mis
632 1698 763 1753 locis
784 1696 897 1750 haec
925 1696 1199 1749 insinuare
1218 1701 1377 1762 atque
1397 1689 1666 1745 inculcare
1684 1688 1829 1742 velut
1854 1688 2086 1742 inscien-

507 1789 679 1854 tibus,
710 1788 859 1858 quasi
892 1802 999 1841 non
1033 1785 1284 1840 omnibus
1312 1782 1649 1852 apertissima
1685 1788 1847 1850 atque
1872 1779 2084 1834 notissi-

505 1890 620 1945 ma;
652 1882 755 1937 nisi
777 1881 898 1952 quia
929 1881 1136 1950 species
1159 1878 1558 1941 membrorum,
1587 1890 1744 1945 quam
1774 1874 2086 1929 naturaliter

506 1974 558 2029 in
590 1972 947 2027 animantibus
974 1972 1239 2025 viventem
1269 1968 1474 2033 videre,
1497 1976 1659 2036 atque
1698 1966 1749 2020 in
1790 1965 2083 2019 nobismet-

505 2066 635 2135 ipsis
659 2065 857 2121 sentire
877 2063 1273 2128 consuevimus,
1292 2068 1617 2131 quanquam,
1636 2066 1697 2113 ut
1718 2058 1790 2112 illi
1815 2067 2080 2120 asserunt,

506 2159 559 2212 in
583 2159 792 2228 signum
814 2156 1026 2226 aliquod
1056 2153 1345 2209 fabrefacta
1367 2163 1525 2223 atque
1549 2151 1804 2207 eminenti
1826 2150 2083 2204 collocata

502 2259 753 2319 suggestu
780 2249 820 2314 ι,
844 2262 963 2302 cum
990 2246 1198 2300 adorari
1221 2253 1380 2315 atque
1406 2243 1710 2298 honoraria
1741 2241 2083 2296 multitudine

501 2339 759 2410 coeperit,
792 2339 935 2408 parit
973 2337 1025 2392 in
1064 2348 1386 2407 unoquoque
1415 2334 1844 2390 sordidissimum
1882 2332 2107 2388 erroris

500 2432 771 2497 aﬁ'cctutn,
801 2438 858 2485 ut
886 2431 1137 2499 quoniam
1165 2429 1217 2482 in
1246 2428 1343 2482 illo
1370 2427 1622 2497 ﬁgmento
1648 2439 1754 2480 non
1776 2425 1980 2479 invenit
2003 2425 2084 2478 vi-

492 2524 659 2578 talem
702 2529 935 2586 motum,
968 2519 1152 2574 credat
1183 2528 1378 2573 numen
1410 2517 1710 2581 occultum;
1744 2515 1975 2586 efﬁgiem
2007 2524 2083 2569 ta-

500 2622 624 2668 men
652 2613 851 2668 viventi
875 2612 1085 2680 corpori
1113 2610 1364 2674 similem,
1393 2608 1643 2663 seductus
1664 2606 1834 2662 forma
1860 2616 1915 2662 et
1935 2622 2082 2661 com-

502 2712 680 2760 motus
739 2703 1052 2757 aucturitate
1114 2700 1265 2769 quasi
1325 2699 1645 2768 sapientium
1714 2698 2079 2752 institutorum

498 2795 1012 2865 obsequentiumque
1040 2790 1339 2853 turbarum,
1373 2790 1497 2843 sine
1526 2789 1648 2842 vivo
1673 2788 1850 2857 aliquo
1876 2787 2082 2841 habita-

494 2896 615 2941 tore
643 2900 762 2940 esse
801 2899 904 2937 non
933 2882 1116 2952 putat?
1149 2881 1283 2936 Hinc
1309 2888 1363 2935 et
1389 2880 1525 2934 mala
1556 2878 1819 2933 daemonia
1859 2878 1924 2933 ad
1958 2892 2080 2948 pos-

498 2977 718 3033 sidenda
765 2976 1013 3031 Gentium
1060 2973 1345 3028 simulacra
1391 2972 1512 3025 talis
1553 2971 1825 3024 hominum
1857 2970 2080 3025 affectus

500 3072 706 3135 invitat,
735 3083 962 3140 quorum
992 3065 1391 3137 prazsidentium
1420 3066 1442 3095 ²
1473 3063 1621 3117 varia
1653 3054 1858 3117 fallacia
1888 3063 2079 3117 mortis

498 3162 597 3217 feri
618 3161 950 3216 seminantur
969 3167 1020 3213 et
1044 3156 1464 3224 multiplicantur
1488 3167 1722 3208 errores.
1746 3152 1881 3207 Aliis
1902 3153 2079 3222 itaque

500 3254 632 3309 locis
659 3260 714 3308 et
741 3260 927 3307 contra
960 3251 1059 3303 ista
1088 3248 1282 3304 divinae
1312 3246 1531 3300 Littera:
1560 3244 1801 3313 vigilant,
1833 3256 1901 3298 ne
1924 3247 2077 3313 quis-

496 3363 656 3417 quam
696 3346 875 3409 dicat,
903 3359 1022 3398 cum
1054 3342 1206 3396 irrisa
1234 3340 1431 3393 fuerint
1459 3337 1737 3392 simulacra
1778 3355 1790 3390 :
1819 3335 1935 3391 Non
1976 3335 2079 3390 hoc

497 3438 707 3492 visibile
734 3438 876 3500 culo,
906 3434 999 3489 sed
1028 3448 1223 3487 nmnen
1252 3431 1393 3500 quod
1422 3429 1532 3483 illic
1559 3428 1896 3483 invisibiliter
1924 3426 2076 3482 habi-

500 3536 593 3583 tat.
618 3529 733 3598 lps’a
758 3541 885 3595 ergo
909 3525 1128 3582 numina
1152 3524 1204 3577 in
1227 3523 1334 3577 alio
1363 3522 1568 3590 psalmo
1589 3520 1778 3575 eadem
1803 3520 2075 3589 Scriptura

498 3621 575 3674 sic
599 3618 817 3675 damnat
840 3631 851 3668 :
882 3617 1131 3684 Quoniam
1159 3614 1229 3668 dii
1257 3612 1494 3667 Gentium
1515 3652 1528 3675 ,
1558 3611 1731 3678 inquit
1749 3651 1764 3676 ,
1787 3611 2075 3674 demetrio;

499 3712 745 3766 Dominus
766 3721 930 3763 autem
953 3708 1104 3761 melos
1124 3707 1236 3775 fecit
1254 3703 1425 3773 (Psai.
1452 3718 1574 3766 xcv,
1596 3703 1675 3773 5).
1702 3702 1836 3756 Dicit
1858 3710 1911 3755 et
1933 3700 2077 3770 Apo-

496 3806 665 3860 stolus
690 3822 702 3856 :
734 3803 848 3857 Non
873 3801 1007 3871 quod
1034 3800 1223 3853 idolum
1250 3798 1314 3851 sit
1343 3796 1560 3864 aliquid,
1592 3794 1680 3848 sed
1705 3795 1939 3864 quoniam
1965 3808 2080 3863 quat

498 3895 757 3949 immolant
779 3891 978 3957 Gentes,
1005 3888 1264 3944 dwmoniis
1287 3886 1572 3951 immolant,
1591 3894 1637 3938 et
1662 3900 1763 3938 non
1784 3882 1911 3938 Deo.
1939 3882 2078 3938 Nolo

497 4004 583 4042 vos
609 3987 769 4042 socios
796 3986 847 4054 [ἱι
861 3986 906 4038 ri
926 3981 1287 4036 dwmoniorum
1320 3980 1337 4047 (
1354 3978 1369 4030 l
1392 3979 1512 4033 Cor.
1540 3993 1596 4043 χ,
1625 3976 1692 4032 19
1714 3976 1900 4048 e120).

572 4082 625 4134 4.
655 4079 915 4134 Videntur
940 4084 1117 4128 autem
1147 4072 1247 4126 sibi
1288 4071 1610 4141 purgatioris
1638 4084 1758 4124 esse
1783 4069 2074 4140 religionis,

497 4173 585 4242 qui
628 4171 811 4224 dicunt
837 4187 848 4220 :
874 4162 980 4222 Nec
1021 4164 1385 4229 simulacrum,
1415 4175 1516 4217 nec
1554 4160 1877 4216 dzemonium
1920 4162 2074 4226 colo;

383 4276 401 4291 ‘
499 4263 590 4318 sed
612 4261 841 4331 effigiem
858 4256 1187 4326 corporalem
1212 4254 1329 4324 ejus
1349 4255 1425 4307 rei
1444 4253 1650 4323 signum
1674 4253 1905 4319 intueor,
1919 4267 2077 4321 quam

498 4358 675 4411 colere
704 4354 892 4409 debeo.
918 4352 1099 4420 itaque
1126 4348 1545 4419 interpretantur
1569 4345 1873 4410 simulacra,
1894 4352 1951 4398 ut
1974 4344 2077 4400 alio

499 4449 680 4502 dicant
705 4442 989 4514 signiﬁcari
1014 4451 1231 4506 terram,
1250 4437 1394 4493 unde
1415 4436 1671 4505 templum
1700 4435 1874 4490 solent
1899 4436 2079 4504 appclo

500 4540 611 4594 lare
637 4536 895 4599 Telluris;
928 4534 1034 4587 alio
1081 4546 1265 4597 mare,
1293 4530 1432 4585 sicut
1475 4527 1705 4597 Neptuni
1755 4526 2075 4592 simulacro;

498 4631 607 4687 alio
628 4644 828 4695 aerem,
860 4625 1264 4688 sicutJunuuis,
1294 4622 1400 4676 alio
1429 4621 1627 4690 ignem,
1656 4620 1795 4675 sicut
1822 4618 2074 4687 Vulcani;

499 4726 606 4779 alio
628 4722 926 4785 luciferum,
951 4721 1088 4776 sicut
1107 4716 1361 4780 Veneris;
1390 4714 1496 4770 alio
1518 4714 1708 4779 solem,
1738 4714 1844 4768 alio
1870 4713 2072 4783 lunam,

500 4831 725 4887 quorum
757 4812 1056 4869 simulacris
1094 4800 1283 4865 eadem
1315 4804 1530 4861 nomina
1558 4806 1694 4863 sicut
1720 4805 1949 4861 Telluris
1978 4806 2078 4859 im-

501 4918 742 4979 ponunt;
770 4906 876 4961 alio
916 4902 1045 4960 illud
1066 4944 1081 4969 ,
1113 4901 1219 4956 alio
1246 4898 1375 4954 illud
1405 4898 1551 4953 sidus
1571 4939 1586 4963 ,
1616 4899 1701 4953 vcl
1730 4897 1874 4952 illam
1905 4898 1987 4951 vel
2016 4898 2079 4951 il-

500 5001 608 5057 lam
634 5006 935 5055 creaturam
961 5012 975 5048 :
1005 5006 1178 5063 neque
1201 4991 1345 5047 enim
1374 5001 1564 5046 cuncta
1595 5004 1911 5045 enumerare
1937 4988 2079 5044 sufﬁ-

500 5094 689 5147 cimus.
722 5090 796 5145 De
841 5086 1034 5157 quibus
1079 5096 1265 5140 rursus
1309 5096 1430 5137 cum
1474 5081 1736 5153 exagitari
1781 5081 2073 5150 cmperint,

501 5184 643 5257 quod
672 5195 896 5252 corpora
922 5179 1123 5255 colant,
1149 5174 1487 5247 maximeque
1512 5183 1728 5238 terram,
1755 5183 1809 5228 et
1828 5188 1998 5238 mare,
2026 5183 2078 5228 et

501 5290 702 5340 aerem,
733 5281 788 5328 et
814 5274 989 5342 ignem
1015 5311 1027 5334 ,
1058 5283 1284 5340 quorum
1312 5266 1468 5321 nobis
1494 5279 1622 5320 usus
1646 5265 1697 5319 in
1727 5274 1974 5335 promptu
1997 5274 2081 5318 est

504 5368 661 5437 (nam
692 5364 762 5420 de
787 5360 1098 5421 cmiestibus
1122 5358 1372 5429 quoniam
1405 5364 1588 5410 nostro
1614 5370 1677 5409 ea
1700 5369 1930 5424 corpore
1951 5368 2079 5409 con-

503 5468 733 5516 trectare
755 5468 914 5527 atque
941 5453 1254 5523 contingere
1273 5491 1289 5518 ,
1317 5450 1419 5505 nisi
1460 5449 1735 5505 oculorum
1776 5447 1939 5503 radiis
1973 5461 2077 5502 non

504 5553 741 5609 valemus
766 5594 781 5617 ,
812 5564 917 5605 non
963 5549 1033 5603 ita
1078 5543 1465 5612 erubeseunt);
1507 5540 1836 5611 respondere
1882 5541 2081 5596 audent

567 5725 584 5756 ¹
607 5730 679 5773 Er.
707 5728 759 5771 et
778 5727 909 5779 Lov.,
948 5720 999 5768 in
1031 5716 1164 5779 signo
1195 5715 1356 5777 aliqua
1394 5715 1671 5779 {abre/arto,
1698 5721 1837 5776 atque
1859 5715 2081 5765 eminenti

505 5785 733 5846 collocata
748 5788 984 5844 suggestu.
1020 5779 1338 5846 Emendantur
1354 5779 1411 5825 ad
1431 5784 1535 5825 Mss.

568 5852 587 5881 ³
610 5845 792 5906 Aliquot
818 5840 942 5901 M"ss.,
983 5840 1337 5901 possidentium.

1757 384 1817 439 S.
1858 380 2222 438 AUGUSTiNi
2256 379 2554 436 EPISCOPI

3634 392 3777 447 1485

2198 512 2304 551 non
2347 512 2409 552 se
2452 497 2564 567 ipsa
2610 512 2831 568 corpora
2873 498 3082 566 colere,
3118 501 3213 556 sed
3246 517 3363 573 qure
3392 502 3497 560 illis
3523 509 3773 577 regendis

2198 587 2481 656 praesident
2507 589 2745 643 numina.
2779 588 2959 659 itaque
2978 592 3219 660 Apostoli
3246 608 3349 648 una
3378 599 3639 661 sententia
3664 614 3775 670 pm.

2196 695 2317 733 nam
2346 680 2567 736 istorum
2588 682 3088 754 damnationemque
3109 695 3362 742 testatur:
3391 690 3491 757 Qui
3517 702 3775 748 transmu-

2196 779 2441 836 tauerunt,
2466 771 2657 842 inquit,
2684 774 2936 829 veritatem
2963 775 3059 830 Dei
3086 777 3138 832 in
3164 780 3501 848 mendacium,
3528 792 3575 836 et
3600 786 3777 840 colue-

2192 871 2308 915 runt
2335 872 2382 916 et
2406 864 2677 919 servierunt
2702 876 2979 932 creatum,
3011 871 3177 937 potius
3216 887 3370 941 quam
3404 871 3658 941 Creatori,
3687 878 3776 944 qui

2190 964 2266 1008 est
2290 955 2573 1010 benedictus
2590 958 2645 1011 in
2663 959 2849 1012 saecula
2869 958 3042 1028 (Rom.
3069 976 3107 1025 l,
3126 961 3243 1033 25).
3263 962 3395 1025 Nam
3420 968 3596 1032 priore
3621 978 3775 1036 parte

2194 1043 2353 1113 hujus
2380 1048 2683 1113 sententia,
2714 1049 3002 1105 simulacra
3029 1052 3330 1120 damnavit;
3360 1059 3654 1125 posteriore
3674 1076 3775 1114 au-

2174 1146 2334 1202 ‘tem,
2370 1139 2834 1209 interpretationes
2898 1144 3341 1202 simulacrorum:
3373 1149 3577 1219 efﬁgies
3623 1154 3773 1211 enim

2191 1244 2221 1282 a
2268 1229 2418 1284 fabro
2456 1229 2622 1287 facms
2664 1233 2984 1302 appellando
3022 1238 3325 1294 nominibus
3364 1256 3545 1297 earum
3587 1259 3772 1300 rerum

2190 1336 2324 1390 quas
2355 1319 2627 1377 fabricavit
2658 1324 2831 1389 Deus,
2860 1334 3213 1382 transmittant
3252 1331 3532 1388 veritatem
3575 1335 3670 1390 Dei
3713 1338 3770 1393 in

2190 1410 2556 1476 mendacium;
2588 1428 2677 1467 res
2701 1423 2876 1469 autem
2910 1415 3053 1483 ipsas
3076 1433 3172 1485 pro
3197 1418 3300 1473 diis
3328 1419 3570 1477 habendo
3593 1433 3648 1479 et
3674 1441 3771 1482 ve-

2192 1501 2451 1565 nerando,
2475 1503 2715 1558 serviunt
2732 1512 2991 1561 creatura:
3015 1508 3191 1578 potius
3211 1526 3369 1580 quam
3391 1512 3650 1583 Creatori,
3679 1519 3769 1587 qui

2190 1602 2271 1646 est
2298 1592 2606 1648 benedictus
2633 1596 2684 1649 in
2715 1597 2929 1651 saecula.

2261 1682 2314 1736 5.
2345 1683 2477 1750 Quis
2504 1693 2680 1739 autem
2705 1686 2891 1741 adorat
2914 1689 2994 1744 vel
3017 1699 3136 1744 orat
3161 1689 3376 1747 intuens
3395 1694 3768 1763 simulacrum,

2189 1777 2278 1846 qui
2302 1792 2406 1833 non
2431 1779 2511 1833 sic
2534 1779 2783 1845 afﬁcitur,
2807 1789 2864 1835 ut
2887 1782 2956 1836 ab
2980 1798 3044 1838 eo
3072 1797 3132 1839 se
3152 1785 3395 1841 exaudiri
3424 1796 3592 1856 putet,
3616 1790 3687 1844 ab
3705 1807 3777 1845 eo

2190 1867 2290 1923 sibi
2329 1870 2571 1939 praestari
2598 1870 2738 1941 quod
2768 1871 3040 1929 desiderat
3065 1878 3278 1945 speret?
3317 1877 3496 1949 itaque
3523 1881 3783 1938 homines

2192 1958 2384 2015 talibus
2411 1962 2881 2026 superstitionibus
2904 1964 3143 2034 obiigati,
3167 1966 3480 2040 plerumque
3499 1972 3565 2025 nd
3594 1972 3769 2041 ipsum

2188 2050 2358 2104 solem
2385 2050 2604 2105 dorsum
2644 2062 2887 2122 ponunt,
2917 2070 3103 2123 preces
3128 2056 3354 2113 fundunt
3376 2070 3567 2115 statua:
3607 2078 3767 2133 quam

2187 2141 2353 2196 solem
2377 2152 2601 2208 vocant;
2630 2152 2830 2201 etcum
2856 2148 3035 2203 sonitu
3061 2150 3225 2205 maris
3253 2166 3283 2205 a
3311 2159 3461 2222 tergo
3476 2153 3768 2220 feriantur.

2184 2234 2417 2304 Neptuni
2464 2245 2690 2291 statuam
2735 2253 2894 2307 quam
2936 2255 3035 2311 pro
3060 2241 3178 2311 ipso
3207 2244 3341 2298 mari
3369 2246 3585 2313 colunt,
3615 2251 3769 2318 quasi

2186 2327 2503 2382 sentientem
2530 2329 2817 2398 gemitibus
2845 2329 3062 2386 feriunt.
3100 2333 3213 2389 lloc
3240 2335 3383 2390 enim
3408 2335 3533 2392 facit
3552 2347 3609 2394 et
3631 2356 3766 2409 quo-

2190 2416 2474 2473 dammodo
2501 2428 2782 2490 extorquet
2811 2422 2896 2476 illa
2930 2422 3092 2494 ﬁgura
3122 2427 3517 2493 membrorum,
3556 2440 3615 2484 ut
3649 2434 3768 2486 ani-

2185 2523 2306 2562 mus
2350 2509 2533 2565 vivens
2580 2512 2631 2565 in
2674 2513 3239 2584 sensibuscorporis,
3271 2520 3439 2588 magis
3481 2520 3773 2577 arbitretur

2186 2602 2383 2656 sentire
2424 2617 2620 2671 corpus
2657 2604 2796 2673 quod
2839 2620 2938 2659 suo
2976 2609 3186 2676 corpori
3233 2609 3556 2666 simillimum
3587 2612 3767 2675 videt.

2185 2704 2341 2762 quam
2363 2692 2648 2748 rotundum
2677 2696 2845 2749 solem
2874 2690 3151 2767 undasque
3170 2698 3413 2763 diffusas,
3430 2711 3485 2756 et
3509 2702 3770 2772 quidquid

2185 2798 2293 2837 non
2321 2783 2523 2838 eisdem
2554 2784 2893 2841 lineamentis
2920 2786 3206 2845 formatum
3246 2792 3544 2861 conspicit,
3571 2793 3772 2861 quibus

2185 2877 2271 2931 illa
2296 2875 2517 2931 formata
2545 2886 2668 2931 sunt
2696 2894 2814 2948 quae
2840 2879 3069 2935 viventia
3094 2881 3277 2937 videre
3299 2884 3596 2939 consuevit.
3628 2883 3773 2941 Con-

2187 2975 2265 3020 tra
2294 2968 2433 3021 hunc
2460 2967 2728 3033 allectum,
2753 2984 2858 3037 quo
2885 2969 3115 3024 humana
3146 2981 3200 3026 et
3224 2974 3455 3027 carnalis
3487 2972 3771 3031 inﬁrmitas

2184 3057 2338 3112 facile
2366 3060 2481 3127 capi
2514 3066 2707 3127 potest,
2749 3069 2927 3115 cantat
2952 3060 3223 3131 Scriptura
3254 3063 3348 3118 Dei
3380 3081 3465 3120 res
3488 3067 3645 3124 valde
3668 3084 3771 3123 no-

2184 3150 2452 3215 tissimas,
2500 3152 2693 3220 quibus
2738 3163 3127 3209 commemoret
3172 3164 3226 3210 et
3274 3139 3524 3226 tanquam
3566 3160 3773 3214 excitet

2182 3252 2388 3296 mentes
2411 3242 2761 3298 hominum-in
2787 3246 3172 3301 consuetudine
3191 3263 3474 3317 corporum
3496 3250 3771 3307 dormien-

2185 3341 2285 3387 tes.
2329 3334 2654 3398 Simulaera,
2685 3335 2889 3406 inquit,
2921 3335 3156 3392 Gentium
3185 3349 3447 3409 argentm
3472 3351 3521 3394 et
3558 3358 3767 3399 aurum.

2183 3423 2290 3479 Sed
2333 3426 2472 3480 Deus
2498 3426 2623 3479 fecit
2647 3437 2922 3497 argentum
2965 3438 3021 3483 et
3062 3443 3270 3483 aurum.
3327 3429 3526 3500 Opera,
3561 3433 3764 3502 inquit,

2183 3530 2423 3570 mnuum
2452 3516 2713 3571 hominum
2736 3534 2756 3571 :
2782 3518 2884 3573 hoc
2908 3520 3050 3573 enim
3076 3529 3399 3575 venerantur
3418 3522 3557 3591 quod
3584 3523 3681 3593 ipsi
3701 3540 3770 3580 es

2181 3623 2315 3664 auro
2341 3618 2664 3679 argentoque
2690 3608 2954 3665 fecerunt.

2204 3730 2205 3735 η
2254 3700 2308 3754 6.
2338 3698 2443 3756 Sed
2470 3700 2615 3755 enim
2640 3709 2697 3755 et
2724 3716 2823 3755 nos
2852 3702 3105 3771 pleraque
3150 3703 3505 3761 instrumenta
3545 3716 3602 3761 et
3641 3723 3768 3761 vasa

2182 3804 2249 3845 ex
2286 3788 2592 3859 huiusmodi
2632 3792 2852 3847 materia
2879 3793 2963 3846 vel
2999 3794 3215 3848 metallo
3243 3794 3504 3851 habemus
3529 3797 3580 3851 io
3610 3813 3766 3855 usum

2183 3880 2622 3935 celebrandarum
2654 3890 3134 3950 sacramentorum,
3165 3899 3286 3954 qua:
3321 3885 3437 3954 ipso
3466 3886 3769 3944 ministerio

2183 3981 2494 4029 consectata
2530 3982 2712 4028 sancta
2742 3972 3006 4037 dicantur.
3034 3975 3087 4029 in
3116 3975 3232 4045 ejus
3262 3975 3521 4032 honorem
3542 3979 3631 4033 cui
3666 3995 3767 4048 pro

2183 4066 2352 4119 salute
2394 4074 2572 4120 nostra
2615 4064 2739 4119 inde
2779 4065 3047 4120 servitur:
3078 4074 3133 4121 et
3160 4076 3284 4121 sunt
3326 4067 3569 4138 profecto
3607 4070 3765 4125 etiam

2184 4158 2283 4213 ista
2310 4158 2663 4212 instrumenta
2685 4157 2769 4211 vel
2794 4173 2943 4224 vasa,
2970 4158 3096 4228 quid
3121 4159 3264 4214 aliud
3286 4176 3443 4231 quam
3466 4176 3631 4231 opera
3656 4180 3767 4217 mae

2185 4265 2345 4305 nuum
2378 4249 2687 4304 hominum?
2709 4249 3085 4306 Verumtamen
3111 4254 3364 4324 numquid
3386 4270 3449 4309 os
3469 4256 3690 4318 habent,
3710 4267 3769 4314 ct

2185 4357 2289 4396 non
2317 4342 2635 4410 loquentur?
2660 4342 2913 4411 numquid
2945 4343 3132 4398 oculos
3161 4343 3381 4410 habent,
3404 4354 3457 4399 et
3476 4362 3586 4401 non
3612 4348 3764 4403 vide~

2183 4433 2347 4488 bunt?
2374 4432 2628 4504 numquid
2664 4433 2745 4489 eis
2772 4434 3133 4504 supplicamus
3150 4479 3166 4501 ,
3198 4440 3318 4505 quia
3351 4453 3446 4507 per
3469 4454 3530 4494 ea
3556 4442 3763 4510 suppti-

2184 4540 2367 4579 camus
2393 4525 2537 4579 Deo?
2564 4523 2657 4579 illa
2677 4525 2910 4581 maxime
2929 4522 3197 4581 causaest
3223 4528 3510 4601 impietatis
3540 4532 3763 4596 insanin,

2184 4619 2325 4689 quod
2351 4620 2471 4690 plus
2499 4619 2645 4673 Valet
2674 4620 2726 4675 in
2752 4620 3031 4677 ail‘ectibus
3056 4622 3374 4678 miserorum
3401 4625 3603 4681 viventi
3628 4630 3758 4682 simi

2184 4709 2249 4764 iis
2276 4711 2443 4763 forma
2473 4724 2591 4778 qua:
2619 4710 2719 4764 sibi
2747 4710 2911 4765 efﬁcit
2937 4712 3244 4781 supplicari,
3276 4726 3435 4783 quam
3466 4715 3611 4783 quod
3644 4733 3762 4773 eam

2186 4799 2520 4855 manifestum
2541 4808 2624 4854 est
2645 4815 2752 4856 non
2770 4814 2891 4856 esse
2908 4801 3195 4868 viventem,
3215 4812 3271 4856 ut
3289 4803 3482 4860 debeat
3503 4815 3535 4860 a
3552 4807 3765 4867 vivente

2183 4893 2473 4948 contemni.
2514 4892 2641 4948 Plus
2663 4894 2806 4948 enim
2833 4894 3011 4948 valent
3034 4895 3318 4951 simulacra
3345 4896 3409 4952 ad
3438 4899 3764 4955 eurvandam

2186 4984 2450 5039 infelicem
2496 4984 2728 5039 animam
2776 4984 2918 5054 quod
2963 4998 3023 5041 os
3055 4986 3282 5051 habent,
3314 4989 3500 5044 oculos
3527 4989 3763 5054 habent,

2184 5090 2345 5131 aures
2365 5074 2584 5140 habent,
2608 5091 2765 5130 nares
2787 5074 3007 5140 habent,
3030 5091 3221 5131 manus
3240 5077 3457 5144 habent,
3481 5078 3647 5148 pedes
3672 5079 3762 5135 ba.

2187 5167 2329 5232 bent,
2360 5183 2518 5237 quam
2540 5167 2606 5221 ad
2629 5166 3000 5237 corrigendum
3020 5168 3159 5237 quod
3190 5185 3297 5224 non
3325 5171 3633 5240 loquentur,
3659 5188 3765 5231 nor.

2187 5262 2440 5317 videbunt
2459 5302 2473 5324 ,
2504 5276 2610 5315 non
2636 5260 2886 5325 audient,
2917 5277 3023 5316 non
3047 5262 3376 5329 odorabunt,
3417 5279 3527 5319 non
3548 5277 3767 5321 contre—

2185 5353 2425 5417 ctabunt,
2455 5366 2559 5407 non
2585 5351 2949 5406 ambulabunt.

2260 5446 2311 5498 7.
2357 5440 2607 5515 [uers.8.]
2655 5441 2834 5511 itaque
2864 5444 3105 5514 sequitur
3147 5453 3206 5499 ut
3248 5445 3376 5500 illud
3424 5461 3636 5516 quoqne
3679 5447 3774 5505 ﬁa;

2186 5534 2328 5606 quod
2354 5534 2515 5588 etiam
2543 5532 2595 5587 in
2617 5533 2718 5589 hoc
2740 5534 2947 5603 psalmo
2972 5537 3241 5606 sequitur;
3270 5547 3328 5592 ut
3353 5538 3580 5604 scilicet,
3610 5538 3767 5594 Simi-

2189 5627 2257 5679 les
2285 5625 2389 5679 illis
2421 5625 2547 5693 [iant
2577 5641 2747 5679 omnes
2775 5627 2860 5695 qui
2891 5627 3084 5699 faciunt
3107 5645 3166 5682 ea
3184 5670 3198 5690 .
3226 5638 3273 5682 et
3303 5646 3472 5684 sumes
3496 5631 3581 5700 qui
3604 5632 3769 5699 conﬁ~

2188 5717 2312 5769 dunt
2351 5717 2405 5769 in
2448 5716 2539 5769 eis.
2568 5715 2791 5770 Videant
2816 5729 2943 5786 ergo
2978 5717 3063 5773 isti
3088 5720 3291 5788 apertis
3320 5728 3374 5774 et
3413 5719 3773 5778 sentientibus

2192 5807 2363 5861 oculis
2382 5848 2397 5873 ,
2425 5816 2474 5861 et
2506 5806 2729 5862 adorent
2754 5808 2951 5863 clausis
2975 5818 3027 5865 et
3056 5812 3280 5869 mortuis
3320 5813 3591 5869 mentibus
3610 5851 3627 5882 ,
3670 5829 3775 5871 nec
