4070 6472
319 372 452 430 i185

324 492 576 554 videntia,
605 503 706 545 nec
730 486 961 543 viventia
988 485 1291 542 simulam.

385 584 437 638 8.
487 579 635 655 [vers.
668 578 846 652 9.11.]
882 596 901 630 ι
937 578 1136 633 Domus
1162 596 1182 630 ι
1208 585 1386 632 autem
1414 594 1434 628 ι
1467 576 1630 632 lsrael
1659 579 1900 647 speravit

320 677 368 729 in
389 674 695 729 Dominum.
716 671 853 739 Spes
876 688 896 722 ι
918 670 1058 724 enim
1086 687 1105 721 ι
1133 685 1251 739 quae
1268 668 1497 732 videtur,
1519 682 1626 723 non
1642 678 1727 723 est
1740 682 1893 737 spes:

315 765 456 836 quod
483 765 626 820 enim
657 762 801 817 videt
824 762 977 831 quis,
1008 760 1137 830 quid
1178 761 1395 829 sperat?
1438 758 1495 815 Si
1536 769 1715 815 autem
1755 760 1897 832 quod

321 873 422 913 non
445 855 693 911 videmus
714 868 1008 924 speramus,
1032 868 1126 922 per
1147 853 1456 922 patientiam
1475 864 1848 924 exspectamus
1872 872 1907 906 r

320 949 493 1017 (Rom.
521 964 612 1003 vut
633 990 649 1012 ,
675 947 765 1012 24,
794 945 925 1016 25).
958 944 1064 1001 Sed
1090 955 1147 998 ut
1175 946 1429 1014 perduret
1456 962 1627 1015 usque
1648 947 1703 1001 in
1734 947 1896 1001 ﬁnem

320 1044 426 1110 ipsa
480 1040 731 1109 patientia
756 1078 771 1103 ,
813 1036 1033 1105 Adjutor
1055 1052 1231 1089 eorum
1257 1046 1303 1089 et
1331 1044 1583 1105 protector
1606 1051 1781 1089 eorum
1802 1046 1893 1090 est.

318 1134 395 1186 An
415 1130 641 1185 fortasse
657 1127 960 1197 Spirituales
981 1125 1044 1197 (a
1074 1126 1267 1197 quibus
1298 1126 1541 1180 carnales
1567 1127 1897 1181 instruuntur

317 1221 367 1275 in
396 1219 586 1288 spiritu
616 1217 1070 1282 mansuetudinis,
1101 1218 1223 1286 quia
1250 1216 1350 1285 ipsi
1379 1225 1629 1286 tanquam
1654 1218 1896 1285 superio-

316 1326 402 1367 res
432 1326 531 1381 pro
563 1309 905 1365 interioribus
942 1307 1275 1380 supplicant)
1314 1308 1424 1378 jam
1458 1308 1671 1371 vident,
1699 1318 1754 1363 et
1790 1310 1895 1364 illis

310 1405 418 1475 jam
445 1419 533 1459 res
553 1411 639 1458 est
659 1418 776 1473 quia
802 1402 976 1456 adhuc
1003 1401 1345 1456 inferioribus
1373 1416 1497 1470 spes
1521 1402 1640 1456 est?
1666 1401 1782 1455 Non
1812 1412 1895 1457 est

316 1496 383 1551 ita
410 1512 425 1547 :
454 1509 579 1548 nam
604 1502 659 1547 et
684 1494 864 1547 domus
884 1492 1056 1546 Aaron
1081 1492 1300 1559 speravit
1328 1493 1380 1546 in
1405 1492 1699 1545 Dominum.
1729 1493 1890 1563 Ergo,

314 1594 371 1640 ut
402 1585 568 1641 etiam
609 1584 708 1655 ipsi
752 1592 1158 1654 perseveranter
1182 1582 1538 1637 extendantur
1576 1583 1628 1637 in
1666 1599 1727 1638 ea
1772 1598 1893 1654 quas

311 1686 432 1731 ante
460 1685 605 1737 sunt,
629 1684 684 1729 et
709 1683 1111 1744 perseveranter
1132 1683 1370 1739 currant,
1398 1673 1571 1729 donec
1592 1674 1894 1743 apprehen-

310 1764 435 1821 dant
464 1766 518 1819 in
548 1780 656 1836 quo
685 1764 1001 1834 apprehensi
1031 1774 1156 1819 sunt
1185 1764 1444 1834 (Philipp.
1473 1782 1549 1829 Ill,
1576 1766 1763 1837 12-14)
1782 1808 1796 1831 ,
1837 1775 1892 1821 et

308 1865 634 1925 cognoscant
657 1856 795 1910 sicut
818 1864 871 1910 et
895 1856 1091 1926 cogniti
1117 1864 1242 1910 sunt
1267 1855 1319 1927 (l
1347 1854 1467 1911 Cor.
1490 1872 1604 1918 xui,
1632 1856 1751 1927 12),
1780 1857 1890 1910 Ad-

309 1950 443 2013 iutor
465 1963 644 2003 eorum
660 1956 709 2001 et
731 1956 979 2014 protector
1002 1962 1173 2001 eorum
1193 1955 1287 2000 est.
1309 1944 1530 2016 Utrique
1551 1947 1691 2001 enim
1717 1948 1891 2002 timent

312 2038 605 2104 Dominum,
637 2047 683 2092 et
708 2046 1033 2108 speraverant
1054 2036 1110 2090 in
1137 2034 1416 2090 Dominum
1440 2051 1461 2091 :
1487 2036 1693 2107 adjutor
1716 2053 1887 2091 eorum

306 2138 350 2183 et
375 2139 626 2201 protector
653 2144 825 2183 eorum
850 2137 943 2184 est.
1592 2184 1595 2189 ,

372 2220 427 2276 9.
458 2218 611 2293 [υαι.
639 2218 863 2292 12,13.]
891 2218 1078 2290 Neque
1116 2220 1262 2275 enim
1307 2234 1406 2275 nos
1444 2220 1653 2276 meritis
1689 2222 1888 2277 nostris

307 2312 662 2381 praevenimus
707 2310 1130 2367 misericordiam
1180 2310 1431 2366 Domini:
1461 2310 1592 2375 sed,
1640 2310 1888 2367 Dominus

306 2417 497 2455 memor
524 2403 621 2471 fuit
648 2402 807 2456 nostri
825 2442 840 2466 ,
868 2411 914 2456 et
940 2402 1189 2456 benedixit
1215 2417 1328 2456 nos.
1371 2400 1640 2456 Benedixit
1682 2403 1888 2456 domum

307 2492 493 2553 Israel,
520 2493 771 2547 benedixit
791 2492 997 2546 domum
1019 2493 1211 2545 Aaron.
1236 2493 1499 2561 Utrosqne
1519 2504 1695 2547 autem
1721 2494 1885 2548 bene-

301 2582 503 2650 dicens,
538 2582 807 2638 Benedixit
849 2599 1021 2638 omnes
1067 2583 1295 2638 timentes
1336 2583 1636 2639 Dominum.
1680 2586 1885 2653 Qumris

304 2690 435 2746 quos
479 2673 771 2745 utrosque?
813 2670 1199 2743 respondetur,
1240 2672 1467 2728 Pusillos
1509 2691 1624 2728 cum
1665 2676 1883 2746 magnis.

307 2764 417 2821 lloc
442 2774 549 2832 est,
579 2763 799 2820 domum
826 2762 991 2818 Israel
1017 2778 1137 2818 cum
1161 2763 1322 2819 domo
1348 2765 1549 2832 Aaron,
1581 2780 1675 2821 eos
1705 2768 1886 2837 utique

302 2855 390 2924 qui
416 2871 483 2911 es
511 2856 623 2925 ipsa
643 2864 805 2924 gente
830 2853 1173 2909 crediderunt
1211 2854 1264 2909 in
1303 2855 1623 2911 salvatorem
1665 2856 1881 2924 Jesum;

302 2946 422 3014 quia
449 2964 470 2998 s
500 2960 607 3001 non
638 2946 689 2999 iu
706 2944 955 2999 omnibus
985 2944 1091 2998 illis
1117 2944 1451 3013 beneplacuit
1468 2945 1578 3001 Deo
1602 2944 1711 3020 (Id.
1732 2963 1784 3012 ι,
1804 2946 1881 3019 5).

300 3036 401 3091 Sed
429 3036 475 3091 si
497 3036 715 3107 quidam
744 3035 959 3090 illorum
990 3051 1097 3090 non
1127 3036 1488 3098 crediderunt,
1521 3038 1776 3107 numquid
1805 3040 1884 3094 in-

300 3128 587 3184 credulitas
613 3130 825 3184 illorum
857 3128 1014 3183 ﬁdem
1048 3128 1139 3183 Dei
1169 3130 1483 3185 evacuabit?
1508 3130 1663 3185 Absit
1704 3132 1879 3201 (Rom.

300 3236 376 3286 ut,
398 3222 476 3292 ὅ).
500 3220 684 3291 Neque
708 3220 851 3275 enim
878 3234 1069 3275 omnes
1094 3220 1183 3290 qui
1211 3230 1421 3276 suntex
1451 3222 1613 3277 lsraei
1631 3265 1646 3287 ,
1676 3222 1729 3277 hi
1760 3232 1885 3279 sunt

300 3310 490 3377 Israel;
520 3326 695 3381 neque
714 3311 801 3381 qui
823 3325 1005 3366 semen
1033 3319 1157 3365 sunt
1176 3310 1468 3378 Abraham,
1493 3327 1682 3367 omnes
1704 3311 1828 3369 lilii:
1857 3332 1878 3367 ι

298 3401 412 3468 sed,
436 3402 578 3456 sicut
598 3402 855 3472 scriptum
879 3409 981 3465 est,
1012 3398 1262 3471 Reliquiaz
1278 3402 1433 3459 salute
1454 3407 1607 3474 [actm
1629 3413 1767 3458 sunt.
1799 3405 1880 3459 Ex

297 3506 523 3563 persona
556 3494 699 3548 enim
728 3509 913 3548 eorum
948 3494 1040 3564 qui
1080 3493 1204 3549 inde
1241 3496 1617 3562 crediderunt,
1644 3496 1877 3553 dicitur:

297 3582 413 3638 Nisi
451 3583 707 3638 Dominus
750 3582 978 3639 Sabaoth
1020 3586 1300 3657 reliquisset
1341 3587 1483 3642 nobis
1521 3605 1721 3654 semen,
1752 3590 1879 3645 sicut

295 3672 523 3730 Sodoma
551 3675 673 3742 facti
699 3691 938 3741 essemus,
961 3685 1008 3729 et
1037 3676 1164 3729 sicut
1185 3675 1469 3731 Gomorrha
1491 3679 1678 3734 similes
1697 3680 1880 3750 fuisse-

293 3782 401 3821 mus
429 3765 642 3839 (Ide,
666 3765 718 3832 6,
746 3766 799 3832 7,
821 3767 911 3831 27,
937 3765 1056 3837 29).
1076 3765 1181 3822 Sed
1210 3766 1330 3822 ideo
1349 3784 1551 3833 semen,
1581 3769 1704 3839 quia
1728 3784 1879 3840 Spar-

292 3872 407 3913 sum
438 3872 536 3927 per
563 3866 734 3912 terras
764 3857 1167 3925 multiplicatum
1196 3866 1298 3911 est.

361 3948 447 4004 10.
485 3946 639 4020 [vers.
670 3946 886 4018 14-18.]
915 3948 1174 4003 Dixerunt
1195 3947 1338 4002 enim
1369 3950 1543 4019 magni
1576 3951 1590 3981 ³
1619 3948 1687 4006 de
1712 3950 1874 4011 domo

291 4038 493 4105 Aaron,
520 4038 744 4109 Adjiciat
768 4038 1014 4093 Dominus
1034 4055 1187 4107 super
1232 4055 1338 4105 vos,
1364 4056 1517 4106 super
1541 4056 1626 4095 vos
1653 4050 1699 4095 et
1722 4059 1874 4112 super

290 4129 426 4198 ﬁlios
463 4131 718 4185 vestros'.
749 4130 815 4184 Et
855 4130 927 4185 ita
967 4129 1163 4185 factum
1205 4140 1306 4184 est.
1340 4132 1694 4187 Accesserunt
1730 4133 1871 4188 enim

287 4223 448 4278 etiam
475 4221 548 4277 de
574 4221 839 4292 lapidibus
867 4222 1107 4277 suscitati
1138 4221 1227 4277 lilii
1256 4222 1524 4278 Abraham
1548 4222 1761 4295 (Matth.
1792 4241 1865 4291 Ill,

288 4312 382 4383 9):
413 4321 756 4369 accesserunt
781 4327 911 4369 oves
935 4328 1056 4383 quae
1082 4327 1188 4370 non
1216 4322 1371 4369 erant
1394 4313 1462 4369 de
1489 4313 1593 4370 hoc
1620 4315 1778 4379 ovili,
1811 4325 1869 4370 ut

287 4403 438 4461 ﬂeret
457 4418 595 4460 unus
615 4418 742 4474 gres
763 4413 819 4459 et
841 4418 978 4459 unus
1000 4411 1179 4473 pastor
1199 4402 1380 4473 (Joan.
1403 4421 1458 4470 ι,
1486 4403 1576 4478 16)
1606 4424 1619 4461 :
1643 4406 1869 4463 accessit

286 4496 416 4553 ﬁdes
443 4495 685 4551 omnium
709 4494 967 4565 gentium,
996 4503 1051 4550 et
1077 4496 1245 4551 crevit
1274 4510 1530 4556 numerus
1558 4513 1664 4554 non
1690 4500 1858 4556 solun:

284 4585 604 4658 sapientium
627 4585 923 4641 antistitum
946 4626 960 4651 ,
991 4585 1084 4642 sed
1111 4586 1272 4642 etiam
1298 4588 1662 4645 obedientium
1690 4606 1865 4661 popu-

283 4679 485 4745 lorum;
516 4677 801 4748 adjiciente
842 4678 1070 4734 Domino
1109 4694 1216 4734 non
1255 4680 1429 4736 solum
1460 4696 1624 4751 super
1664 4692 1862 4752 patres,

282 4774 367 4843 qui
396 4773 467 4828 ad
498 4772 649 4827 illum
679 4772 733 4827 in
756 4771 972 4828 Christo
998 4781 1225 4828 cteteros
1247 4773 1553 4828 imitaturus
1578 4777 1861 4844 praeirent,

279 4865 371 4922 sed
401 4866 565 4922 etiam
595 4880 759 4935 super
787 4864 925 4922 ﬁlios
947 4880 1156 4931 eorum,
1178 4866 1267 4936 qui
1293 4875 1499 4937 patrum
1527 4867 1615 4943 pia
1642 4870 1862 4940 vestigia

280 4965 650 5028 sequerentur.
680 4955 813 5012 Nam
838 4957 919 5012 sic
945 4956 1020 5012 ait
1049 4957 1140 5012 ille
1182 4955 1266 5011 his
1304 4972 1441 5026 quos
1484 4972 1580 5027 per
1623 4959 1861 5031 Evangeo

281 5052 404 5106 lium
430 5051 483 5105 in
504 5048 721 5105 Christo
745 5059 1038 5119 genuerat:
1069 5047 1358 5104 Imitatores
1390 5051 1485 5104 mei
1513 5059 1668 5105 estote
1687 5092 1702 5116 ,
1728 5055 1859 5108 sicut

276 5154 319 5195 et
344 5159 436 5214 ego
455 5142 646 5197 Christi
669 5142 715 5212 (l
735 5141 850 5197 Cor.
876 5157 948 5208 tv,
975 5142 1040 5197 15
1059 5152 1104 5198 et
1125 5142 1230 5213 16).
1258 5141 1460 5211 Adjecit
1477 5142 1651 5213 itaque
1680 5144 1857 5200 Domi.

276 5249 405 5297 nus,
436 5248 546 5293 non
588 5233 761 5289 solum
794 5247 956 5302 super
988 5242 1199 5288 montes
1238 5234 1525 5303 gestientes
1550 5234 1688 5290 sicut
1717 5237 1856 5292 arieo

279 5335 388 5392 tes,
416 5327 512 5382 sed
565 5327 726 5381 etiam
769 5340 930 5395 super
972 5327 1137 5382 colles
1178 5329 1468 5392 gestientes
1510 5329 1649 5385 sicut
1685 5344 1853 5402 agnos

273 5420 445 5473 ovium
472 5417 516 5471 ³.

1375 368 1769 425 ENARHATIO
1807 370 1870 424 ΙΝ
1896 370 2215 431 ιδδΑωιυΜ
2253 378 2437 433 CXIV.

3451 400 3603 459 “£16~

2082 488 2168 542 11.
2210 489 2440 547 Proinde
2467 492 2552 549 his
2581 497 2818 569 utrisque
2847 503 3051 572 magnis
3079 514 3134 561 ct
3164 509 3369 575 pusillis
3387 553 3402 575 ,
3432 531 3579 571 tuon-

2010 576 2148 633 tibus
2195 588 2251 634 et
2290 583 2555 650 collibus,
2596 590 2851 647 arietibus
2877 602 2931 648 et
2956 597 3109 666 agnis
3145 597 3276 656 dicit
3317 602 3582 674 Propheta

2006 668 2146 737 quod
2172 673 2411 741 sequitur
2434 691 2449 729 :
2473 675 2729 732 Benedicti
2757 698 2841 737 vos
2874 683 3087 742 Domino
3106 727 3122 753 ,
3150 690 3237 759 qui
3261 694 3376 763 fecit
3403 668 3583 755 ciuium

2006 769 2053 812 et
2080 768 2285 815 terram.
2316 765 2583 836 Tanquam
2610 771 2846 841 diceret,
2890 776 3158 837 Benedicti
3202 799 3298 839 vos
3336 787 3578 855 Domino,

2006 852 2095 918 qui
2138 868 2233 907 vos
2281 855 2403 912 iecit
2443 861 2638 916 coelum
2678 865 2728 919 in
2774 870 3000 938 magnis,
3028 882 3226 929 terram
3256 876 3308 930 in
3334 880 3579 947 pusillis:

2005 941 2096 995 sed
2122 944 2314 999 corium
2339 963 2443 1003 non
2468 950 2608 1007 istud
2635 956 2861 1023 visibile,
2890 961 3103 1028 plenum
3136 941 3487 1028 luminat-ibus
3512 975 3579 1029 ad

2007 1030 2105 1086 hos
2130 1035 2312 1090 oculos
2346 1040 2756 1105 pertinentibus.
2796 1047 2989 1103 Ctelum
3010 1053 3150 1108 enim
3176 1057 3289 1111 creti
3322 1058 3580 1127 Domino;

2005 1122 2095 1189 qui
2116 1117 2285 1179 erexit
2311 1137 2365 1181 et
2391 1130 2695 1189 sublimavit
2713 1141 3063 1205 quorumdam
3094 1156 3398 1203 sanctorum
3431 1167 3581 1207 meu-

2005 1219 2084 1267 tes
2110 1215 2161 1269 in
2187 1224 2412 1285 tantum,
2441 1232 2497 1275 ut
2518 1224 2645 1278 nulli
2675 1226 3074 1295 hominum,sed
3102 1236 3201 1305 ipsi
3229 1239 3339 1297 Deo
3367 1257 3465 1296 suo
3484 1244 3581 1300 d0-

2002 1305 2186 1362 cibiies
2228 1309 2418 1365 fierent
2443 1329 2455 1366 :
2490 1314 2543 1368 in
2573 1316 2725 1385 cujus
2753 1321 2873 1375 coeli
2899 1329 3297 1394 comparatione
3324 1333 3579 1404 quidquid

2000 1397 2210 1453 carneis
2245 1401 2415 1455 oculis
2456 1406 2711 1471 cernitur,
2746 1416 2885 1464 terra
2912 1412 3138 1471 dicenda
3167 1428 3278 1484 est;
3302 1436 3459 1490 quam
3486 1425 3578 1478 de-

2001 1486 2074 1539 dit
2100 1489 2221 1555 ﬁliis
2242 1490 2534 1561 hominum,
2565 1505 2624 1550 ut
2652 1499 2767 1566 ejus
2801 1504 3232 1564 consideratione
3270 1486 3387 1568 sive
3413 1515 3489 1571 ab
3515 1531 3577 1571 ea

2001 1588 2151 1645 parte
2179 1596 2299 1650 qua:
2324 1598 2485 1654 super
2510 1588 2775 1655 illustrat,
2803 1593 2943 1649 sicut
2969 1608 3053 1652 est
3084 1598 3185 1656 hoc
3218 1604 3359 1672 quod
3387 1606 3579 1663 dicitur

1997 1670 2217 1737 omium,
2245 1676 2357 1729 sive
2382 1676 2450 1730 ah
2471 1693 2532 1733 ea
2556 1695 2676 1748 quae
2702 1682 2887 1739 subter
2909 1686 3221 1756 illustratur,
3237 1670 3333 1748 chi
3368 1700 3579 1766 proprie

2000 1770 2137 1815 terra
2167 1777 2361 1820 nomen
2389 1777 2491 1835 est,
2514 1784 2636 1826 cum
2662 1781 2828 1829 totum
2853 1777 2989 1832 sicut
3014 1789 3573 1852 commemoravimus.

1997 1848 2051 1904 in
2081 1850 2221 1907 illius
2246 1860 2646 1926 comparatione
2673 1864 2815 1933 quod
2838 1868 3033 1924 coelum
3057 1872 3178 1927 C(Pii
3200 1874 3412 1945 dicitur,
3439 1890 3576 1935 terra

1996 1940 2093 2007 sit;
2139 1951 2325 1999 (errant
2349 1963 2477 2019 ergo
2508 1949 2666 2007 istam
2697 1964 2860 2011 totam
2887 1959 3027 2014 dedit
3054 1962 3176 2030 [iliis
3204 1940 3491 2035 hominum,
3521 1983 3577 2025 ut

1996 2031 2112 2101 ejus
2160 2037 2618 2109 consideratione,
2673 2058 2926 2114 quantum
2978 2064 3232 2122 possunt,
3291 2060 3579 2130 coujiciant

1995 2122 2331 2193 Creatorem,
2360 2145 2518 2199 quem
2558 2133 2784 2192 inﬁrmis
2817 2139 2991 2195 adhuc
3032 2146 3435 2207 cordibussine
3474 2152 3578 2208 isto

1993 2214 2314 2284 conjecturae
2341 2219 2664 2279 adminiculo
2691 2226 2873 2284 videre
2900 2246 3004 2285 non
3036 2246 3277 2301 possunt.

2067 2305 2154 2359 12.
2185 2307 2279 2362 Est
2304 2309 2523 2367 etaiius
2551 2313 2882 2384 intellectus,
2911 2335 2942 2374 a
2969 2337 3075 2392 quo
3098 2323 3434 2385 dissimulare
3466 2349 3572 2389 non

1992 2393 2183 2461 debeo,
2206 2399 2491 2455 verborum
2520 2402 2765 2473 istorum,
2794 2409 2990 2477 quibus
3017 2412 3214 2469 dictum
3241 2427 3324 2473 est
3343 2460 3358 2485 ,
3382 2418 3575 2477 lemu

1992 2490 2105 2545 coeli
2131 2487 2367 2560 Domino,
2398 2502 2584 2549 terram
2603 2508 2773 2555 autem
2795 2500 2931 2556 dedit
2956 2503 3079 2572 [iliis
3100 2507 3362 2564 hominum
3386 2528 3405 2565 :
3429 2523 3484 2568 ut
3507 2516 3576 2569 ab

1991 2593 2058 2633 eo
2098 2582 2239 2650 quod
2272 2583 2537 2651 diximus,
2581 2603 2687 2643 non
2727 2592 2945 2647 recedat
2979 2595 3223 2652 intentio.
3260 2600 3573 2661 Dixeramus

1990 2670 2132 2725 enim
2165 2688 2384 2744 magnos
2409 2685 2463 2731 et
2489 2679 2711 2747 pusillos
2732 2682 3023 2752 significari
3047 2688 3208 2744 etiam
3229 2706 3293 2746 eo
3315 2694 3453 2761 quod
3479 2697 3571 2751 ad-

1986 2759 2185 2829 jectum
2215 2775 2296 2818 est
2315 2806 2330 2830 ,
2362 2765 2623 2822 Benedicti
2650 2787 2735 2825 ros
2776 2771 3031 2843 Domina,
3066 2782 3151 2845 qui
3177 2783 3292 2853 fecit
3318 2759 3574 2843 caelumet

1992 2860 2198 2907 terram.
2245 2854 2298 2911 Si
2330 2872 2457 2927 ergo
2484 2875 2706 2930 magnos
2731 2864 2887 2929 caeli,
2926 2868 3149 2935 pusillos
3189 2880 3367 2929 autem
3416 2868 3573 2933 terra:

1989 2945 2207 3002 nomine
2232 2949 2522 3018 accipimus
2549 2970 2561 3005 :
2586 2954 2838 3022 quoniam
2870 2959 3051 3027 pusilli
3080 2966 3376 3021 crescendo
3409 2968 3573 3024 futuri

1988 3043 2116 3089 sunt
2136 3037 2350 3101 caelum,
2376 3048 2428 3093 ct
2457 3041 2508 3094 in
2539 3041 2649 3111 ipsa
2680 3058 2775 3114 spe
2810 3046 2946 3103 lacte
2974 3052 3312 3116 nutriuntur;
3345 3058 3422 3112 sic
3448 3074 3572 3115 sunt

1989 3127 2060 3182 illi
2091 3131 2265 3199 magni
2296 3133 2489 3188 caelum
2520 3143 2677 3199 terra:
2698 3181 2713 3202 ,
2747 3154 2868 3195 cum
2914 3146 3164 3209 parvulos
3194 3151 3470 3219 nutriunt,
3515 3167 3571 3208 ut
3603 3167 3610 3174 '

1987 3221 2147 3275 etiam
2170 3223 2365 3278 caelum
2387 3226 2511 3282 caeli
2536 3243 2594 3281 se
2615 3244 2735 3284 esse
2766 3231 3082 3303 intelligant,
3112 3238 3235 3295 dum
3256 3244 3490 3312 cogitant
3514 3246 3568 3300 in

1987 3325 2086 3378 qua
2116 3325 2211 3379 spe
2243 3313 2444 3380 parvuli
2474 3318 2793 3373 nutriantur.
2843 3322 2949 3376 Sed
2989 3333 3163 3383 tamen
3193 3330 3315 3398 quia
3352 3333 3462 3401 jam
3496 3335 3569 3389 illi

1986 3416 2092 3455 non
2121 3404 2188 3457 ab
2214 3401 2460 3470 homine,
2489 3422 2663 3479 neque
2687 3424 2780 3478 per
2807 3409 3076 3469 hominem
3099 3458 3114 3483 ,
3147 3419 3242 3473 scd
3274 3436 3367 3489 per
3393 3422 3566 3493 ipsum

1985 3492 2151 3547 Deum
2182 3505 2404 3565 carpunt
2432 3496 2791 3556 sinceritatem
2823 3503 3225 3578 ubertatemque
3254 3492 3565 3583 sapientim;

1983 3598 2302 3655 acceperunt
2348 3591 2595 3658 parvulos
2640 3591 2845 3650 futuros
2870 3597 3082 3666 quidem
3112 3603 3336 3671 etelum,
3372 3616 3425 3661 nt
3454 3624 3566 3664 cm-

1982 3678 2092 3732 lum
2121 3680 2240 3733 caeli
2276 3695 2333 3736 se
2369 3697 2489 3737 esse
2517 3685 2717 3751 sciant;
2748 3687 2924 3745 adhuc
2949 3700 3124 3747 tamen
3155 3704 3348 3751 terram
3370 3700 3564 3767 cnidi-

1982 3766 2265 3839 cant,Ego
2294 3772 2537 3841 plantavi,
2569 3774 2752 3846 Apollo
2779 3779 2980 3849 rigavit,
3008 3782 3099 3834 sed
3129 3782 3259 3838 Deus
3287 3766 3568 3844 incremen-

1982 3867 2089 3911 tum
2108 3858 2243 3912 dedit
2265 3860 2315 3923 (l
2337 3860 2450 3915 Cor.
2476 3879 2553 3928 ιιι,
2571 3866 2647 3934 6).
2673 3867 2804 3934 ipsis
2825 3870 2966 3943 enim
2991 3870 3112 3925 filiis
3138 3872 3407 3932 hominum
3430 3897 3565 3951 quos

1980 3946 2105 4003 fecit
2128 3950 2344 4013 omium,
2367 3961 2560 4008 terram
2584 3955 2731 4010 dedit
2758 3958 2810 4011 in
2839 3976 2937 4028 qua
2963 3976 3274 4032 aperentur,
3299 3970 3387 4036 qui
3416 3946 3564 4028 n—ovit

1981 4047 2136 4094 terrm
2165 4041 2445 4111 providere
2469 4060 2563 4114 per
2584 4047 2802 4103 caelum.
2833 4051 3080 4108 illaueant
3105 4057 3265 4126 igitur
3289 4064 3480 4118 coelum
3509 4076 3564 4122 et

1981 4138 2121 4185 terra
2152 4130 2202 4184 in
2235 4133 2343 4187 Deo
2370 4149 2468 4189 suo
2497 4136 2585 4206 qui
2616 4135 2738 4195 iecit
2765 4155 2849 4206 ea,
2878 4151 2932 4197 et
2961 4144 3140 4200 vivant
3163 4165 3228 4204 ex
3257 4168 3321 4206 eo
3344 4194 3358 4219 ,
3391 4158 3561 4211 couti-

1980 4229 2154 4278 tentes
2176 4224 2222 4279 ei
2243 4234 2297 4280 et
2317 4226 2594 4283 laudantes
2614 4245 2735 4286 eum
2756 4249 2772 4289 :
2796 4249 2916 4289 nam
2939 4236 2983 4290 si
3004 4253 3067 4292 ex
3090 4253 3149 4295 se
3174 4242 3336 4299 velint
3361 4247 3555 4315 vivere,

1977 4315 2291 4383 morientur,
2316 4318 2454 4374 sicut
2474 4319 2736 4392 scriptum
2764 4336 2867 4392 est,
2896 4331 2940 4379 A
2967 4340 3164 4386 mortuo
3186 4337 3331 4403 quasi
3356 4312 3439 4407 qui
3458 4357 3560 4396 non

1974 4404 2059 4470 sit,
2088 4407 2215 4476 perit
2239 4409 2489 4479 confessio
2522 4411 2706 4484 (Eccli.
2737 4430 2875 4483 xvn,
2898 4418 3013 4489 26).
3043 4418 3180 4487 Sed,
3217 4423 3341 4480 Non
3367 4404 3558 4484 mortui

1974 4498 2251 4554 laudabunt
2282 4512 2327 4556 te
2346 4543 2361 4569 ,
2393 4502 2643 4570 Domine,
2674 4524 2834 4580 neque
2858 4527 3028 4567 omnes
3048 4516 3132 4584 qui
3160 4516 3480 4575 descendunt"
3506 4523 3560 4579 in

1973 4590 2248 4660 infernum.
2276 4594 2481 4650 Clamat
2508 4597 2651 4652 enim
2678 4601 2783 4654 alio
2813 4602 2933 4657 loco
2966 4613 3051 4659 tua
3081 4604 3357 4679 Scriptura
3384 4630 3395 4665 :
3423 4613 3558 4668 Pec—

1972 4690 2140 4748 catar,
2172 4684 2294 4737 dum
2329 4688 2516 4740 venerit
2551 4688 2603 4741 in
2635 4684 2946 4761 profundum
2974 4696 3222 4753 nullorum
3246 4743 3259 4762 ,
3288 4708 3557 4758 contemnit

1972 4772 2154 4842 (Prov.
2179 4791 2332 4839 xvut,
2362 4778 2441 4846 3).
2473 4778 2579 4833 Sed
2600 4797 2693 4834 nos
2714 4784 2801 4852 qui
2827 4786 3057 4850 vivimus,
3086 4790 3423 4847 benedicimus
3443 4794 3556 4848 Do-

1970 4866 2182 4932 minum,
2213 4883 2275 4922 ea:
2302 4868 2397 4921 hoc
2426 4886 2559 4924 nunc
2589 4882 2636 4925 et
2661 4890 2813 4945 usque
2836 4877 2890 4930 in
2912 4880 3171 4934 steculum.

1970 5000 3550 5034 Ἥ

2402 5099 2485 5159 ΙΝ
2526 5101 2663 5162 PSA
2675 5104 2908 5167 LMUM
2950 5108 3169 5169 CXiV.

2531 5245 2939 5300 ιεΝΑιιΙιΑΤιυ.

2487 5388 2658 5428 SERMO
2690 5392 2755 5430 AD
2784 5391 3007 5431 PLEDE“.

2031 5524 2084 5578 1.
2116 5522 2278 5597 [vers.
2306 5526 2381 5598 1.]
2418 5527 2586 5583 Dilexi
2604 5571 2618 5592 ,
2645 5532 2882 5600 quoniam
2913 5537 3148 5592 exaudiet
3180 5538 3424 5599 Dominus
3453 5562 3544 5601 ιω-
3592 5538 3603 5551 ”

330 5615 348 5677 ἓ
373 5620 506 5673 ων..
529 5626 704 5677 magna
728 5626 745 5662 :
769 5613 1172 5663 dissentientibus
1202 5614 1394 5665 caeteris
1412 5613 1569 5677 libris.

331 5676 501 5739 tuas,
522 5675 671 5737 super
702 5687 817 5739 nos._
845 5687 994 5737 super
1027 5687 1112 5739 nos
1148 5683 1358 5734 etsuper
1393 5675 1519 5739 ﬁlios
1553 5682 1753 5728 no‘tros.
1778 5681 1849 5729 sic

278 5735 1152 5811 οιίξιξξιλξδθιιηιξνωι-ίῐῖνηςβι.
1271 5806 1281 5811 _
1393 5735 1487 5811 ζ,
1612 5801 1621 5809 .
1703 5801 1713 5811 .

335 5798 355 5830 ³
376 5799 447 5848 sic
470 5808 559 5848 Mss
599 5806 652 5847 At
675 5805 783 5846 ιω.
802 5831 816 5857 ,
838 5797 997 5856 tolles,
1018 5797 1069 5847 id
1084 5804 1153 5848 est
1176 5806 1349 5861 gentes,
1368 5800 1487 5849 sicut
1512 5801 1621 5861 agni
1640 5801 1811 5851 arium.

1956 5630 2065 5669 cem
2084 5616 2451 5687 deprecationis
2476 5636 2616 5675 mete.
2636 5621 2825 5677 Cautet
2847 5624 2948 5681 hoc
2971 5626 3147 5685 anima
3163 5647 3282 5702 qua:
3306 5642 3545 5708 peregri-

1958 5715 2118 5762 natur
2145 5723 2175 5761 a
2208 5709 2466 5775 Domino,
2501 5720 2679 5770 cantet
2712 5715 2815 5770 hoc
2843 5719 2957 5774 ovis
2988 5720 3076 5777 illa
3099 5739 3217 5795 qua:
3243 5730 3538 5798 erraverat,

1957 5806 2136 5854 cantet
2183 5799 2286 5856 hoc
2332 5802 2469 5857 iiiius
2513 5804 2603 5859 ille
2643 5808 2730 5877 qui
2760 5819 3005 5867 mortuus
3034 5814 3200 5875 fuerat
3237 5831 3289 5876 et
3314 5825 3538 5893 revisit,
