4090 6512
488 394 506 449 l
526 393 617 448 ιιςτ

484 509 712 579 perierat
742 513 793 558 et
820 502 1065 557 inventus
1093 509 1176 555 est
1200 498 1353 569 (Luc.
1387 511 1476 560 xv,
1506 495 1558 561 6,
1587 492 1712 565 2i);
1743 500 1919 547 cantet
1949 491 2049 546 hoc

482 598 657 651 anima
684 591 1117 661 uestra-,iratres
1141 599 1196 646 et
1226 588 1316 643 lilii
1345 584 1665 642 cbarissimi.
1712 581 2048 646 Erudiamur,

484 700 538 745 et
564 701 969 759 permaneamus
987 726 1003 751 ,
1032 693 1086 739 et
1110 698 1230 738 cum
1255 679 1453 736 sanctis
1481 679 1579 733 ista
1609 683 1886 733 cantemus
1912 692 1926 729 :
1953 673 2050 727 Di-

484 780 585 835 [αἱ
602 819 617 845 ,
646 778 883 848 quoniam
910 773 1142 829 exaudiet
1184 770 1434 826 Dominus
1480 784 1649 824 vocem
1690 765 2054 837 deprecationis

481 885 624 925 nuce.
657 865 919 937 Numquid
948 865 1063 936 ipsa
1088 862 1343 934 diligendi
1366 876 1527 918 eausa
1552 868 1655 928 est,
1683 859 1921 930 quoniam
1948 857 2055 911 Do-

481 961 647 1015 minus
688 956 921 1013 exaudie'
963 972 1134 1011 vocem
1172 953 1538 1026 deprecationis
1564 953 1721 1007 mete?
1744 966 1807 1006 ac
1828 966 1931 1006 non
1962 965 2057 1021 po-

481 1054 586 1107 tius
614 1060 702 1106 aut
730 1049 848 1105 ideo
873 1048 1143 1120 diligimus
1186 1048 1307 1118 quia
1337 1045 1634 1112 exaudivit,
1663 1053 1753 1099 aut
1783 1043 1905 1099 ideo
1930 1042 2053 1098 dili-

478 1145 651 1215 gimus
680 1152 738 1198 ut
765 1142 1043 1198 exaudiat?
1079 1141 1216 1208 Quid
1261 1149 1344 1196 est
1390 1155 1549 1210 ergo,
1584 1138 1753 1193 Dilexi
1772 1178 1787 1204 ,
1818 1137 2056 1208 quoniam

478 1235 749 1290 exaudiet?
777 1236 860 1289 An
890 1233 1011 1303 quia
1038 1232 1381 1288 dilectionem
1407 1245 1530 1301 spes
1555 1229 1693 1285 solet
1725 1228 2016 1284 accendere
2034 1268 2050 1294 ,

478 1326 728 1382 dilexisse
784 1340 844 1381 se
897 1325 1069 1391 dixit,
1111 1324 1360 1394 quoniam
1405 1321 1640 1391 speravit
1684 1319 2054 1377 exauditurum

482 1415 859 1472 Deum~vocem
888 1414 1276 1485 deprecationis
1302 1412 1450 1468 sum?

547 1505 601 1560 2.
632 1504 781 1579 [vers.
807 1505 863 1571 2,
888 1503 968 1577 5.]
996 1504 1146 1560 Unde
1174 1514 1352 1559 autem
1383 1502 1485 1557 hoc
1513 1502 1776 1572 speravit?
1798 1500 2055 1569 Quoniam

479 1596 738 1650 inclinavit
757 1637 772 1663 ,
806 1596 1005 1666 inquit,
1032 1611 1207 1649 aurem
1231 1610 1379 1649 suam
1404 1595 1548 1658 mihi,
1578 1603 1625 1647 et
1656 1593 1711 1647 in
1738 1593 1911 1647 diebus
1935 1592 2056 1647 meis

477 1687 720 1740 invocavi.
766 1686 907 1757 Ergo
936 1686 1056 1742 ideo
1081 1686 1282 1752 dilexi,
1313 1684 1564 1755 quoniam
1596 1684 1844 1740 exaudiet
1872 1700 1886 1749 ;
1934 1684 2056 1739 ideo

480 1776 764 1843 exaudiet,
798 1777 1035 1848 quoniam
1078 1775 1339 1830 inclinavit
1380 1791 1554 1829 aurem
1596 1791 1742 1829 suam
1768 1775 1912 1828 mihi.
1949 1772 2054 1829 Sed

481 1869 624 1925 unde
654 1871 777 1933 scis,
809 1885 843 1925 o
866 1870 1041 1924 anima
1064 1869 1316 1935 humana,
1339 1867 1480 1938 quod
1506 1867 1778 1922 inclinavit
1806 1868 1943 1922 Deus
1962 1882 2057 1921 au-

482 1978 595 2019 rem
625 1979 775 2018 suam
805 1963 918 2027 tibi,
952 1962 1051 2017 nisi
1080 1961 1250 2028 dicas,
1280 1960 1530 2016 Credidi?
1556 1958 1773 2014 Manent
1798 1974 1927 2029 ergo
1958 1959 2054 2013 tria

481 2054 616 2116 haec,
650 2052 801 2118 ﬁdes,
830 2067 973 2122 spes,
999 2051 1233 2106 Charitas
1259 2050 1316 2121 (Ι
1339 2050 1457 2107 Cor.
1487 2066 1603 2115 xm,
1638 2051 1728 2119 l5)
1755 2067 1768 2101 :
1791 2050 1912 2121 quia
1933 2065 2054 2105 cre-

479 2143 680 2210 didisti,
707 2143 962 2212 sperasti;
995 2142 1117 2212 quia
1146 2142 1394 2211 sperasti,
1422 2139 1674 2196 dilexisti.
1697 2139 1815 2194 Jam
1842 2140 1885 2194 si
1909 2156 2056 2210 qua:-

483 2248 594 2287 ram
648 2233 787 2288 unde
840 2232 1125 2288 crediderit
1173 2233 1350 2287 anima
1398 2232 1684 2287 inclinasse
1728 2232 1827 2287 sibi
1872 2247 2052 2287 aurem

482 2324 646 2378 Deum
673 2338 859 2389 suum;
888 2337 1065 2378 nonne
1091 2321 1435 2393 respondebit
1455 2340 1468 2376 :
1488 2322 1624 2390 Quia
1659 2341 1678 2375 ι
1708 2323 1854 2393 prior
1873 2322 2056 2378 dilexit

470 2428 598 2479 nos,
628 2423 682 2468 et
727 2412 861 2469 Filio
906 2413 1122 2483 proprio
1170 2427 1277 2468 non
1323 2414 1594 2484 pepercit,
1621 2413 1715 2469 sed
1761 2430 1857 2484 pro
1902 2414 2055 2469 nobis

466 2504 725 2560 omnibus
752 2504 967 2559 tradidit
985 2520 1106 2559 eum
1134 2524 1154 2558 ι
1180 2503 1359 2575 (Rom.
1390 2520 1504 2571 vui,
1523 2505 1661 2575 52)?
1682 2522 1701 2556 ι
1729 2503 2006 2571 Quomodo
2030 2524 2048 2558 s

477 2595 619 2650 enim
652 2614 670 2648 ι
705 2596 1029 2651 invocabunt
1071 2595 1124 2650 in
1169 2610 1329 2667 quem
1374 2610 1480 2650 non
1523 2594 1901 2650 crediderunt?
1936 2614 1954 2647 ι
1982 2596 2055 2650 ait

482 2684 678 2743 Doctor
723 2685 971 2743 Gentium
1001 2704 1014 2741 :
1046 2704 1068 2739 ί
1100 2695 1191 2741 aut
1216 2686 1484 2757 quomodo
1510 2685 1732 2741 credent
1759 2701 1915 2756 quem
1947 2700 2052 2741 non

478 2781 791 2837 audierunt?
810 2780 1089 2851 Quomodo
1117 2790 1295 2836 autem
1316 2780 1538 2836 audient
1557 2779 1675 2835 sine
1704 2778 2056 2849 pmdicaute?

464 2879 569 2927 aut
592 2870 859 2941 quomodo
879 2870 1264 2941 praedicabunt,
1283 2870 1387 2924 nisi
1414 2870 1692 2924 mittantur
1716 2868 1861 2939 »(1ι1.
1890 2868 2051 2936 ς,14,

480 2960 609 3035 £5)?
638 2962 768 3018 Cum
800 2961 915 3017 haec
940 2962 1117 3016 omnia
1143 2970 1291 3033 gesta
1322 2976 1445 3032 erga
1476 2976 1563 3016 me
1592 2974 1889 3025 cernerem,
1921 2975 2053 3030 quo-

466 3056 638 3112 «modo
662 3072 766 3112 non
794 3055 1069 3111 crederem
1095 3055 1240 3126 quod
1272 3054 1547 3109 inclinavit
1588 3054 1842 3109 Dominus
1867 3068 2052 3108 aurem

477 3164 625 3205 suam
656 3149 818 3204 mihi?
840 3148 909 3203 Et
934 3149 1011 3203 sic
1035 3146 1428 3203 commendavit
1454 3148 1509 3201 in
1536 3146 1689 3201 nobis
1711 3145 2052 3200 dilectionem

464 3255 653 3307 suam,
681 3249 739 3297 ut
766 3241 1008 3297 Christus
1032 3255 1131 3313 pro
1156 3240 1332 3309 impiis
1358 3248 1657 3295 moreretur
1675 3238 1784 3310 (Id.
1812 3255 1863 3302 ν,
1888 3239 1942 3305 8,
1971 3237 2049 3309 9).

465 3333 793 3404 -Cum‘igitur
822 3333 937 3388 haec
967 3333 1093 3388 mihi
1119 3333 1496 3389 annuntiarent
1517 3332 1746 3402 speciosi
1776 3331 1939 3401 pedes
1961 3347 2054 3385 eo-

463 3442 593 3480 'rum
624 3427 713 3497 qui
743 3425 1190 3481 annuntiaverunt
1231 3440 1414 3496 pacem
1438 3466 1453 3492 ,
1486 3425 1575 3495 qui
1605 3425 2054 3479 annuntiaverunt

464 3517 615 3570 ébona
646 3514 801 3587 (lsai.
835 3532 902 3570 LII
924 3558 939 3583 ,
965 3514 1025 3585 Ἰ)
1050 3558 1064 3582 ,
1094 3516 1216 3585 quia
1243 3516 1405 3569 omnis
1432 3514 1519 3585 qui
1546 3515 1847 3569 invocaverit
1873 3531 2052 3568 nomen

481 3607 717 3675 Domini,
748 3608 916 3663 salvus
954 3608 1046 3663 erit
1094 3606 1232 3677 (Joet
1250 3623 1325 3674 ιι,
1350 3606 1466 3678 32),
1494 3606 1696 3661 credidi
1724 3621 1906 3661 aurem
1937 3606 2053 3677 ejus

478 3701 782 3756 inclinatam
810 3701 961 3768 mihi,
993 3710 1040 3755 et
1066 3701 1119 3755 in
1145 3700 1318 3755 diebus
1347 3701 1467 3754 meis
1491 3699 1738 3754 invocavi.

547 3794 600 3849 5.
619 3792 700 3849 ’Et
724 3794 816 3865 qui
849 3803 973 3849 sunt
998 3793 1113 3849 dies
1148 3792 1243 3859 tui,
1271 3792 1519 3863 quoniam
1547 3791 1762 3857 dixisti,
1787 3790 1853 3845 in
1878 3792 2052 3846 diebus

467 3887 598 3942 meis
641 3887 998 3941 invocavi?an
1047 3886 1182 3942 forte
1226 3886 1300 3939 illi
1346 3885 1538 3955 quibus
1584 3886 1730 3940 venit
1779 3885 2050 3955 plenitudo

477 3979 751 4048 temporis,
781 3989 837 4034 et
865 3979 1009 4034 misit
1033 3979 1175 4033 Deus
1205 3977 1396 4032 Filium
1430 3993 1584 4033 suum
1617 3977 1814 4049 (Colat.
1839 3994 1907 4044 iv,
1942 3979 2009 4050 4)
2030 4019 2046 4046 ,

474 4071 563 4142 qui
589 4071 697 4141 jam
726 4071 959 4137 dixerat,
983 4069 1231 4140 Tempore
1258 4069 1553 4139 acceptabili
1577 4069 1810 4123 exaudiui
1833 4080 1898 4138 te,
1920 4080 1969 4124 et
1996 4071 2050 4125 in

475 4156 556 4217 die
578 4164 755 4218 salutis
779 4163 954 4234 adjuvi
984 4171 1030 4216 te
1067 4160 1237 4233 (Isai.
1271 4177 1401 4216 χιιι
1423 4204 1437 4227 ,
1466 4163 1498 4216 8
1521 4163 1575 4232 )Y
1605 4161 1813 4217 Audisti
1854 4178 1917 4217 ex
1946 4154 2050 4218 ‘ore

475 4253 840 4322 prtedicatoris
865 4251 1129 4307 venientis
1150 4251 1217 4306 ad
1252 4260 1303 4307 te
1346 4252 1570 4322 pedibus
1597 4252 1853 4321 speciosis
1874 4293 1888 4315 ,
1916 4251 2051 4307 Ecce

475 4360 609 4398 nunc
637 4353 831 4414 tempus
855 4342 1178 4414 acceptabiie,
1205 4358 1316 4398 ecce
1340 4360 1473 4397 nunc
1497 4344 1601 4397 dies
1622 4344 1800 4398 salutis
1826 4343 1901 4413 (ll
1928 4342 2046 4398 Cor.

474 4450 561 4501 vi,
591 4432 661 4504 2)
688 4452 702 4489 :
733 4442 788 4489 et
814 4431 1121 4500 credidisti,
1153 4441 1208 4489 et
1238 4433 1290 4488 in
1316 4432 1503 4489 diebus
1530 4433 1633 4488 tuis
1664 4433 1919 4489 invocasti
1941 4476 1956 4500 ,
1994 4442 2051 4490 et

472 4525 651 4581 dixisﬁ
672 4566 685 4589 ,
718 4522 764 4579 0
790 4522 1025 4589 Domine,
1056 4540 1174 4579 erue
1201 4524 1423 4579 animam
1453 4540 1636 4579 meam.
1662 4524 1797 4579 Sunt
1833 4524 2045 4594 quidem

473 4618 571 4672 ista
602 4634 616 4670 :
646 4615 740 4671 sed
760 4615 875 4672 dies
896 4631 1043 4672 meos
1068 4616 1257 4686 magis,
1283 4616 1473 4687 inquit,
1498 4630 1713 4686 possum
1736 4616 1913 4672 dicere
1933 4616 2048 4672 dies

474 4707 703 4764 miseria
731 4722 885 4772 mete,
922 4706 1037 4763 dies
1065 4706 1401 4762 mortalitatis
1431 4721 1584 4771 meae,
1614 4705 1729 4762 dies
1753 4707 2048 4763 secundum

474 4799 664 4864 Adam,
697 4799 881 4870 plenos
913 4798 1110 4854 laboris
1138 4806 1193 4854 et
1218 4798 1458 4864 sudoris,
1486 4797 1600 4853 dies
1626 4797 1919 4853 secundum
1949 4814 2048 4856 ve-

472 4901 723 4948 tustatem
754 4890 1067 4962 putredinis.
1098 4890 1208 4961 Ego
1233 4889 1374 4945 enim
1399 4889 1604 4958 jacens,
1635 4890 1824 4958 inﬁxus
1852 4891 1903 4945 in
1928 4890 2046 4945 timo

469 4982 714 5055 profundi
758 4980 931 5052 (Psal.
966 4996 1134 5035 LXVIII
1154 5021 1170 5046 ,
1207 4980 1274 5050 '5)
1299 5021 1315 5047 ,
1345 4988 1399 5035 et
1425 4980 1476 5034 in
1507 4979 1611 5034 alio
1639 4980 1842 5049 psalmo
1867 4981 2047 5036 excla-

472 5076 612 5131 mavi
632 5116 648 5142 ,
676 5074 811 5129 Ecce
836 5083 1023 5128 veteres
1054 5073 1267 5143 posuisti
1290 5073 1396 5127 dies
1422 5089 1558 5127 meos
1603 5072 1771 5143 (Psal.
1804 5089 2003 5130 xxxvm
2027 5115 2045 5143 ,

472 5167 527 5239 6)
554 5184 568 5220 :
593 5166 647 5220 in
687 5165 771 5220 his
813 5165 983 5219 diebus
1026 5165 1149 5219 meis
1188 5164 1432 5217 invocavi.
1463 5164 1671 5219 Distant
1699 5164 1894 5235 quippe
1930 5166 2047 5221 dies

471 5254 577 5311 mei
605 5270 637 5309 a
661 5254 851 5309 diebus
878 5253 1083 5307 Domini
1115 5254 1239 5309 mei.
1272 5252 1394 5307 Dies
1425 5267 1571 5308 meos
1592 5254 1713 5309 dico
1731 5296 1747 5320 ,
1775 5270 1909 5325 quos
1934 5256 2048 5325 ipse

472 5345 601 5400 mihi
636 5344 734 5400 l'eci
764 5345 965 5415 privata
991 5343 1209 5419 audacia
1230 5384 1246 5410 ,
1273 5358 1374 5414 qua
1403 5342 1614 5399 deserui
1646 5359 1768 5399 eum
1791 5362 1804 5398 :
1828 5354 1883 5400 et
1907 5360 2045 5416 quo-

472 5437 613 5492 niam
659 5436 854 5506 ubique
898 5450 1012 5506 Ipse
1056 5448 1277 5506 regnat,
1305 5444 1359 5490 et
1399 5444 1483 5489 est
1522 5436 1859 5506 omnipotens
1885 5447 2046 5508 atque

468 5528 826 5596 mnuiteneus,
849 5528 1017 5583 merui
1038 5541 1339 5592 carcerem;
1365 5525 1415 5582 id
1435 5535 1538 5592 est,
1564 5527 1875 5598 ignorantia:
1897 5537 2045 5586 tene-

472 5620 599 5674 bras
617 5659 633 5684 ,
658 5628 714 5676 et
739 5618 1026 5689 compedes
1054 5617 1391 5672 mortalitatis
1417 5618 1620 5688 accepi.
1665 5616 1732 5671 In
1760 5617 1845 5673 bis
1870 5619 2045 5676 diebus

472 5710 594 5766 meis
616 5710 881 5772 invocavi;
908 5709 1030 5779 quia
1057 5722 1157 5777 ego
1185 5718 1240 5764 et
1265 5708 1389 5764 alibi
1418 5708 1624 5776 clamo,
1663 5707 1808 5763 Educ
1836 5711 1901 5765 de
1927 5728 2042 5766 car-

472 5815 582 5855 cere
608 5800 830 5855 animum
858 5813 1021 5853 meam
1047 5797 1216 5868 (Psat.
1248 5813 1387 5866 cxu,
1412 5796 1501 5869 8):
1529 5807 1587 5855 et
1611 5799 1860 5869 quoniam
1882 5801 1934 5856 in
1958 5801 2044 5860 die

1679 379 1731 434 S.
1766 373 2127 434 AUGUSTINI
2158 374 2455 430 EPISCUPI

3604 388 3739 442 MSS

2164 490 2352 545 salutis
2372 532 2385 557 ,
2414 508 2573 563 quam
2604 496 2620 528 ¹
2650 495 2778 551 mihi
2807 499 3086 569 praestitit,
3114 500 3319 572 adjuvit
3342 518 3461 571 me;
3492 503 3651 559 intrat
3684 508 3739 562 in

2158 591 2503 653 conspectum
2520 586 2632 656 ejus
2647 588 2875 658 gemitus
2895 591 3312 661 compeditorum
3335 592 3500 666 (Psal.
3518 611 3737 658 Lxxvut.

2164 673 2274 746 ll).
2308 675 2362 729 In
2395 676 2475 731 his
2502 679 2642 733 enim
2669 678 2859 736 diebus
2886 683 3043 750 meis,
3072 684 3518 742 Circumdederunt
3545 705 3625 744 me
3646 691 3741 745 do-

2161 762 2292 820 lores
2322 769 2531 834 mortis;
2561 771 2786 839 pericula
2811 772 2999 844 inferni
3023 776 3318 832 invenerunt
3343 796 3420 832 me
3441 796 3460 833 :
3481 796 3603 851 qua:
3630 781 3737 837 liisi

2158 857 2497 915 aberrantem
2525 861 2622 917 abs
2649 872 2702 918 te
2727 879 2834 919 non
2879 866 3177 922 invenirent
3223 884 3327 924 me.
3367 869 3519 927 Nunc
3555 882 3735 927 autem

2160 947 2248 1003 illa
2292 965 2379 1005 me
2425 951 2746 1009 invenerunt
2772 974 2785 1010 :
2808 970 2908 1025 ego
2944 971 3074 1012 vero
3112 974 3175 1013 ea
3218 975 3325 1015 non
3363 961 3735 1027 inveniebam.

2158 1041 2246 1110 qui
2276 1042 2570 1110 gaudebam
2600 1047 2875 1116 prosperis
2893 1049 3097 1115 saeculi,
3121 1049 3173 1105 in
3194 1050 3385 1121 quibus
3409 1053 3526 1122 plus
3546 1052 3739 1108 fallunt

2160 1131 2388 1199 pericula
2419 1133 2630 1189 inferni.

2228 1221 2283 1275 4.
2314 1221 2462 1293 [υση.
2485 1224 2629 1298 4-6.]
2658 1225 2761 1282 Sed
2792 1238 3134 1301 posteaquam
3162 1240 3216 1287 et
3242 1247 3341 1303 ego
3366 1234 3739 1289 tribulationem

2159 1320 2204 1365 et
2242 1313 2468 1367 dolorem
2513 1315 2715 1385 inveni,
2757 1336 2939 1375 nomen
2982 1320 3190 1377 Domini
3224 1325 3468 1378 invocavi.
3513 1325 3741 1382 Latebat

2160 1403 2299 1458 enim
2327 1420 2413 1459 me
2445 1405 2715 1487 tribulatio
2756 1418 2810 1463 et
2846 1409 2999 1465 dolor
3029 1412 3205 1478 utilis;
3239 1414 3504 1470 tribulatio
3529 1415 3598 1472 de
3630 1432 3737 1487 qua

2159 1493 2249 1550 dat
2284 1483 2533 1553 auxilium
2553 1540 2569 1566 ,
2595 1500 2682 1555 cui
2724 1500 2923 1557 dictum
2961 1513 3046 1559 est
3065 1546 3081 1571 ,
3127 1504 3208 1558 Da
3235 1506 3377 1561 nobis
3397 1483 3742 1573 auxiliumde

2159 1586 2496 1656 tribulatione,
2528 1599 2577 1645 et
2604 1608 2731 1646 vana
2754 1594 2895 1648 sulus
2921 1594 3139 1650 hominis
3160 1596 3329 1668 (Psal.
3353 1608 3464 1665 ιιι,
3488 1601 3599 1673 15).
3621 1582 3743 1671 Ego

2158 1677 2300 1731 enim
2329 1678 2398 1734 de
2423 1695 2557 1734 vana
2587 1683 2757 1738 salute
2783 1684 3015 1740 hominis
3039 1687 3373 1757 gaudendum
3396 1699 3450 1745 et
3468 1690 3739 1746 exsultan-

2158 1766 2285 1822 dum
2328 1770 2655 1838 arbitrabar;
2688 1774 2782 1829 sed
2822 1790 2941 1829 cum
2971 1778 3239 1833 audissem
3264 1795 3294 1833 a
3327 1780 3548 1836 Domino
3577 1797 3736 1849 meo,

2159 1857 2305 1913 Beati
2333 1861 2557 1933 lugentes
2575 1904 2591 1931 ,
2626 1867 2863 1934 quoniam
2892 1868 2991 1939 ipsi
3030 1869 3421 1925 consolabuntur
3444 1872 3655 1945 (Matth.
3680 1889 3737 1939 ν,

2158 1948 2240 2020 5),
2271 1966 2378 2006 non
2403 1955 2706 2022 exspectavi
2735 1965 2792 2009 ut
2812 1956 2959 2026 prius
2979 1959 3280 2015 amitterem
3308 1960 3445 2015 bona
3472 1972 3740 2033 tempora-

2158 2040 2227 2094 lia
2252 2042 2443 2111 quibus
2470 2045 2609 2101 male
2633 2046 2959 2114 oblectabar,
2987 2059 3044 2105 et
3079 2059 3204 2107 tunc
3228 2052 3500 2123 lugerem:
3525 2054 3620 2109 sed
3649 2065 3737 2109 at-

2160 2131 2303 2186 tendi
2334 2133 2385 2186 in
2411 2137 2652 2191 eamdem
2685 2136 2850 2208 ipsam
2878 2139 3148 2195 miseriam
3178 2157 3352 2197 meam
3372 2144 3392 2174 ¹
3413 2134 3514 2214 qua
3546 2144 3741 2200 talibus

2157 2223 2481 2292 oblectabar,
2511 2245 2628 2299 qua:
2671 2239 2725 2285 et
2770 2234 3015 2288 amittere
3053 2232 3428 2301 formidarem,
3459 2244 3741 2292 ettenere

2158 2330 2264 2368 non
2299 2332 2541 2385 possem;
2573 2321 2777 2375 attendi
2819 2322 2869 2376 in
2900 2337 3019 2377 eam
3052 2324 3401 2381 vehementer
3425 2335 3479 2381 et
3504 2328 3736 2394 fortiter.

2157 2414 2208 2460 et
2237 2421 2322 2461 me
2347 2423 2452 2462 non
2480 2409 2654 2465 solum
2685 2413 2979 2468 excruciari
3006 2414 3416 2472 adversit‘atibus
3441 2418 3598 2489 hujus
3630 2433 3739 2472 sm-

2156 2498 2295 2563 culi,
2329 2500 2423 2554 sed
2471 2501 2631 2556 etiam
2676 2503 2899 2574 obligari
2944 2508 3385 2576 prosperitatibus
3408 2509 3546 2575 vidi;
3576 2519 3741 2581 atque

2157 2590 2227 2644 ita
2257 2591 2631 2649 tribulationem
2658 2605 2705 2649 et
2732 2597 2960 2651 dolorem
2982 2600 3072 2669 qui
3100 2615 3187 2655 me
3229 2601 3427 2656 latebat
3452 2603 3618 2656 inveni
3638 2645 3653 2670 ,
3691 2613 3739 2656 et

2156 2698 2337 2736 nomen
2360 2682 2564 2739 Domini
2586 2686 2832 2743 invocavi.
2859 2687 2903 2742 0
2922 2686 3157 2755 Domine,
3176 2707 3293 2746 erue
3311 2694 3532 2746 animam
3552 2712 3735 2748 meam.

2154 2772 2313 2827 Miser
2341 2773 2482 2829 enim
2511 2791 2611 2847 ego
2644 2777 2801 2833 homo
2819 2819 2835 2846 ,
2864 2780 2985 2850 quis
3014 2784 3101 2836 me
3143 2781 3389 2838 liberabit
3415 2784 3482 2838 de
3510 2797 3739 2852 corpore

2156 2866 2342 2919 mortis
2371 2865 2546 2935 hujus,
2574 2868 2673 2922 nisi
2697 2869 2863 2938 gratia
2889 2870 2982 2926 Dei
3014 2886 3109 2940 per
3128 2871 3312 2927 Jesum
3340 2872 3606 2929 Christum
3632 2876 3740 2929 Do-

2157 2955 2359 3010 minum
2388 2966 2631 3012 nostrum
2663 2959 2843 3028 (Rom.
2867 2976 2959 3027 vn,
2983 2960 3074 3029 24,
3101 2961 3231 3035 25)?
3261 2964 3411 3019 Dicat
3432 2965 3587 3034 igitur
3607 2982 3738 3020 san-

2155 3056 2271 3101 ctus
2300 3050 2523 3117 populus
2557 3050 2669 3117 Dei,
2711 3050 3106 3107 Tribulationem
3134 3065 3183 3109 et
3206 3055 3432 3130 dolorem
3458 3058 3659 3123 inveni,
3687 3068 3738 3112 et

2155 3155 2332 3192 nomen
2364 3138 2572 3195 Domini
2609 3143 2875 3197 invocavi:
2901 3154 2956 3200 et
2982 3146 3201 3201 audiant
3228 3148 3466 3219 reliquiae
3493 3153 3735 3219 gentium

2155 3248 2273 3302 quzc
2292 3233 2523 3288 nondum
2547 3235 2794 3291 invocant
2809 3252 3004 3292 nomen
3026 3238 3265 3305 Domini;
3287 3241 3503 3297 audiant
3520 3254 3572 3298 et
3588 3259 3737 3313 qua:-

2156 3333 2296 3393 raut,
2323 3336 2382 3381 ut
2407 3327 2682 3382 inveniant
2708 3329 3107 3387 tribulationem
3133 3341 3187 3387 et
3210 3332 3473 3400 dolorem,
3499 3343 3554 3389 et
3586 3335 3737 3388 invo-

2154 3429 2275 3473 cent
2299 3433 2491 3473 nomen
2522 3416 2752 3487 Domini,
2781 3418 2838 3475 et
2868 3421 3027 3476 salvze
3054 3421 3203 3477 ﬂant.
3230 3423 3343 3478 Non
3376 3423 3477 3479 hoc
3496 3425 3573 3479 eis
3599 3425 3737 3480 dici-

2154 3524 2293 3576 mus,
2318 3519 2375 3563 ut
2402 3519 2647 3580 quaarant
2673 3511 2944 3567 miseriam
2972 3528 3130 3583 quam
3153 3528 3261 3569 non
3291 3514 3518 3581 habent;
3550 3517 3647 3571 sed
3679 3528 3738 3573 ut

2154 3598 2426 3655 inveniant
2463 3616 2580 3656 eam
2620 3616 2779 3672 quam
2816 3603 3117 3658 nescientes
3154 3603 3353 3659 habent
3379 3623 3391 3659 :
3420 3622 3590 3677 neque
3632 3606 3737 3663 hoc

2153 3690 2234 3746 eis
2262 3701 2528 3762 optamus,
2556 3701 2614 3747 ut
2636 3703 2850 3749 terrena
2881 3695 3183 3750 necessaria
3208 3694 3387 3751 desint
3410 3699 3510 3761 eis,
3538 3698 3735 3769 quibus

2154 3785 2414 3856 indigent,
2432 3785 2557 3842 dum
2583 3788 2883 3845 mortaliter
2900 3790 3116 3856 vivunt;
3141 3791 3234 3846 sed
3258 3801 3315 3846 ut
3334 3792 3437 3847 hoc
3458 3791 3732 3864 plangant,

2152 3878 2294 3948 quod
2315 3879 2509 3934 amissa
2536 3880 2781 3936 satietate
2810 3881 3040 3946 caelesti,
3062 3883 3307 3947 terrenis,
3334 3899 3439 3938 non
3461 3885 3527 3938 ad
3551 3886 3735 3940 l'rttcnc

2152 3967 2280 4023 dum
2309 3969 2586 4025 stabilibus
2614 3970 2799 4039 bonis,
2829 3971 2925 4027 sed
2949 3971 3013 4027 ad
3047 3972 3450 4029 sustentandum
3480 3988 3734 4031 necessa-

2152 4059 2246 4114 riis
2278 4059 2511 4130 indigere
2538 4070 2867 4117 meruerunt.
2899 4062 3206 4133 Agnoscant
3241 4072 3295 4120 et
3336 4066 3550 4135 lugeant
3574 4068 3732 4123 istam

2153 4150 2455 4216 miseriam;
2485 4150 2642 4206 faciet
2684 4166 2778 4207 eos
2827 4152 3014 4208 beatos
3060 4153 3303 4225 lugentes
3326 4197 3341 4219 ,
3369 4155 3459 4226 qui
3486 4171 3579 4213 eos
3608 4172 3735 4215 esse

2152 4254 2364 4311 semper
2390 4242 2618 4297 miseros
2642 4242 2828 4298 noluit.
3509 4256 3515 4263 ‘

2223 4334 2275 4389 5.
2311 4333 2599 4388 Misericors
2619 4333 2887 4400 Dominus,
2920 4345 2969 4390 et
2987 4336 3179 4407 justus,
3208 4348 3253 4393 et
3282 4337 3421 4393 Deus
3442 4348 3609 4395 noster
3630 4343 3733 4395 mi-

2151 4436 2363 4480 seretur.
2392 4425 2710 4492 Misericors,
2742 4436 2797 4482 et
2815 4427 3011 4496 justus,
3034 4438 3089 4483 et
3108 4430 3410 4485 miseretur.
3445 4431 3735 4489 Misericors

2155 4515 2401 4584 primum,
2434 4517 2557 4586 quia
2584 4515 2859 4571 inclinavit
2882 4531 3066 4573 aurem
3087 4534 3235 4575 suam
3260 4520 3386 4574 mihi
3402 4519 3502 4587 ;’et
3527 4524 3736 4578 nescie-

2151 4607 2272 4660 bam
2309 4606 2692 4676 propinquasse
2716 4621 2901 4662 aurem
2940 4608 3035 4664 Dei
3068 4609 3171 4664 mei
3197 4611 3275 4665 ori
3309 4626 3430 4666 meo
3453 4653 3468 4679 ,
3500 4613 3603 4668 nisi
3635 4627 3733 4682 per

2154 4696 2274 4752 illos
2311 4696 2583 4766 speciosos
2625 4698 2788 4768 pedes
2832 4700 3117 4766 excitarer,
3144 4703 3547 4758 ut‘invocarem
3571 4722 3584 4757 :
3610 4707 3734 4775 quis

2151 4787 2292 4841 enim
2333 4802 2454 4842 eum
2506 4788 2799 4853 invocavit,
2833 4790 2934 4845 nisi
2962 4801 3122 4861 quem
3165 4791 3279 4861 ipse
3308 4791 3453 4862 prior
3481 4795 3733 4848 vocavit?

2154 4878 2289 4934 llinc
2317 4894 2443 4949 ergo
2471 4880 2698 4950 primum
2726 4881 3025 4936 misericors.
3048 4880 3227 4938 Justus
3247 4892 3423 4938 autem
3442 4925 3455 4948 ,
3481 4887 3603 4954 quia
3630 4883 3733 4939 ﬂa-

2151 4971 2340 5040 gellat;
2364 4981 2414 5025 et
2435 4972 2629 5027 iterum
2655 4972 2931 5038 miseretur,
2948 4973 3071 5042 quia
3097 4974 3288 5043 recipit
3305 4991 3321 5027 :
3338 4974 3567 5046 ﬂagellat
3587 4977 3732 5031 enim

2152 5076 2367 5117 munem
2397 5062 2560 5117 lilium
2583 5078 2742 5133 quem
2771 5064 2993 5134 recipit,
3022 5080 3122 5119 nec
3167 5074 3272 5120 tam
3316 5068 3446 5121 mihi
3487 5082 3733 5122 amarum

2152 5151 2319 5207 debet
2336 5167 2455 5207 esse
2492 5154 2633 5223 quod
2671 5152 2939 5224 ﬂagellat,
2967 5170 3124 5225 quam
3154 5155 3307 5211 dulce
3331 5159 3493 5225 quod'
3514 5160 3729 5229 recipit.

2154 5243 2433 5309 Quomodo
2470 5244 2611 5298 enim
2648 5258 2754 5298 non
2803 5244 3032 5315 ﬂagellet
3066 5245 3446 5315 .',;Custodiens
3494 5251 3735 5319 parvulos

2154 5333 2424 5398 Dominus,
2445 5349 2580 5405 quos
2597 5335 2826 5405 grandes
2845 5338 3035 5406 quaerit
3059 5337 3333 5407 hiet-edes?
3353 5342 3472 5411 quis
3488 5343 3630 5397 enim
3648 5354 3733 5398 est

2157 5424 2294 5480 titius
2308 5426 2391 5481 cui
2406 5441 2511 5481 non
2527 5426 2617 5481 det
2631 5425 2961 5497 disciplinam
2981 5438 3128 5499 pater
3146 5430 3259 5500 ejus
3277 5430 3459 5503 (Hebr.
3480 5432 3695 5505 xu,6,7)
3708 5434 3734 5485 ?

2183 5563 2449 5675 dE'gali‘qunt
2470 5570 2576 5613 Mss.
2595 5600 2609 5623 ,
2635 5576 2776 5626 quem
2808 5575 2826 5613 :
2851 5572 2901 5614 et
2925 5561 3057 5624 loco,
3099 5564 3282 5627 adjuvit
3298 5602 3312 5626 ,
3339 5565 3506 5628 plures
3528 5568 3733 5626 habent,

2151 5633 2445 5736 “iustitium.
2474 5694 2546 5736 Er.
2573 5693 2625 5735 et
2646 5686 2815 5749 plures
2835 5694 2940 5738 stas.
2968 5695 3022 5738 At
3041 5694 3170 5747 Lam,
3196 5688 3408 5739 annnam
3430 5670 3603 5738 meam.
3656 5720 3665 5725 ‹

2152 5750 2335 5873 φῖ
2352 5749 2579 5798 meliores
2598 5756 2703 5797 Mss.
2738 5756 2878 5798 Att-1r.
2899 5758 2951 5799 et
2973 5758 3099 5798 ιι)νά
3127 5751 3366 5809 Quomodo
3388 5750 3515 5801 enim
3538 5765 3623 5801 nos
3643 5751 3737 5816 ρυ-
