4090 6508
357 368 492 424 1489

359 478 669 531 ﬂammatus
702 494 811 531 sum
838 518 852 541 ,
900 487 943 529 et
971 477 1163 530 salvum
1205 490 1281 527 me
1315 475 1449 545 fecit.
1502 471 1715 526 Salvum
1743 484 1829 525 me
1855 467 1929 521 fe—

353 572 447 636 cit,
476 569 596 638 quia
627 566 933 622 humiliatus
966 581 1084 633 sum
1111 583 1123 617 :
1148 580 1255 619 non
1281 565 1419 619 enim
1452 563 1694 632 pmnalis,
1727 560 1821 615 sed
1848 574 1930 613 sa-

354 660 542 716 lutaris
569 658 722 712 dolor
746 666 828 712 est
856 671 1012 726 quem
1048 654 1277 709 secando
1304 653 1537 719 medicus
1566 652 1707 705 facit.

424 750 478 805 6.
508 748 640 822 [vers
691 747 830 818 ’ἵε-9.]
861 745 1158 801 Convertere
1194 759 1350 813 ergo,
1390 745 1561 796 anima
1604 758 1713 795 mea
1734 783 1747 804 ,
1774 741 1828 793 in
1854 755 1932 791 re—

352 846 520 911 quiem
546 850 684 894 luam
699 857 719 905 ;
743 842 863 908 quia
888 837 1139 892 Dominus
1165 836 1404 906 benefacit
1430 834 1554 888 tibi:
1577 849 1680 886 non
1704 831 1928 896 meritis,

352 942 445 986 aut
485 931 686 985 viribus
729 928 863 993 tuis;
893 927 987 982 sed
1013 927 1247 995 quoniam
1279 923 1528 977 Dominus
1558 921 1793 990 benefecit
1822 919 1925 973 tibi.

357 1021 610 1091 Quoniam
635 1019 815 1073 exemit
835 1058 849 1082 ,
875 1017 1079 1087 inquit,
1108 1015 1330 1087 animam
1358 1029 1521 1066 meam
1540 1028 1572 1064 a
1594 1020 1769 1065 morte.
1802 1009 1931 1064 Mira

355 1127 444 1166 res
470 1119 583 1176 est,
612 1108 941 1175 charissimi,
974 1106 1113 1178 quod
1157 1120 1275 1161 cum
1321 1104 1546 1160 dixisset
1592 1104 1645 1157 in
1692 1103 1928 1173 requiem

353 1202 771 1273 convertendam
799 1201 1030 1256 animam
1061 1214 1213 1254 suam
1238 1241 1253 1267 ,
1296 1198 1545 1269 quoniam
1583 1195 1845 1251 benefecit
1882 1195 1931 1250 ei

358 1294 645 1357 Dominus;
674 1293 933 1362 subjecit,
971 1292 1223 1359 Quoniam
1256 1288 1434 1344 exemit
1468 1290 1691 1342 animam
1714 1303 1875 1341 meam
1900 1304 1931 1340 a

356 1397 535 1438 morte.
567 1383 761 1439 ldeone
790 1383 842 1437 in
870 1383 1106 1453 requiem
1134 1388 1559 1441 converteretur,
1590 1378 1711 1448 quia
1745 1393 1930 1432 exem-

356 1491 444 1548 pta
470 1485 553 1532 est
580 1493 608 1531 a
640 1477 849 1531 morte?
872 1475 1058 1530 Nonne
1086 1474 1252 1544 magis
1279 1474 1331 1527 in
1370 1480 1541 1526 morte
1584 1472 1795 1540 requies
1827 1470 1931 1525 diei

352 1568 528 1623 solet?
556 1567 685 1635 Qum
716 1565 927 1621 tandem
954 1565 1069 1641 ejus
1095 1564 1233 1619 actio
1257 1570 1356 1628 est,
1385 1563 1537 1632 cujus
1566 1560 1669 1614 vita
1700 1561 1926 1630 requies,

355 1670 409 1715 et
454 1675 599 1714 mors
645 1658 954 1729 inquietudo
995 1657 1111 1713 est?
1138 1656 1281 1711 Talis
1309 1669 1436 1726 ergo
1464 1654 1601 1709 actio
1626 1652 1786 1708 debet
1809 1667 1932 1708 esse

355 1767 572 1814 ammte,
594 1765 713 1821 qua:
738 1759 920 1804 tenuat
944 1746 1009 1803 ad
1037 1749 1271 1819 quietam
1300 1746 1663 1807 securitatem,
1683 1761 1791 1799 non
1815 1759 1933 1815 qua:

356 1852 547 1910 augeat
572 1841 863 1911 inquietum
895 1840 1131 1894 laborem
1158 1856 1170 1891 :
1196 1838 1446 1909 quoniam
1474 1838 1672 1891 exemit
1707 1851 1824 1891 eam
1864 1836 1931 1892 de

357 1942 531 1988 morte
556 1933 644 2001 qui
673 1933 922 1986 misertus
946 1930 1061 2001 ejus
1087 1929 1239 2003 dixit,
1269 1947 1288 1980 ‹
1324 1928 1512 1983 Venite
1534 1928 1598 1982 ad
1623 1944 1728 1995 me,
1750 1942 1935 1985 omnes

352 2028 446 2096 qui
470 2026 745 2090 laboratis,
764 2033 819 2080 et
844 2040 945 2094 ego
968 2039 1062 2079 vos
1088 2022 1319 2077 reﬁciam
1342 2039 1355 2076 :
1377 2022 1542 2075 tollite
1557 2020 1738 2090 jugum
1757 2035 1932 2075 meum

359 2134 523 2185 super
549 2132 663 2182 vos,
697 2126 750 2173 et
775 2116 964 2171 discite
992 2129 1022 2168 a
1052 2129 1159 2176 me.
1188 2113 1439 2184 quoniam
1466 2111 1607 2166 mitis
1628 2126 1743 2165 sum
1764 2119 1818 2165 et
1838 2111 1935 2164 hu-

356 2212 498 2267 milis
523 2210 705 2273 eorde,
736 2218 790 2264 et
820 2207 1103 2263 invenietis
1138 2204 1375 2275 requiem
1401 2203 1683 2258 animabus
1712 2202 1931 2267 vestris;

352 2307 539 2372 jngum
586 2303 728 2355 enim
775 2314 952 2354 meum
992 2312 1154 2359 suave
1191 2304 1308 2361 est,
1336 2302 1391 2350 et
1415 2294 1621 2349 sarcina
1655 2308 1770 2348 mea
1800 2293 1935 2349 levis

300 2402 303 2403 '
359 2404 436 2447 est
470 2412 488 2445 ι
518 2391 727 2463 (Matth.
750 2386 1065 2458 x1,28.50).
1092 2387 1231 2442 Mitis
1252 2386 1429 2456 itaque
1449 2395 1501 2449 et
1531 2384 1743 2438 humilis
1765 2385 1805 2448 ⁸,
1829 2388 1938 2439 ωτι·

358 2500 519 2551 quam
540 2483 677 2536 viam
703 2479 970 2535 Christum
994 2493 1240 2548 sequens,
1269 2476 1430 2532 debet
1448 2491 1566 2531 esse
1585 2477 1776 2529 animae
1795 2476 1936 2531 actio

360 2574 626 2629 tendentis
654 2572 719 2627 ad
750 2572 986 2643 requiem
1011 2586 1025 2624 :
1048 2585 1156 2626 non
1182 2576 1358 2624 tamen
1387 2568 1533 2637 pigra
1560 2576 1613 2621 et
1638 2566 1931 2633 desidiosa;

362 2676 419 2721 ut
446 2681 659 2720 cursum
684 2672 1038 2728 consummet,
1067 2662 1206 2717 sicut
1250 2659 1502 2729 scriptum
1545 2668 1628 2714 est
1651 2692 1672 2720 ν
1692 2657 1757 2713 In
1785 2676 1936 2714 utan-

360 2758 623 2811 suetudine
645 2773 797 2825 opera
827 2765 915 2808 tua
942 2754 1134 2824 perﬁce
1153 2751 1339 2825 (Eccli.
1370 2766 1449 2815 tu,
1476 2750 1585 2817 19).
1613 2751 1845 2816 Etenim,
1870 2765 1937 2806 ne

362 2846 716 2902 mansuetudo
742 2844 807 2898 ad
845 2844 1121 2914 segnitiem
1147 2842 1466 2905 duceretur,
1480 2841 1789 2908 adjunctum
1821 2849 1932 2905 est,

366 2936 534 3007 9pera
555 2945 643 2989 tua
663 2934 866 3010 perfice.
893 2932 1241 3003 Neque‘cnim
1269 2933 1411 2986 sicut
1436 2930 1487 2984 in
1515 2931 1612 2985 ista
1637 2932 1738 2985 vita
1763 2931 1934 2986 somni

360 3029 690 3098 requies,nos
716 3032 927 3096 reparat
949 3025 1015 3079 ad
1042 3025 1339 3089 actionem;
1372 3021 1465 3078 sed
1488 3022 1629 3076 actio
1657 3020 1793 3076 bona
1816 3036 1938 3093 per-

361 3120 506 3189 ducit
530 3118 597 3173 ad
626 3132 839 3187 semper
864 3116 1169 3187 vigilantem
1201 3115 1455 3185 quietem.

431 3213 485 3265 7.
516 3211 607 3266 llle
635 3217 811 3264 autem
838 3216 1026 3263 cuncta
1061 3213 1296 3276 praestat,
1324 3214 1512 3259 cuncta
1539 3204 1753 3259 exhibet
1776 3205 1934 3270 Deus,

360 3303 430 3359 de
454 3316 561 3373 quo
587 3300 675 3355 hic
698 3300 915 3365 dicitur,
950 3297 1205 3371 Quoniam
1235 3294 1485 3350 Dominus
1514 3295 1750 3365 benefecit
1777 3296 1933 3363 mihi,

358 3396 600 3465 quoniam
623 3376 805 3448 exemit
826 3390 1048 3444 animam
1074 3404 1236 3442 meam
1264 3404 1296 3439 a
1322 3396 1501 3453 morte,
1532 3388 1703 3441 oculos
1737 3404 1875 3442 meos
1903 3404 1937 3442 α

361 3486 599 3557 lacrymis
619 3526 634 3550 ,
670 3483 820 3553 pedes
845 3497 978 3536 meos
1006 3498 1036 3534 a
1067 3481 1237 3551 lapsu.
1267 3479 1393 3534 Haec
1416 3480 1558 3535 enim
1589 3480 1643 3533 in
1660 3494 1762 3547 spe
1786 3494 1937 3533 com-

362 3576 501 3645 pleta
536 3587 659 3644 erga
700 3587 759 3627 se
796 3579 973 3626 cantat
1011 3568 1251 3640 quisquis
1281 3569 1440 3638 hujus
1468 3569 1643 3623 carnis
1669 3568 1936 3624 vinculum

362 3667 626 3738 intelligit.
654 3665 792 3720 Vere
818 3665 1011 3735 quippe
1033 3663 1231 3718 dictum
1262 3667 1363 3728 est,
1398 3658 1710 3714 Humiliatus
1738 3676 1869 3722 sum,
1893 3667 1940 3733 et

361 3760 557 3814 saluum
580 3774 658 3812 me
683 3756 795 3827 fecit
819 3772 836 3811 :
857 3755 949 3811 sed
989 3752 1063 3809 et'
1089 3752 1217 3808 illud
1255 3750 1547 3819 Apostolus
1574 3766 1759 3805 verum
1788 3751 1937 3814 dicit,

363 3851 623 3919 Quoniam
649 3848 887 3919 spelsalvi
914 3847 1038 3916 facti
1061 3861 1233 3899 sumus
1264 3842 1437 3915 (Rom.
1468 3858 1561 3897 vut
1582 3886 1596 3907 ,
1621 3841 1735 3912 24).
1765 3840 1837 3899 Et
1872 3842 1939 3897 de

362 3950 538 3996 morte
558 3939 770 4009 quidem
794 3937 932 4009 quod
958 3936 1191 4005 exempti
1214 3948 1416 4000 sumus,
1442 3946 1590 3989 reete
1612 3933 1807 3988 dicitur
1827 3934 1937 4004 jam

363 4046 483 4088 esse
512 4031 855 4100 completum,
879 4038 937 4083 ut
965 4037 1191 4082 mortem
1216 4026 1571 4095 intelligamus
1593 4041 1697 4080 non
1719 4025 1935 4081 creden-

365 4124 518 4187 tium,
541 4122 607 4176 de
637 4120 879 4191 qualibus
909 4119 1005 4183 ait,
1024 4118 1230 4172 Dimitte
1250 4125 1472 4170 mortuos
1492 4117 1700 4187 sepelire
1720 4126 1941 4171 mortuos

364 4229 483 4268 suos
512 4200 724 4281 (MJtth.
747 4225 861 4273 vni,
888 4208 995 4277 2‘2)
1026 4226 1039 4262 :
1063 4216 1117 4263 et
1145 4204 1272 4260 illud
1297 4206 1351 4260 in
1380 4204 1655 4274 superiore
1692 4203 1936 4274 psalmo:

380 4323 399 4355 ι
430 4303 545 4358 Non
591 4301 783 4357 mortui
828 4299 1114 4357 laudabunt
1142 4305 1193 4352 te
1214 4336 1229 4360 ,
1263 4282 1517 4360 Domine,
1546 4310 1717 4365 neque
1754 4309 1941 4351 omnes

364 4396 454 4467 qui
494 4393 829 4461 descendunt
873 4392 924 4445 in
976 4391 1273 4451 infernum;
1302 4386 1397 4441 sed
1430 4402 1529 4441 nos
1557 4387 1646 4457 qui
1675 4387 1937 4454 vivimus,

365 4484 727 4541 benedicimus
756 4481 1033 4536 Dominum
1070 4498 1088 4531 ι
1122 4478 1291 4550 (Psal.
1316 4492 1464 4539 exul,
1491 4478 1577 4543 i7,
1603 4477 1712 4548 18).
1738 4478 1816 4532 Ex
1844 4479 1943 4534 hac

365 4593 493 4649 ergo
522 4585 695 4631 morte
723 4582 898 4644 potest
924 4580 1071 4627 recte
1111 4569 1408 4638 intelligere
1449 4569 1611 4623 homo
1636 4567 1809 4625 ﬁdelis
1829 4569 1938 4639 jam

364 4676 666 4737 exemptam
688 4679 808 4720 esse
829 4676 1059 4719 animam
1083 4673 1255 4726 suam,
1276 4672 1342 4714 eo
1366 4659 1481 4728 ipso
1497 4659 1635 4729 quod
1656 4674 1719 4712 ex
1744 4660 1945 4713 inﬁdeli

367 4756 540 4812 ﬁdelis
567 4754 755 4810 effecta
783 4762 901 4808 est:
937 4750 1075 4807 unde
1112 4751 1226 4819 ipse
1270 4749 1548 4811 Salvator,
1585 4748 1683 4818 Qui
1709 4750 1864 4802 credit
1892 4750 1944 4802 in

366 4864 464 4914 me,
493 4845 692 4915 inquit,
719 4844 987 4897 transitum
1013 4840 1135 4912 facit
1163 4854 1196 4892 a
1224 4848 1385 4891 morte
1410 4837 1477 4891 ad
1507 4839 1658 4891 vitam
1685 4837 1859 4909 (Joan.
1888 4855 1938 4902 v,

362 4940 479 5009 24).
499 4937 703 5007 Cretera
727 4920 854 4989 vero
875 4948 969 5003 spe
989 4930 1254 4999 completa
1271 4939 1395 4983 sunt
1422 4929 1472 4982 in
1496 4929 1575 4983 eis
1596 4930 1685 4997 qui
1707 4927 1942 4982 u‘ondum

369 5046 427 5086 ex
456 5030 556 5084 hac
580 5010 692 5082 vita
713 5025 1061 5095 emigrarunt.
1090 5020 1242 5075 Nunc
1278 5019 1423 5075 enim
1467 5033 1586 5074 cum
1630 5019 1809 5087 lapsus
1852 5034 1944 5073 no-

364 5133 509 5179 stros
530 5100 1009 5193 periculosissimas
1029 5114 1343 5184 cogitamus,
1369 5126 1475 5166 non
1499 5118 1709 5165 cessant
1727 5125 1758 5163 a
1782 5110 1945 5181 lacry-

366 5216 470 5270 mis
496 5211 636 5269 oculi
662 5228 674 5263 :
700 5218 827 5265 tunc
853 5217 1030 5265 autem
1073 5206 1271 5261 eximet
1313 5202 1496 5257 oculos
1538 5208 1753 5255 nostros
1790 5215 1819 5253 a
1864 5202 1943 5253 la-

364 5304 593 5378 crymis,
616 5299 828 5373 quando
868 5307 923 5353 et
967 5295 1130 5365 pedes
1174 5309 1204 5348 a
1250 5293 1421 5364 lapsu.
1453 5291 1583 5360 Quia
1615 5299 1741 5345 tunc
1765 5291 1946 5346 nullus

366 5397 469 5452 erit
490 5395 675 5465 lapsus
699 5389 1083 5446 ambulantium
1107 5385 1323 5456 pedum,
1346 5382 1560 5453 quando
1581 5381 1803 5436 inﬁrma:
1829 5397 1946 5436 car-

366 5490 451 5543 nis
474 5485 691 5553 nullum,
709 5482 809 5538 erit
836 5479 1119 5535 lubricum.
1150 5475 1301 5531 Nunc
1323 5488 1474 5540 vero,
1508 5473 1752 5545 quamvis
1790 5472 1941 5528 ﬁrma

368 5579 437 5636 sit
462 5578 543 5643 via
569 5578 590 5609 ¹
612 5583 812 5638 nostna,
836 5586 956 5642 qua:
974 5567 1221 5625 Christus
1240 5574 1353 5630 est;
1379 5573 1554 5620 tamen
1579 5562 1701 5635 quia
1730 5579 1943 5618 carnem

389 5672 549 5741 ._'.F.r.
578 5675 629 5717 et
665 5674 797 5725 tam,
829 5669 873 5738 et
905 5658 1097 5711 humilis
1135 5655 1297 5707 corde.
1345 5658 1505 5716 Abest,
1543 5655 1704 5716 corde,
1745 5657 1806 5705 ab
1844 5654 1950 5705 aliis

367 5732 521 5786 libris.
832 5732 837 5738 ‘
1220 5778 1227 5785 _

438 5794 462 5828 θ
481 5793 555 5843 sic
577 5789 799 5854 plerique
824 5793 935 5836 uss.
960 5792 1012 5834 At
1034 5782 1163 5842 Edd.,
1185 5786 1292 5831 t‘lla.

1486 357 1875 416 ENARRATIO
1915 353 1979 409 IN
2018 354 2332 414 l’SALMUM
2370 359 2525 413 CXV.

3482 356 3618 413 H90

2040 469 2393 541 uobis,qquam
2412 471 2661 542 jubemur
2681 472 2953 537 edomare,
2974 472 3389 535 substernimus;
3417 473 3468 526 in
3494 475 3608 541 ipso

2037 574 2254 628 prorsus
2282 577 2443 630 opere
2478 577 2584 632 qun
2603 577 2720 632 eam
2747 561 3010 616 subditam
3034 560 3379 631 castigamus,
3410 577 3514 616 non
3547 564 3600 617 in

2037 666 2097 705 ea
2127 653 2316 708 cadere
2351 669 2597 725 maguum
2637 664 2722 710 est
2752 673 2763 708 :
2795 670 2902 709 non
2927 664 3102 709 autem
3133 656 3186 709 in
3215 670 3276 711 ea
3304 655 3444 720 labi,
3485 661 3605 727 quis

2037 741 2243 809 potest?
3118 810 3125 817 ⁸

2107 832 2159 886 8.
2189 833 2522 905 Quapropter
2550 835 2671 905 quia
2702 845 2755 892 et
2782 836 2832 891 in
2864 852 3026 892 carne
3053 850 3258 903 sumus,
3281 845 3334 890 et
3361 839 3412 890 in
3440 851 3603 892 carne

2037 938 2141 978 non
2185 936 2366 979 sumus
2414 927 2502 997 (in
2534 943 2694 982 carne
2722 930 2863 983 enim
2894 943 3076 983 sumus
3114 944 3180 984 eo
3220 929 3433 984 vinculo
3463 930 3601 999 quod

2037 1016 2270 1072 nondum
2293 1018 2523 1073 solutum
2551 1030 2653 1087 est,
2682 1021 2822 1088 quod
2850 1020 3054 1075 dissolvi
3073 1031 3119 1075 et
3145 1038 3250 1076 esse
3272 1038 3385 1075 cum
3405 1021 3606 1076 Christo

2036 1105 2194 1159 multo
2223 1108 2385 1179 magis
2410 1109 2651 1179 optimum
2687 1107 2940 1182 [Philipp
2970 1126 3009 1175 ι,
3032 1109 3161 1183 25],:
3186 1127 3290 1166 non
3318 1122 3499 1167 autem
3517 1127 3607 1165 su-

2036 1212 2155 1252 mus
2182 1198 2232 1251 iu
2256 1206 2423 1254 Carne
2447 1215 2516 1254 ex
2541 1214 2616 1255 eo
2648 1200 2788 1271 quod
2828 1202 3044 1271 spiritus
3076 1202 3332 1271 primitias
3360 1201 3602 1256 dedimus

2037 1288 2168 1354 Deo,
2189 1288 2231 1342 si
2263 1298 2437 1343 tamen
2464 1291 2728 1359 possimus
2749 1290 2927 1346 dicere
2956 1292 3077 1361 quia
3105 1294 3412 1348 conversatio
3433 1304 3605 1348 nostra

2035 1380 2088 1433 in
2117 1380 2252 1435 cretis
2277 1390 2347 1434 est
2372 1378 2481 1452 [Μ.
2505 1396 2582 1447 ιιι,
2605 1380 2696 1453 ‘20]
2717 1424 2731 1446 ,
2757 1393 2810 1436 et
2834 1391 3081 1454 tauquam
3109 1385 3279 1454 capite
3302 1386 3604 1455 placeamus

2038 1469 2178 1534 Deo,
2208 1470 2429 1539 pedibus
2454 1481 2629 1526 autem
2663 1480 2911 1542 tanquam
2941 1474 3193 1528 extremis
3217 1477 3406 1531 anima:
3436 1479 3602 1545 parti-

2036 1564 2135 1619 bus
2159 1564 2332 1619 adhuc
2362 1565 2619 1619 lubricum
2651 1564 2986 1638 sentiamus‘),
3010 1566 3132 1620 audi
3161 1567 3603 1637 quemadmodum

2036 1656 2101 1711 ad
2141 1672 2288 1726 spem
2332 1657 2591 1727 pertineat
2623 1658 2761 1728 quod
2797 1659 2864 1712 ita
2892 1657 3100 1713 canitur
3128 1659 3267 1713 velut
3302 1660 3411 1727 jam
3439 1660 3507 1713 sit
3531 1659 3610 1715 ef-

2036 1747 2255 1817 fectum,
2283 1748 2503 1817 Exemit,
2528 1747 2719 1819 inquit,
2749 1748 2920 1803 oculos
2948 1762 3085 1803 meos
3111 1766 3142 1801 a
3169 1750 3434 1821 lacrymis,
3460 1750 3608 1820 pedes

2037 1856 2171 1894 meos
2199 1857 2229 1894 a
2258 1840 2405 1911 lapsu
2432 1856 2450 1894 :
2476 1848 2531 1895 et
2555 1848 2731 1896 tamen
2755 1855 2859 1895 non
2882 1840 2975 1907 ait,
3004 1841 3223 1909 Plaeeo;
3252 1841 3366 1908 sed,
3390 1841 3608 1896 Placebo

2036 1934 2089 1987 in
2113 1943 2383 2003 conspectu
2410 1932 2652 1999 Domini,
2676 1934 2729 1987 in
2758 1934 2961 2005 regione
2988 1934 3245 1999 uiuorum;
3270 1934 3401 1988 satis
3417 1942 3607 1989 osten-

2037 2022 2170 2078 dens
2198 2024 2266 2077 ab
2293 2038 2354 2079 ea
2397 2032 2549 2095 parte
2588 2023 2822 2080 nondum
2858 2036 2930 2081 .se
2972 2024 3184 2094 placere
3225 2024 3280 2079 lu
3322 2034 3610 2093 conspectu

2038 2114 2282 2181 Domini,
2310 2131 2429 2186 qum
2467 2125 2551 2172 est
2595 2116 2651 2171 in
2693 2115 2910 2185 regione
2954 2124 3324 2176 mortuorum,
3366 2116 3425 2171 id
3447 2122 3528 2170 est
3559 2116 3613 2172 in

2038 2222 2200 2262 carne
2241 2207 2471 2261 mortali.
2506 2206 2604 2274 Qui
2645 2208 2785 2263 enim
2824 2207 2880 2261 in
2924 2223 3076 2261 carne
3114 2218 3250 2273 sunt,
3276 2206 3386 2264 Deo
3417 2210 3612 2278 placere

2039 2314 2138 2351 non
2170 2308 2394 2362 possunt.
2426 2297 2580 2353 Unde
2604 2299 2745 2368 quod
2785 2299 3056 2369 sequitur,
3084 2308 3139 2354 et
3164 2300 3291 2355 dicit
3318 2300 3457 2354 idem
3483 2316 3611 2369 apo.

2039 2388 2206 2442 stnlus
2224 2429 2239 2452 ,
2276 2386 2379 2441 Vos
2402 2397 2569 2442 autem
2593 2405 2694 2442 non
2716 2391 2833 2443 estis
2855 2390 2906 2442 in
2928 2405 3111 2454 carne;
3138 2389 3423 2445 secundum
3452 2390 3503 2445 id
3532 2392 3612 2444 di-

2039 2477 2130 2542 cit,
2154 2478 2294 2548 quod
2315 2495 2499 2549 corpus
2523 2474 2722 2549 quidem
2744 2489 2991 2534 mortuum
3011 2489 3082 2535 est
3109 2490 3313 2551 propter
3333 2491 3609 2552 peccatum,

2038 2568 2246 2637 spiritus
2291 2579 2458 2623 autem
2501 2573 2603 2623 vita
2647 2579 2722 2625 est
2768 2578 2975 2641 propter
3000 2572 3289 2642 justitiam:
3318 2573 3612 2631 secundum

2039 2674 2196 2728 quem
2243 2659 2521 2728 placebant
2560 2660 2824 2728 Domino,
2851 2661 2972 2731 quia
3012 2661 3304 2717 secundum
3347 2662 3518 2732 ipsum
3556 2663 3611 2719 in

2039 2763 2202 2802 carne
2231 2764 2335 2804 nun
2363 2756 2535 2804 erant.
2567 2750 2697 2817 Quis
2740 2759 2917 2807 autem
2961 2752 3166 2821 placeat
3206 2753 3317 2809 Deo
3360 2754 3513 2820 vivo,
3560 2756 3611 2811 in

2038 2851 2265 2911 corpore
2312 2842 2561 2897 mortuo?
2589 2841 2694 2897 Sed
2739 2842 2865 2913 quid
2909 2844 3017 2898 ait?
3052 2862 3071 2895 ι
3102 2843 3157 2900 Si
3183 2856 3360 2900 autem
3385 2846 3614 2914 Spiritus

2041 2931 2158 3004 ejus
2182 2932 2270 3003 qui
2297 2934 2571 2988 suscitavit
2590 2933 2775 2989 Jesum
2796 2930 3066 2990 Christum
3092 2950 3120 2989 a
3149 2937 3389 3002 mortuis,
3416 2937 3617 2995 habitat

2043 3025 2099 3081 in
2143 3025 2320 3090 vobis;
2349 3025 2436 3096 qui
2485 3026 2765 3081 suscitavit
2787 3024 2968 3081 Jesum
2994 3026 3267 3082 Christum
3295 3043 3324 3081 a
3354 3030 3576 3084 mortuis
3595 3071 3611 3096 ,

2044 3118 2333 3173 viviﬁcabit
2373 3126 2428 3174 et
2466 3120 2706 3173 mortalia
2737 3134 2957 3191 corpora
2989 3128 3164 3175 vestra
3204 3130 3419 3191 propter
3440 3122 3609 3191 Spiris

2045 3220 2153 3265 tum
2197 3211 2287 3280 qui
2332 3210 2531 3265 habitat
2564 3211 2616 3264 in
2643 3210 2791 3265 vobis
2823 3228 2842 3262 ι
2878 3205 3061 3282 (Rom.
3085 3221 3174 3265 vui
3196 3252 3212 3277 ,
3242 3212 3275 3267 8
3295 3213 3440 3279 ου),
3467 3211 3616 3268 Tunc

2043 3303 2244 3357 erimus
2266 3303 2318 3357 in
2337 3303 2541 3373 regione
2560 3302 2808 3368 vivorum,
2834 3317 2901 3356 ex
2927 3303 3069 3356 omni
3096 3313 3246 3371 parte
3275 3304 3543 3373 placentes
3564 3305 3615 3360 iu

2044 3402 2332 3461 conspectu
2381 3392 2624 3456 Domini,
2650 3406 2716 3445 ex
2746 3390 2887 3444 nulla
2918 3390 2988 3445 ab
3014 3406 3080 3447 eo
3125 3403 3278 3462 parte
3326 3393 3615 3465 peregrini.

2051 3485 2306 3554 Quamdiu
2335 3484 2467 3538 enim
2503 3500 2673 3538 sumus
2704 3484 2757 3536 in
2782 3499 3009 3551 corpore,
3041 3484 3422 3554 peregrinamur
3448 3500 3479 3537 a
3504 3483 3618 3538 Do-

2046 3577 2181 3629 mino
2202 3583 2457 3637 nostro;et
2476 3575 2526 3628 in
2547 3582 2803 3642 quantum
2835 3572 2957 3628 inde
2983 3574 3401 3643 peregrinamur,
3427 3574 3479 3629 iu
3502 3582 3620 3629 tau-
3658 3568 3661 3571 λ

2048 3675 2159 3721 tum
2189 3679 2294 3719 non
2321 3680 2503 3719 sumus
2531 3664 2584 3717 in
2618 3662 2821 3735 regione
2843 3665 3089 3717 vivorum.
3124 3681 3142 3715 ‹
3170 3662 3500 3719 Couﬁdimus
3526 3679 3621 3720 au.

2049 3766 2154 3813 tem
2176 3765 2232 3812 et
2256 3756 2392 3812 bene
2415 3755 2738 3809 arbitramur
2767 3755 2938 3825 magis
2965 3755 3293 3824 peregrinari
3323 3771 3351 3808 a
3375 3770 3619 3825 corpore,

2047 3856 2101 3902 et
2130 3842 2420 3901 immanere
2463 3844 2527 3899 ad
2578 3843 2889 3907 Dominum;
2922 3853 2976 3902 et
3020 3844 3140 3899 ideo
3180 3844 3477 3911 ambimus,
3510 3847 3625 3901 sive

2048 3939 2422 4001 immanentes,
2456 3936 2571 3991 sive
2599 3934 3023 4005 peregrinantes,
3055 3935 3324 4004 placentes
3350 3935 3424 3989 illi
3452 3950 3570 3991 esse
3600 3956 3618 3986 ι

2049 4032 2125 4103 (ll
2154 4031 2271 4086 Cor.
2306 4046 2355 4090 ν,
2384 4028 2540 4098 6-9).
2575 4026 2833 4080 Ambimus
2869 4026 3083 4096 quidem
3114 4042 3275 4091 nunc,
3309 4027 3398 4097 qui
3426 4042 3621 4097 exspor

2047 4132 2253 4177 ctamus
2292 4120 2466 4174 adhuc
2508 4117 2927 4186 redemptionem
2970 4118 3211 4185 corporis
3241 4118 3409 4171 nostri
3442 4117 3621 4186 (Rom.

2047 4228 2159 4278 vut,
2186 4211 2279 4281 ‘23)
2305 4227 2318 4263 :
2347 4209 2438 4265 sed
2466 4224 2588 4264 cum
2619 4208 2865 4277 absorpta
2888 4206 3048 4262 fuerit
3074 4223 3217 4262 mors
3243 4209 3305 4262 in.
3322 4209 3620 4273 victoriam,

2048 4315 2103 4362 et
2130 4302 2475 4373 corruptibile
2501 4302 2601 4357 hoc
2629 4300 2859 4355 induerit
2894 4300 3367 4370 incorruptionem,
3398 4310 3453 4356 et
3481 4317 3624 4355 mor..-

2050 4396 2155 4451 tale
2184 4394 2287 4448 hoc
2314 4392 2545 4447 induerit
2575 4390 3028 4447 immortalitatem
3056 4390 3105 4463 (Ι
3138 4390 3256 4447 Cor.
3280 4408 3370 4456 xv,
3389 4392 3478 4457 55,
3499 4390 3622 4462 54),;

2050 4495 2177 4541 tunc
2204 4484 2381 4539 nullus
2408 4482 2508 4538 erit
2536 4481 2691 4537 ﬂetus
2712 4521 2727 4546 ,
2754 4481 2876 4551 quia
2904 4481 3083 4537 nullus
3109 4482 3325 4553 lapsus;
3350 4491 3404 4537 et
3446 4481 3626 4541 nullus

2050 4577 2253 4648 lapsus,
2283 4574 2403 4645 quia
2433 4573 2574 4629 nulla
2604 4572 2894 4642 corruptio.
2925 4572 2997 4626 Et
3016 4572 3135 4627 ideo
3157 4573 3267 4641 jam
3295 4588 3399 4627 non
3427 4573 3626 4628 ambie-
3696 4620 3703 4631 .

2051 4681 2169 4722 mus
2218 4666 2461 4737 placere,
2503 4661 2596 4719 sed
2626 4663 2845 4717 omnino
2874 4661 3201 4731 placebimus
3248 4663 3299 4719 in
3338 4672 3626 4735 conspectu

2052 4758 2281 4819 Domini,
2316 4758 2369 4810 in
2397 4756 2614 4835 regione
2642 4755 2902 4810 vivorum.

2486 4957 2565 5017 IN
2593 4955 2983 5016 PSALMUM'
3002 4954 3175 5017 CXV-

2592 5088 2725 5144 ENA
2735 5086 3007 5143 “RATIO.

2538 5234 2709 5276 SERIO
2734 5236 2801 5274 AD
2831 5234 3056 5273 PLEBEM.

2126 5362 2176 5418 l'.
2194 5357 2539 5416 Notissimum
2561 5353 2789 5409 arbitror
2810 5366 2929 5407 esse
2944 5348 3228 5405 Sanctitati
3238 5358 3428 5405 vestrm
3445 5350 3585 5421 quod
3610 5354 3622 5384 ¹

2054 5453 2127 5508 ait
2154 5449 2457 5521 Apostolus,
2490 5444 2611 5499 Non
2650 5443 2783 5497 enim
2807 5441 3033 5496 omnium
3072 5448 3148 5494 est
3163 5439 3301 5509 ﬁdes
3348 5439 3414 5511 (ll
3446 5438 3625 5497 Thess.

2054 5562 2131 5612 Ill,
2147 5542 2203 5614 2)
2231 5558 2246 5607 ;
2273 5535 2477 5611 etquod
2494 5534 2661 5606 major
2675 5546 2795 5588 esse
2820 5532 2986 5588 soleat
3008 5530 3299 5587 inﬁdelium
3325 5533 3626 5599 multitudo,

2056 5651 2165 5691 non
2207 5631 2459 5701 ignoratis
2506 5646 2518 5681 :
2567 5633 2781 5696 propter
2828 5621 2968 5693 quod
3011 5621 3223 5691 dicitur,
3254 5621 3489 5693 Domine,
3522 5642 3629 5698 φη..

2129 5776 2140 5805 ι
2171 5780 2241 5822 5c
2267 5776 2335 5818 Et.
2365 5764 2507 5827 Lugd.
2535 5765 2705 5814 Venet.
2732 5766 2838 5809 Lor.
2864 5764 2913 5808 tn
2940 5763 3008 5819 3.,
3036 5755 3163 5819 quia.
3260 5762 3315 5806 at.
