4070 6522
522 350 654 405 1031

518 549 661 608 Inter
678 570 813 624 quos
838 555 997 610 etiam
1023 556 1095 609 illi
1114 566 1479 621 numerantur,
1507 555 1573 609 de
1594 556 1784 625 quibus
1809 555 1936 610 dicit
1960 554 2098 611 idem

512 646 806 713 apostolus,
843 646 1028 700 Omnes
1057 663 1149 700 sua
1175 656 1425 714 quaerunt,
1469 662 1571 700 non
1598 663 1710 716 quia
1745 646 1869 702 Iesu
1912 648 2098 705 Christi

514 736 774 808 (Philipp.
801 753 859 802 ιι,
891 738 984 809 21)
1015 757 1027 793 :
1052 752 1185 808 quos
1214 738 1318 792 alio
1344 739 1464 793 loco
1484 737 1611 792 dicit
1632 738 1738 793 nea
1761 754 1825 794 ex
1853 740 2094 806 veritate,

509 827 603 885 sed
627 845 692 884 ex
721 830 999 884 occasione
1023 830 1310 899 praedicare
1331 829 1548 884 verbum
1568 830 1682 895 Dei,
1704 845 1806 886 non
1823 839 1969 885 caste
1984 830 2003 901 (
2011 830 2033 883 1
2040 832 2093 885 d.

510 936 547 981 ι,
579 919 688 991 17),
720 920 769 973 id
802 929 903 984 est,
930 935 1033 974 non
1063 934 1129 975 ex
1156 921 1336 974 animo
1367 935 1513 990 parte
1538 928 1594 975 et
1616 920 1842 975 sincerze
1864 920 2096 976 charita-

510 1012 596 1065 tis.
630 1012 789 1067 Aliud
830 1013 972 1067 enim
1023 1012 1340 1076 sentiebant,
1389 1012 1531 1083 quod
1558 1014 1609 1068 in
1640 1029 1825 1068 eorum
1856 1014 2095 1071 moribus

507 1104 835 1171 apparebat;
867 1113 918 1157 et
963 1103 1104 1158 aliud
1151 1103 1532 1174 prmdicabant,
1578 1114 1635 1160 ut
1659 1114 1846 1161 sancto
1878 1108 2093 1161 nomine

511 1194 780 1260 placerent
807 1195 1109 1249 hominibus
1138 1212 1150 1250 :
1183 1210 1305 1249 nam
1326 1194 1391 1249 de
1414 1194 1496 1249 his
1525 1197 1715 1250 iterum
1739 1195 1890 1261 dicit,
1917 1195 2094 1265 Neque

507 1284 640 1337 enim
667 1285 751 1338 isti
785 1283 889 1339 Deo
916 1287 1154 1351 serviunt,
1199 1286 1288 1339 sed
1316 1302 1406 1338 suo
1435 1287 1592 1339 ventri
1623 1285 1798 1359 (llam.
1830 1302 1943 1352 xvr,
1978 1287 2089 1355 18).

505 1378 650 1445 Quos
679 1386 853 1432 tamen
897 1377 1167 1433 Christum
1196 1379 1511 1433 annuntiare
1539 1380 1813 1447 permittit.
1839 1379 2091 1446 Quamvis

506 1468 646 1523 enim
678 1484 740 1524 ea
770 1470 946 1539 potius
992 1469 1273 1524 crederent
1300 1484 1417 1538 qua:
1446 1469 1542 1539 ipsi
1574 1468 1858 1536 faciebant,
1891 1479 1947 1525 ut
1971 1485 2090 1524 mo-

504 1569 784 1616 rerentur:
811 1576 871 1615 ea
895 1570 1068 1615 tamen
1091 1560 1471 1631 praedicabant,
1494 1575 1612 1631 qua:
1635 1561 1677 1613 si
1701 1561 1785 1614 alii
1808 1561 2091 1617 credentes

505 1651 758 1716 facerent,
788 1652 1157 1716 salvarentur;
1202 1667 1309 1706 non
1353 1651 1494 1705 enim
1522 1652 1663 1705 aliud
1702 1652 2087 1707 annuntiabant

502 1752 699 1815 praeter
725 1746 961 1814 regulam
987 1743 1130 1798 lidei.
1162 1745 1265 1798 Eos
1293 1744 1489 1814 quippe
1513 1744 1748 1798 excludit
1776 1745 2085 1814 Apostolus,

502 1834 689 1889 dicens
716 1851 729 1889 ε
759 1834 820 1889 Si
845 1835 955 1907 quis
981 1834 1116 1888 vobis
1142 1836 1509 1888 annuntiaverit
1540 1844 1722 1906 prteter
1746 1835 1801 1888 id
1837 1836 1971 1903 quod
1999 1852 2087 1890 ac-

502 1928 725 1997 cepistis,
774 1929 1041 1981 anathema
1067 1929 1127 1981 sit
1156 1927 1347 1997 (Gelat.
1394 1944 1431 1993 ι,
1459 1926 1534 1999 9).
1569 1927 1647 1982 llli
1680 1943 1784 1982 non
1817 1927 2086 1983 Christum

505 2020 818 2074 annuntiant
833 2021 918 2090 qui
939 2023 1254 2074 annuutiant
1271 2020 1582 2084 falsitatem;
1605 2021 1727 2089 quia
1745 2020 1986 2076 Christus
2001 2036 2089 2075 ve-

502 2114 632 2166 ritas
653 2120 735 2166 est
752 2112 929 2180 (Joan.
952 2129 1057 2179 stv,
1077 2113 1156 2182 6).
1179 2112 1253 2167 Dc
1276 2112 1390 2165 istis
1411 2122 1589 2167 autem
1610 2112 1737 2166 dicit
1767 2112 1907 2181 quod
1933 2112 2089 2167 Chri-

504 2212 644 2259 stum
667 2208 1006 2271 annuntient;
1027 2207 1118 2261 sed
1138 2222 1241 2261 non
1269 2215 1434 2273 caste,
1451 2206 1616 2273 idest,
1638 2221 1740 2261 non
1759 2208 2079 2262 animosim-

502 2296 626 2365 plici
649 2305 698 2351 et
721 2312 872 2365 puro,
892 2307 944 2352 et
962 2298 1064 2353 ﬁde
1091 2298 1297 2352 sincera
1327 2314 1445 2368 qurc
1476 2315 1570 2368 per
1589 2298 1929 2353 dilectionem
1960 2315 2086 2369 cpe-

504 2398 652 2443 ratur
677 2389 869 2457 (Galat.
894 2407 945 2455 v,
969 2388 1025 2461 6)
1056 2409 1068 2445 :
1102 2392 1326 2445 terrenis
1340 2392 1533 2461 quippe
1558 2392 1934 2460 cupiditatibus
1955 2408 2085 2447 con-

500 2482 759 2545 sulentes,
790 2496 1010 2551 regnum
1034 2482 1289 2536 cmlomm
1319 2483 1724 2548 annuntiabaut,
1751 2482 2011 2538 habentes
2034 2486 2083 2536 in

499 2584 716 2643 pectore
742 2573 1045 2639 falsitatem,
1077 2575 1129 2628 in
1155 2573 1330 2643 lingua
1360 2576 1659 2629 veritatem.
1693 2575 1878 2629 Sciens
1909 2575 2085 2644 itaque

501 2667 787 2733 Apostolus
811 2667 969 2721 etiam
1002 2682 1096 2734 per
1117 2666 1306 2721 Judam
1329 2668 1779 2737 evangelizantem
1803 2666 2084 2721 credentes

501 2770 621 2811 csse
666 2757 939 2821 liberatos,
969 2757 1100 2810 istos
1143 2772 1353 2826 quoque
1385 2758 1453 2810 ita
1499 2754 1957 2825 permittit:Sive,
2006 2758 2084 2809 in-

499 2850 631 2917 quit,
662 2851 938 2915 occasione,
968 2850 1069 2903 sive
1093 2850 1297 2902 veritate
1325 2847 1554 2902 Christus
1579 2850 1905 2901 annuntielur
1937 2847 2086 2917 (Phi-

500 2938 629 3007 lipp.
665 2955 701 3001 ι,
735 2938 846 3009 18).
880 2939 1169 2994 Veritatem
1202 2941 1395 3009 quippe
1439 2942 1842 3005 annuntiabant,
1876 2942 2082 2996 etiamsi

501 3043 607 3082 non
634 3030 872 3094 veritate,
921 3029 970 3083 id
1003 3041 1083 3083 est
1128 3045 1231 3082 non
1263 3045 1389 3083 vero
1433 3030 1631 3083 animo.
1666 3030 1753 3085 lsti
1800 3031 2087 3101 loquuntur

500 3121 641 3189 quod
674 3120 1048 3187 noueredunt,
1096 3131 1149 3175 et
1176 3120 1294 3175 ideo
1335 3122 1601 3189 reprobati
1649 3132 1810 3187 sunt;
1842 3123 2085 3192 quamvis

500 3212 607 3265 sint
649 3212 805 3266 utiles
849 3213 925 3266 eis
969 3226 1102 3281 quos
1134 3212 1345 3265 instruit
1386 3212 1661 3278 Dominus,
1695 3211 1877 3267 dicens
1912 3231 1925 3267 :
1961 3212 2086 3280 Qua:

501 3302 694 3367 dicunt,
718 3303 869 3372 facile
890 3319 910 3366 ;
936 3318 1049 3372 qua:
1070 3310 1235 3354 autem
1267 3304 1480 3373 faciunt,
1514 3304 1679 3372 facere
1707 3302 1859 3355 nolite
1877 3320 1894 3355 :
1912 3302 2084 3355 dicunt

502 3394 658 3454 enim,
688 3403 733 3446 et
764 3410 863 3447 non
889 3395 1082 3462 faciunt
1111 3392 1324 3462 (Matth.
1355 3408 1505 3459 mu,
1529 3393 1605 3461 5).
1642 3393 1809 3458 Unde,
1842 3394 1941 3447 nisi
1962 3394 2082 3464 quia

502 3486 653 3539 utilia
687 3502 791 3540 non
821 3486 1047 3540 credunt
1074 3501 1192 3541 esse
1223 3502 1340 3555 qute
1366 3486 1545 3541 dicunt
1572 3487 1596 3538 ‘t
1621 3487 1757 3541 Sunt
1782 3495 1957 3539 autem
1993 3488 2082 3541 alii

502 3577 591 3645 qui
634 3576 874 3641 credunt,
904 3586 958 3630 et
984 3592 1087 3629 non
1117 3576 1406 3645 loquuntur
1436 3576 1576 3645 quod
1610 3580 1853 3641 credunt,
1886 3578 1969 3631 vel
2003 3578 2082 3646 pi-

502 3668 676 3736 gritia,
718 3667 800 3721 vel
830 3669 1035 3721 timore.
1068 3666 1197 3722 Nam
1226 3679 1279 3722 et
1309 3669 1397 3721 ille
1425 3684 1610 3722 servus
1638 3670 1881 3739 quamvis
1913 3672 2083 3725 talen—

500 3768 616 3813 tum
666 3759 929 3825 habuerit,
978 3768 1151 3813 tamen
1200 3760 1320 3829 quia
1373 3774 1592 3829 erogare
1641 3761 1831 3826 noluit,
1882 3761 2083 3816 audita

504 3852 731 3906 Domino
750 3851 929 3921 judice
963 3871 975 3906 :
1008 3853 1163 3906 Serve
1187 3869 1398 3922 nequam
1426 3863 1470 3905 et
1498 3854 1656 3924 piger.
1686 3854 1753 3908 Et
1779 3854 1883 3907 alio
1910 3854 2084 3909 Evan-

504 3943 624 4011 gelii
658 3944 776 3998 loco
817 3944 1014 3997 dictum
1062 3952 1144 3997 est
1174 3944 1311 4013 quod
1345 3944 1494 3998 multi
1526 3960 1589 3999 ex
1638 3945 1959 4015 principibus
1988 3945 2083 4000 .luo

502 4034 737 4088 dmornm
782 4034 1135 4088 credidissent
1162 4034 1211 4087 in
1242 4050 1381 4096 eum,
1428 4033 1521 4088 sed
1566 4049 1670 4089 non
1702 4051 1823 4090 eum
1855 4038 2082 4091 conﬁte-

502 4125 717 4187 bantur,
750 4142 814 4179 nc
841 4126 1229 4194 expellerentur
1252 4124 1318 4179 de
1340 4127 1621 4197 synagogis
1645 4144 1657 4190 ;
1687 4127 1777 4181 Sed
1799 4129 1958 4182 etiam
1987 4129 2085 4197 ipsi

502 4214 813 4283 reprehensi
865 4224 1022 4284 atque
1083 4215 1367 4283 improbati
1420 4224 1543 4269 sunt
1592 4234 1603 4269 :
1656 4217 1894 4285 sequitur
1944 4217 2083 4271 enim

504 4305 839 4373 Evangelista
867 4305 1069 4366 dicens,
1100 4305 1403 4359 Amaverunt
1430 4308 1562 4359 enim
1591 4306 1804 4376 gloriam
1825 4308 2082 4361 hominum

504 4397 665 4464 magis
686 4412 835 4465 quant
864 4394 960 4449 Dei
989 4394 1166 4467 (Joan.
1198 4412 1291 4461 xu,
1321 4394 1409 4463 ὁὶ,
1440 4397 1555 4466 4³5).
1578 4396 1634 4450 Si
1663 4412 1788 4466 ergo
1814 4404 1867 4451 et
1896 4398 1968 4451 illi
1996 4398 2084 4467 qui

505 4503 687 4540 verum
719 4487 858 4556 quod
888 4488 1170 4557 loquuntur
1201 4504 1303 4541 nou
1332 4488 1574 4555 credunt,
1605 4499 1658 4543 et
1685 4490 1755 4543 illi
1786 4491 1874 4560 qui
1898 4504 2080 4545 verum

503 4578 645 4648 quod
690 4578 914 4632 credunt
957 4593 1062 4632 non
1110 4578 1414 4647 loquuntur,
1458 4581 1647 4634 merito
1691 4582 2081 4650 reprobantur;

502 4670 623 4740 quis
663 4670 766 4724 erit
812 4684 997 4724 servus
1041 4685 1164 4724 vere
1203 4670 1458 4725 dicendus
1505 4670 1693 4737 ﬁdelis,
1740 4672 1839 4726 nisi
1886 4673 1973 4727 ille
2002 4675 2083 4728 cui

501 4762 741 4815 dicitur:
781 4778 799 4812 ‹
851 4760 1024 4830 Euge,
1073 4774 1225 4815 serve
1272 4760 1442 4826 bone,
1494 4763 1743 4832 quoniam
1774 4763 1825 4817 in
1874 4764 2085 4818 modico

504 4854 651 4909 fuisti
696 4853 890 4921 ﬁdelis,
940 4868 1097 4923 supra
1144 4854 1307 4907 multa
1360 4864 1410 4908 te
1456 4856 1814 4922 constituam;
1848 4857 1984 4912 intra
2030 4858 2083 4913 in

502 4946 755 5013 gaudium
782 4946 982 5000 domini
1016 4946 1133 5000 tui?
1173 4965 1190 4998 ν
1222 4945 1365 5000 Talis
1398 4947 1571 5015 itaque
1600 4961 1787 5003 servus
1813 4963 1910 5003 nec
1937 4961 2087 5004 ante-

500 5054 658 5107 quam
691 5037 873 5093 credat
910 5038 1163 5109 loquitur,
1194 5052 1294 5092 nec
1333 5052 1453 5091 cum
1484 5039 1770 5095 crediderit
1816 5050 1989 5107 tacet;
2020 5057 2086 5095 ne

505 5128 587 5182 vel
616 5129 691 5182 sic
713 5138 894 5198 eroget
925 5136 978 5182 ut
1011 5128 1125 5197 ipse
1152 5143 1256 5180 non
1284 5127 1497 5192 habeat,
1523 5128 1603 5182 vel
1630 5129 1768 5198 quod
1792 5131 1948 5184 habet
1979 5146 2083 5183 non

501 5220 770 5290 erogaudo
811 5235 916 5275 non
945 5220 1153 5275 habeat.
1183 5219 1270 5275 Sic
1296 5221 1438 5275 enim
1465 5220 1663 5275 dictum
1691 5230 1773 5275 est
1804 5238 1817 5274 :
1850 5221 1949 5285 Qui
1989 5237 2083 5273 rm-

503 5310 599 5374 bet,
640 5311 844 5364 dabitur
870 5311 956 5376 ei;
983 5311 1070 5381 qui
1116 5320 1414 5365 autemnon
1457 5311 1623 5377 habet,
1670 5321 1717 5365 et
1759 5312 1893 5381 quod
1940 5311 2085 5365 habet

503 5403 758 5469 auferetur
787 5402 849 5454 ab
890 5417 949 5454 eo
977 5400 1189 5471 (Matth.
1224 5417 1352 5467 xxv,
1382 5400 1603 5470 2129).

574 5491 626 5544 2.
661 5491 807 5564 [vers.
845 5492 957 5565 l0.]
991 5494 1137 5548 Dicat
1162 5508 1289 5563 ergo
1317 5493 1417 5547 iste
1457 5493 1629 5548 bonus
1656 5508 1840 5548 servus
1865 5504 2085 5549 cantans

504 5582 742 5654 Alleluia,
772 5583 822 5637 id
844 5592 943 5647 est,
974 5584 1274 5639 sacriﬁcans
1306 5584 1528 5639 Domino
1558 5584 1872 5639 sacriﬁcium
1893 5585 2081 5651 laudis,

503 5692 530 5725 ει
576 5686 678 5741 quo
716 5673 987 5741 auditurus
1021 5684 1120 5739 est,
1169 5674 1314 5729 Intra
1356 5677 1409 5728 in
1452 5677 1691 5746 gaudium
1736 5674 1941 5730 Domini
1970 5679 2086 5741 tui;

504 5763 750 5835 exsultet,
783 5774 836 5823 et
859 5765 1017 5835 dicat,
1049 5766 1269 5833 Credidi,
1314 5776 1515 5837 praptcr
1541 5768 1673 5838 quod
1692 5767 1898 5861 .locutus
1926 5785 2035 5823 sum
2063 5784 2081 5822 :

1761 353 1818 407 S.
1861 351 2221 407 AUGUSTlNl
2262 354 2562 411 EPISCOPI

516 450 729 516 credidit
766 465 967 518 auditui
1009 473 1179 518 nostra
1217 463 1387 534 (lsai.
1418 478 1528 529 Lm,
1564 465 1585 517 1
1623 481 1635 528 ;
1668 463 1820 519 Rom.
1853 481 1903 527 ι,
1945 464 2012 519 16
2038 466 2100 534 )‘l

3654 368 3794 423 “93

2213 467 2314 522 hoc
2340 476 2438 533 est,
2487 472 2720 541 perfeCte
2747 475 2964 529 credidi.
2998 474 3110 530 Non
3140 478 3281 539 enim
3310 479 3542 549 perfecte
3566 482 3795 538 credunt

2205 559 2293 627 qui
2317 560 2457 628 quod
2487 562 2711 616 credunt
2738 562 2878 633 loqui
2912 565 3097 619 nolunt
3126 584 3139 619 :
3168 567 3233 621 ad
3263 568 3429 636 ipsam
3455 571 3599 625 enim
3629 571 3791 627 ﬁdem

2204 651 2435 717 pertinet
2460 652 2618 706 etiam
2648 653 2775 707 illud
2800 654 3019 710 credere
3048 646 3188 725 quod
3218 657 3417 717 dictum
3448 671 3551 728 est,
3583 662 3685 729 Qui
3713 681 3791 720 nte

2202 744 2459 810 confessus
2485 744 2633 812 fuerit
2657 760 2828 799 coram
2857 746 3158 813 hominibus,
3189 752 3459 819 confitebor
3483 769 3595 806 eum
3617 771 3789 809 coram

2201 831 2405 903 Angelis
2426 833 2521 888 Dei
2545 834 2752 904 (Matth.
2774 853 2823 904 x,
2845 838 2959 910 52).
2989 838 3065 894 Ex
3094 840 3194 895 hoc
3214 842 3354 897 enim
3380 853 3460 898 est
3484 847 3786 916 appellatus

2200 920 2373 978 ﬁdelis
2400 924 2485 979 ille
2509 940 2713 994 servus,
2745 943 2849 983 non
2890 936 3095 984 tantum
3127 933 3249 1011 quia
3275 934 3499 1000 accepit,
3532 935 3630 990 sed
3660 938 3785 1007 quia

2200 1013 2457 1085 impendit
2480 1025 2638 1088 atque
2664 1018 2899 1076 lucratus
2923 1029 3024 1076 est.
3056 1021 3131 1076 Ita
3158 1030 3213 1077 et
3237 1022 3338 1078 hoc
3375 1023 3492 1079 loco
3518 1040 3626 1079 non
3669 1028 3784 1092 ait,

2198 1103 2431 1176 Credidi,
2460 1118 2514 1164 et
2541 1111 2747 1167 locutus
2775 1126 2891 1166 sum
2916 1130 2931 1178 ;
2962 1114 3055 1169 sed
3084 1122 3300 1185 prOpter
3326 1115 3425 1170 hoc
3454 1100 3581 1171 dicit
3604 1133 3665 1173 se
3706 1118 3789 1172 lo-

2197 1207 2376 1254 cutum
2421 1216 2560 1268 esse,
2604 1205 2724 1273 quia
2768 1204 3013 1261 credidit.
3062 1205 3229 1263 Simul
3273 1209 3414 1263 enim
3447 1209 3696 1272 credidit.
3733 1221 3790 1266 et

2197 1289 2339 1358 quod
2365 1292 2643 1360 praemium
2686 1293 2951 1364 loquendo
2990 1311 3226 1366 sperare,
3270 1306 3325 1352 et
3366 1314 3521 1368 quam
3570 1314 3786 1369 pmnam

2199 1382 2421 1437 tacendo
2450 1384 2636 1440 timere
2672 1386 2910 1443 deberet.
2941 1387 3161 1452 Credidi,
3191 1390 3382 1459 inquit,
3413 1402 3619 1460 propter
3648 1394 3789 1462 quod

2196 1472 2392 1528 locutus
2418 1490 2546 1528 sum.
2582 1474 2688 1546 Ego
2713 1486 2880 1531 autem
2909 1478 3203 1532 humiliatus
3231 1496 3342 1532 sum
3386 1481 3553 1533 nimis.
3589 1481 3786 1535 Passus

2195 1570 2277 1617 est
2304 1565 2444 1617 enim
2474 1565 2668 1619 multas
2712 1567 3096 1633 tribulationes,
3144 1578 3362 1638 propter
3386 1569 3603 1624 verbum
3633 1571 3781 1640 quod

2194 1652 2421 1709 ﬁdeliter
2447 1656 2679 1721 tenebat,
2723 1657 2953 1714 ﬁdeliter
2982 1660 3357 1729 impendebat;
3388 1670 3443 1715 et
3467 1661 3779 1716 humiliatus

2195 1754 2276 1801 est
2313 1746 2508 1800 nimis:
2541 1748 2679 1817 quod
2708 1748 2783 1802 illi
2810 1750 3102 1805 timuerunt
3131 1751 3217 1821 qui
3244 1762 3535 1806 amaverunt
3564 1754 3784 1823 gloriam

2196 1838 2451 1891 hominum
2477 1839 2637 1907 magis
2662 1856 2813 1908 quam
2841 1840 2954 1894 Dei.
2998 1840 3100 1896 Sed
3129 1841 3253 1912 quid
3284 1851 3387 1908 est,
3430 1841 3542 1914 Ego
3568 1855 3738 1897 autem
3760 1846 3788 1897 Ρ

2197 1930 2403 1986 Diceret
2424 1933 2619 2001 potius,
2650 1931 2885 1999 Credidi,
2918 1942 3137 2005 propter
3162 1934 3302 2004 quod
3325 1944 3380 1990 et
3403 1936 3608 1990 locutus
3637 1951 3783 1999 sum,

2193 2029 2247 2074 et
2273 2020 2577 2076 humiliatus
2598 2038 2714 2077 sum
2743 2024 2900 2077 nimis
2924 2040 2937 2076 :
2961 2038 3057 2078 cur
3079 2024 3301 2091 addidit,
3324 2023 3439 2095 Ego
3464 2035 3651 2090 autem,
3675 2026 3784 2081 nisi

2193 2112 2314 2181 quia
2341 2113 2499 2167 homo
2525 2114 2789 2169 lmmiliari
2822 2124 2995 2185 potest
3017 2116 3084 2170 ab
3107 2116 3184 2171 eis
3210 2116 3301 2186 qni
3331 2117 3535 2171 veritati
3563 2126 3788 2172 contra-

2191 2202 2394 2268 dicunt,
2416 2219 2518 2257 non
2545 2204 2657 2274 ipsa
2678 2206 2874 2260 veritas
2893 2221 3049 2276 quam
3071 2206 3241 2261 credit
3259 2216 3315 2262 et
3333 2206 3601 2277 loquitur?
3626 2207 3783 2264 Unde

2193 2302 2247 2348 et
2274 2296 2577 2365 Apostolus,
2600 2311 2718 2350 cum
2746 2296 2812 2350 de
2836 2307 3017 2352 catena
3048 2313 3140 2353 sua
3168 2297 3373 2354 diceret
3400 2316 3414 2353 :
3441 2299 3547 2353 Sed
3571 2316 3740 2354 sermo
3767 2343 3783 2366 ,

2194 2383 2379 2453 inquit,
2412 2385 2507 2439 Dei
2526 2402 2624 2440 non
2645 2396 2717 2440 est
2742 2388 2978 2459 alligatus
3007 2389 3073 2461 (11
3102 2389 3231 2443 Tim.
3259 2406 3318 2456 tt,
3344 2389 3425 2459 9).
3458 2389 3548 2445 Sic
3567 2400 3623 2444 et
3652 2390 3783 2458 iste,

2192 2476 2312 2545 quia
2344 2477 2453 2545 ipsa
2478 2487 2558 2530 est
2583 2493 2684 2531 una
2714 2494 2937 2547 persona
2964 2488 3264 2534 sanctorum
3290 2480 3520 2543 testium,
3546 2480 3648 2534 hoc
3668 2489 3786 2547 est,

2190 2575 2482 2638 martyrum
2517 2566 2629 2634 Dei,
2677 2568 2900 2635 Credidi,
2933 2571 3121 2640 inquit,
3170 2581 3377 2643 propter
3418 2572 3552 2639 quod
3579 2570 3789 2627 locutus

2190 2673 2321 2710 sum.
2353 2656 2464 2727 Ego
2508 2668 2698 2725 autem,
2753 2674 2857 2713 non
2890 2661 3017 2714 illttd
3065 2660 3205 2731 quod
3248 2661 3473 2728 credidi,
3506 2677 3609 2717 non
3657 2678 3786 2718 ser-

2191 2763 2280 2801 mo
2308 2764 2464 2819 quem
2494 2751 2687 2819 protuli
2713 2766 2727 2815 ;
2762 2751 2854 2805 sed
2895 2751 3001 2823 Ego
3032 2753 3325 2809 humiliatus
3352 2772 3463 2809 sum
3492 2757 3663 2809 nimis.

2263 2843 2314 2897 3.
2348 2839 2496 2912 [vers.
2540 2840 2651 2914 1L]
2681 2842 2790 2913 Ego
2828 2853 2991 2898 autent
3021 2846 3129 2899 dixi
3157 2847 3206 2900 in
3235 2850 3412 2902 ecstasi
3440 2865 3568 2914 utea,
3599 2846 3791 2905 Omnis

2191 2931 2339 2985 homo
2376 2933 2612 2986 mendax.
2643 2933 2883 2988 Ecstasiu
2920 2950 3168 3004 pavorem
3195 2936 3345 3005 dicit,
3373 2954 3527 3008 quem
3554 2940 3791 2995 cummi.
3890 2984 3897 2995 ,

2191 3023 2441 3077 nantibus
2459 3026 2905 3093 persecutoribus,
2925 3038 2976 3082 et
2995 3027 3424 3098 impendentibus
3441 3031 3792 3100 passionibus

2190 3115 2453 3169 cruciatus
2478 3124 2569 3169 aut
2594 3115 2803 3181 mortis,
2851 3116 3080 3172 humana
3109 3118 3386 3174 infirmitas
3415 3121 3630 3190 patitur.
3665 3122 3791 3178 Hoc

2189 3205 2331 3259 enim
2363 3205 2723 3275 intelligimus,
2763 3207 2883 3278 quia
2914 3209 2964 3262 in
2995 3209 3096 3265 isto
3125 3211 3326 3279 psalmo
3351 3228 3452 3266 vox
3481 3223 3789 3285 martyrum

2190 3305 2427 3366 apparet.
2458 3296 2587 3353 Nam
2615 3307 2669 3353 et
2694 3298 2799 3354 alio
2821 3300 2980 3354 modo
3002 3300 3193 3356 dicitur
3207 3303 3449 3368 ecstasis,
3468 3317 3587 3358 cum
3618 3320 3789 3360 mens

2189 3402 2294 3442 non
2328 3404 2521 3458 pavore
2546 3390 2827 3459 alienatur,
2855 3392 2947 3447 sed
2993 3394 3163 3463 aliqua
3191 3394 3536 3464 inspiratione
3562 3398 3792 3452 revela-

2193 3480 2350 3535 tionis
2374 3480 2678 3545 assumitur.
2712 3480 2823 3552 Ego
2843 3490 3010 3537 autem
3036 3484 3143 3538 dixi
3163 3484 3213 3537 in
3238 3486 3414 3539 ecstasi
3435 3503 3565 3551 mea,
3596 3485 3792 3543 Omnis

2192 3571 2339 3625 homo
2364 3572 2596 3625 mendax.
2630 3570 2961 3628 Conterritus
2984 3574 3124 3627 enim
3148 3576 3377 3644 respexit
3408 3575 3785 3633 inﬁrmitatem

2191 3678 2362 3729 suam,
2403 3673 2460 3719 et
2504 3663 2632 3717 vidit
2661 3680 2765 3717 non
2809 3664 2875 3720 de
2918 3680 2977 3720 se
3018 3665 3117 3719 sibi
3163 3681 3284 3721 esse
3320 3670 3788 3736 prtesumendum.

2191 3755 2452 3823 Quantum
2493 3755 2633 3809 enim
2666 3754 2732 3808 ad
2759 3754 2929 3824 ipsum
2960 3754 3226 3809 hominem
3256 3757 3503 3825 pertinet,
3546 3759 3790 3816 mendax

2192 3856 2310 3902 est:
2354 3846 2446 3901 sed
2475 3847 2642 3917 gratia
2685 3847 2778 3902 Dei
2819 3862 2980 3901 verax
3023 3846 3242 3903 ellectus
3267 3856 3366 3913 est,
3410 3866 3478 3904 ne
3508 3853 3792 3919 pressaris

2192 3939 2524 3993 inimicorum
2552 3938 2748 3993 cedens
2773 3953 2877 3991 non
2911 3938 3218 4007 loqueretur
3259 3941 3400 4011 quod
3426 3941 3744 3997 crediderat
3770 3986 3789 4009 ,

2192 4032 2284 4086 sed
2316 4041 2531 4102 negaret
2558 4048 2572 4092 ;
2603 4032 2738 4086 sicut
2761 4031 2918 4085 Petro
2944 4030 3155 4093 accidit,
3186 4033 3434 4101 quoniam
3463 4032 3528 4087 de
3553 4047 3614 4087 se
3639 4049 3793 4103 prte-

2192 4134 2509 4192 sumpserat,
2534 4133 2583 4177 et
2605 4122 2875 4177 docendus
2896 4130 3012 4177 erat
3037 4122 3103 4177 de
3132 4121 3345 4177 homine
3366 4138 3469 4177 non
3497 4139 3620 4179 esse
3643 4140 3794 4195 prm-

2192 4214 2526 4269 sumendum.
2584 4214 2652 4268 Et
2698 4216 2740 4268 si
2787 4215 2852 4269 de
2904 4214 3119 4270 homine
3169 4231 3276 4269 non
3331 4215 3492 4271 debet
3548 4218 3798 4289 quisque

2192 4320 2536 4375 praesumere,
2585 4305 2763 4374 utique
2808 4320 2907 4360 nec
2948 4305 3016 4360 de
3053 4305 3268 4375 seipso;
3299 4307 3417 4376 quia
3463 4306 3631 4362 homo
3673 4320 3793 4365 est.

2192 4397 2336 4451 Bene
2366 4411 2492 4466 ergo
2522 4397 2622 4451 iste
2651 4396 2781 4450 vidit
2811 4397 2861 4450 in
2889 4410 3085 4466 pavore
3111 4411 3208 4450 suo
3234 4412 3447 4451 omnem
3495 4395 3793 4455 hominem
3866 4470 3875 4477 θ

2192 4502 2310 4542 esse
2340 4486 2647 4542 mendacem
2675 4504 2689 4553 ;
2734 4487 2856 4557 quia
2886 4495 2940 4541 et
2968 4485 3042 4540 illi
3074 4487 3164 4556 qui
3206 4487 3355 4543 nullo
3384 4502 3584 4557 pavore
3610 4505 3798 4547 vane-

2193 4588 2365 4645 scunt,
2394 4594 2459 4633 ne
2487 4578 2923 4648 persequentibus
2943 4578 3184 4633 cedendo
3213 4580 3555 4644 mentiantur,
3585 4598 3802 4639 mune-

2194 4670 2341 4724 ribus
2372 4670 2461 4723 Dei
2494 4670 2624 4723 tales
2653 4677 2793 4731 sunt,
2828 4683 2934 4723 nou
2965 4669 3167 4723 viribus
3192 4671 3324 4725 suis.
3352 4669 3580 4727 Proinde
3608 4678 3803 4729 veris-

2193 4761 2325 4815 sime
2370 4759 2566 4815 dictum
2617 4768 2717 4825 est,
2768 4759 2945 4813 Omnis
2991 4761 3139 4813 homo
3185 4763 3443 4827 mendax;
3489 4763 3583 4817 sed
3637 4764 3804 4822 Deus

2194 4867 2371 4915 verax,
2399 4851 2487 4919 qui
2513 4851 2585 4904 ait
2614 4868 2627 4903 :
2662 4868 2679 4900 ‹
2720 4850 2832 4919 Ego
2858 4849 2991 4914 dixi,
3026 4849 3107 4904 Dii
3132 4850 3282 4917 estis,
3314 4860 3367 4905 et
3393 4851 3483 4905 ﬁlii
3512 4852 3799 4909 Altissimi

2193 4959 2381 4998 omnes
2407 4962 2419 4998 :
2444 4958 2539 4997 vos
2567 4952 2741 4997 autem
2768 4944 2903 4997 sicut
2927 4941 3170 4997 homines
3196 4944 3520 5008 moriemini,
3560 4955 3615 4998 et
3640 4946 3805 5003 sicut

2193 5050 2329 5089 unus
2373 5050 2437 5089 ex
2485 5034 2811 5103 principibus
2853 5032 3056 5088 cadetis
3088 5053 3106 5085 ι
3144 5032 3314 5103 (Psal.
3361 5049 3546 5100 um,
3596 5033 3656 5099 6,
3710 5036 3802 5104 7).

2192 5125 2506 5179 Consolatnr
2546 5124 2791 5187 humiles,
2835 5134 2891 5180 et
2936 5124 3121 5195 implet
3149 5140 3244 5180 eos
3292 5140 3400 5180 non
3444 5126 3619 5180 solum
3684 5127 3807 5185 ﬁde

2193 5215 2490 5281 credendae,
2532 5214 2624 5270 sed
2651 5216 2809 5270 etiam
2846 5215 3034 5271 liducia
3066 5215 3419 5285 praedicanda:
3440 5217 3719 5283 veritatis,
3753 5221 3807 5274 si

2194 5315 2593 5377 perseveranter
2638 5305 2932 5362 subdantur
2975 5305 3106 5371 Deo,
3154 5320 3255 5361 nec
3301 5306 3572 5361 imitentur
3611 5322 3799 5366 unum

2193 5415 2255 5454 ex
2286 5398 2610 5469 principibus
2635 5396 2925 5460 diabolum,
2967 5396 3056 5467 qui
3083 5395 3135 5450 in
3167 5395 3396 5452 veritate
3444 5410 3552 5450 non
3585 5397 3762 5451 stetit
3784 5438 3803 5462 ,
3858 5390 3863 5395 ’

2176 5499 2245 5546 et
2282 5489 2491 5545 cecidit.
2535 5489 2591 5545 Si
2628 5490 2769 5543 enim
2800 5488 2975 5544 omnis
3017 5488 3180 5543 homo
3209 5487 3457 5550 mendax,
3487 5487 3541 5541 in
3566 5494 3808 5546 tantum

2193 5598 2299 5636 non
2321 5591 2475 5637 erunt
2496 5580 2799 5645 mendaces,
2824 5578 2876 5634 in
2898 5588 3152 5649 quantum
3182 5593 3286 5632 non
3308 5584 3465 5633 erunt
3484 5577 3759 5636 homines
3788 5598 3806 5647 ;

2192 5673 2443 5744 quoniam
2485 5673 2557 5727 dii
2584 5682 2760 5738 erunt,
2787 5681 2845 5727 et
2871 5671 2959 5727 ﬁlii
2996 5670 3276 5725 Altissimi.

2264 5768 2313 5823 Δ.
2350 5766 2497 5837 [rem
2531 5764 2641 5839 12.]
2674 5765 2782 5821 Hoc
2821 5763 2999 5837 itaque
3023 5762 3368 5820 considerans
3395 5759 3812 5822 devotissimus
