4090 6504
317 341 456 400 1493

311 455 538 526 populus
573 452 806 518 ﬁdelium
847 448 1080 513 testium,
1108 444 1378 516 quomodo
1407 444 1770 500 inﬁrmitatem
1799 442 1900 498 ltu—

313 558 526 602 mauam
556 542 650 598 Dei
680 538 1050 596 misericordia
1077 553 1183 593 non
1223 536 1512 602 relinquat,
1555 534 1608 588 in
1635 535 1789 602 cujus
1817 534 1902 588 in-

313 635 579 692 ﬁrmitatis
611 647 808 705 pavore
849 630 1050 686 dictum
1096 638 1199 692 est,
1235 627 1411 681 Omnis
1458 627 1607 680 homo
1637 624 1900 687 mendas;

311 725 582 798 quomodo
607 723 916 782 consoletur
940 720 1188 784 humiles,
1221 727 1275 774 et
1305 716 1524 787 impleat
1552 715 1739 786 spiritu
1769 714 1904 769 ﬁdu-

313 816 410 872 ciae
443 814 793 885 trepidantes,
827 820 885 868 ut
911 825 1047 881 pene
1092 817 1304 864 mortuo
1330 806 1494 863 corde
1541 806 1862 862 reviviscant
1883 845 1900 870 ,

314 923 413 964 nec
443 909 496 962 in
522 905 826 974 semetipsis
856 903 1081 960 ﬁdentes
1103 903 1230 968 sint,
1263 900 1359 958 sed
1389 901 1441 955 in
1469 914 1536 955 eo
1558 900 1651 970 qui
1679 903 1905 954 suscitat

312 1010 556 1055 mortuos
584 995 652 1070 (ll
681 996 802 1052 Cor.
832 1012 874 1064 ι,
897 995 978 1066 9),
1009 1005 1064 1051 et
1103 994 1308 1064 linguas
1348 990 1625 1047 infantium
1670 989 1795 1045 facit
1813 989 1903 1044 di-

312 1101 487 1144 sertas
518 1089 672 1158 (Sep.
719 1102 775 1151 x,
813 1085 946 1156 21);
992 1086 1084 1155 qui
1127 1084 1222 1150 ait,
1256 1101 1275 1135 ‹
1307 1082 1442 1140 Cum
1483 1090 1660 1137 autem
1693 1079 1905 1136 tradent

317 1194 433 1246 vos,
477 1179 645 1234 nolite
688 1178 924 1248 cogitare
961 1173 1230 1246 quomodo
1273 1181 1366 1228 aut
1393 1171 1519 1242 quid
1565 1170 1900 1242 loquamini:

315 1273 531 1329 dabitur
567 1271 711 1327 enim
746 1269 900 1326 vobis
929 1269 981 1323 in
1009 1268 1096 1322 illa
1121 1267 1251 1322 hora
1277 1265 1403 1336 quid
1443 1264 1769 1334 loquamini;
1796 1277 1903 1316 non

316 1363 461 1420 enim
486 1378 578 1419 vos
598 1363 730 1420 estis
748 1362 838 1432 qui
863 1358 1163 1431 loquimini,
1187 1356 1287 1413 sed
1302 1355 1529 1425 Spiritus
1552 1354 1724 1410 Patris
1740 1353 1903 1408 vestri

321 1456 412 1527 qui
441 1455 674 1527 loquitur
696 1454 750 1508 in
766 1453 916 1508 vobis
949 1472 968 1504 ι
1000 1450 1211 1521 (Matth.
1240 1466 1295 1515 ι,
1315 1447 1381 1504 19
1399 1458 1444 1502 et
1462 1447 1554 1517 ‘20)
1589 1464 1602 1501 :
1635 1447 1753 1502 haec
1778 1461 1906 1516 ergo

318 1547 496 1602 omnia
522 1544 868 1600 considerans
890 1543 979 1599 ille
1004 1541 1094 1612 qui
1119 1540 1350 1606 dixerat,
1377 1538 1492 1608 Ego
1515 1538 1621 1592 dixi
1640 1538 1695 1590 in
1723 1552 1907 1606 pavore

319 1656 451 1706 meo,
486 1639 661 1694 Omnis
685 1639 834 1692 homo
865 1637 1100 1700 mendax,
1129 1644 1184 1690 et
1211 1634 1396 1690 videns
1419 1634 1586 1704 gratia
1617 1631 1822 1687 Domini
1843 1647 1904 1687 se

322 1734 522 1792 factum
547 1747 791 1789 veracem
814 1772 834 1797 ,
865 1729 1000 1798 Quid
1026 1728 1319 1792 retribuam,
1340 1727 1527 1797 inquit,
1561 1725 1794 1788 Domino,
1816 1741 1907 1794 pro

321 1823 554 1880 omnibus
590 1839 706 1893 quis
743 1821 968 1876 retribuit
1014 1820 1139 1875 mihi
1161 1820 1185 1874 ?
1211 1818 1325 1874 Non
1373 1819 1466 1882 ait,
1518 1831 1616 1887 pro
1660 1815 1911 1872 omnibus

321 1930 442 1987 qua:
471 1915 657 1970 tribuit
679 1913 807 1968 mihi
832 1929 848 1980 ;
880 1913 974 1968 sed
1001 1927 1095 1982 pro
1123 1911 1358 1967 omnibus
1373 1925 1486 1984 qua:
1512 1908 1737 1963 retribuit
1763 1907 1908 1961 mihi.

319 2005 453 2076 Qua:
483 2006 642 2076 igitur
671 2011 1056 2076 prmcesserant
1085 2001 1337 2066 hominis,
1367 2010 1423 2056 ut
1451 2000 1690 2055 omnium
1734 1998 1912 2053 dones

323 2113 444 2162 rum
472 2097 568 2154 Dei
593 2113 698 2154 non
726 2095 1021 2161 attributio,
1057 2092 1153 2150 sed
1180 2091 1464 2150 retributio
1488 2090 1666 2145 vocari
1697 2089 1909 2159 possit?

321 2207 442 2264 qua:
487 2197 876 2262 praecesserant
927 2188 1156 2243 hominis
1204 2185 1307 2242 nisi
1357 2183 1618 2255 peccata?
1645 2181 1915 2238 Retribnit

322 2269 452 2352 ergo
491 2282 627 2336 Deus
664 2281 801 2335 bona
843 2295 943 2351 pro
985 2277 1159 2344 malis,
1205 2277 1289 2332 cui
1335 2275 1579 2332 homines
1613 2273 1918 2330 retribuunt

325 2374 461 2428 mala
510 2388 607 2442 pro
644 2371 798 2428 bonis
828 2387 840 2424 :
871 2369 985 2425 bare
1037 2369 1182 2426 enim
1226 2367 1588 2422 retribuerunt
1628 2365 1717 2435 qui
1763 2364 1912 2420 dixe—

327 2473 472 2532 runt,
507 2464 605 2520 llic
631 2474 704 2520 est
732 2465 932 2529 lateres;
961 2463 1138 2530 uenite,
1183 2461 1472 2518 occidantus
1497 2476 1611 2518 eum
1639 2458 1765 2531 (Id.
1796 2475 1912 2526 XXI,

325 2557 460 2632 δε).

395 2652 452 2707 5.
494 2649 773 2724 [vcrs.13,
805 2648 920 2723 15.]
961 2647 1067 2705 Sed
1113 2647 1306 2718 quaarit
1351 2647 1454 2706 iste
1495 2635 1619 2716 quid
1660 2643 1918 2699 retribuat

328 2742 576 2807 Domino,
608 2752 662 2797 et
683 2757 790 2798 non
816 2741 1041 2805 invenit,
1063 2740 1163 2796 nisi
1185 2755 1252 2796 ex
1275 2740 1354 2794 eis
1377 2753 1494 2809 qua:
1523 2739 1639 2807 ipse
1657 2735 1932 2791 Dominus

326 2831 592 2888 retribuit.
625 2830 866 2912 Calicem,
896 2831 1086 2902 inquit,
1110 2829 1348 2885 salutaris
1371 2828 1640 2898 accipiam,
1669 2834 1713 2880 et
1738 2841 1918 2880 nomen

336 2921 540 2976 Domini
565 2921 823 2977 invocabo.
856 2922 900 2976 0
925 2922 1108 2988 homo,
1141 2927 1362 2990 peccato
1385 2928 1476 2976 tuo
1501 2916 1746 2981 mendax,
1775 2916 1919 2971 dono

337 3015 429 3092 Dei
458 3030 643 3082 verax,
670 3023 724 3069 et
749 3013 868 3069 ideo
887 3013 998 3084 jam
1015 3027 1120 3068 non
1148 3011 1336 3076 homo;
1361 3011 1482 3082 quis
1504 3010 1595 3066 tibi
1626 3008 1774 3065 dedit
1789 3007 1919 3063 cali-

328 3122 446 3164 cem
475 3107 744 3174 salutaris,
762 3121 920 3177 quem
943 3105 1232 3174 accipiens,
1263 3103 1588 3159 etinvocans
1602 3115 1796 3155 nomen
1819 3099 1922 3154 Do-

328 3202 481 3267 mini,
500 3201 762 3257 retribues
787 3201 835 3255 ei
852 3214 950 3270 pro
979 3198 1226 3258 omnibus
1249 3212 1370 3268 quae
1385 3195 1629 3251 retribuit
1655 3193 1782 3248 tibi?
1801 3192 1922 3262 quis

331 3294 430 3349 nisi
453 3292 550 3350 ille
559 3296 648 3363 qui
665 3293 757 3357 ait,
775 3290 995 3346 Potestis
1010 3291 1174 3346 bibere
1187 3288 1394 3342 calicem
1409 3302 1553 3358 quem
1571 3301 1663 3356 ego
1678 3284 1922 3338 bibiturus

327 3402 440 3442 sum
461 3383 576 3456 (ld.
593 3400 682 3451 xx,
697 3382 820 3454 29)?
845 3383 976 3451 Quis
999 3382 1090 3438 tibi
1105 3379 1252 3436 dedit
1269 3379 1460 3441 imitari
1480 3377 1752 3447 passiones
1775 3389 1921 3443 suas,

331 3475 430 3532 uisi
447 3475 543 3546 .qui
578 3489 673 3545 pro
700 3483 752 3530 te
778 3487 966 3545 passus
989 3481 1072 3528 est
1099 3470 1282 3540 prior?
1307 3469 1538 3538 Ideoque
1559 3465 1659 3537 (a),
1689 3464 1923 3520 Pretiosa

328 3569 384 3621 in
411 3575 680 3636 conspectu
710 3563 915 3618 Domini
957 3578 1091 3616 mors
1120 3569 1414 3616 sanctorum
1457 3559 1590 3628 ejus.
1637 3555 1780 3610 Emit
1804 3567 1922 3608 eam

330 3657 585 3728 sanguine
610 3669 730 3722 suo,
759 3669 916 3724 quem
951 3653 1098 3723 prior
1127 3651 1262 3714 fudit
1290 3665 1384 3720 pro
1409 3649 1580 3706 salute
1607 3660 1887 3702 servorum
1905 3686 1920 3708 ,

332 3762 400 3802 ne
426 3761 524 3815 pro
549 3746 758 3800 Domini
784 3745 996 3799 nomine
1016 3743 1158 3799 servi
1182 3740 1407 3797 fundere
1424 3739 1760 3800 dubitarent;
1783 3734 1926 3806 quod

335 3849 510 3892 tamen
535 3851 745 3899 eorum,
781 3850 886 3890 non
932 3828 1144 3890 Domini
1172 3833 1402 3894 utilitati,
1439 3829 1744 3898 proﬁceret.

403 3929 456 3982 6.
490 3926 648 4000 [τρεῖς.
684 3925 806 3998 16.]
837 3925 1166 3980 Ccntiteatur
1186 3923 1365 3992 itaque
1390 3921 1750 3976 conditionem
1774 3934 1925 3974 suam

335 4019 658 4087 mancipium
690 4025 835 4072 tanto
863 4017 1033 4084 pretio
1053 4021 1441 4082 comparatum,
1470 4020 1526 4067 et
1545 4009 1722 4064 dicat:
1751 4007 1795 4062 Ο
1819 4007 1927 4064 Do-

337 4110 489 4172 mine,
519 4124 610 4180 cgo
637 4123 808 4163 servus
832 4115 983 4170 tuus;
1009 4122 1100 4177 ego
1127 4119 1302 4162 servus
1328 4114 1463 4170 tuus,
1491 4111 1536 4155 et
1563 4100 1703 4169 ﬁlius
1729 4099 1930 4156 ancilla:

335 4210 452 4254 tua.
485 4183 628 4267 Ergo
657 4205 711 4250 et
739 4206 949 4272 emptus
980 4205 1060 4250 est
1085 4235 1101 4262 ,
1136 4202 1191 4249 et
1223 4192 1534 4248 vernaculus
1563 4198 1663 4246 est.
1695 4192 1775 4244 An
1805 4204 1928 4244 cum

333 4297 504 4343 matre
538 4287 695 4342 simul
720 4294 804 4346 est
841 4284 1086 4356 emptus?
1110 4299 1177 4338 an
1204 4284 1326 4355 quia
1350 4281 1668 4340 vernaculus
1692 4288 1774 4344 est
1792 4321 1806 4343 ,
1832 4295 1930 4349 pro

335 4388 555 4456 peccato
583 4381 717 4456 luga:
752 4395 862 4434 suae
888 4376 1226 4449 deprmdatus
1248 4418 1266 4443 ,
1294 4383 1350 4432 et
1377 4374 1501 4430 ideo
1525 4383 1738 4442 emptus
1758 4414 1774 4439 ,
1805 4373 1928 4442 quia

337 4455 654 4548 redemptus
685 4470 811 4538 est?
853 4469 1022 4526 Filius
1069 4468 1214 4523 enim
1259 4478 1342 4522 εει
1387 4465 1594 4532 ancilla:
1637 4463 1930 4519 secundum

338 4563 479 4633 quod
496 4562 674 4618 omnis
692 4570 936 4616 creatura
952 4560 1161 4616 subdita
1183 4558 1425 4614 Creatori
1445 4566 1551 4624 est,
1577 4565 1632 4612 et
1651 4557 1938 4612 verissimo

339 4654 567 4709 Domino
606 4652 938 4710 verissimum
990 4653 1150 4710 debet
1197 4651 1506 4706 famulatum
1554 4668 1568 4704 :
1614 4665 1774 4721 quem
1807 4664 1938 4720 cum

334 4745 578 4811 exhibet,
603 4743 772 4800 libera
797 4753 898 4808 est,
927 4743 1065 4814 banc
1093 4742 1362 4811 accipiens
1379 4756 1409 4794 a
1438 4742 1663 4795 Domino
1684 4739 1928 4810 gratiam,

339 4845 395 4890 ut
421 4837 469 4889 ei
518 4850 626 4890 non
665 4835 1019 4902 necessitate,
1043 4832 1138 4887 sed
1167 4832 1436 4887 voluntate
1476 4831 1760 4886 deserviat.
1792 4830 1932 4900 Ergo

333 4930 437 5000 iste
469 4928 610 4982 filius
636 4936 717 4982 est
755 4925 1052 4983 Jerusalem
1097 4924 1332 4980 cmlesﬁs
1353 4965 1368 4989 ,
1399 4938 1518 4994 qum
1557 4937 1769 4978 sursum
1807 4930 1887 4976 est
1911 4959 1931 4988 ,

338 5029 507 5074 mater
536 5019 772 5074 omnium
801 5026 1040 5074 nostrum
1069 5017 1235 5072 libera
1262 5014 1465 5088 (Galat.
1501 5029 1578 5078 tv,
1608 5012 1737 5083 26).
1768 5013 1835 5068 Et
1863 5013 1926 5067 li-

336 5109 462 5165 bern
489 5109 704 5181 quidem
722 5124 749 5162 a
767 5117 984 5179 peccato
1007 5150 1025 5175 ,
1046 5106 1141 5163 sed
1159 5106 1346 5162 ancilla
1371 5103 1589 5175 justitiae
1608 5119 1623 5158 :
1642 5102 1793 5172 cujus
1812 5102 1933 5158 ﬁliis

337 5198 511 5254 adhuc
529 5199 988 5270 peregrinantibus
1014 5198 1227 5264 dicitur,
1263 5194 1366 5251 Vos
1391 5196 1443 5248 in
1468 5194 1747 5249 libertatem
1773 5196 1932 5248 vocati

337 5294 490 5356 estis;
511 5301 566 5348 et
584 5308 770 5348 rursus
790 5308 885 5350 eos
903 5307 1088 5349 servos
1108 5291 1256 5359 facit,
1272 5289 1477 5356 dicens,
1495 5287 1602 5344 Sed
1617 5288 1670 5342 in
1693 5286 1936 5342 charitate

338 5383 516 5454 servite
557 5384 767 5438 invicem
819 5382 939 5453 (Id.
981 5399 1055 5452 v,
1104 5382 1201 5454 15)
1243 5379 1482 5453 :quibus
1526 5379 1654 5457 item
1702 5377 1932 5446 dicitur,

345 5493 364 5528 ι
408 5475 545 5534 Cum
587 5476 902 5532 serviebatis
939 5485 1199 5547 peccato,
1227 5473 1379 5528 liberi
1422 5472 1586 5528 eratis
1623 5486 1653 5527 a
1685 5470 1931 5542 justitia;

341 5585 483 5626 nunc
518 5585 646 5626 vero
673 5570 880 5626 liberati
919 5584 951 5624 a
977 5577 1229 5641 peccato,
1261 5565 1382 5622 facti
1411 5574 1590 5622 autem
1621 5565 1761 5622 servi
1789 5564 1932 5634 Deo,

406 5722 482 5786 (α)
516 5723 740 5786 Prmterit
775 5719 1066 5786 versiculum
1093 5721 1166 5781 li,
1211 5724 1323 5770 rota
1348 5731 1456 5771 mea
1494 5726 1692 5768 Dommo
1733 5714 1936 5768 reddant

370 5781 508 5836 αεώκ
533 5781 661 5836 anuli
685 5781 858 5846 populo
879 5782 998 5844 ejus.

1403 329 1799 386 ENA‘RRATIO
1827 327 1891 382 IN
1930 327 2253 388 ρεΑωυυ
2291 329 2478 387 CXV].

3455 333 3595 386 Ηυξ

2007 443 2215 500 habetis
2245 443 2475 500 fructum
2505 454 2739 502 vestrum
2786 445 2839 502 in
2889 446 3360 502 sanctiﬁcationcm
3381 487 3398 512 ,
3433 445 3591 504 ﬁnem

2005 547 2138 591 vero
2159 536 2323 590 vitam
2347 545 2602 592 teternam
2635 556 2656 592 ο
2687 537 2705 607 (
2729 536 2879 592 Rom.
2911 553 2960 591 vt
2985 579 2999 602 ,
3019 535 3112 602 ‘20,
3138 535 3265 606 22).
3292 537 3442 591 Dicat
3465 552 3595 608 ergo

2007 625 2118 681 Deo
2140 641 2328 682 servus
2355 629 2476 693 iste,
2504 628 2650 684 Multi
2672 642 2739 684 se
2764 637 3026 700 martyres
3051 628 3266 693 dicunt,
3292 628 3448 683 multi
3479 641 3597 685 sor-
3622 642 3624 648 '

2007 732 2102 774 vos
2124 727 2262 786 tuos,
2285 721 2406 790 quia
2431 735 2625 776 nomen
2649 728 2794 776 tuum
2823 720 3018 777 habent
3041 721 3093 775 in
3115 721 3276 776 variis
3299 720 3620 777 lueresibus-

2006 818 2062 865 et
2087 811 2392 877 erroribus;
2421 811 2516 868 sed
2545 812 2668 884 quia
2709 821 2905 883 praeter
2934 813 3230 870 Ecclesium
3259 821 3402 869 tuam
3429 822 3554 868 sunt
3575 857 3590 879 ,

2007 918 2114 959 non
2139 913 2269 959 sunt
2297 905 2389 960 ﬁlii
2412 905 2616 960 ancilla:
2641 915 2746 961 tuae
2773 923 2787 961 :
2814 904 2928 977 Ego
2952 914 3130 962 autem
3156 923 3330 961 servus
3359 915 3475 960 tuus
3496 948 3511 973 ,
3543 915 3600 960 et

2008 995 2146 1064 ﬁlius
2170 995 2374 1050 ancillis
2401 1006 2523 1052 tute.

2079 1089 2132 1142 7.
2175 1084 2338 1159 [vers.
2372 1087 2494 1160 17.]
2534 1088 2809 1159 Disrupisti
2859 1089 3059 1144 vincula
3103 1106 3246 1155 mea;
3294 1089 3384 1144 tibi
3431 1090 3595 1144 sacri-

2009 1177 2171 1246 ﬁcabo
2231 1179 2538 1248 sacriﬁcium
2598 1179 2784 1234 laudis.
2843 1179 3027 1250 Neque
3063 1181 3204 1234 enim
3259 1178 3437 1234 inveni
3493 1179 3596 1233 ulla

2010 1269 2199 1323 merita
2238 1283 2377 1335 mea,
2408 1269 2622 1339 quando
2663 1279 2716 1324 tu
2747 1270 3020 1341 disrupisti
3049 1271 3259 1326 vincula
3299 1286 3449 1338 mea;
3479 1271 3630 1326 ideot

2009 1359 2326 1416 sacriﬁcium
2348 1359 2520 1417 laudis
2545 1360 2634 1416 tibi
2660 1360 2871 1416 debeo:
2894 1361 3014 1432 quia
3045 1363 3144 1418 etsi
3171 1361 3440 1432 gloriabor
3457 1362 3599 1432 quod
3624 1397 3628 1404 ι

2010 1466 2198 1508 servus
2227 1460 2347 1512 tuus
2375 1453 2476 1508 sim
2504 1461 2559 1508 et
2587 1452 2726 1508 ﬁlius
2749 1452 2956 1508 ancillae
2988 1461 3130 1520 tute;
3157 1467 3265 1509 non
3293 1453 3346 1508 in
3373 1467 3479 1519 me,
3505 1455 3600 1509 sed

2011 1543 2065 1598 in
2081 1551 2135 1598 te
2154 1544 2377 1608 Domino
2393 1559 2512 1600 meo
2530 1544 2821 1614 gloriabor,
2835 1545 2926 1615 qui
2942 1544 3215 1617 disrupisti
3234 1545 3441 1601 vincula
3457 1561 3602 1610 mea,

2013 1645 2123 1694 uta
2150 1636 2265 1708 fuga
2298 1636 2511 1694 rediens
2540 1637 2794 1706 religarer
2818 1637 2950 1692 tibi.

2083 1728 2138 1784 8.
2172 1727 2336 1801 [υοη.
2369 1726 2494 1800 18.]
2545 1727 2667 1782 Vota
2687 1744 2799 1782 mea
2829 1727 3046 1784 Dontino
3071 1727 3455 1796 reddam..Qu:e
3480 1739 3601 1783 vota

2013 1819 2315 1876 redditurus
2340 1818 2433 1874 es?
2461 1818 2604 1886 Quas
2638 1819 2833 1874 vovisti
2876 1817 3159 1874 victimas?
3201 1834 3320 1888 qua:
3344 1819 3632 1874 incensa?"

2013 1927 2134 1982 qua:
2155 1911 2502 1967 holocausta?
2526 1913 2606 1966 An
2629 1911 2695 1966 ad
2720 1910 2846 1967 illud
2875 1911 3117 1981 respicis,
3140 1912 3278 1981 quod
3302 1911 3460 1983 paulo
3482 1921 3606 1968 ante

2015 2003 2232 2068 dixisti,
2260 2001 2481 2059 Calicem
2520 2004 2759 2058 salutaris
2800 2003 3084 2072 accipiam,
3117 2014 3164 2059 et
3192 2020 3372 2058 nomen
3404 2004 3607 2059 Domini

2015 2094 2290 2160 invocabo;
2330 2106 2417 2160 et,
2445 2094 2560 2150 Tibi
2602 2095 2897 2164 sacrificabo
2936 2097 3240 2165 sacriﬁcium
3289 2096 3501 2152 laudis?
3545 2098 3612 2153 Et

2017 2204 2201 2246 revera
2228 2189 2470 2260 quisquis
2513 2189 2653 2245 bene
2690 2190 2888 2259 cogitat
2929 2188 3055 2259 quid
3084 2197 3274 2243 voveat
3306 2189 3530 2243 Domino
3557 2199 3613 2243 et

2017 2297 2138 2353 qua:
2161 2291 2282 2338 vota
2324 2281 2545 2349 reddat,
2578 2282 2812 2351 seipsum
2845 2289 3068 2345 voveat,
3097 2281 3331 2348 seipsum
3377 2280 3566 2335 reddat
3593 2299 3606 2336 :

2019 2374 2122 2430 hoc
2145 2373 2400 2443 exigitur,
2429 2374 2529 2428 hoc
2553 2373 2801 2436 debetur.
2831 2373 3076 2442 lnspccto
3107 2387 3322 2426 nummo
3353 2372 3610 2426 Dominus

2018 2465 2176 2530 dicit;
2204 2463 2421 2519 Reddite
2457 2463 2645 2518 Caesari
2685 2480 2801 2535 qua:
2839 2464 3056 2521 Cazsaris
3097 2472 3212 2519 sunt
3235 2505 3249 2528 ,
3279 2472 3324 2518 et
3361 2462 3470 2517 Deo
3498 2479 3612 2534 qua

2020 2559 2115 2616 Dei
2143 2569 2260 2615 sunt
2287 2558 2516 2630 (Matth.
2549 2575 2688 2626 xx",
2714 2557 2779 2614 21
2809 2558 2828 2630 )
2858 2575 2872 2612 :
2902 2558 3078 2630 imago
3103 2572 3198 2613 sua
3229 2556 3469 2613 redditur
3491 2557 3612 2613 Cte-

2021 2651 2146 2717 sari,
2178 2651 2354 2722 imago
2381 2667 2475 2707 sua
2500 2651 2756 2706 reddatur
2782 2652 2912 2707 Deo.

2093 2743 2146 2799 9.
2180 2742 2343 2816 (vers.
2374 2740 2506 2815 19.].
2541 2742 2646 2798 Sed
2673 2743 2765 2813 qui
2789 2743 3034 2798 meminit
3068 2757 3173 2796 non
3199 2742 3374 2796 solum
3400 2757 3610 2796 servum

2023 2851 2084 2894 se
2107 2850 2230 2893 esse
2258 2835 2372 2898 Dei,
2400 2835 2495 2892 sed
2520 2845 2575 2890 et
2599 2834 2765 2890 ﬁlium
2791 2835 2998 2890 ancilla:
3025 2834 3141 2900 Dei,
3164 2833 3307 2888 videt
3332 2834 3351 2866 ⁸
3380 2833 3467 2888 ubi
3489 2833 3630 2888 red--

2022 2928 2118 2986 dat
2139 2938 2260 2983 vota
2286 2942 2382 2984 sua
2403 2967 2418 2991 ,
2450 2927 2814 2983 conformatus
2838 2925 3055 2981 Christo
3099 2942 3192 2996 per
3217 2925 3439 2981 calicem
3467 2923 3616 2978 salu-

2027 3019 2174 3075 taris.
2216 3017 2282 3074 In
2321 3020 2498 3084 atriis,
2527 3019 2733 3089 inquit,
2772 3017 2953 3072 domus
2993 3015 3219 3070 Domini.
3260 3016 3390 3084 Quae
3425 3014 3618 3070 domus

2027 3111 2124 3167 Dei
2151 3119 2256 3179 est,
2285 3110 2398 3166 hmc
2423 3110 2618 3164 ancilla
2650 3109 2746 3164 Dei
2772 3117 2855 3165 est
2880 3124 2893 3160 :
2926 3117 2984 3162 et
3009 3123 3128 3178 quae
3153 3107 3344 3162 domus
3375 3105 3490 3167 Dei,
3513 3105 3615 3158 nisi

2025 3203 2204 3260 omnis
2223 3202 2450 3272 pOpulus
2471 3201 2620 3271 ejus?
2649 3200 2772 3256 Ideo
2797 3200 3056 3268 sequitur,
3081 3197 3146 3252 In
3167 3207 3436 3267 conspectu
3453 3197 3619 3250 onmis

2027 3295 2204 3366 populi
2227 3295 2357 3364 ejus.
2390 3292 2460 3348 Et
2495 3292 2730 3361 apertius
2756 3290 2867 3360 jam
2901 3289 3140 3344 nominat
3167 3287 3336 3357 ipsam
3364 3294 3614 3341 matrem.

2027 3388 2165 3458 Quid
2191 3396 2273 3443 est
2298 3387 2440 3442 enim
2471 3384 2612 3440 aliud
2643 3383 2871 3453 p0pulus
2894 3381 3032 3452 ejus,
3060 3381 3162 3436 nisi
3187 3379 3326 3450 quod
3351 3379 3615 3448 sequitur,

2029 3479 2096 3534 In
2120 3479 2283 3534 medio
2303 3480 2396 3541 tui,
2420 3475 2749 3531 Jerusalem?
2774 3474 2924 3528 Tune
2948 3481 3032 3530 est
3052 3473 3194 3528 enim
3215 3471 3356 3542 quod
3378 3469 3618 3526 redditur

2027 3581 2257 3643 gratum,
2286 3569 2418 3625 side
2447 3584 2576 3638 pace
2604 3568 2829 3636 atquein
2858 3580 2988 3636 pace
3013 3566 3286 3622 reddatur.
3315 3564 3415 3631 Qui
3438 3573 3639 3619 autem».

2031 3665 2122 3721 lilii
2149 3665 2306 3734 hujus
2330 3663 2537 3718 ancillae
2559 3676 2665 3717 non
2681 3669 2828 3725 sunt,
2855 3659 3052 3714 bellum
3077 3658 3410 3728 potiusquam
3428 3669 3614 3726 pacem

2031 3763 2364 3810 amaverunt.
2387 3751 2464 3808 Ne
2491 3751 2610 3820 quis
2637 3759 2814 3806 autem
2847 3750 3118 3805 existimet
3139 3750 3272 3802 atria
3293 3747 3486 3802 domus
3511 3746 3618 3799 Do-

2031 3848 2182 3911 mini,
2204 3853 2260 3901 et
2281 3860 2494 3899 omnem
2519 3844 2770 3912 populum
2792 3843 2909 3911 ejus
2929 3840 3145 3896 Judazos
3163 3837 3470 3909 signiﬁcari,
3491 3836 3616 3906 quia
3631 3863 3645 3881 -.

2032 3941 2104 3996 ita
2135 3938 2324 3992 clausit
2349 3936 2451 3991 iste
2477 3935 2716 4004 psalmus
2740 3971 2755 3997 ,
2779 3941 2838 3988 ut
2865 3931 3089 3994 diceret,
3122 3929 3189 3983 In
3217 3927 3380 3982 medio
3409 3927 3502 3989 tui,
3527 3924 3621 3980 Jc‘

2031 4029 2271 4094 rusalem,
2303 4026 2456 4094 cujus
2487 4022 2700 4078 nomine
2728 4022 2975 4076 carnales
3003 4019 3254 4074 Israelita:
3279 4017 3575 4088 gloriantur
3602 4033 3618 4079 ;

2032 4117 2214 4174 audite
2260 4123 2568 4186 sequentem
2614 4112 2874 4184 psalmum
2900 4153 2914 4175 ,
2948 4111 3037 4180 qui
3083 4119 3311 4178 quatuor
3339 4105 3618 4163 versiculis

2033 4209 2357 4262 continuatur.

2469 4435 2549 4496 IN
2591 4433 2971 4496 PSALMUM
3014 4431 3213 4495 CXVI

2565 4589 2574 4600 ν
2619 4552 3036 4610 ENARRATIO.

2356 4668 2648 4739 Superioris
2684 4665 2926 4720 sermonis
2952 4667 3284 4720 continuatio.

2107 4761 2338 4818 Laudate
2363 4758 2638 4814 Dominum
2665 4773 2837 4812 omnes
2863 4766 3052 4828 gentes,
3082 4756 3286 4810 laudate
3307 4772 3627 4812 eum-omnes

2038 4853 2232 4926 populi.
2261 4851 2386 4906 Haec
2413 4858 2536 4905 sunt
2564 4848 2698 4903 atria
2726 4847 2917 4902 domus
2948 4846 3181 4913 Domini,
3205 4847 3296 4901 ille
3321 4847 3496 4900 omnis
3525 4861 3626 4916 po-

2039 4944 2195 5016 pulus
2219 4942 2334 5013 ejus
2356 4981 2374 5007 ,
2401 4941 2516 4996 haec
2541 4954 2667 4996 vera
2693 4937 2990 4993 Jerusalem
3017 4939 3061 4990 ⁸.
3091 4936 3322 4991 Audiant
3349 4937 3518 5008 magis
3553 4936 3624 4990 illi

2036 5036 2128 5108 qui
2169 5035 2326 5104 hujus
2364 5031 2599 5088 civitatis
2642 5029 2734 5085 tilii
2778 5043 2900 5086 esse
2944 5028 3266 5093 noluerunt,
3305 5041 3427 5081 cum
3469 5041 3529 5081 se
3559 5030 3627 5081 ab

2035 5129 2276 5184 omnium
2301 5124 2538 5197 gentium
2567 5118 3346 5190 communione-praeciderunt.
3373 5118 3625 5184 Quoniam

2038 5221 2338 5289 conﬁrmata
2366 5226 2440 5274 est
2479 5231 2633 5286 super
2674 5231 2771 5270 nos
2806 5210 3153 5268 misericordia
3188 5211 3297 5280 ejus
3317 5250 3330 5273 ,
3361 5221 3409 5263 et
3445 5209 3626 5264 ueritas

2037 5311 2247 5368 Domini
2271 5317 2438 5366 manet
2461 5308 2522 5362 in
2546 5316 2807 5362 ceternum.
2842 5303 2968 5359 Haec
2989 5310 3112 5358 sunt
3134 5299 3242 5357 duo
3271 5299 3382 5367 illa,
3413 5298 3624 5354 miseris-

2038 5403 2220 5462 cordia
2257 5411 2314 5459 et
2352 5401 2586 5464 veritas,
2616 5411 2737 5468 qum
2779 5396 2832 5452 in
2879 5394 3170 5451 centesimo
3217 5395 3379 5450 tertio
3417 5391 3626 5446 decimo

2041 5497 2244 5568 psalmo
2270 5491 2546 5550 memoriae
2581 5485 3004 5548 commendanda
3028 5483 3333 5541 commonui
3366 5483 3464 5556 (α).
3493 5482 3624 5538 Cou~

2105 5651 2120 5682 ι
2143 5649 2310 5697 Plures
2334 5652 2462 5703 Mss,
2481 5642 2588 5704 uide
2617 5655 2634 5691 :
2655 5648 2707 5692 et
2727 5639 2940 5704 quidam,
2966 5645 3136 5704 nacte.

2102 5713 2126 5743 ³
2149 5708 2372 5770 Plerique
2398 5697 2524 5763 Mss,
2550 5703 2655 5770 litae
2686 5697 2846 5760 verba,
2863 5697 3149 5770 Jerusalem:

2105 5773 2176 5836 (α)
2201 5779 2252 5820 tu
2271 5761 2442 5820 Finan.
2459 5761 2578 5818 Psal.
2607 5779 2735 5825 cum,
2757 5776 2908 5816 serat.
2937 5764 2988 5822 ι...
3008 5775 3060 5812 n.
3088 5761 3162 5810 ιδ.
