4070 6468
558 324 693 379 ιιθδ

554 441 757 506 ﬁrmata
785 447 857 493 est
883 446 1060 492 autem
1090 452 1241 506 super
1269 430 1358 487 nos
1384 428 1728 486 misericordia
1756 424 1987 489 Domini,
2010 438 2131 477 eum

536 530 671 599 ejus
702 528 899 584 nomini
922 569 939 595 ,
966 543 1062 599 per
1102 526 1241 595 quod
1293 523 1500 578 liberali
1549 534 1733 575 sumus
1756 560 1770 582 ,
1799 517 2130 572 inimicamm

553 623 788 692 gentium
805 620 985 675 rabida
1012 634 1104 674 ora
1130 624 1403 672 cesserunt
1427 632 1441 669 :
1463 624 1509 668 et
1528 614 1709 666 veritas
1738 609 1945 663 Domini
1964 616 2133 659 manet

551 716 607 768 in
633 724 875 768 (atomum
895 754 909 778 ,
937 712 1055 767 sive
1084 711 1135 763 in
1176 710 1252 763 eis
1281 724 1399 778 qua:
1439 704 1681 777 promisit
1710 703 1871 773 ‘justis
1893 741 1909 767 ,
1939 701 2051 755 sive
2076 699 2129 753 in

553 808 630 860 eis
658 822 777 878 qua:
806 807 1035 859 minatus
1063 814 1145 858 est
1172 803 1365 872 impiis.
2060 798 2063 803 λ

940 940 1027 1057 IN
1072 983 1449 1046 PSALMUM
1500 982 1729 1044 cxvu

1134 1103 1546 1170 ENAIiRATIU.

1054 1235 1225 1274 δειιιιο
1249 1235 1316 1275 AD
1345 1232 1602 1277 POPULUI.

623 1354 676 1407 l.
719 1352 1069 1415 Audivimus,
1120 1352 1347 1417 fratres,
1396 1350 1768 1405 admonentem
1822 1361 1921 1403 nos
1970 1356 2129 1416 atque

552 1445 863 1499 hortantem
897 1445 1150 1516 Spiritum
1182 1455 1418 1498 sanctum
1442 1485 1455 1510 ,
1489 1452 1545 1497 ut
1568 1440 1891 1496 Sacriﬁcium
1920 1439 2131 1497 confes-

549 1536 718 1591 sionis
759 1536 1042 1591 offeramus
1092 1536 1217 1589 Deo.
1263 1534 1542 1589 Confessio
1582 1541 1757 1587 autem
1784 1574 1798 1598 ,
1830 1531 1911 1586 vel
1959 1530 2130 1585 laudis

547 1626 665 1695 ejus
694 1635 777 1681 est
800 1667 815 1690 ,
843 1626 923 1680 vel
971 1636 1305 1695 peccatorum
1344 1636 1667 1679 nostrorum.
1700 1624 1770 1678 Et
1799 1624 1886 1677 illa
1917 1620 2129 1692 quidem

549 1719 813 1773 confessio
839 1762 853 1783 ,
884 1734 982 1788 qua
1016 1729 1226 1789 peccata
1254 1727 1430 1772 nostra
1465 1717 1572 1771 Deo
1595 1716 1930 1781 conﬁtemur,
1957 1713 2132 1768 omni-

548 1808 649 1863 hus
672 1818 795 1862 nota
834 1820 950 1873 est;
983 1809 1052 1862 ita
1085 1818 1139 1862 ut
1172 1809 1306 1862 hanc
1336 1808 1501 1861 solam
1527 1806 1629 1860 dici
1660 1804 2047 1860 confessionem
2075 1804 2128 1858 in

550 1901 1064 1967 Scrimnris‘sanctis
1089 1900 1263 1954 minus
1289 1900 1493 1954 erudita
1519 1899 1790 1954 existimet
1814 1896 2125 1952 multitudo:

550 2008 672 2046 nam
705 1993 791 2045 ubi
821 1992 920 2045 hoc
949 1992 1166 2047 verbum
1196 1991 1412 2046 lectoris
1451 2005 1544 2043 ore
1570 1989 1810 2044 sonuerit
1831 2030 1845 2053 ,
1877 1988 2129 2049 continuo

548 2083 801 2150 strepitus
828 2082 953 2150 pius
996 2090 1209 2150 pectora
1249 2079 1578 2135 tundentium
1622 2080 1983 2149 consequitur.
2022 2078 2128 2135 Sed

547 2172 745 2227 debent
768 2172 1045 2228 advertere
1068 2172 1333 2243 quomodo
1358 2172 1555 2228 dictum
1585 2173 1650 2226 sit
1682 2175 1731 2226 in
1752 2171 1858 2226 alio
1883 2172 2127 2242 psalmo:

553 2283 572 2315 ι
619 2264 877 2331 Quoniam
921 2264 1187 2334 ingrediar
1224 2266 1275 2319 in
1323 2264 1496 2321 locum
1537 2264 1855 2319 tabernaculi
1901 2262 2129 2317 admira-

546 2359 668 2413 bilis
703 2375 868 2428 usque
910 2359 974 2413 ad
1005 2359 1222 2414 domum
1267 2359 1398 2427 Dei,
1439 2354 1492 2414 in
1521 2373 1653 2413 voce
1679 2357 2048 2412 exsultationis
2076 2365 2128 2411 et

545 2449 930 2516 confessiOnis,
960 2451 1076 2504 soni
1122 2450 1460 2505 festivitatem
1512 2449 1831 2504 celebrantis
1875 2466 1893 2499 ι
1943 2448 2123 2516 (Psal.

546 2557 654 2606 xu,
684 2540 773 2611 5).
800 2541 896 2595 llic
935 2541 1078 2596 enim
1108 2548 1255 2596 certe
1293 2541 1627 2595 manifestum
1668 2548 1750 2594 est
1775 2554 1965 2595 vocem
1994 2554 2126 2594 con—

547 2633 794 2689 fessionis
816 2644 870 2689 et
890 2648 1100 2700 sonum,
1127 2650 1234 2693 non
1264 2634 1328 2688 ad
1351 2649 1637 2689 maerorem
1660 2633 2008 2704 paenitentia),
2033 2633 2125 2688 sed

545 2727 610 2779 ad
640 2727 872 2781 laetitiam
906 2726 1600 2783 festivitatisceleberrimte
1632 2724 1921 2797 pertinere.
1951 2726 2055 2780 Aut
2083 2726 2125 2780 si

544 2818 613 2873 de
635 2828 738 2872 tam
768 2818 1051 2874 manifesto
1074 2820 1376 2874 testimonio
1402 2819 1679 2890 quisquam
1702 2818 1874 2873 adhuc
1901 2818 2122 2883 dubitat,

544 2910 671 2978 quid
700 2910 937 2967 dicturus
966 2921 1049 2968 est
1073 2912 1136 2966 ad
1170 2911 1295 2966 illud
1324 2912 1466 2982 quod
1509 2913 1560 2966 in
1593 2912 1969 2967 Ecelesiastieo
1997 2911 2127 2967 scri-

545 3010 693 3065 ptum
715 3010 797 3056 est
829 3019 840 3054 :
872 3021 889 3053 ‹
921 3003 1222 3061 Benedicite
1241 3005 1516 3059 Dominum
1542 3005 1721 3060 omnia
1746 3010 1905 3076 Opera
1938 3005 2123 3076 ipsius,

522 3095 666 3149 .tlate
711 3096 910 3150 nomini
962 3096 1126 3165 ipsius
1176 3098 1653 3168 magniﬁcentiam,
1700 3106 1757 3154 et
1802 3097 2126 3153 conﬁtemini

544 3186 597 3239 in
628 3185 836 3241 laudem
868 3187 1032 3257 ipsius
1060 3188 1110 3242 iu
1140 3190 1362 3244 canticis
1399 3184 1659 3245 labiorum
1689 3200 1743 3245 et
1784 3190 1834 3244 in
1874 3190 2123 3255 citharis;

543 3287 597 3331 et
633 3278 710 3332 sic
751 3278 913 3335 dicite
955 3279 1006 3334 in
1051 3281 1382 3337 confessione
1406 3324 1421 3347 ,
1452 3281 1713 3349 Quoniam
1745 3280 1921 3336 omnia
1965 3296 2125 3351 opera

544 3370 754 3425 Domini
799 3371 936 3426 bona
986 3373 1145 3428 nimis
1192 3394 1209 3426 ι
1255 3373 1450 3444 (Eccli.
1504 3391 1709 3438 χχχιι,
1765 3375 2001 3446 l9-2l)?
2031 3376 2128 3431 ilic

544 3470 691 3516 certe
718 3463 896 3522 nullus.
917 3464 1001 3517 vel
1033 3465 1361 3519 tardissimus
1400 3465 1618 3535 ambigit
1641 3465 2031 3522 confessionem
2074 3468 2125 3522 iu

548 3549 642 3604 Dei
670 3551 913 3606 laudibus
956 3554 1113 3622 poni;
1147 3555 1245 3607 nisi
1279 3554 1413 3610 forte
1442 3561 1581 3610 tanta
1610 3566 1707 3611 est
1738 3549 1787 3611 iu
1812 3551 2125 3628 cujusquam

554 3652 735 3697 mente
758 3645 1098 3713 perversitas,
1132 3655 1189 3701 ut
1212 3646 1392 3702 dicere
1420 3648 1611 3703 amicat
1635 3649 1792 3704 etiam
1823 3653 1994 3719 ipsum
2027 3650 2129 3705 Do—

548 3735 749 3789 minum
773 3734 952 3789 .lcsum
986 3736 1254 3791 Christum
1304 3748 1517 3807 peccata
1561 3754 1653 3793 sua
1683 3739 1823 3794 Patri
1854 3756 1972 3795 esse
2000 3756 2129 3796 con-

571 3830 766 3882 cssuin.
808 3827 956 3895 Quod
989 3830 1033 3883 si
1078 3829 1265 3900 aliquis
1303 3831 1496 3901 impius
1523 3842 1739 3902 propter
1765 3849 1955 3890 nomen
2000 3850 2129 3889 cou-

494 3916 502 3923 ”
550 3918 796 3972 fessionis
824 3926 1051 3974 tentaret
1077 3921 1313 3990 objiccre
1336 3964 1349 3987 ,
1382 3921 1630 3977 facillime
1658 3924 1990 3980 refelleretur
2017 3926 2125 3996 ipsa

548 4011 881 4068 cmitoxtionc
908 4014 1207 4067 verborum.
1236 4014 1324 4069 Sic
1352 4017 1492 4069 enim
1520 4016 1749 4087 loquitur
1776 4036 1789 4071 :
1818 4036 1836 4069 ι
1859 4016 2130 4076 Conﬁteor

552 4100 665 4163 tibi,
697 4120 715 4152 ι
753 4102 939 4170 inquit,
976 4121 993 4154 ι
1033 4103 1207 4167 Pater,
1237 4105 1456 4160 Domine
1480 4107 1600 4161 coeli
1623 4116 1673 4161 et
1696 4116 1867 4173 terrae,
1897 4110 2017 4179 quia
2037 4111 2129 4164 ab-

550 4190 803 4246 scondisti
832 4192 942 4245 hare
960 4208 986 4245 a
1005 4194 1328 4263 sapientibus
1345 4204 1396 4250 ct
1422 4196 1787 4265 prudentibus,
1804 4207 1858 4253 et
1882 4199 2126 4275 rev/clasti

550 4298 611 4335 ca
630 4284 891 4352 parvulis;
913 4286 1002 4351 ita,
1024 4285 1198 4351 Pater,
1217 4287 1464 4356 quoniam
1490 4288 1567 4343 sic
1588 4289 1834 4358 placitum
1852 4301 1932 4346 est
1948 4307 2125 4349 coram

551 4382 628 4424 te.
668 4390 686 4423 ι
721 4372 847 4437 Quis
869 4390 973 4428 non
1001 4390 1120 4430 eum
1148 4376 1402 4447 intelligat
1443 4378 1495 4432 iu
1525 4378 1679 4445 laude
1707 4379 1880 4437 Patris
1904 4380 2018 4436 lucc
2044 4384 2127 4437 di-

551 4464 710 4516 cere?
740 4464 864 4531 Quis
892 4481 995 4519 nou
1020 4467 1195 4521 videat
1219 4467 1371 4521 istam
1400 4468 1790 4525 confessionem
1821 4486 1924 4525 nan
1948 4473 2011 4525 ad
2034 4473 2128 4527 du-

552 4555 717 4608 lorcm
747 4556 923 4609 cordis
942 4595 957 4620 ,
989 4556 1081 4610 sed
1111 4556 1175 4610 ad
1204 4557 1454 4627 gaudium
1494 4560 1792 4630 pertinere;
1823 4576 1941 4615 cum
1967 4565 2124 4618 etiam

552 4647 885 4715 prmcesserit
905 4646 1445 4717 Evangelista'dicens
1470 4667 1482 4703 :
1503 4649 1568 4704 hi
1589 4651 1701 4721 ipsa
1720 4653 1845 4706 liora
1866 4655 2128 4709 exsultavit

552 4739 752 4808 Spiritu
787 4746 960 4793 sancto
1022 4749 1068 4793 et
1107 4740 1269 4809 dixit,
1300 4737 1552 4811 Conﬁteor
1581 4740 1706 4813 tibi,
1750 4742 1905 4800 Pater
1957 4742 2125 4818 (Luc.

551 4830 788 4902 x,2l)?
1958 4838 1961 4843 ’
2100 4854 2103 4857 ‘

620 4922 676 4976 2.
720 4922 878 4996 [νινε.
929 4923 1016 4997 1.]
1054 4924 1423 4997 Quapropter,
1479 4927 1817 4997 charissimi,
1875 4932 2126 5003 quoniam

550 5014 699 5069 nullo
730 5014 892 5071 modo
917 5025 999 5070 est
1044 5018 1262 5072 omnino
1303 5017 1649 5074 dubitandum
1675 5062 1691 5087 ,
1720 5030 1796 5076 tot
1833 5037 2130 5094 congruen-

550 5106 694 5161 tibus
740 5108 1089 5174 testimoniis,
1130 5111 1586 5179 quorum‘similia
1625 5114 1677 5167 in
1718 5113 2003 5185 Scripturis
2035 5130 2129 5185 per

549 5211 644 5251 vos
668 5196 811 5267 ipsos
835 5198 1057 5267 potestis
1082 5198 1380 5266 advertere,
1414 5215 1518 5255 non
1551 5210 1753 5257 tantum
1784 5204 1837 5258 in
1862 5206 2090 5274 peccatis
2110 5248 2124 5272 ,

550 5287 643 5341 sed
672 5297 725 5343 et
753 5288 805 5342 in
835 5288 1076 5345 laudibus
1124 5290 1215 5344 Dei
1259 5291 1645 5347 confessionem
1682 5293 1877 5350 divinis
1914 5295 2128 5353 Litteris

550 5379 722 5434 solere
765 5381 1059 5446 nominari;
1087 5381 1213 5451 quid
1249 5385 1625 5454 congruentius
1666 5385 1715 5439 in
1752 5385 1855 5440 hoe
1900 5389 2122 5457 psalmo,

547 5469 758 5537 quando
788 5470 1006 5525 Alleluia
1036 5481 1309 5526 cantamus
1329 5515 1343 5540 ,
1368 5474 1506 5544 quod
1546 5484 1646 5541 est,
1666 5473 1913 5532 Laudate
1943 5478 2125 5533 Domi-

549 5575 695 5623 num,
729 5575 824 5614 nos
850 5560 1122 5617 admoneri
1155 5563 1512 5633 intelligimus,
1545 5581 1663 5621 cum
1694 5567 1959 5633 audimus,
1989 5570 2125 5635 Con-

546 5650 756 5719 ]itemini
796 5648 1047 5716 Domino,
1087 5670 1245 5724 quam
1296 5655 1558 5727 idipsum,
1599 5658 1805 5713 scilicet
1846 5668 1904 5715 ut
1943 5661 2124 5717 Iaude-

554 5758 675 5800 nius
700 5742 1026 5800 Dominum?
1051 5744 1167 5801 Non
1208 5747 1379 5818 potuit
1419 5748 1533 5805 laus
1574 5749 1665 5805 Dei
1707 5750 1919 5808 brevius
1954 5754 2122 5826 expli-

1262 5962 1291 5976 ω

1781 311 1837 367 S.
1878 303 2244 366 AUGUSTINI
2282 306 2577 366 EPISCOPI

3668 322 3813 380 N96.

2238 423 2368 489 cari,
2400 438 2557 495 quam
2584 434 2639 479 ut
2666 436 2934 483 diceretur
2954 428 3251 495 ,Quom‘am'
3268 430 3427 487 bonus
3455 443 3541 488 est.
3569 434 3698 502 Quid
3725 441 3785 494 sit

2234 514 2484 582 grandius
2512 517 2608 571 ista
2640 517 2896 573 brevitate
2922 560 2937 585 ,
2967 536 3071 573 non
3104 522 3284 583 video:
3316 539 3435 578 cum
3468 526 3535 580 ita
3578 528 3643 581 sit
3670 544 3782 597 pro-

2212 604 2405 672 prium
2439 605 2547 659 Deo
2567 608 2707 676 quod
2735 610 2903 663 bonus
2931 619 3031 676 est,
3066 622 3118 666 ut
3144 627 3173 666 a
3204 614 3433 683 quodam
3461 619 3788 688 compellatus

2208 696 2346 764 ipse
2383 696 2545 753 Filius
2587 697 2719 763 Dei,
2748 715 2867 754 cum
2905 701 3144 768 audiret,
3178 703 3419 774 Magister
3455 708 3605 773 bane,
3635 710 3698 764 ab
3728 727 3789 767 eo

2231 788 2433 842 scilicet
2463 790 2550 859 qui
2574 804 2789 845 carnem
2815 792 2930 862 ejus
2965 794 3206 859 intuens,
3239 805 3293 849 et
3320 797 3607 855 divinitatis
3630 802 3788 871 pleni-

2231 877 2467 932 tudinem
2500 894 2603 934 non
2634 881 2931 951 intelligens
2954 924 2971 950 ,
3001 885 3171 939 solum
3210 885 3477 943 hominem
3508 890 3789 949 arbitraba-

2234 978 2319 1022 tur
2334 985 2351 1034 ;Δ
2378 971 2740 1040 responderet,
2774 972 2909 1038 Quid
2932 990 3010 1029 me
3049 976 3325 1049 interrogas
3349 981 3413 1035 de
3441 980 3569 1037 bona
3587 984 3613 1036 Ρ
3637 983 3791 1041 Nemo

2233 1059 2390 1113 bonus
2413 1100 2426 1122 ,
2452 1062 2551 1114 nisi
2577 1078 2707 1117 unus
2734 1063 2873 1119 Deus
2900 1064 3094 1134 (Marc.
3126 1084 3160 1121 ι
3186 1109 3200 1133 ,
3235 1070 3322 1133 l7,
3358 1070 3477 1143 18).
3677 1077 3791 1147 quid

2230 1161 2313 1205 est
2334 1152 2473 1207 aliud
2500 1154 2678 1209 dicere
2697 1197 2713 1221 ,
2741 1171 2897 1225 quam
2918 1201 2930 1223 ,
2961 1158 3015 1214 Si
3055 1175 3140 1216 me
3170 1161 3366 1217 bonum
3391 1165 3471 1220 vis
3502 1168 3790 1236 appellare,

2229 1242 2465 1314 intelligo
2490 1253 2545 1300 et
2590 1247 2916 1305 Deum‘iSed
2961 1254 3209 1321 quoniam
3254 1257 3449 1326 populo
3495 1258 3716 1326 dicitur,
3747 1262 3793 1316 in

2230 1337 2674 1404 praenuntiatione
2703 1338 2996 1396 futurorum
3027 1344 3248 1399 liberato
3275 1347 3344 1401 ab
3372 1350 3513 1403 omni
3545 1350 3722 1406 labore
3747 1363 3796 1409 et

2229 1426 2531 1495 captivitate
2579 1432 3015 1499 peregrinationis
3056 1446 3110 1488 et
3151 1436 3219 1490 ab
3265 1439 3408 1492 omni
3457 1442 3797 1509 permixtione

2229 1516 2532 1582 iniquorum
2554 1560 2568 1585 ,
2602 1523 2742 1589 quod
2766 1524 2812 1577 ei
2845 1539 2938 1593 per
2969 1527 3193 1595 gratiam
3227 1529 3321 1584 Dei
3360 1534 3652 1600 prmstitum
3681 1541 3793 1600 est,

2230 1620 2335 1661 non
2361 1610 2535 1663 solum
2562 1626 2666 1666 non
2689 1614 3030 1671 retribucntis
3052 1619 3187 1673 mala
3212 1633 3310 1690 pro
3334 1623 3507 1688 malis,
3527 1624 3623 1679 sed
3646 1626 3795 1680 etiam

2230 1700 2574 1756 retribuentis
2611 1703 2747 1759 bona
2798 1720 2895 1774 pro
2938 1708 3123 1773 malis;
3170 1714 3675 1770 convenientissime
3708 1715 3797 1773 ad-

2225 1791 2469 1861 junctum
2498 1801 2580 1847 est
2598 1835 2613 1860 ,
2649 1795 2899 1861 Quoniam
2926 1798 2979 1851 in
3003 1802 3245 1854 steculum
3272 1801 3621 1859 misericordia
3642 1808 3770 1877 ejus.

2300 1887 2353 1939 5.
2396 1885 2556 1959 [vers.
2583 1888 2743 1961 2-5.]
2788 1908 2808 1943 ‹
2853 1891 3003 1947 Dicat
3040 1901 3215 1949 autem
3253 1896 3444 1951 domus
3485 1896 3798 1971 lsraelquo-

2230 1977 2370 2033 niam
2402 1979 2569 2035 bonus
2589 2022 2603 2047 ,
2631 1982 2880 2050 quoniam
2906 1984 2963 2039 in
2991 1987 3241 2042 saeculum
3278 1990 3646 2047 misericordia
3670 1993 3797 2063 ejus.

2230 2068 2377 2123 Dicat
2394 2079 2570 2125 autem
2592 2071 2788 2129 Domus
2807 2074 2984 2130 Aaron
3002 2078 3254 2147 quoniam
3275 2080 3466 2149 bonus,
3485 2084 3733 2154 quoniam
3750 2085 3798 2139 in

2228 2162 2480 2216 saeculum
2508 2164 2871 2223 misericordia
2911 2168 3046 2239 ejus.
3092 2170 3281 2227 Dieant
3318 2188 3460 2229 nunc
3496 2176 3691 2232 omnes
3714 2178 3800 2248 qui

2229 2255 2415 2310 timent
2454 2256 2735 2313 Dominum
2773 2262 3021 2329 quoniam
3064 2262 3116 2317 in
3157 2266 3407 2320 szeculum
3443 2269 3802 2324 misericordia

2230 2346 2364 2415 ejus.
2417 2366 2435 2399 ι
2480 2347 2916 2420 Recognoscitis,
2956 2353 3155 2420 credo,
3203 2356 3537 2423 charissimi,
3590 2376 3705 2430 qum
3739 2361 3804 2415 sit

2227 2435 2417 2492 domus
2446 2438 2626 2503 Israel,
2654 2456 2773 2511 qua:
2798 2442 2867 2497 sit
2891 2442 3080 2499 domus
3105 2448 3304 2513 Aaron,
3323 2459 3377 2503 et
3399 2451 3652 2519 quoniam
3675 2452 3803 2506 utri-

2226 2542 2333 2597 que
2364 2529 2379 2559 ¹
2410 2537 2535 2583 sunt
2561 2530 2806 2588 timentes
2842 2534 3146 2591 Dominum.
3180 2536 3279 2607 Ipsi
3310 2541 3450 2595 enim
3481 2552 3608 2596 sunt
3636 2543 3799 2613 pusilli

2227 2633 2347 2672 cum
2374 2623 2578 2692 magnis
2599 2664 2613 2689 ,
2639 2623 2749 2693 jam
2780 2625 2837 2679 in‘
2861 2626 2967 2682 alio
3007 2630 3212 2697 psalmo
3250 2631 3385 2688 bene
3415 2634 3668 2690 insinuati
3693 2651 3805 2691 cor-

2226 2708 2381 2765 dibus
2392 2713 2580 2767 vestris
2598 2730 2610 2766 :
2630 2730 2852 2784 quorum
2871 2733 3094 2776 numero
3109 2736 3206 2777 nos
3219 2738 3423 2791 omnes,
3441 2726 3494 2780 in
3509 2727 3631 2797 ejus
3645 2728 3803 2798 gratia

2225 2805 2314 2873 qui
2336 2804 2506 2861 bonus
2527 2816 2609 2862 est
2627 2809 2750 2864 etin
2767 2812 3016 2866 saeculum
3035 2814 3400 2871 misericordia
3417 2817 3556 2887 ejus,
3582 2821 3806 2875 sociatos

2226 2908 2345 2949 esse
2367 2896 2721 2966 gaudeamus;
2750 2901 2999 2970 quoniam
3024 2904 3255 2960 exauditi
3276 2916 3401 2962 sunt
3421 2909 3510 2979 qui
3535 2908 3801 2975 dixerunt,

2226 2985 2449 3057 Adjiciat
2477 2986 2723 3043 Dominus
2761 3007 2913 3062 super
2940 3008 3026 3050 vos
3047 3035 3062 3059 ,
3103 3012 3254 3066 super
3288 3014 3374 3053 eos
3410 3007 3456 3053 et
3495 3017 3654 3072 super
3680 3002 3805 3072 ﬁlios

2226 3086 2412 3131 vestros
2440 3078 2617 3148 (Psal.
2650 3096 2799 3150 cam,
2829 3082 3033 3155 12-14)
3064 3103 3077 3139 :
3108 3095 3165 3141 ut
3188 3086 3438 3145 lsraelitis
3463 3090 3515 3145 in
3537 3092 3808 3149 Christum

2226 3168 2588 3233 credentibus,
2619 3186 2682 3226 ex
2712 3187 2937 3243 quorum
2964 3190 3188 3233 numero
3211 3187 3335 3233 sunt
3362 3182 3607 3250 Apostoli
3639 3195 3809 3254 patres

2227 3262 2415 3329 nostri,
2448 3272 2501 3317 et
2525 3262 2590 3317 ad
2626 3265 2971 3321 eminentiam
3006 3268 3358 3337 perfectorum
3385 3282 3438 3327 et
3465 3274 3531 3328 ad
3562 3275 3811 3331 obedien-

2227 3353 2354 3406 tiam
2383 3354 2719 3422 parvulorum
2748 3356 3127 3429 adjungeretur
3154 3376 3410 3418 numerus
3435 3363 3729 3430 Gentium;
3756 3375 3811 3420 ut

2226 3445 2466 3500 dicamus
2485 3462 2673 3502 omnes
2700 3447 2822 3504 facti
2852 3466 3014 3507 unum
3042 3452 3095 3507 in
3120 3450 3352 3521 Christo,
3379 3455 3497 3511 facti
3525 3473 3666 3512 unus
3687 3472 3808 3529 grex

2227 3538 2327 3592 sub
2366 3548 2579 3609 pastore
2625 3556 2767 3607 uno,
2809 3551 2864 3598 et
2904 3558 3096 3615 corpus
3139 3545 3281 3601 illius
3326 3549 3512 3618 capitis
3564 3558 3811 3621 tanquam

2228 3643 2364 3683 unus
2404 3629 2564 3684 homo
2606 3630 2847 3688 dicamus
2870 3674 2886 3701 ,
2919 3632 2985 3688 In
3020 3635 3337 3691 tribulatione
3374 3641 3604 3694 invocari
3639 3639 3816 3695 Domi-

2226 3735 2381 3784 num,
2422 3731 2470 3774 et
2496 3722 2747 3778 exaudivit
2787 3740 2865 3779 me
2903 3726 2957 3780 in
3003 3727 3283 3783 latitudine.
3314 3730 3575 3799 Augustia
3620 3744 3815 3787 nostrae

2230 3812 2586 3869 tribulationis
2612 3815 2796 3871 linitur
2822 3834 2836 3870 :
2868 3816 3093 3873 latitudo
3122 3828 3299 3876 autem
3336 3836 3439 3891 quo
3482 3824 3811 3885 transimus,

2229 3920 2333 3959 non
2365 3904 2524 3960 habet
2566 3908 2876 3966 terminum.
2925 3910 3050 3975 Quis
3095 3914 3238 3968 enim
3285 3915 3539 3971 accusabit
3580 3917 3815 3972 adversus

2228 3994 2407 4049 electos
2434 3994 2530 4050 Dei
2563 3995 2750 4069 (Rom.
2783 4014 2893 4065 vni,
2923 4001 3066 4073 δεμ

2298 4088 2351 4143 4.
2379 4086 2526 4160 [oers.
2568 4089 2635 4157 6,
2659 4089 2735 4163 7.]
2765 4089 3018 4148 Dominus
3058 4095 3183 4149 mihi
3219 4095 3465 4165 adiutor;
3491 4114 3598 4152 non
3638 4097 3816 4153 timebo

2227 4179 2350 4247 quid
2393 4179 2548 4251 faciat
2587 4180 2711 4234 mihi
2753 4182 2922 4238 homo.
2952 4183 3059 4240 Sed
3097 4183 3352 4257 numquid
3397 4188 3540 4243 solos
3575 4188 3823 4249 homines

2230 4269 2389 4325 habet
2436 4271 2678 4327 inimicos
2726 4271 3008 4330 Ecclesia?
3034 4276 3171 4343 Quid
3221 4286 3305 4333 est
3354 4278 3516 4334 homo
3563 4281 3718 4337 carni
3765 4289 3820 4335 et

2228 4362 2467 4433 sanguini
2489 4361 2719 4430 deditus,
2739 4366 2841 4420 nisi
2860 4382 2985 4423 caro
3009 4378 3063 4423 et
3087 4371 3334 4440 sanguis?
3363 4371 3465 4428 Sed
3487 4372 3565 4428 ait
3592 4376 3822 4444 Aposto-
3840 4360 3853 4373 ’

2229 4452 2309 4507 lus
2328 4494 2343 4520 ,
2378 4453 2497 4508 Non
2524 4466 2597 4510 est
2634 4455 2775 4511 nobis
2809 4457 3099 4514 colluctatio
3125 4461 3363 4516 adversus
3390 4480 3596 4519 carnem
3620 4475 3672 4519 et
3698 4482 3821 4521 san-

2228 4545 2457 4615 guinem,
2489 4545 2577 4599 sed
2611 4553 2850 4602 adversus
2880 4550 3131 4620 principes
3158 4563 3207 4606 et
3242 4562 3457 4608 rectores
3486 4556 3671 4610 mundi
3691 4566 3823 4610 tene-

2230 4639 2433 4692 brorum
2458 4639 2638 4693 harum
2662 4656 2680 4695 :
2702 4639 2752 4695 id
2783 4650 2902 4709 est,
2932 4652 3169 4700 rectores
3196 4644 3533 4715 iniquorum,
3560 4649 3821 4702 mundum

2228 4728 2383 4783 istum
2401 4728 2751 4799 diligentiam,
2769 4740 2822 4787 et
2846 4743 3120 4803 propterea
3137 4737 3491 4803 tenebrarum;
3512 4740 3640 4809 quia
3657 4748 3713 4795 et
3729 4754 3825 4794 nos

2229 4818 2424 4874 fuimus
2452 4821 2733 4891 aliquando
2752 4823 2981 4878 tenebrze
3004 4866 3020 4891 ,
3045 4841 3187 4881 nunc
3210 4836 3385 4883 autem
3403 4828 3494 4883 lux
3519 4830 3571 4883 in
3595 4830 3824 4885 Domino

2228 4913 2249 4984 (
2258 4913 2440 4985 Epiros.
2459 4914 2595 4985 v,8).
2614 4915 2862 4973 Adversus
2876 4918 3179 4988 spiritantia,
3198 4920 3387 4991 inquit,
3400 4922 3641 4993 nequitiae
3654 4923 3710 4976 in
3724 4938 3826 4976 cae-

2229 5008 2430 5061 lestibus
2454 5006 2564 5079 (Id.
2592 5023 2664 5074 vi,
2694 5007 2783 5081 η)
2812 5026 2824 5063 :
2849 5009 2901 5064 id
2926 5019 3030 5081 est,
3057 5010 3327 5067 diabolum
3363 5022 3417 5068 et
3441 5013 3666 5084 angelos
3687 5013 3820 5083 ejus;

2230 5115 2385 5175 quem
2406 5098 2673 5155 diabolum
2694 5100 2799 5155 alio
2813 5100 3368 5174 Ioeodicitprincipem
3393 5103 3828 5172 potestatlsaeris

2232 5192 2385 5262 hujus
2416 5191 2525 5263 (Id.
2560 5210 2616 5261 ιι,
2652 5191 2729 5265 9.).
2758 5193 2895 5248 Audi
2924 5208 3051 5264 ergo
3078 5195 3219 5265 quod
3249 5196 3491 5265 sequitur
3524 5213 3536 5250 :
3564 5194 3826 5249 Dominus

2230 5286 2355 5339 mihi
2380 5286 2584 5355 adjutor
2603 5327 2618 5352 ,
2643 5296 2689 5340 et
2714 5301 2804 5355 ego
2833 5285 3107 5355 despiciant
3132 5286 3364 5351 inimicos
3392 5302 3545 5340 meos.
3576 5286 3661 5341 Ex
3688 5300 3825 5357 quo-

2232 5380 2357 5434 libet
2380 5393 2576 5448 genere
2604 5378 2802 5432 inimici
2830 5387 3139 5448 exsurgant,
3162 5378 3275 5432 sive
3306 5393 3373 5432 ex
3396 5390 3623 5432 numero
3652 5375 3825 5431 malo-

2229 5486 2345 5525 rum
2373 5468 2669 5535 hominum,
2694 5468 2807 5524 sive
2835 5484 2901 5523 ex
2924 5481 3152 5523 numero
3178 5468 3439 5523 malorum
3469 5466 3825 5536 angelorum;

2230 5562 2281 5614 in
2314 5558 2521 5614 Domini
2552 5557 2815 5625 adjutorio
2838 5558 3199 5627 despicientur
3225 5557 3309 5615 cui
3347 5557 3673 5614 conﬁtemur
3708 5556 3824 5611 lau-

2230 5654 2373 5720 dem,
2407 5652 2490 5707 cui
2520 5663 2798 5709 cantamus
2827 5651 3075 5709 Alleluia.

2299 5767 2315 5798 ι
2342 5771 2470 5828 uss,
2493 5762 2673 5829 utique.
