4070 6472
311 321 334 375 Ι
346 319 444 376 49⁵1

375 437 431 491 5.
457 434 610 507 [ειη.
636 432 694 500 8,
720 430 799 505 9.]
825 431 1096 502 Despectis
1136 436 1313 485 autem
1360 428 1588 483 inimicis
1609 466 1628 495 ,
1655 442 1761 481 non
1805 427 1883 482 sic

307 526 435 581 mihi
458 534 707 594 utiquam
729 523 898 576 bonus
926 522 1084 576 homo
1108 534 1167 575 se
1186 519 1387 574 amicus
1409 526 1661 588 opponat.
1692 528 1749 572 ut
1772 519 1884 587 ipse

308 618 359 671 in
388 632 448 671 se
487 631 635 684 spem
668 628 838 668 meam
864 612 1048 682 jubeat
1085 611 1372 666 collocari:
1397 609 1592 663 Bonum
1635 618 1706 662 est
1740 609 1883 663 enim

304 706 557 777 conﬁdere
594 708 646 761 in
674 705 890 759 Domino
916 746 933 769 ,
963 720 1113 773 quam
1151 703 1404 771 conﬁdere
1440 702 1494 754 in
1535 701 1753 755 nomine.
1777 700 1885 755 Nec

308 798 545 869 quisquis
573 795 862 852 secundum
901 792 1185 863 quemdam
1214 793 1427 848 modum
1457 791 1560 846 dici
1587 800 1758 861 potest
1784 806 1882 845 an-

301 889 451 958 gelus
481 890 652 943 bonus
671 930 687 955 ,
718 887 795 942 sic
829 903 861 942 a
889 901 974 941 me
999 886 1258 955 cogitetur
1278 925 1294 950 ,
1322 892 1381 939 ut
1420 885 1470 940 in
1511 899 1576 947 eo
1613 883 1883 939 confidere

305 981 524 1037 debeam
549 998 565 1036 :
587 996 745 1035 nemo
778 980 921 1035 enim
963 978 1152 1041 bonus,
1185 977 1286 1032 nisi
1311 977 1455 1031 solus
1483 976 1656 1040 Deus;
1684 985 1738 1029 et
1762 990 1881 1030 eum

300 1072 547 1126 videntur
586 1070 840 1140 adjuvare
882 1070 1042 1123 homo
1064 1068 1146 1122 vel
1177 1068 1395 1137 angelus
1415 1107 1428 1130 ,
1456 1081 1576 1121 cum
1609 1065 1709 1120 hoc
1755 1079 1881 1119 vera

300 1165 584 1220 dilectione
611 1163 827 1226 faciunt,
850 1162 938 1217 ille
968 1176 1061 1230 per
1080 1175 1174 1215 eos
1203 1160 1344 1225 facit,
1364 1159 1451 1229 qui
1477 1172 1570 1213 eos
1602 1173 1697 1228 pro
1724 1156 1883 1211 modo

299 1271 486 1311 eorum
527 1255 695 1309 bonos
722 1252 865 1307 fecit.
887 1250 1083 1305 Bonum
1125 1259 1197 1304 est
1237 1264 1367 1319 ergo
1390 1264 1598 1319 sperare
1622 1249 1675 1302 in
1704 1247 1883 1301 Domi-

299 1363 417 1400 num
441 1387 457 1412 ,
483 1362 636 1416 quam
676 1359 880 1413 sperare
908 1343 961 1396 in
990 1341 1260 1412 principes.
1286 1340 1417 1395 Nam
1444 1348 1499 1395 et
1539 1339 1725 1407 Angeli
1752 1337 1880 1392 dicti

299 1446 420 1492 sunt
472 1436 742 1507 principes
768 1475 785 1498 ,
812 1436 949 1491 sicut
993 1434 1047 1488 in
1102 1432 1319 1488 Dauicle
1361 1432 1583 1502 legimus
1612 1471 1628 1498 ,
1660 1429 1883 1484 Michael

296 1531 531 1597 princeps
561 1538 716 1583 vester
737 1526 900 1596 (Dan.
928 1541 1019 1588 xtt,
1046 1523 1123 1595 1).

364 1618 418 1673 6.
451 1618 622 1690 [υεη.
655 1614 901 1688 10.11.]
938 1633 957 1667 ι
991 1614 1191 1671 Omnes
1211 1621 1398 1684 gentes
1421 1610 1882 1669 circumdederunt

296 1725 383 1765 me
405 1750 422 1776 ,
454 1718 511 1765 et
544 1710 596 1764 in
627 1707 843 1763 nomine
893 1706 1102 1765 Domini
1146 1704 1288 1760 ultus
1329 1719 1446 1759 sum
1485 1718 1618 1759 eos:
1651 1703 1881 1757 circum-

294 1803 484 1857 dautes
529 1799 993 1857 circumdederunt
1044 1813 1131 1854 me
1161 1838 1176 1863 ,
1207 1806 1263 1853 et
1312 1798 1365 1852 in
1410 1796 1626 1851 nomine
1671 1795 1878 1851 Domini

295 1895 437 1952 ultus
464 1909 583 1948 sum
609 1907 724 1948 eos.
754 1910 774 1944 ι
806 1890 958 1958 Quod
981 1890 1075 1957 ait,
1103 1907 1121 1941 ι
1153 1889 1350 1944 Omnes
1376 1898 1561 1958 gentes
1583 1885 1879 1941 circumde-

293 1985 487 2044 derunt
514 1999 601 2040 me
622 2025 639 2050 ,
665 1991 721 2039 et
749 1982 801 2037 in
842 1981 1057 2036 nomine
1095 1980 1301 2035 Domini
1336 1981 1478 2034 ultus
1521 1994 1639 2033 sum
1684 1993 1777 2033 eos
1800 2019 1815 2042 ,
1850 1994 1869 2029 ι

292 2077 559 2146 significat
586 2074 840 2134 Ecclesia:
864 2072 1074 2128 labores
1097 2080 1255 2141 atque
1280 2070 1581 2127 victoriam:
1609 2068 1703 2124 sed
1725 2068 1873 2138 quasi

291 2182 450 2227 causa
478 2176 810 2236 quaereretur
838 2164 979 2220 unde
1007 2173 1149 2219 tanta
1179 2163 1313 2217 mala
1342 2175 1596 2231 superare
1621 2162 1871 2231 potuerit,

291 2267 594 2328 respectum
623 2266 703 2313 est
722 2257 787 2312 ad
805 2256 1131 2326 exemplum,
1153 2263 1207 2309 et
1230 2254 1361 2308 dixit
1379 2253 1503 2323 quid
1527 2254 1696 2323 primo
1716 2268 1874 2324 passa

290 2350 356 2405 sit
383 2352 435 2404 in
465 2350 639 2419 capite
658 2364 775 2415 suo,
798 2347 1043 2403 addendo
1066 2346 1205 2417 quod
1229 2347 1481 2415 sequitur,
1497 2343 1874 2400 Circunidautes

289 2441 727 2500 circumdederunt
769 2457 845 2494 me
871 2455 889 2493 :
917 2446 973 2493 et
1012 2438 1148 2494 bene
1184 2436 1254 2497 ibi
1294 2452 1398 2492 non
1444 2435 1727 2504 repetitum
1753 2443 1870 2499 est,

289 2552 461 2591 omnes
510 2543 712 2605 gentes;
741 2532 880 2603 quod
908 2546 936 2585 a
965 2529 1165 2591 Iudaeis
1188 2529 1316 2584 solis
1352 2528 1549 2583 factum
1593 2534 1695 2583 est.
1727 2525 1796 2580 Et
1821 2527 1875 2580 in

287 2628 489 2680 nomine
508 2624 716 2678 Domini
740 2625 875 2677 ultus
899 2639 1011 2676 sum
1049 2638 1131 2676 eos
1159 2637 1177 2678 :
1207 2621 1327 2690 quia
1355 2619 1460 2673 illic
1490 2619 1602 2688 ipse
1632 2617 1751 2687 pius
1779 2632 1875 2687 po-

287 2718 461 2789 pulus,
492 2716 635 2788 quod
665 2727 745 2771 est
769 2729 962 2785 corpus
985 2712 1204 2779 Christi,
1240 2719 1609 2781 persecutores
1636 2709 1805 2763 sensit
1828 2710 1869 2775 ⁸,

287 2810 352 2866 de
377 2825 605 2881 quorum
635 2822 830 2877 genere
863 2820 990 2861 caro
1018 2804 1104 2860 illa
1133 2810 1374 2872 suscepta
1402 2809 1456 2856 et
1482 2814 1736 2870 suspensa
1764 2808 1867 2863 est,

287 2912 339 2957 et
370 2919 467 2971 pro
492 2916 597 2971 quo
628 2900 822 2954 factum
853 2908 935 2953 est
962 2894 1214 2968 quidquid
1239 2894 1313 2947 ab
1338 2893 1424 2947 illa
1458 2892 1709 2948 interiore
1735 2891 1869 2946 divi-

288 2996 450 3049 nitate
481 3010 575 3063 per
599 2992 917 3046 exteriorem
940 3002 1153 3044 carnem
1188 2985 1388 3040 virtute
1420 2983 1703 3037 immortali
1727 2996 1869 3039 mor-

289 3089 462 3142 taliter
491 3085 681 3140 factum
710 3092 812 3139 est.

356 3180 407 3233 7.
439 3177 591 3251 [vers].
620 3173 732 3247 12.]
769 3194 787 3227 ι
820 3170 1296 3230 Circumdederunt
1341 3184 1429 3225 me
1455 3168 1591 3223 sicut
1615 3183 1743 3238 apes
1784 3168 1866 3224 fa-

286 3285 406 3324 vum
438 3311 454 3335 ,
508 3276 562 3323 et
610 3273 923 3322 exarserunt
976 3264 1116 3318 sicut
1164 3261 1301 3331 ignis
1348 3260 1399 3314 in
1452 3259 1664 3328 spinis,
1715 3268 1769 3313 et
1814 3259 1866 3313 in

286 3359 501 3413 nomine
533 3356 739 3411 Domini
774 3356 913 3409 ultus
941 3368 1059 3408 sum
1098 3366 1211 3407 eos.
1250 3370 1271 3403 ι
1304 3350 1399 3405 llic
1426 3350 1533 3418 jam
1576 3365 1639 3403 ex
1680 3348 1868 3405 ordine

284 3460 554 3517 gestarum
595 3462 809 3510 rerum,
837 3444 995 3500 etiam
1036 3440 1319 3498 verborum
1365 3439 1496 3494 ordo
1542 3440 1865 3494 contexitur.

283 3539 412 3597 Nam
440 3540 618 3609 ipsum
648 3536 927 3592 Dominum
954 3544 1111 3603 caput
1137 3533 1391 3588 Ecclesia:
1411 3539 1555 3585 recte
1578 3530 1869 3599 accipimus

283 3630 669 3687 circumdatum
699 3644 727 3680 a
756 3624 1203 3697 persecutoribus,
1226 3624 1363 3679 sicut
1388 3621 1868 3689 circumdantapes

282 3723 481 3785 favum.
502 3721 638 3788 Quid
665 3719 806 3775 enim
833 3718 900 3772 ab
922 3714 1285 3787 ignorantibus
1312 3723 1516 3784 gestum
1538 3713 1626 3775 sit,
1645 3710 1865 3781 mystica

282 3817 573 3873 subtilitate
602 3812 830 3882 Spiritus
857 3816 1076 3864 sanctus
1103 3806 1358 3875 loquitur.
1389 3803 1490 3858 Mel
1517 3802 1712 3872 quippe
1740 3815 1867 3871 apes

281 3915 570 3979 operantur
615 3906 665 3957 iu
718 3901 851 3956 favis
884 3918 898 3955 :
927 3899 1228 3954 nescientes
1275 3906 1451 3949 autem
1496 3901 1866 3973 persecutores

281 4001 513 4061 Domini,
543 3998 784 4052 fecerunt
808 4007 927 4048 eum
955 3990 1107 4046 nobis
1131 3988 1241 4058 ipsa
1272 3987 1519 4057 passione
1544 3983 1862 4047 dulciorem;

282 4106 336 4153 ut
368 4102 645 4164 gustemus
689 4098 739 4144 et
769 4086 1043 4142 videamus
1076 4096 1237 4153 quam
1278 4078 1456 4133 suavis
1495 4084 1579 4131 est
1615 4075 1866 4131 Dominus

285 4184 454 4255 (Psat.
483 4196 670 4245 χχχιιι,
697 4179 778 4249 9),
804 4176 891 4246 qui
922 4182 1163 4233 mortuus
1186 4179 1268 4226 est
1295 4176 1511 4239 propter
1534 4166 1725 4222 delicta
1757 4178 1860 4218 no-

279 4284 387 4330 stra
411 4316 427 4338 ,
464 4281 523 4328 et
567 4268 860 4326 resurrexit
903 4272 1121 4336 promer
1159 4260 1589 4332 iustificationem
1629 4266 1865 4311 nostram

282 4358 455 4435 (Rom.
485 4371 560 4419 tv,
584 4353 698 4423 25').
724 4351 841 4406 Jam
866 4363 995 4403 vero
1024 4344 1164 4416 quod
1192 4342 1452 4414 sequitur,
1480 4340 1546 4397 Et
1565 4347 1859 4395 exarserunt

279 4430 410 4504 celat
432 4446 566 4515 ignis
596 4446 647 4497 in
674 4443 832 4510 spinis
858 4456 875 4494 .'
902 4440 954 4494 in
981 4438 1095 4507 ejus
1120 4450 1343 4504 corpore
1362 4474 1376 4499 ,
1410 4432 1511 4487 hoc
1536 4441 1651 4495 est,
1682 4430 1736 4484 in
1767 4446 1864 4499 po-

279 4539 404 4609 pulo
430 4538 627 4605 ubique
651 4532 843 4588 diliuso
868 4529 1056 4584 melius
1085 4526 1415 4595 intelligitur;
1448 4537 1607 4591 quem
1633 4521 1865 4573 circum-

280 4629 540 4684 dederunt
566 4638 753 4679 omnes
775 4630 980 4692 gentes,
1010 4631 1128 4673 cum
1154 4617 1224 4671 sit
1250 4614 1506 4670 collectus
1530 4611 1597 4666 de
1617 4610 1866 4666 omnibus

279 4720 547 4791 gentibus.
580 4715 887 4771 Exarserunt
907 4710 1101 4781 quippe
1123 4708 1252 4761 velut
1272 4705 1399 4776 ignis
1420 4704 1472 4757 in
1496 4702 1676 4773 spinis,
1699 4716 1866 4772 quan-

280 4812 347 4866 do
396 4809 746 4880 peccatricem
790 4816 1004 4857 caruem
1053 4807 1211 4867 atque
1262 4794 1416 4864 hujus
1463 4791 1701 4847 mortalis
1746 4791 1867 4845 vitae

280 4899 686 4958 molestissimas
723 4891 1163 4964 compunctiones
1194 4930 1209 4953 ,
1243 4881 1627 4957 persecutionis
1680 4883 1866 4936 incen-

280 4992 367 5048 dio
402 4978 798 5047 cremaverunt.
834 4983 899 5037 Et
926 4983 978 5034 in
1006 4979 1205 5033 nomine
1229 5018 1243 5042 ,
1274 4973 1463 5043 inquit,
1498 4971 1702 5025 Domini
1731 4971 1867 5025 ultus

279 5100 385 5139 sum
416 5098 500 5137 eos
531 5096 549 5134 :
580 5079 693 5133 sive
717 5076 838 5147 quia
867 5083 922 5129 et
947 5072 1085 5145 ipsi,
1116 5067 1310 5123 malitia
1338 5080 1455 5135 qua:
1493 5064 1544 5116 in
1590 5064 1669 5117 eis
1694 5063 1867 5131 justos

278 5158 703 5247 persequebatur
760 5166 1021 5229 exstincta
1047 5202 1061 5223 ,
1122 5157 1410 5213 christiano
1446 5153 1638 5225 populo
1681 5151 1867 5206 sociati

283 5243 437 5333 sunt;
461 5266 575 5319 sive
604 5260 724 5331 quia
751 5255 928 5313 caeteri
967 5269 1150 5309 eorum
1178 5250 1264 5320 qui
1295 5252 1729 5315 contempserunt
1767 5243 1868 5298 hoc

285 5345 525 5427 tempore
554 5349 794 5407 vocantis
818 5342 1257 5406 misericordiam,
1284 5337 1558 5392 veritatem
1580 5332 1867 5404 judicautis

285 5449 335 5505 in
358 5450 464 5501 line
492 5440 705 5498 sensuri
736 5445 878 5492 sunt.

345 5585 363 5615 ⁸
389 5581 547 5631 καιΠί
563 5586 739 5627 omnes
755 5580 880 5629 Mss,
899 5565 1117 5620 senserit.
1139 5564 1509 5631 Ann-,senserat.
1535 5552 1861 5631 ala'rfquepluf

290 5656 369 5692 res
564 5616 998 5699 3333.2:
1020 5640 1052 5699 _:
1087 5616 1142 5699 et
1164 5616 1356 5699 quidam
1375 5655 1390 5679 ,
1415 5616 1697 5699 aggeribus
1709 5628 1869 5699 gerres

895 5697 948 5742 et
989 5688 1213 5753 plerique
1254 5692 1358 5739 MS.
1408 5686 1663 5740 omittunt,
1705 5689 1867 5727 susce-

292 5773 403 5831 μοι
436 5771 535 5815 δίου

1369 312 1758 370 ENARRATIO
1793 311 1858 367 IN
1897 310 2213 377 PSALMUM
2251 316 2433 373 CXVI.

2058 430 2110 484 8.
2138 429 2286 503 [verm
2316 430 2426 504 15.]
2451 431 2709 504 Tanquam
2724 438 2955 491 cuneatus
2974 454 3142 493 arena:
3167 441 3416 511 impulsus
3437 462 3552 498 sum

1956 558 1959 563 η
1985 530 2041 575 ut
2058 523 2304 590 caderem,
2318 535 2365 579 et
2380 523 2630 580 Dominus
2646 529 2862 596 suscepit
2884 545 2977 582 me.
2997 529 3247 595 Quamvis
3263 534 3400 586 enim
3417 545 3562 590 esset

1952 647 1960 651 ‹
1980 609 2091 679 jam
2121 627 2307 681 magna
2336 615 2614 670 multitudo
2638 617 2998 683 credentium,
3021 622 3167 690 quasi
3198 637 3371 677 arena:
3401 625 3558 680 inuu-

1986 704 2223 759 merabili
2242 698 2613 775 comparanda,
2637 720 2691 763 et
2715 710 2766 763 in
2794 726 2952 764 uitam
2981 713 3285 787 societatem
3310 726 3556 784 tanquam

1985 790 2037 846 in
2063 795 2331 849 cumulum
2357 796 2511 851 ducta
2537 813 2551 863 ;
2586 808 2758 854 tamen
2785 802 2909 871 quid
2943 811 3025 857 est
3054 803 3214 857 homo
3240 845 3255 870 ,
3286 806 3385 860 nisi
3416 808 3557 876 quod

1984 898 2191 940 memor
2203 900 2261 940 es
2284 886 2399 955 ejus
2426 887 2592 959 (Psat.
2620 905 2730 956 vui,
2754 891 2846 961 5)?
2864 891 2977 947 Non
2999 892 3149 960 dixit,
3173 894 3557 952 Abundantium

1986 979 2191 1031 numeri
2222 979 2325 1033 mei
2356 1019 2369 1043 ,
2398 996 2649 1036 numerus
2676 985 2910 1052 gentium
2941 999 3193 1053 superare
3220 1000 3326 1040 non
3354 988 3554 1053 valuit;

1985 1067 2100 1134 sed,
2127 1067 2398 1137 Dominus,
2427 1073 2627 1143 inquit,
2655 1077 2869 1144 suscepit
2890 1093 2984 1135 me.
3019 1077 3399 1133 Multitudinem
3427 1096 3555 1150 ergo

1984 1156 2217 1213 fidelium
2255 1160 2304 1215 iu
2339 1163 2537 1218 unitate
2566 1163 2685 1219 fidei
2725 1166 2876 1219 simul
2910 1167 3230 1223 habitantem
3259 1171 3557 1237 persecutio

1957 1252 2216 1320 gentium
2243 1268 2349 1323 quo
2376 1254 2704 1321 impelleret,
2734 1267 2794 1311 ut
2829 1257 3111 1327 dejiceret,
3143 1275 3248 1315 non
3280 1261 3509 1316 habebat
3537 1280 3552 1318 :

1983 1343 2192 1411 quando
2214 1344 2266 1397 in
2294 1360 2415 1399 eum
2446 1346 2704 1401 creditum
2734 1357 2833 1411 est,
2857 1349 2946 1418 qui
2968 1357 3021 1402 et
3039 1349 3272 1419 singulos
3294 1359 3348 1406 et
3371 1366 3556 1409 omnes

1981 1443 2037 1488 et
2066 1433 2258 1504 ubique
2291 1435 2583 1505 susciperet
2609 1452 2623 1502 ;
2646 1436 2767 1507 quia
2802 1438 2880 1492 eis
2904 1438 3269 1496 invocantibus
3296 1456 3556 1513 nusquam

1980 1524 2171 1580 deesse
2201 1527 2474 1594 potuisset.

2052 1614 2104 1670 9.
2136 1612 2423 1687 [vers.14.]
2452 1615 2719 1672 Fortitudo
2758 1635 2869 1673 mea
2904 1628 2952 1673 et
2976 1620 3201 1674 laudatio
3245 1637 3355 1675 mea
3378 1619 3533 1676 Domi

1981 1721 2111 1772 nus;
2141 1715 2187 1760 et
2214 1710 2379 1777 factus
2425 1718 2497 1762 est
2526 1709 2650 1762 mihi
2686 1709 2740 1763 in
2776 1709 3011 1766 salutem.
3042 1712 3140 1777 Qui
3172 1728 3297 1782 ergo
3326 1713 3519 1768 cadunt
3538 1753 3553 1778 ,

1980 1812 2099 1852 cum
2129 1798 2469 1869 impelluntur
2492 1840 2507 1866 ,
2541 1801 2640 1855 nisi
2683 1802 2772 1871 qui
2801 1817 2895 1856 sua
2929 1803 3029 1857 sibi
3075 1802 3324 1859 fortitudo
3344 1845 3360 1871 ,
3384 1815 3438 1859 et
3461 1820 3555 1859 sua

1978 1887 2079 1943 sibi
2111 1889 2294 1943 volunt
2319 1904 2438 1944 esse
2464 1891 2728 1946 laudatio?
2755 1892 2942 1947 Nullus
2971 1894 3164 1964 quippe
3185 1895 3237 1949 in
3266 1896 3556 1951 certamine

1977 1981 2155 2046 cadit,
2186 1981 2285 2037 nisi
2312 1981 2463 2052 cujus
2492 1983 2746 2039 fortitudo
2771 1995 2825 2040 et
2864 1987 3096 2042 laudatio
3122 1989 3280 2043 cadit.
3312 1990 3557 2060 Quapro-

1977 2081 2096 2141 pter
2122 2073 2272 2142 cujus
2302 2073 2553 2129 fortitudo
2573 2085 2626 2129 ct
2654 2076 2883 2131 laudatio
2910 2088 2992 2132 est
3019 2079 3293 2145 Dominus,
3322 2089 3427 2134 tam
3449 2096 3553 2135 non

1976 2164 2117 2219 cadit
2143 2180 2300 2235 quam
2331 2181 2435 2219 non
2466 2165 2605 2221 cadit
2631 2166 2905 2224 Dominus.
2937 2168 3003 2223 Et
3028 2168 3146 2223 ideo
3175 2170 3254 2225 eis
3280 2170 3450 2224 factus
3473 2181 3555 2226 est

1977 2256 2028 2310 in
2074 2257 2299 2311 salutem
2328 2274 2343 2320 ;
2372 2271 2474 2312 non
2523 2258 2644 2327 quia
2687 2259 2800 2328 ipse
2854 2258 3049 2329 aliquid
3090 2259 3258 2315 lhctus
3292 2270 3375 2316 est
3415 2262 3554 2331 quod

1975 2357 2099 2404 ante
2124 2363 2228 2403 non
2258 2358 2375 2403 erat
2394 2390 2408 2413 ,
2440 2349 2532 2403 sed
2558 2350 2680 2419 quia
2720 2350 2820 2419 ipsi
2857 2366 2975 2405 cum
3006 2351 3058 2404 in
3085 2366 3206 2405 eum
3232 2352 3548 2419 crederent,

1974 2440 2117 2508 quod
2147 2455 2249 2493 non
2278 2448 2432 2495 erant
2458 2438 2579 2494 facti
2614 2449 2770 2505 sunt,
2798 2449 2850 2496 et
2870 2441 2979 2510 jam
3010 2440 3123 2510 ipse
3149 2456 3255 2496 non
3293 2442 3391 2497 sibi
3418 2485 3432 2505 ,
3455 2442 3549 2496 sed

1974 2530 2097 2595 illis,
2124 2530 2263 2601 quod
2289 2531 2489 2585 aversis
2510 2545 2540 2585 a
2560 2546 2619 2587 se
2644 2547 2752 2586 non
2775 2541 2907 2598 erat,
2935 2532 3079 2587 salus
3098 2533 3255 2602 coepit
3282 2547 3400 2588 esse
3421 2548 3552 2587 con-

1975 2636 2159 2675 νει-διε.

2046 2714 2132 2768 10.
2157 2712 2324 2785 [vers.
2351 2713 2473 2785 15.]
2510 2712 2618 2768 νοω
2646 2714 2834 2768 (iutilia:
2854 2723 2903 2767 ct
2927 2713 3107 2769 salutis
3131 2714 3183 2767 in
3219 2714 3551 2768 tabernaculis

1965 2807 2225 2878 justorum
2253 2822 2273 2861 :
2299 2806 2387 2861 ubi
2410 2821 2592 2862 vocem
2618 2807 2862 2862 maeroris
2890 2817 2944 2862 et
2963 2806 3107 2861 exitii
3132 2806 3381 2876 putabant
3407 2820 3544 2868 esse,

1972 2896 2062 2967 qui
2088 2896 2141 2950 in
2166 2910 2347 2951 eorum
2370 2884 2593 2966 corpora
2614 2897 2921 2951 saaviebant.
2945 2895 3063 2951 Non
3087 2897 3228 2951 enim
3251 2895 3551 2951 sentiebant

1972 2987 2224 3042 interiora
2267 2986 2455 3058 gaudia
2492 2996 2793 3042 sanctorum
2827 2986 2895 3041 de
2937 3001 3032 3056 spe
3080 2985 3269 3041 futura.
3304 2981 3455 3041 Unde
3498 2994 3552 3041 et

1970 3086 2025 3133 et
2068 3077 2351 3147 Apostolus
2374 3077 2535 3141 dicit,
2560 3078 2717 3141 Quasi
2760 3077 2923 3130 tristes
2946 3117 2960 3141 ,
2982 3093 3177 3144 semper
3204 3089 3370 3131 autem
3422 3093 3549 3151 gau-

1971 3170 2141 3225 dentes
2166 3169 2229 3240 (ΙΙ
2267 3168 2384 3224 Cor.
2417 3185 2488 3233 vn,
2519 3168 2630 3240 10);
2660 3177 2711 3222 et
2757 3169 2944 3223 iterum
2964 3208 2981 3233 ,
3015 3166 3135 3220 Non
3170 3167 3333 3221 solum
3357 3177 3546 3234 autem,

1969 3261 2057 3315 sed
2086 3262 2236 3315 etiam
2262 3261 2537 3331 gloriantur
2564 3298 2580 3325 ,
2603 3259 2809 3328 inquit,
2839 3259 2893 3311 in
2934 3258 3341 3311 tribuiationibus
3372 3255 3546 3328 (Rom.

1970 3367 2026 3419 v,
2058 3353 2136 3422 5).

2043 3444 2129 3497 ll.
2161 3441 2308 3514 [vers.
2342 3439 2454 3513 16.]
2484 3439 2703 3494 Dextera
2726 3438 2933 3493 Domini
2960 3440 3074 3510 fecit
3102 3439 3353 3493 virtutem.
3378 3436 3545 3506 Quam

1968 3535 2218 3587 virtutem
2248 3532 2409 3588 dicit?
2438 3532 2659 3586 Dextera
2677 3571 2693 3597 ,
2720 3522 2888 3601 inquit
2907 3572 2920 3592 ,
2943 3529 3150 3583 Domini
3186 3531 3419 3584 exultavit
3446 3545 3544 3583 me.

1970 3626 2155 3696 Magna
2182 3625 2352 3680 virtus
2376 3623 2610 3678 exaltare
2640 3622 2917 3686 humilem,
2952 3621 3201 3676 deificare
3227 3618 3507 3675 mortalem
3528 3658 3546 3686 ,

1968 3718 2209 3788 prmbere
2250 3716 2319 3771 de
2356 3715 2660 3770 infirmitate
2686 3713 3059 3784 perfectionem
3082 3753 3099 3778 ,
3133 3713 3200 3767 de
3221 3711 3551 3782 subjectione

1968 3811 2212 3882 gloriam,
2261 3808 2330 3864 de
2376 3808 2623 3878 passione
2667 3807 2978 3873 victoriam,
3008 3806 3135 3861 dare
3185 3808 3435 3860 auxilium
3482 3806 3548 3862 de

1970 3903 2345 3967 tribulatione;
2371 3908 2428 3954 ut
2463 3899 2674 3954 afllietis
2710 3913 2835 3953 vera
2875 3898 3016 3951 salus
3065 3897 3155 3951 Dei
3204 3906 3498 3967 patesceret
3527 3937 3545 3959 ,

1967 3994 2319 4065 afﬂigentibus
2367 4001 2543 4047 autem
2584 4006 2716 4045 vana
2765 3991 2907 4045 salus
2951 3988 3178 4044 hominis
3226 3999 3544 4043 remaneret.

1967 4087 2151 4157 Magna
2198 4085 2345 4149 haec;
2385 4081 2479 4137 sed
2532 4081 2656 4152 quid
2706 4080 2956 4134 miraris?
2979 4080 3099 4133 audi
3144 4078 3268 4148 quid
3320 4085 3544 4148 repetat.

1966 4176 2082 4232 Non
2111 4175 2270 4230 homo
2293 4188 2352 4228 se
2387 4171 2636 4228 exaltavit
2664 4212 2680 4237 ,
2707 4185 2812 4224 non
2858 4171 3018 4223 homo
3052 4182 3111 4223 se
3148 4168 3410 4238 perfecit,
3440 4183 3545 4223 non

1968 4270 2068 4325 sibi
2122 4268 2283 4322 homo
2330 4264 2553 4336 gloriam
2607 4255 2797 4325 dedit,
2846 4276 2953 4315 non
3006 4261 3164 4315 homo
3216 4259 3389 4326 vicit,
3437 4274 3543 4315 non

1970 4361 2131 4416 homo
2174 4358 2276 4413 sibi
2324 4356 2483 4412 saluti
2525 4354 2623 4409 fuit
2658 4355 2673 4385 ι
2725 4370 2739 4408 :
2779 4352 3000 4407 Dextera
3049 4348 3254 4405 Domini
3297 4350 3414 4420 fecit
3449 4350 3548 4405 vir-

1969 4464 2139 4508 tutem.
3024 4438 3027 4439 ⁷

2042 4546 2127 4601 12.
2161 4542 2310 4618 iners.
2345 4540 2456 4614 Π.)
2485 4539 2605 4594 Non
2642 4538 2830 4593 moriar
2853 4579 2868 4604 ,
2891 4535 2978 4591 sed
2999 4536 3160 4590 vivam
3183 4576 3199 4601 ,
3229 4543 3276 4589 et
3304 4534 3549 4588 euarrabo

1969 4636 2123 4709 opera
2149 4636 2372 4691 Domini.
2397 4636 2467 4689 At
2494 4632 2568 4688 illi
2594 4640 2822 4701 stragem
2851 4628 3092 4683 funerum
3127 4627 3321 4697 ubique
3347 4626 3548 4681 facien-

1970 4738 2080 4793 tes,
2102 4727 2397 4783 Ecclesiam
2426 4723 2623 4779 Christi
2655 4721 2788 4777 mori
2816 4718 3230 4774 arbitrabantur.
3248 4717 3388 4773 Ecce
3410 4731 3549 4772 nunc

1970 4828 2184 4875 enarrat
2227 4832 2389 4887 opera
2440 4814 2671 4869 Domini.
2726 4812 2930 4882 Ubique
2981 4809 3223 4865 Christus
3268 4808 3545 4862 beatorum

1971 4921 2260 4982 martyrum
2302 4906 2466 4977 gloria
2506 4912 2609 4960 est.
2640 4903 2778 4957 Vicit
2805 4901 3101 4971 vapulando
3148 4898 3424 4962 ferientes;
3452 4912 3546 4967 pa-

1972 5002 2171 5063 tiendo,
2200 5000 2535 5069 impatientes
2558 4999 2601 5062 ’ς
2630 4993 2916 5065 diligendo,
2946 4993 3248 5047 saevientes.

2044 5096 2130 5149 15.
2162 5092 2311 5165 [vers.
2358 5087 2472 5161 18.]
2502 5089 2701 5143 Tamen
2744 5102 2841 5141 cur
2890 5092 3031 5138 tanta
3074 5081 3282 5151 indigna
3329 5080 3548 5149 pertulit

1970 5201 2165 5257 corpus
2209 5182 2439 5247 Christi,
2457 5190 2639 5236 sancta
2671 5179 2905 5235 Ecclesia
2932 5218 2946 5240 ,
2978 5174 3201 5245 populus
3231 5173 3283 5226 in
3310 5172 3549 5241 adoptio.

1972 5296 2116 5346 nem;
2148 5278 2346 5334 iudicet
2372 5275 2544 5330 nobis.
2569 5271 2859 5326 Emendans
2879 5310 2894 5334 ,
2922 5267 3122 5337 inquit,
3152 5264 3429 5317 emendavit
3471 5280 3550 5317 me

2038 5429 2055 5459 ι
2084 5433 2182 5475 Am.
2208 5431 2282 5472 Er.
2303 5457 2318 5483 ,
2340 5421 2427 5472 sed
2449 5417 2567 5482 quid
2602 5414 2797 5483 miraris
2815 5449 2829 5472 ,
2862 5408 3123 5483 {aliquid
3160 5404 3549 5483 {arietariam

1975 5467 2318 5552 nautea:
2336 5467 2523 5544 λίίειιῖοι
2688 5476 2780 5552 se
3157 5467 3252 5552 is}
3267 5467 3551 5552 statuere-

1974 5529 2102 5615 ὖὲἱὶιξι
2118 5529 2446 5615 minus
2464 5529 2683 5615 ρενίεςίέν
2703 5529 3006 5615 ρει-ητιςδὲιὲ
3019 5540 3129 5615 333;:
3154 5529 3551 5615 ‘fL‘t'ti‘iIP‘L‘i;

1973 5590 2362 5668 ﬂii?
2396 5590 2441 5652 te
2464 5590 2712 5663 impetat:
2737 5610 2830 5649 non
2866 5590 3002 5647 homo
3019 5594 3155 5658 vicit,
3180 5590 3434 5647 nonnemo
3461 5590 3549 5642 sibi

1973 5670 2118 5729 saluti
2138 5667 2504 5731 fuit.i'n_cxteru,
2530 5668 2625 5711 etc.

2038 5737 2064 5767 ι
2083 5726 2209 5791 Μέθη
2229 5726 2473 5792 facientes.

3424 322 3559 385 itus
3650 400 3653 401 ί
