4070 6534
452 348 585 403 1490

452 459 717 521 Dominus,
741 466 787 511 et
808 456 961 510 morti
986 469 1091 508 non
1113 450 1320 509 tradidit
1332 464 1434 507 nte.
1456 447 1570 505 Non
1587 460 1715 515 ergo
1736 442 2025 515 quidquam

450 552 651 605 viribus
691 548 804 604 suis
836 547 1051 603 licuisse
1086 543 1376 603 arbitretur
1420 538 1663 599 fremitus
1698 535 1981 606 impiorum
2018 551 2030 586 :

452 659 555 697 non
584 640 809 695 haberet
849 638 1004 693 istam
1050 642 1403 706 potestatem,
1434 630 1536 686 nisi
1577 629 1679 684 sibi
1723 628 1847 685 data
1892 630 2036 681 esset

452 734 703 803 desuper.
738 732 891 800 Sche
934 730 1077 797 ﬁlios
1115 724 1493 798 paterfamilias
1541 737 1635 791 per
1680 718 2036 788 nequissimos

457 840 642 881 servos
670 822 943 879 emendari
981 819 1165 891 jubet;
1195 833 1318 872 cum
1357 816 1465 877 illis
1501 812 1866 869 haereditatem
1893 849 1908 874 ,
1935 807 2038 861 illis

456 915 744 986 compedes
786 920 1065 983 praeparet.
1107 911 1238 980 Quae
1280 918 1365 969 est
1416 908 1516 963 ista
1565 902 1884 960 lncreditas?
1910 899 2039 956 Auri

456 1016 561 1072 est,
589 1022 655 1062 an
684 1004 911 1075 argenti,
937 1016 1003 1056 an
1031 1014 1385 1072 gemmarum,
1410 1004 1505 1053 aut
1534 994 1838 1058 fundorum,
1869 1003 2040 1047 amm-

459 1112 757 1166 norumque
786 1092 1104 1166 praediorum
1125 1092 1149 1146 ?
1170 1089 1302 1146 Vide
1322 1104 1423 1159 qua
1446 1088 1693 1152 intretur,
1711 1092 1765 1139 et
1781 1094 2043 1151 cognosce

459 1192 585 1266 quid
605 1193 695 1247 sit.

533 1285 619 1340 14.
646 1282 795 1356 [vers.
828 1279 940 1353 19.]
968 1279 1169 1349 Aperite
1193 1320 1209 1343 ,
1232 1277 1441 1346 inquit,
1469 1273 1592 1326 mihi
1625 1278 1795 1339 portas
1806 1266 2043 1338 justitite.

460 1376 603 1434 Ecce
620 1376 923 1431 audivimus
947 1382 1145 1443 portas.
1178 1367 1317 1435 Quid
1347 1374 1428 1421 est
1453 1362 1627 1419 intus?
1652 1359 1943 1431 Ingressus,
1967 1357 2049 1411 in-

463 1468 589 1539 quid
613 1507 629 1534 ,
656 1468 710 1520 in
736 1466 808 1521 eis
832 1466 848 1495 ¹
871 1460 1144 1532 conﬁtebor
1172 1457 1414 1513 Domino.
1447 1454 1540 1509 illa
1576 1450 1840 1507 confessio
1879 1445 2050 1503 laudis

464 1566 548 1613 est
574 1555 887 1610 admirabilis
908 1568 1061 1625 usque
1085 1550 1151 1602 ad
1176 1550 1380 1602 domum
1404 1543 1501 1598 Dei
1524 1585 1539 1609 ,
1567 1543 1619 1597 in
1649 1557 1767 1595 voce
1785 1538 2051 1593 exultatio-

466 1649 546 1707 nis
576 1658 623 1705 et
662 1645 993 1717 confessionis
1023 1683 1037 1708 ,
1071 1641 1183 1696 soni
1211 1637 1529 1710 festivitatem
1553 1631 1847 1688 celebrantis
1876 1626 2048 1699 (Psal.

468 1754 560 1795 xu
584 1779 599 1806 ,
625 1736 681 1810 5)
711 1755 724 1793 z
759 1737 877 1792 hanc
918 1744 999 1790 est
1048 1741 1248 1788 :eterna
1302 1725 1576 1784 beatitudo
1618 1725 1880 1795 iustorum
1905 1760 1921 1789 ,
1949 1733 2052 1790 qua

466 1830 611 1885 beati
631 1838 755 1883 sunt
783 1828 872 1898 qui
907 1824 1204 1881 inhabitant
1224 1822 1275 1875 in
1296 1820 1459 1879 domo
1482 1819 1574 1872 Dei
1602 1859 1615 1880 ,
1644 1817 1698 1870 in
1736 1812 1929 1870 saecula
1954 1825 2056 1869 stc-

467 1921 710 1978 culorum
741 1917 1018 1973 laudantes
1044 1930 1164 1970 eum
1198 1911 1373 1985 (Psal.
1404 1923 1623 1973 Lxxxm,
1659 1906 1734 1979 5).

545 2011 634 2067 15.
660 2008 811 2083 [vers.
842 2006 959 2078 20.]
978 2005 1085 2063 Sed
1128 2004 1252 2059 vide
1275 1999 1722 2072 quemadmodum
1750 1997 1977 2053 intretur
2001 1994 2056 2050 in

471 2108 654 2170 portas
677 2098 916 2173 jUSllllm.
954 2095 1051 2150 Ila:
1075 2102 1233 2169 portis
1260 2091 1499 2155 Domini,
1522 2088 1691 2159 inquit
1714 2127 1730 2153 ,
1753 2087 1874 2153 iusti
1899 2086 2061 2139 intra-

472 2190 595 2245 bunt
617 2191 668 2244 in
694 2205 800 2244 eas.
829 2188 933 2243 llas
958 2186 1147 2242 saltem
1180 2197 1337 2239 nemo
1364 2182 1523 2237 intret
1552 2180 1804 2251 injustus,
1836 2179 1886 2233 in
1914 2177 2059 2231 illam

474 2280 773 2338 Jerusalem
800 2294 918 2351 qua:
957 2293 1062 2333 non
1092 2276 1285 2346 recipit
1318 2273 1747 2335 incircumcisum
1770 2312 1786 2339 ,
1812 2270 1901 2325 ubi
1930 2270 2063 2325 dici-

476 2384 561 2429 tur
583 2416 599 2441 ,
628 2372 789 2428 Canes
810 2372 935 2442 [oris
963 2370 1165 2441 (Apoc.
1200 2384 1307 2425 χχιι
1332 2409 1347 2433 ,
1378 2367 1498 2437 15).
1531 2365 1670 2421 Satis
1706 2365 1778 2420 sit
1821 2362 1963 2433 quod
2008 2363 2060 2417 in

473 2465 763 2536 longinqua
784 2461 1212 2535 peregrinatione
1243 2475 1360 2519 mea
1389 2457 1666 2513 inltabitavi
1694 2473 1809 2510 cum
1831 2457 2066 2509 taberna»

476 2556 604 2609 culis
634 2555 797 2609 Cerlar
818 2596 834 2621 ,
860 2563 914 2608 et
932 2569 1049 2608 cum
1076 2553 1157 2608 Itis
1181 2552 1265 2622 qui
1287 2550 1499 2605 oderunt
1522 2564 1694 2619 pacem
1720 2562 1858 2601 eram
1887 2545 2065 2615 paciﬁ-

475 2662 563 2701 cus
592 2644 774 2717 (Prata
792 2661 917 2701 cxrx
943 2686 959 2712 ,
992 2645 1047 2713 5)
1077 2662 1089 2697 :
1120 2642 1308 2713 pertuli
1356 2656 1524 2710 usque
1551 2641 1602 2693 in
1637 2640 1796 2693 linem
1829 2639 2064 2706 permix-

478 2738 676 2792 tioncm
708 2735 992 2802 malorum,
1013 2734 1105 2791 sed
1131 2734 1212 2788 Ino
1233 2741 1391 2803 porta:
1417 2730 1650 2795 Domini;
1665 2730 1796 2801 justi
1811 2726 2067 2783 intrabunt

476 2829 531 2885 in
559 2845 663 2883 eas.

556 2921 641 2977 l6.
678 2918 845 2994 [vers.
889 2920 979 2975 21.
1009 2917 1029 2991 ]
1056 2917 1375 2985 Confitebor,
1409 2914 1519 2979 tibi,
1566 2911 1801 2976 Domine,
1832 2909 2071 2979 quoniam

482 3012 733 3067 exaudisti
762 3027 869 3075 me,
894 3018 939 3063 et
967 3012 1129 3079 [actus
1158 3022 1209 3061 es
1238 3005 1360 3059 mihi
1382 3006 1434 3056 in
1464 3003 1697 3056 salutem.
1729 3001 1896 3068 Quam
1928 3014 2071 3067 saepe

483 3103 786 3159 ostenditur
832 3100 1006 3156 laudis
1040 3113 1161 3155 esse
1206 3098 1308 3151 ista
1353 3094 1618 3151 confessio
1646 3132 1662 3157 ,
1695 3107 1799 3147 non
1850 3091 2071 3145 vulnera

486 3194 694 3250 medico
737 3192 1023 3249 ostendens
1048 3233 1063 3259 ,
1092 3189 1185 3245 sed
1226 3188 1293 3243 de
1323 3195 1571 3258 percepta
1602 3186 1832 3245 sanitate
1878 3182 2074 3254 gratias

485 3301 669 3356 agens.
702 3285 818 3354 ipse
847 3293 1021 3339 autem
1050 3281 1288 3337 medicus
1309 3278 1452 3334 salus
1472 3285 1573 3337 est.

558 3378 646 3431 17.
681 3375 829 3448 [vers.
859 3373 976 3446 22.]
1003 3375 1073 3428 At
1098 3374 1257 3427 istum
1296 3385 1452 3441 quem
1484 3367 1742 3424 dicimus?
1776 3386 1792 3417 ι
1823 3365 2075 3435 Lapidem

487 3484 646 3539 quem
678 3467 1097 3536 reprobaverunt
1126 3464 1455 3520 aediﬁcantes
1488 3478 1503 3514 :
1542 3480 1563 3514 ι
1597 3476 1717 3514 nam
1745 3477 1763 3511 t
1800 3460 1885 3513 hic
1906 3458 2078 3513 factus

488 3570 573 3623 est
611 3560 662 3612 in
702 3566 861 3627 caput
886 3557 1084 3626 anguli;
1110 3564 1167 3609 ut
1194 3554 1330 3609 duos
1356 3551 1611 3607 conderet
1635 3550 1687 3605 in
1720 3564 1810 3614 se,
1834 3550 1886 3602 iu
1914 3562 2076 3601 unum

491 3666 686 3707 novum
710 3651 998 3714 hominem,
1024 3648 1220 3702 faciens
1242 3660 1449 3716 pacem,
1470 3652 1525 3721 et
1548 3649 1888 3697 connecteret
1908 3648 2080 3695 utros-

491 3759 597 3815 que
627 3743 677 3798 in
711 3757 815 3797 uno
841 3755 1065 3811 corpore
1094 3739 1203 3793 Deo
1229 3735 1444 3807 (Eplies.
1474 3750 1511 3791 ll
1538 3774 1555 3800 ,
1581 3733 1647 3789 15
1669 3773 1686 3800 ,
1712 3732 1823 3804 16),
1853 3731 2081 3787 circum-

493 3833 754 3890 cisionem
781 3832 983 3886 scilicet
1010 3838 1066 3885 et
1095 3828 1432 3899 praeputium.

565 3926 652 3983 18.
678 3924 842 3998 [vers.
872 3922 987 3993 25.]
1013 3921 1056 3979 Α
1082 3919 1302 3974 Domino
1328 3921 1494 3991 [actus
1521 3926 1593 3971 est
1618 3917 1662 3971 ei
1687 3918 1707 3947 ¹
1733 3934 1745 3970 :
1774 3915 1825 3971 id
1854 3924 1964 3978 est,
1992 3929 2080 3973 ca-

496 4018 594 4097 piti
617 4016 797 4088 anguli
828 4030 856 4069 a
904 4014 1132 4069 Domino
1168 4010 1341 4067 factus
1379 4018 1481 4069 est.
1510 4008 1764 4075 Quamvis
1792 4007 1934 4061 enim
1977 4005 2080 4063 hoc

495 4128 603 4167 non
631 4122 773 4166 esset
800 4111 988 4175 laetus,
1023 4106 1123 4161 nisi
1152 4120 1342 4175 passus
1366 4113 1527 4165 esset;
1544 4116 1647 4157 non
1673 4109 1847 4157 tamen
1882 4100 1984 4156 hoc
2011 4100 2082 4155 ab

497 4203 577 4260 eis
595 4217 626 4257 a
647 4201 839 4272 quibus
866 4214 1050 4269 passus
1070 4206 1174 4263 est,
1198 4196 1367 4253 factus
1392 4203 1493 4249 est.
1526 4193 1658 4248 Nam
1686 4191 1760 4246 illi
1790 4190 1881 4260 qui
1911 4190 2080 4245 sedili-

498 4294 728 4361 cubant,
774 4291 1235 4363 reprobavcrunt;
1277 4288 1372 4344 sed
1419 4288 1471 4342 in
1525 4302 1591 4343 eo
1639 4285 1783 4355 quod
1831 4285 2082 4340 Dominus

503 4385 710 4442 occulte
759 4384 1089 4447 mdilicabat,
1122 4381 1243 4438 fecit
1290 4380 1342 4437 in
1394 4388 1555 4448 caput
1600 4377 1776 4448 anguli
1816 4376 1957 4446 quod
2011 4376 2089 4432 illi

502 4477 942 4546 reprobavcrunt.
990 4474 1058 4527 Et
1095 4483 1166 4526 est
1208 4471 1449 4525 mirabilis
1478 4472 1534 4535 in
1576 4471 1733 4525 oculis
1775 4469 1960 4524 nostris
1987 4484 2006 4522 :
2037 4470 2089 4524 in

504 4567 672 4625 oculis
726 4565 993 4621 interioris
1045 4564 1277 4618 hominis
1308 4604 1323 4627 ,
1376 4562 1430 4616 in
1486 4561 1656 4615 oculis
1707 4560 2040 4614 credentium
2070 4601 2085 4625 ,

505 4658 835 4731 sperantium
860 4699 876 4724 ,
904 4656 1235 4726 diligentium
1270 4671 1285 4719 ;
1316 4668 1423 4709 nou
1473 4652 1526 4707 in
1574 4652 1744 4709 oculis
1786 4652 2092 4709 carnalibus

506 4768 693 4811 eorum
720 4753 809 4824 qui
838 4750 990 4822 quasi
1032 4748 1303 4804 hominem
1335 4744 1731 4803 contemnendo
1773 4744 2093 4815 reprobave—

506 4854 649 4901 runt.
1922 4908 1927 4911 Ι

579 4940 667 4997 19.
699 4938 859 5013 [vers.
889 4933 1005 5008 2L]
1031 4933 1129 4989 Hic
1152 4942 1225 4988 est
1247 4934 1352 4987 dies
1375 4946 1520 5001 quem
1547 4929 1663 5000 fecit
1693 4926 1961 4982 Dominus.
1987 4927 2095 4982 Me.

509 5034 661 5090 tuinit
690 5034 789 5088 iste
819 5032 981 5086 homo
1016 5043 1075 5083 se
1112 5026 1309 5082 dixisse
1348 5024 1399 5079 in
1440 5020 1804 5092 superioribus
1844 5019 2091 5089 psalmis,

513 5124 764 5192 Quoniam
790 5122 1046 5177 inclinavit
1074 5135 1248 5173 aurem
1282 5133 1427 5171 suam
1455 5115 1599 5180 milii,
1629 5123 1674 5168 et
1703 5114 1753 5167 in
1782 5112 1953 5167 diebus
1978 5112 2100 5166 meis

513 5217 735 5273 invocavi
762 5214 930 5285 (Psal.
958 5230 1107 5279 cxtv,
1131 5211 1223 5284 2);
1255 5210 1372 5265 dies
1400 5224 1527 5263 suos
1555 5220 1980 5262 commemorans
2004 5219 2100 5259 ve-

516 5325 692 5368 teres:
718 5308 857 5364 unde
883 5307 1043 5364 modo
1068 5305 1217 5370 dicit,
1250 5302 1348 5357 Hic
1373 5311 1444 5355 est
1474 5300 1584 5354 dies
1608 5315 1753 5368 quem
1784 5298 1897 5366 fecit
1930 5296 2104 5351 Domi.

516 5420 645 5468 nus;
678 5402 727 5458 id
758 5410 839 5456 est
859 5444 871 5464 ,
903 5416 1009 5471 quo
1036 5398 1163 5452 mihi
1203 5396 1429 5451 salutem
1460 5391 1625 5447 dedit.
1661 5390 1756 5444 llic
1782 5398 1864 5443 est
1892 5387 2005 5443 dies
2036 5388 2105 5444 de

515 5510 620 5564 quo
650 5494 814 5559 dixit,
856 5491 1103 5561 Tempore
1141 5486 1437 5559 acceptabili
1471 5482 1705 5539 exaudiui
1735 5490 1815 5548 te,
1848 5488 1892 5533 et
1936 5480 1985 5532 in
2025 5480 2105 5533 die

590 5670 606 5701 ¹
630 5668 703 5717 sic
725 5673 833 5716 Mss.
857 5667 994 5727 juxta
1016 5673 1164 5713 Graec.
1195 5671 1246 5712 Al.
1277 5663 1407 5719 add,
1433 5675 1483 5711 in
1504 5674 1604 5727 eas.

586 5732 607 5762 ³
629 5716 702 5779 sic
726 5716 941 5792 potioies
961 5733 1066 5775 Mss.
1089 5733 1143 5775 At
1174 5732 1272 5772 Am.
1297 5731 1348 5792 et
1372 5716 1465 5792 rs,
1488 5724 1672 5783 factum
1692 5725 1762 5772 est
1786 5718 1845 5769 ei.
1868 5723 1999 5777 Lov.,
2028 5716 2105 5778 [ao

519 5799 625 5845 rtus
649 5784 780 5843 est't's
806 5803 821 5839 :
842 5787 982 5841 idest
1006 5794 1145 5853 caput
1169 5784 1343 5849 anguli,
1373 5791 1467 5835 etc.

1680 332 1737 389 S.
1779 323 2139 387 AUGUSTINI
2174 322 2478 381 EPISCOM

3581 325 3717 383 imo

2138 442 2315 497 salutis
2356 440 2529 511 σάλπινί
2573 449 2619 493 te
2657 437 2808 508 (leui.
2842 454 2982 503 xux,
3010 439 3101 510 8);
3133 440 3187 495 id
3223 450 3325 506 est,
3355 441 3470 497 dies
3494 456 3602 512 quo
3632 443 3723 499 ille

2138 531 2400 595 mediator
2428 529 2599 585 factus
2625 537 2709 585 est
2745 530 2797 584 in
2826 538 2985 599 caput
3012 531 3209 601 anguli.
3243 530 3566 589 Emam
3591 548 3723 607 ergo

2138 633 2185 678 et
2200 624 2540 693 jucundemur
2564 623 2617 676 in
2642 640 2719 677 eo.

2209 714 2300 769 20.
2339 713 2504 785 [vers.
2536 712 2666 786 25.]
2708 713 2753 768 0
2783 713 3031 778 Domine,
3058 717 3253 771 salvum
3288 734 3369 773 me
3407 721 3523 789 fac;
3550 736 3582 775 ο
3610 719 3726 775 Do-

2141 805 2274 859 mine
2291 846 2306 871 ,
2334 805 2456 860 bene
2490 821 2730 875 prospera
2757 806 2852 860 iter
2878 823 2994 861 vero
3017 808 3057 864 ⁸.
3087 807 3219 875 Quia
3246 808 3361 864 dles
3388 811 3579 865 salutis
3606 821 3692 867 est
3709 855 3725 878 ,

2143 898 2339 951 salvum
2366 914 2446 951 me
2470 898 2553 967 {ae
2579 915 2598 952 :
2621 899 2745 968 quia
2774 899 2842 955 de
2872 900 3154 972 longinqua
3184 904 3608 974 peregrinatione
3636 921 3729 962 re-

2146 998 2413 1044 vertentes
2439 989 2765 1060 sejungimur
2791 992 2860 1047 ab
2886 993 2965 1048 eis
2990 995 3080 1064 qui
3105 994 3327 1051 oderant
3357 1011 3539 1067 pacem
3561 1040 3577 1065 ,
3606 1013 3731 1054 cum

2146 1083 2339 1152 quibus
2366 1098 2577 1138 eramus
2618 1085 2819 1153 pacilicl
2840 1126 2853 1150 ,
2883 1095 3082 1141 etcum
3118 1088 3459 1158 loqueremur
3482 1091 3563 1146 eis
3585 1132 3602 1157 ,
3635 1090 3731 1146 de-

2151 1173 2418 1229 bellabant
2452 1190 2552 1231 nos
2586 1177 2783 1246 gratis;
2809 1177 2933 1232 bene
2960 1194 3201 1250 prospera
3224 1180 3319 1234 iter
3344 1180 3696 1238 redeuntibus
3718 1224 3733 1251 ,

2147 1265 2270 1335 quia
2300 1276 2352 1318 tu
2384 1266 2536 1321 nobis
2565 1266 2733 1321 lactus
2761 1283 2820 1323 es
2848 1270 2950 1322 via.

2219 1358 2308 1412 21.
2340 1357 2489 1431 [vers.
2519 1358 2635 1430 26.]
2675 1358 2975 1415 Benedictus
3008 1363 3149 1416 enim
3184 1378 3270 1433 qm
3297 1372 3425 1417 venit
3450 1364 3503 1417 in
3532 1364 3738 1418 nomine

2152 1447 2380 1503 Domini.
2409 1449 2717 1505 Maledictus
2742 1467 2869 1522 ergo
2893 1454 2983 1508 ille
3004 1455 3093 1523 qui
3119 1456 3265 1509 venit
3288 1456 3340 1509 in
3367 1457 3581 1510 nomine
3601 1472 3734 1519 suo;
3808 1492 3813 1495 ι

2154 1542 2291 1596 sicut
2319 1542 2371 1594 in
2402 1541 2688 1611 Evangelio
2726 1542 2853 1597 dicit
2883 1562 2897 1596 :
2932 1542 3042 1614 Ego
3080 1546 3192 1599 veni
3225 1547 3279 1598 in
3320 1546 3522 1599 nomine
3563 1544 3739 1600 Patris

2154 1634 2287 1698 mei,
2327 1642 2374 1687 et
2411 1650 2511 1687 non
2551 1636 2812 1705 accepistis
2848 1652 2926 1690 me
2958 1637 3048 1692 :si
3083 1638 3215 1691 alius
3251 1638 3432 1693 venerit
3459 1639 3513 1691 in
3538 1639 3742 1691 nomine

2156 1742 2270 1790 suo,
2298 1726 2442 1779 illum
2470 1728 2725 1797 accipietis
2752 1726 2929 1797 (Joan.
2958 1743 3011 1794 v,
3043 1729 3156 1798 45).
3186 1727 3543 1784 Βεηεάὶειὶηιαε
3568 1745 3653 1784 vos
3679 1731 3747 1783 de

2156 1816 2567 1871 domoDomini.
2590 1818 2768 1873 Credo
2795 1818 2937 1888 quod
2966 1819 3064 1875 ista
3093 1834 3197 1874 vox
3225 1836 3531 1890 magnorum
3563 1830 3644 1875 est
3674 1821 3742 1875 ad

2162 1908 2401 1978 pusillos,
2428 1924 2610 1963 eorum
2637 1910 2837 1963 scilicet
2864 1924 3172 1980 magnorum
3198 1912 3287 1981 qui
3318 1910 3545 1967 Verbum
3572 1910 3755 1966 Deum

2160 1998 2301 2070 apud
2331 2000 2517 2063 Deum,
2549 2000 2687 2055 sicut
2715 2000 2766 2053 in
2797 2000 2897 2056 hac
2926 2002 3028 2056 vita
3062 2010 3301 2071 possunt,
3331 2011 3509 2057 mente
3538 2002 3749 2056 contin-

2160 2100 2324 2161 gunt;
2365 2101 2420 2147 et
2462 2100 2640 2147 tamen
2691 2107 2993 2149 sermonem
3039 2109 3194 2149 suum
3242 2103 3457 2164 propter
3498 2094 3761 2164 parvulos

2166 2191 2484 2251 temperant,
2517 2192 2573 2237 ut
2600 2182 2805 2254 possint
2832 2184 3113 2239 sinceriter
3138 2184 3315 2239 dicere
3340 2184 3479 2254 quod
3508 2186 3582 2238 ait
3606 2185 3754 2255 Apo-

2164 2274 2333 2328 stolus
2364 2291 2377 2326 :
2408 2273 2527 2328 Sive
2552 2278 2681 2328 enim
2721 2284 2885 2329 mente
2920 2276 3220 2330 excessimus
3254 2273 3364 2329 Deo
3384 2319 3397 2340 ,
3428 2276 3530 2330 sive
3557 2286 3752 2344 tempe-

2165 2375 2335 2419 rantes
2360 2382 2531 2419 sumns
2567 2365 2734 2432 vobis;
2764 2368 2984 2422 charitas
3012 2369 3142 2421 enim
3165 2366 3354 2422 Christi
3381 2368 3634 2437 compellit
3659 2382 3758 2421 nos

2172 2456 2236 2527 (ll
2265 2456 2383 2512 Cor.
2413 2474 2463 2523 v,
2486 2460 2613 2513 i3et
2638 2461 2746 2528 M).
2781 2460 2881 2529 ipsi
2913 2461 3158 2529 parvulos
3176 2459 3497 2516 benedicunt
3521 2460 3588 2514 de
3612 2460 3756 2515 inte-

2168 2550 2309 2605 riore
2332 2549 2493 2603 domo
2516 2551 2741 2616 Domini,
2772 2552 2857 2605 ubi
2889 2552 3003 2606 laus
3028 2553 3110 2606 illa
3139 2553 3190 2607 in
3218 2553 3408 2608 smcula
3438 2553 3760 2607 smculorum

2168 2657 2275 2696 non
2302 2642 2479 2697 deﬁcit
2507 2661 2521 2696 :
2549 2655 2599 2697 et
2633 2644 2751 2698 ideo
2779 2645 2956 2699 videte
2981 2647 3106 2716 quid
3136 2646 3258 2701 inde
3285 2648 3620 2702 atmnnticnt.

2240 2731 2331 2785 εξ.
2360 2733 2507 2805 [vers.
2540 2734 2655 2806 27.]
2680 2734 2817 2790 Deus
2844 2736 3110 2802 Dominus,
3134 2749 3179 2793 et
3203 2739 3369 2794 illuxit
3399 2740 3557 2793 nobis.
3587 2740 3768 2795 Domi.

2172 2840 2274 2880 nus
2296 2826 2387 2880 ille
2407 2828 2494 2895 qui
2519 2829 2661 2881 venit
2688 2829 2737 2881 in
2767 2830 2979 2884 nomine
3008 2829 3234 2895 Domini,
3259 2847 3413 2899 quem
3440 2831 3768 2900 reprobave-

2173 2928 2295 2971 runt
2324 2918 2667 2983 :cdilicantes,
2696 2929 2749 2973 et
2775 2919 2941 2974 factus
2965 2929 3047 2975 est
3073 2922 3122 2974 in
3149 2932 3307 2991 caput
3334 2922 3509 2992 anguli
3541 2922 3765 2992 (Matth.

2178 3025 2292 3073 xxx,
2317 3008 2370 3075 9,
2394 3008 2517 3077 42);
2542 3011 2802 3064 mediator
2825 3011 2915 3065 ille
2942 3012 3033 3067 Dei
3060 3022 3113 3066 et
3135 3013 3402 3067 hominum
3433 3013 3590 3067 homo
3615 3013 3750 3069 Chri

2176 3109 2290 3154 stus
2319 3098 2472 3154 lesus
2501 3100 2540 3169 (1
2573 3099 2708 3153 Tim.
2748 3118 2804 3167 ιι,
2833 3100 2910 3173 5).
2946 3102 3082 3157 Deus
3109 3112 3210 3169 est,
3242 3105 3457 3171 :equalis
3485 3114 3565 3159 est
3594 3103 3771 3170 Patri,

2176 3198 2230 3244 et
2259 3189 2429 3245 illuxit
2456 3190 2628 3256 nobis,
2654 3201 2710 3245 ut
2733 3192 2874 3261 quod
2903 3191 3226 3247 credidimus
3251 3194 3686 3264 intelligeremus,
3716 3205 3777 3251 et

2177 3280 2329 3335 vobis
2356 3281 2590 3335 nondum
2636 3283 3082 3352 intelligentibus,
3114 3282 3207 3338 sed
3244 3284 3351 3353 jam
3393 3284 3782 3353 credentibus,
3866 3339 3881 3343 -

2179 3371 2601 3426 enuntiaremns.
2628 3372 2693 3427 Ut
2716 3382 2893 3427 autem
2920 3383 2975 3428 et
3002 3388 3097 3428 vos
3125 3374 3447 3445 intelligatis,
3471 3375 3780 3430 Constituite

2178 3464 2313 3517 diem
2339 3467 2522 3533 festum
2544 3464 2597 3517 in
2622 3465 3194 3535 confrequentationibus
3212 3508 3228 3532 ,
3254 3482 3409 3534 usque
3432 3467 3501 3519 ad
3535 3483 3731 3522 cornua
3754 3471 3779 3503 ⁸

2179 3556 2358 3609 altaris
2379 3571 2398 3609 :
2413 3556 2463 3610 id
2482 3566 2578 3619 est,
2602 3571 2769 3625 usque
2790 3556 2856 3610 ad
2879 3556 3181 3611 interiorem
3204 3557 3418 3612 domum
3442 3558 3554 3622 Dei,
3576 3558 3645 3613 de
3663 3573 3778 3629 qua

2184 3661 2279 3702 vos
2307 3648 2702 3712 benediximus,
2738 3649 2824 3702 ubi
2861 3658 2983 3704 sunt
3009 3650 3191 3703 altaris
3216 3651 3444 3705 excelsa.
3477 3649 3785 3706 Constituite

2184 3740 2317 3793 diem
2350 3744 2566 3810 festum,
2597 3755 2702 3794 non
2745 3739 2919 3809 tepide
2955 3755 3019 3794 ac
3060 3742 3310 3809 segniter,
3350 3740 3443 3795 sed
3483 3741 3535 3793 in
3572 3742 3785 3811 confre-

2184 3831 2606 3900 quentationibus.
2645 3830 2763 3900 ipsa
2804 3840 2887 3885 est
2923 3832 3063 3884 enim
3106 3847 3209 3885 vox
3247 3831 3593 3886 exsultationis
3616 3872 3631 3894 ,
3662 3848 3784 3886 sam

2188 3926 2505 3998 festivitatem
2538 3924 2862 3987 celebrantis,
2893 3924 3276 3979 ambulantium
3305 3925 3356 3977 in
3388 3923 3506 3978 loco
3544 3923 3787 3977 taberna-

2186 4019 2288 4073 culi
2314 4019 2626 4071 admirabilis
2667 4032 2824 4087 usque
2851 4015 2916 4069 ad
2942 4017 3148 4069 domum
3174 4014 3291 4068 Dei.
3329 4014 3384 4069 Si
3420 4014 3559 4069 enim
3586 4023 3671 4069 est
3706 4015 3786 4073 ibi

2187 4110 2460 4180 spiritualc
2480 4108 2819 4172 sacrillcium,
2838 4108 3220 4176 sempiternum
3242 4105 3559 4159 sacrillcium
3583 4104 3783 4171 laudis,

2190 4213 2244 4259 et
2279 4202 2529 4258 sacerdos
2570 4200 2925 4271 sempiternus
2952 4207 3065 4263 est,
3102 4206 3155 4252 et
3187 4198 3354 4252 altare
3393 4195 3784 4265 sempiternum

2190 4304 2374 4365 pacata
2422 4308 2573 4349 mens
2611 4293 2724 4361 ipsa
2767 4293 3051 4361 justorum.
3092 4288 3203 4343 Hoc
3246 4287 3480 4358 apertius
3515 4285 3785 4352 dicimus,

2193 4387 2422 4443 fratres:
2446 4386 2765 4456 quicumque
2796 4384 2960 4438 Deum
2991 4381 3225 4436 Verbum
3253 4379 3544 4449 intelligere
3570 4377 3784 4446 volunt,

2194 4494 2297 4535 non
2338 4480 2417 4534 eis
2454 4476 2680 4532 sufficiat
2705 4490 2866 4542 caro,
2896 4473 3037 4545 quod
3068 4481 3282 4543 propter
3308 4486 3402 4526 eos
3432 4469 3667 4524 Verbum
3704 4471 3788 4524 fa-

2194 4580 2336 4627 ctum
2366 4579 2479 4633 est,
2514 4578 2571 4623 ut
2610 4568 2746 4622 lacte
2784 4567 3143 4629 nutrirentur;
3178 4579 3273 4617 nec
3304 4563 3357 4615 in
3388 4569 3529 4616 terra
3554 4559 3786 4616 sufﬁciat

2197 4664 2296 4719 iste
2325 4663 2439 4718 dies
2468 4662 2631 4717 festus
2657 4676 2762 4730 quo
2786 4674 2954 4729 agnus
2978 4657 3187 4712 occisus
3212 4664 3294 4710 est
3326 4674 3340 4710 :
3368 4653 3460 4708 sed
3487 4654 3788 4709 constitua-

2199 4765 2284 4809 tur
2323 4755 2374 4807 in
2416 4749 3072 4820 confrequentationibus,
3101 4760 3377 4817 quousque
3417 4743 3787 4813 perveniatur,

2199 4845 2444 4901 exaltatis
2472 4859 2501 4897 a
2534 4844 2759 4898 Domino
2798 4840 3064 4896 mentibus
3104 4837 3333 4904 nostris,
3363 4851 3528 4906 usque
3566 4835 3630 4890 ad
3673 4836 3791 4905 ejus

2199 4937 2528 4994 divinitatem
2560 4935 2887 4999 interiorem,
2910 4930 2997 5002 qui
3025 4929 3177 4984 nobis
3200 4928 3521 4984 exteriorem
3544 4925 3791 4981 Immani-

2204 5039 2363 5085 tatem
2393 5029 2529 5083 lacte
2554 5025 2852 5081 nutriendis
2878 5022 3117 5093 praebere
3142 5020 3385 5090 dignatus
3414 5026 3516 5072 est.

2273 5122 2369 5177 25.
2392 5120 2541 5193 [vers.
2563 5120 2654 5184 9.8,
2678 5116 2794 5190 29.]
2825 5118 2886 5171 Et
2908 5113 3030 5185 quid
3060 5114 3128 5168 ibi
3153 5109 3320 5177 aliud,
3348 5110 3449 5164 nisi
3476 5108 3656 5163 laudes
3678 5110 3799 5177 ejus

2205 5214 2572 5270 cantabimus?
2596 5210 2730 5278 Quid
2759 5209 2826 5263 ibi
2855 5206 2997 5261 aliud
3019 5205 3256 5271 dicemus
3276 5243 3291 5268 ,
3321 5202 3450 5266 nisi,
3475 5200 3615 5254 Deus
3652 5216 3796 5253 meus

2206 5325 2258 5364 es
2284 5317 2365 5373 tu,
2393 5316 2439 5361 et
2467 5303 2739 5374 conﬁtebor
2768 5300 2889 5365 tibi;
2924 5297 3057 5351 Dens
3094 5310 3234 5349 meus
3262 5309 3314 5347 es
3347 5300 3399 5345 tu
3419 5333 3434 5358 ,
3472 5301 3518 5345 et
3557 5289 3792 5344 excitabo

2275 5465 2289 5494 ι
2317 5460 2449 5514 add.
2470 5458 2585 5508 bene
2604 5465 2903 5519 prosperare.
2929 5458 3105 5519 lterum
3120 5460 3230 5497 vero
3242 5444 3357 5504 quia
3373 5441 3494 5519 dies:
3512 5438 3793 5519 tegendus-ts

2211 5508 2327 5572 cum
2343 5508 2536 5583 opti'mte
2559 5508 2687 5567 noue
2705 5508 2968 5583 (Jorbnatsq
2995 5511 3381 5583 benenprosperu
3403 5508 3493 5583 iter
3508 5511 3794 5583 Ero-inani

2211 5561 3003 5638 iii'éii-Eésiﬁl‘ixii'ége3ubastba,‘
3031 5561 3192 5638 addita
3229 5561 3473 5638 particula,
3501 5561 3582 5623 de,
3605 5563 3685 5613 cui
3706 5571 3789 5610 su-

2214 5634 2298 5711 pra
2321 5659 2371 5711 In
2389 5640 2641 5711 versiculis
2658 5641 2686 5689 2
2700 5634 2827 5711 ξριξό,
2848 5634 3111 5711 respondet
3133 5645 3246 5690 vox,
3270 5635 3447 5711 autent.

2277 5681 2686 5815 iiiz'iiiiliiiiii;
2698 5681 2827 5751 1ῖῇξῖ
2848 5681 3058 5757 itﬁuith
3082 5681 3270 5747 cornu;
3306 5705 3361 5741 ac
3383 5686 3525 5752 [aulo
3560 5691 3667 5748 ροει
3682 5717 3703 5744 ο
3721 5681 3789 5732 οδ-

2277 5781 2343 5815 rm
2358 5779 2475 5815 erce
2496 5780 2565 5815 sa.
2710 5812 2725 5815 _

2218 5778 2343 5824 torta
2358 5778 2565 5819 excelsa.
