4090 6474
291 343 422 399 ιεθι

1367 319 1760 380 ENABRATIO
1803 319 1865 373 ΙΝ
1905 319 2222 380 PSA“!!!
2259 320 2492 380 εινιιι.

3422 321 3444 374 1
3455 319 3558 374 ποι

288 466 324 509 ιι
355 471 375 506 ;
395 449 684 521 conﬁtebor
711 445 800 503 tibi
819 485 832 510 ,
860 442 1110 509 Domine,
1139 439 1376 512 quoniam
1401 433 1652 508 exaudiui
1687 447 1797 496 me,
1827 439 1873 484 et
1978 449 2085 503 quo
2107 435 2248 504 agit,
2271 432 2341 490 ad
2368 432 2497 489 illud
2525 441 2744 504 propter
2763 431 2907 502 quod
2934 429 3319 490 exhortationis
3343 432 3564 486 adhibe.

289 547 455 618 [nctus
479 559 534 598 es
561 539 687 596 milii
712 539 766 593 in
789 534 1043 596 salutem?
1066 532 1183 588 Non
1212 530 1433 600 strepitu
1466 527 1749 583 verborum
1775 521 1875 596 ista

289 613 527 692 dicemus
547 673 564 700 ,
601 630 697 686 sed
727 628 940 683 dilectio
978 623 1244 679 inhaerens
1272 621 1347 675 illi
1381 633 1477 694 per
1508 618 1737 685 seipsam
1765 613 1876 668 cla—

290 739 406 784 mat
427 727 584 780 istam
612 737 818 786 vocem,
846 729 900 774 et
922 717 1134 773 dilectio
1164 715 1275 784 ipsa
1305 727 1404 772 vox
1435 719 1518 765 est
1538 707 1665 762 ista.
1699 705 1879 774 Itaque

290 819 426 875 sicut
450 818 612 885 cmpit
635 811 869 876 laudem,
894 809 964 862 ita
989 806 1236 862 tcrruinat
1261 821 1275 858 :
1301 797 1616 868 Conﬁtemiui
1641 794 1876 862 Domino,

289 911 530 978 quoniam
557 907 737 969 bonus,
767 900 1004 974 quoniam
1032 899 1084 952 in
1111 895 1355 953 steculum
1382 887 1726 947 misericordia
1749 887 1877 956 ejus.

291 977 428 1062 Hinc
468 1001 631 1069 coepit
670 998 943 1063 Psalmus,
971 992 1079 1048 huc
1105 989 1335 1054 desinit;
1365 984 1627 1057 quoniam
1653 980 1792 1036 sicut
1815 977 1882 1046 ab

296 1096 445 1154 initio
469 1091 612 1163 quod
635 1089 991 1147 deseruimus,
1017 1082 1086 1136 ita
1113 1082 1165 1136 in
1192 1081 1348 1140 linem
1367 1090 1476 1148 quo
1499 1071 1752 1131 redimus,
1778 1081 1883 1120 non

293 1195 378 1240 est
403 1159 601 1253 aliquid
633 1178 771 1248 quod
797 1174 1060 1232 salubrius
1083 1171 1332 1236 delectet,
1360 1180 1518 1240 quam
1543 1163 1658 1220 laus
1688 1159 1804 1226 Dei,
1830 1164 1887 1214 et

294 1289 507 1344 semper
532 1271 770 1326 Alleluia.

309 1380 1907 1427 ,____.________._.___.__..——————————-—-—..

673 1478 756 1540 ΙΝ
798 1469 1177 1538 PSALMUM
1217 1465 1478 1529 CXVIII

889 1609 1309 1673 ENARRATIO.

929 1748 1265 1806 Praemium.

373 1893 618 1949 Psalmos
645 1900 832 1942 omnes
859 1892 1103 1948 creteros,
1131 1893 1265 1951 quos
1290 1876 1528 1934 codicem
1559 1873 1893 1930 Psalmorum

303 1983 551 2040 novimus
576 1979 869 2041 continere,
899 1973 1038 2046 quod
1069 1969 1320 2027 Ecclesia:
1345 1964 1727 2023 consuetudine
1747 1963 1896 2018 Psal-

305 2076 500 2130 terium
532 2077 884 2138 nuncupatur,
918 2065 1106 2135 partim
1146 2057 1552 2117 sermocinaudo
1579 2056 1632 2110 in
1664 2053 1892 2126 pOpulis,

303 2164 500 2235 partim
525 2158 776 2215 dictando
803 2155 1055 2226 exposui,
1083 2153 1314 2209 donante
1341 2149 1566 2204 Domino
1587 2189 1600 2210 ,
1631 2146 1770 2200 sicut
1798 2158 1896 2214 po-

308 2256 383 2310 tui
413 2271 426 2306 :
459 2252 717 2323 psalmum
759 2263 887 2303 vero
924 2245 1275 2302 centesimum
1316 2253 1562 2298 octavum
1597 2237 1895 2303 decimum,

309 2364 415 2402 non
445 2356 549 2399 tam
580 2351 793 2416 propter
815 2340 928 2410 eius
956 2337 1286 2394 notissimam
1314 2331 1716 2405 longitudinem,
1739 2343 1898 2400 quam

310 2425 528 2510 propter
555 2437 669 2506 ejus
699 2433 1112 2505 profunditatem
1154 2429 1334 2499 paucis
1364 2425 1772 2498 cognoscihilem
1799 2419 1903 2476 dif-

310 2528 570 2585 ferebam.
616 2525 685 2580 Et
723 2540 840 2578 cum
880 2520 1253 2577 molestissime
1298 2519 1495 2572 ferrent
1535 2516 1725 2570 fratres
1758 2513 1899 2580 mei,

310 2622 428 2687 ejus
453 2617 619 2671 solius
643 2612 1049 2684 expositionem,
1076 2617 1329 2680 quantum
1360 2605 1427 2661 ad
1452 2605 1689 2676 ejusdem
1715 2617 1905 2675 corpo-

311 2709 388 2763 ris
415 2707 657 2761 Psalmos
685 2704 932 2774 pertinet,
961 2701 1149 2756 deesse
1173 2698 1442 2771 opusculis
1467 2697 1682 2762 nostris,
1711 2709 1904 2765 meque

313 2799 380 2854 ad
411 2800 515 2854 hoc
540 2796 848 2852 solvendum
879 2793 1112 2848 debitum
1138 2790 1485 2846 vehementer
1515 2797 1784 2859 urgerent,
1814 2786 1904 2841 diu

313 2891 617 2962 petentibus
642 2886 1052 2957 iubentibusque
1079 2899 1181 2936 non
1208 2881 1344 2936 cessi
1371 2897 1385 2946 ;
1409 2879 1532 2951 quia
1554 2879 1904 2949 quotiescum-

314 3000 417 3055 que
444 2982 568 3037 inde
593 2979 826 3050 cogitare
855 2975 1070 3040 lentavi,
1102 2989 1312 3043 semper
1337 2972 1479 3027 vires
1514 2979 1707 3025 nostra:
1733 2969 1908 3022 inten-

315 3073 475 3128 tionis
515 3071 766 3126 excessit.
801 3067 1009 3134 Quanto
1047 3065 1188 3119 enim
1216 3062 1428 3118 videtur
1455 3062 1723 3132 apertior,
1760 3069 1906 3116 tanto

315 3165 444 3221 mihi
482 3161 796 3232 profundior
831 3157 1216 3221 videri,solet;
1259 3154 1331 3209 ita
1372 3161 1429 3209 ut
1465 3153 1623 3209 etiam
1654 3167 1808 3223 quam
1839 3150 1910 3206 sit

315 3254 628 3329 profundus,
654 3253 1025 3307 demonstrare
1047 3263 1151 3302 non
1176 3261 1404 3317 possem.
1429 3245 1668 3300 Aliorum
1691 3245 1904 3314 quippe,

317 3351 406 3422 qui
427 3349 642 3404 diflicile
664 3347 1044 3417 intelliguntur,
1067 3342 1275 3397 etiamsi
1301 3344 1352 3397 in
1375 3341 1700 3397 obscuritate
1719 3355 1909 3396 sensus

319 3443 471 3508 latet,
496 3441 608 3510 ipsa
631 3449 804 3493 tamen
828 3445 1048 3508 apparet
1071 3433 1370 3490 obscuritas
1394 3450 1407 3488 :
1430 3431 1590 3502 hujus
1609 3442 1786 3487 autem
1811 3447 1912 3487 nec

317 3537 466 3606 ipsa;
494 3533 744 3604 quoniam
773 3531 929 3586 talem
959 3527 1159 3598 prmbet
1181 3525 1538 3596 superﬁciem,
1567 3533 1627 3581 ut
1654 3524 1910 3578 lectorem

319 3638 479 3697 atque
521 3624 814 3680 auditorem
839 3661 854 3687 ,
888 3634 993 3674 non
1022 3617 1379 3688 expositorcm
1411 3615 1769 3677 necessarium
1809 3613 1910 3669 ha.-

319 3720 447 3776 bere
474 3716 743 3773 credatur.
774 3714 843 3769 Et
871 3727 1010 3770 nunc
1033 3710 1175 3782 quod
1205 3709 1419 3766 tandem
1449 3707 1515 3763 ad
1542 3707 1913 3778 pertractatio-

321 3827 446 3867 nem
475 3809 592 3879 ejus
617 3805 835 3873 accedo,
863 3802 990 3874 quid
1020 3804 1071 3858 in
1099 3817 1164 3862 eo
1193 3801 1410 3871 possim,
1441 3813 1660 3870 prorsus
1683 3798 1871 3868 ignoro
1896 3816 1908 3851 :

324 3917 482 3972 spero
513 3908 712 3963 tamen,
743 3906 800 3952 ut
827 3895 1023 3967 aliquid
1062 3894 1282 3964 possim,
1305 3891 1612 3951 adfuturum
1639 3899 1797 3961 atque
1821 3889 1914 3944 ad-

322 3994 558 4066 iuturum
594 3992 779 4046 Deum.
807 3989 896 4046 Sic
921 3989 1063 4046 enim
1090 3985 1220 4045 fecit
1245 3986 1299 4040 in
1324 3986 1339 4016 ί
1370 3983 1916 4052 οηιιιίιιιιεηιιωωιῐι-

324 4100 428 4155 quc
454 4083 801 4146 suflicienter,
830 4095 950 4136 cum
978 4078 1124 4148 prius
1153 4077 1281 4134 mihi
1307 4075 1374 4131 ad
1404 4073 1803 4146 intelligendum
1832 4076 1918 4128 vel

327 4172 698 4245 explicandum
722 4170 954 4226 difﬁcilia
975 4184 1038 4230 ac
1060 4183 1193 4238 pene
1217 4165 1566 4238 impossibilia
1589 4163 1913 4228 viderentur,

328 4262 570 4334 exposui.
594 4260 762 4316 Statui
787 4268 964 4314 autem
993 4274 1086 4327 per
1109 4270 1384 4320 sermones
1411 4255 1460 4309 id
1485 4269 1665 4325 agere,
1687 4253 1779 4323 qui
1803 4267 1918 4322 pro-

331 4356 601 4413 ferantur'
634 4355 688 4408 in
718 4352 956 4423 populis,
989 4365 1121 4420 quas
1150 4348 1320 4406 Graeci
1348 4354 1536 4416 ὁμιλίας
1566 4354 1778 4401 vocant.
1809 4345 1920 4418 Hoc

331 4449 471 4503 enim
497 4445 692 4514 justius
722 4458 842 4498 esse
868 4441 1100 4498 arbitror
1122 4482 1137 4506 ,
1167 4449 1225 4495 ut
1249 4447 1543 4495 conventus
1571 4436 1918 4493 ecclesiastici

333 4555 435 4594 non
476 4537 787 4592 fraudentur
811 4536 969 4590 etiam
1006 4533 1193 4602 psalmi
1227 4531 1384 4600 hujus
1421 4530 1764 4602 intelligentia
1785 4572 1800 4594 ,
1827 4544 1921 4584 cu-

326 4630 416 4699 jus
435 4671 450 4696 ,
483 4639 538 4682 ut
567 4628 792 4681 aliorum
813 4666 829 4691 ,
860 4623 1113 4684 delectari
1141 4623 1380 4686 assolent
1406 4621 1686 4678 cantilena.
1716 4619 1822 4676 Sed
1853 4620 1923 4676 sit

334 4719 437 4774 huc
467 4734 636 4789 usque
675 4716 987 4786 prommium
1018 4731 1032 4768 :
1062 4714 1170 4783 jam
1203 4712 1271 4767 de
1309 4714 1421 4782 ipso
1447 4722 1531 4769 est
1561 4711 1919 4784 loquendum,

332 4810 398 4868 de
421 4826 531 4884 quo
559 4815 691 4864 istuc
717 4809 885 4862 visum
917 4813 998 4859 est
1040 4803 1495 4875 praeloquendum.

1001 4932 1172 4972 888110
1209 4933 1247 4970 Ι.

403 5037 458 5092 1.
492 5033 641 5106 [νει-ε.
673 5032 752 5102 1.]
778 5031 860 5086 Ab
885 5029 1106 5086 exordio
1141 5043 1239 5084 suo
1267 5042 1490 5097 magnus
1517 5028 1755 5098 psalmus
1785 5028 1920 5096 istc,

334 5125 654 5190 charissimi,
681 5122 994 5178 exhortatur
1020 5135 1118 5175 nos
1137 5120 1202 5174 ad
1225 5117 1626 5182 beatitudinem,
1648 5134 1807 5190 quam
1829 5135 1924 5174 ne-

334 5232 425 5273 mo
441 5226 528 5272 est
543 5215 632 5285 qui
656 5227 762 5268 non
787 5219 1020 5280 expetat.
1048 5210 1178 5278 Quis
1202 5209 1343 5266 enim
1371 5223 1594 5279 usquam
1615 5209 1699 5264 vel
1726 5217 1919 5278 potest,

336 5309 422 5364 vel
450 5307 653 5378 potuit,
681 5304 766 5359 vel
797 5303 993 5373 poterit
1021 5301 1243 5357 inveniri
1273 5303 1362 5372 qui
1392 5301 1528 5358 nolit
1554 5315 1674 5357 esse
1699 5301 1922 5357 beatus?

335 5399 470 5468 Quid
503 5398 661 5468 igitur
693 5394 1066 5452 exhortatione
1104 5407 1238 5461 opus
1273 5402 1356 5448 est
1380 5392 1448 5448 ad
1475 5407 1594 5448 eam
1624 5407 1737 5449 rem
1763 5407 1921 5463 quam

333 5505 428 5545 sua
468 5496 662 5558 sponte
698 5485 899 5556 appetit
938 5484 1150 5538 animus
1186 5484 1485 5541 humanus?
1515 5485 1648 5541 Nam
1690 5483 1924 5555 profecto

333 5583 422 5653 qui
448 5581 788 5642 exhortatur,
811 5577 864 5632 id
889 5577 1018 5648 agit,
1040 5584 1099 5631 ut
1119 5577 1377 5634 excitetur
1400 5578 1645 5636 voluntas
1665 5578 1781 5650 ejus
1800 5589 1920 5633 cum

397 5727 415 5758 ¹
440 5727 514 5775 Sic
527 5723 694 5788 plures
710 5721 944 5788 Mss.gEdd.
973 5731 1096 5788 vero
1112 5755 1126 5777 ,
1153 5718 1248 5781 feci
1268 5719 1346 5771 de.

399 5788 421 5822 ³
441 5781 641 5840 Sic'ttss.
671 5794 722 5838 Αι
741 5787 872 5849 add,
891 5781 1215 5850 proferuntur.

1983 535 2066 581 tur
2091 525 2400 594 alloquium.
2429 523 2625 596 thuid
2652 538 2781 594 ergo
2807 522 3082 586 nobiscum
3107 520 3302 591 agitur,
3333 529 3392 576 ut
3428 520 3563 576 veli~

1982 632 2100 672 mus
2123 619 2262 688 quod
2297 618 2438 672 nolle
2477 635 2580 674 non
2619 630 2935 686 possumus;
2963 613 3064 668 nisi
3087 614 3211 683 quia
3237 627 3424 668 omnes
3448 613 3566 682 qui,

1983 709 2104 763 dem
2136 709 2512 764 beatitudinem
2551 709 2969 777 concupiscunt,
3001 707 3094 764 sed
3132 721 3364 776 quonam
3405 704 3567 760 modo

1983 801 2048 856 ad
2085 816 2202 855 eam
2243 803 2609 870 perveniatur,
2640 802 2851 870 plurimi
2891 799 3167 856 nesciunt?
3197 798 3426 868 ldeuque
3466 796 3569 853 hoc

1985 891 2142 946 docet
2169 893 2288 958 iste,
2317 892 2404 961 qui
2432 891 2560 947 dicit
2587 910 2601 946 :
2633 891 2776 948 Beati
2803 891 3113 946 immaculati
3139 891 3191 943 in
3219 891 3320 952 uia,
3346 889 3430 959 qui
3459 904 3570 942 am-

1984 980 2162 1035 bulant
2200 982 2252 1036 in
2291 981 2400 1052 lege
2442 979 2671 1035 Domini.
2711 980 2984 1049 Tanquam
3022 979 3223 1034 diceret
3253 996 3266 1031 :
3294 978 3418 1033 Scio
3443 977 3572 1046 quid

1987 1074 2120 1148 velis
2139 1115 2155 1142 ,
2183 1073 2560 1128 beatitudinem
2595 1073 2820 1142 quieris;
2849 1072 2895 1126 si
2921 1087 3048 1140 ergo
3077 1072 3158 1128 vis
3193 1085 3314 1127 esse
3354 1070 3570 1135 beatus,

1988 1174 2106 1219 esto
2132 1163 2520 1219 immaculatus.
2544 1162 2674 1216 illud
2695 1163 2838 1219 enim
2859 1176 3068 1226 omnes,
3096 1161 3198 1218 hoc
3219 1170 3396 1220 autem
3423 1160 3578 1228 pauci-

1991 1255 2193 1320 volunt,
2225 1257 2341 1308 sine
2369 1268 2475 1322 quo
2502 1268 2606 1308 non
2639 1253 2943 1322 pervenitur
2967 1252 3034 1308 ad
3065 1251 3192 1308 illud
3221 1251 3361 1320 quod
3387 1266 3576 1306 omnes

1991 1344 2195 1398 volunt.
2225 1343 2331 1408 Sed
2357 1344 2443 1399 ubi
2469 1345 2572 1398 erit
2591 1345 2816 1412 quisque
2843 1343 3234 1410 immaculatus,
3258 1344 3360 1399 nisi
3383 1344 3433 1398 iu
3456 1344 3577 1397 vin?

1993 1433 2051 1488 lu
2076 1450 2178 1504 qua
2215 1436 2296 1495 via
2319 1477 2334 1501 ,
2369 1436 2469 1490 nisi
2499 1435 2552 1490 in
2599 1435 2715 1504 lege
2757 1433 2999 1492 Domini?
3033 1434 3110 1490 Ac
3147 1449 3243 1503 per
3271 1434 3406 1501 hoc,
3433 1432 3578 1488 Beati

1994 1527 2302 1580 immaculati
2332 1527 2383 1580 in
2409 1527 2490 1580 via
2509 1567 2524 1590 ,
2551 1527 2637 1594 qui
2675 1525 2934 1580 ambulant
2967 1525 3020 1579 in
3054 1524 3160 1596 lege
3197 1523 3442 1587 Domini,
3473 1539 3578 1582 non

1991 1615 2264 1687 superﬂuo
2289 1616 2444 1672 nobis
2468 1616 2682 1684 dicitur,
2708 1616 2803 1674 sed
2830 1615 3131 1672 exhortatio
3157 1615 3456 1672 necessaria
3485 1628 3582 1668 no-

1991 1709 2120 1769 stris
2145 1709 2412 1764 mentibus
2439 1707 2741 1764 adhibetur.
2769 1706 2905 1774 Quid
2929 1706 3074 1764 euim
3099 1706 3224 1761 boui
3253 1707 3322 1760 sit
3345 1706 3416 1761 ad
3439 1704 3579 1776 quod

1993 1801 2148 1865 multi
2174 1802 2306 1872 pigri
2331 1809 2474 1866 sunt,
2503 1801 2556 1858 id
2575 1809 2676 1866 est,
2707 1800 3078 1860 immawlatos
3105 1798 3376 1854 ambulare
3402 1798 3454 1851 iu
3477 1797 3582 1861 via,

1995 1911 2118 1966 qua:
2143 1895 2226 1950 lex
2255 1903 2339 1950 est
2366 1895 2575 1954 Domini
2600 1935 2614 1960 ,
2646 1895 2724 1952 sic
2746 1892 3045 1952 ostenditur
3065 1933 3081 1959 ,
3110 1907 3231 1947 cum
3259 1891 3444 1946 beatos
3465 1904 3587 1944 esse

1997 1989 2089 2059 qui
2115 1988 2218 2044 hoc
2235 1987 2455 2055 faciunt.
2480 1987 2762 2053 iudicatur,
2781 1995 2839 2042 ut
2854 1994 3078 2057 propter
3096 1984 3225 2041 illud
3245 1984 3387 2056 quod
3402 1997 3597 2038 omnes

1995 2079 2217 2145 volunt,
2247 2079 2409 2140 etiam
2437 2078 2543 2136 hoc
2568 2079 2661 2138 ﬁat
2688 2078 2830 2148 quod
2867 2077 3080 2148 plurimi
3115 2077 3328 2132 nolunt.
3369 2075 3588 2129 Beatum

1999 2172 2198 2240 quippe
2221 2186 2363 2242 βεδε,
2397 2180 2505 2226 tam
2532 2185 2785 2240 maguum
2813 2179 2898 2226 est
2921 2169 3144 2234 bonum,
3173 2179 3230 2222 ut
3258 2168 3360 2223 hoc
3383 2177 3438 2223 et
3465 2167 3590 2222 boni

2002 2262 2168 2317 velint
2204 2271 2258 2318 et
2293 2263 2440 2318 mali.
2485 2261 2596 2318 Nec
2633 2261 2826 2318 mirum
2860 2270 2944 2316 est
2971 2260 3112 2330 quod
3146 2259 3269 2314 boni
3311 2267 3592 2329 propterea

2004 2362 2131 2410 sunt
2155 2354 2310 2418 boni;
2338 2354 2431 2418 sed
2459 2353 2589 2410 illud
2615 2362 2700 2412 est
2721 2353 2938 2418 mirum,
2965 2352 3105 2423 quod
3135 2351 3292 2407 etiam
3325 2351 3448 2405 mali
3477 2364 3594 2421 pro-

2005 2455 2190 2518 pterea
2213 2456 2338 2502 sunt
2363 2446 2508 2511 mali,
2538 2455 2596 2501 ut
2619 2447 2729 2504 sint
2753 2445 2913 2502 beati.
2937 2445 3071 2502 Nam
3097 2444 3336 2515 quisquis
3357 2442 3590 2498 libidini-

2006 2536 2106 2593 bus
2133 2537 2378 2606 deditus,
2408 2536 2616 2596 luxuria
2652 2536 2960 2606 stuprisquc
2993 2536 3376 2604 corrumpitur,
3406 2534 3460 2588 in
3491 2533 3595 2589 hoc

2006 2630 2148 2686 malo
2174 2629 2553 2686 beatitudinem
2580 2629 2788 2700 quaerit,
2817 2636 2874 2683 et
2901 2642 2961 2684 se
2986 2627 3240 2682 miserum
3274 2619 3440 2696 putat.
3473 2639 3594 2680 cum

2007 2723 2076 2778 ad
2113 2738 2223 2778 sua:
2263 2722 2708 2794 concupiscentiae
2744 2722 3069 2791 voluptatem
3106 2720 3450 2789 laetitiamque
3487 2733 3595 2772 non

2009 2816 2283 2887 pervenit,
2311 2817 2524 2872 beatum
2565 2830 2694 2871 vero
2727 2829 2835 2872 non
2863 2813 3072 2870 dubitat
3094 2812 3298 2882 jactare
3324 2825 3445 2866 cum
3473 2823 3598 2878 pcr-

2009 2908 2174 2964 venit.
2206 2907 2274 2962 Et
2297 2908 2538 2978 quisquis
2561 2905 2798 2963 avaritiae
2823 2903 3028 2962 facilus
3050 2901 3369 2967 inardescit,
3402 2899 3468 2954 ad
3499 2898 3600 2954 hoc

2009 3009 2297 3072 congregat
2327 3014 2663 3072 quocumque
2701 2997 2864 3054 modo
2897 2997 3111 3053 divitias
3131 3036 3146 3061 ,
3177 3004 3234 3050 ut
3266 2995 3457 3049 beatus
3485 2991 3558 3047 sit
3584 3007 3598 3044 :

2011 3093 2345 3149 inimicorum
2372 3092 2687 3163 sanguinem
2713 3089 2936 3147 fundere
2961 3089 3284 3160 quicumque
3308 3084 3600 3150 desiderat,

2011 3186 2428 3250 dominationem
2471 3184 2712 3261 quisquis
2753 3182 3000 3246 alfectat,
3037 3179 3406 3244 crudelitatem
3449 3191 3600 3236 suam

2011 3276 2250 3349 quisquis
2271 3275 2468 3332 alienis
2486 3275 2726 3331 cladibus
2747 3273 2936 3343 pascit,
2960 3271 3012 3326 iu
3037 3269 3288 3325 omnibus
3311 3267 3602 3324 sceleribus

2011 3367 2398 3432 beatitudinem
2421 3366 2630 3436 quaerit.
2659 3364 2768 3425 ﬂos
2801 3364 2960 3434 igitur
2981 3373 3244 3429 errantes,
3274 3369 3329 3416 et
3353 3374 3476 3414 vera
3504 3358 3604 3414 mi-

2015 3461 2153 3516 seria
2198 3458 2386 3516 falsam
2431 3457 2815 3515 beatitudiuem
2861 3457 3230 3526 requirentes,
3277 3461 3497 3509 revocat
3534 3451 3603 3506 ad

2015 3553 2176 3617 viam,
2203 3553 2247 3607 si
2269 3552 2551 3616 audiatur,
2569 3565 2672 3604 vox
2695 3550 2803 3604 ista
2830 3548 3026 3611 divina,
3045 3545 3190 3602 Beati
3217 3543 3526 3599 inmaculati
3551 3551 3606 3597 tn

2009 3643 2130 3710 uia,
2159 3646 2245 3712 qui
2279 3641 2539 3700 ambulant
2577 3640 2632 3694 in
2672 3641 2781 3710 lege
2819 3637 3028 3692 Domini
3057 3653 3078 3690 :
3101 3645 3349 3706 tanquam
3385 3633 3604 3699 dicens,

2017 3735 2285 3800 Quoit‘is?
2309 3724 2529 3797 Peritis,
2561 3740 2618 3788 et
2643 3730 2882 3786 nescitis.
2907 3728 3026 3783 Non
3055 3727 3178 3782 illac
3206 3727 3311 3782 itur
3339 3739 3443 3795 qua
3481 3738 3609 3794 per-

2007 3826 2140 3897 gitis
2162 3865 2179 3891 ,
2220 3840 2329 3896 quo
2371 3822 2651 3895 pervenire
2685 3820 3006 3876 desideratis
3037 3836 3051 3872 :
3083 3833 3206 3872 nam
3247 3816 3430 3886 utique
3467 3814 3608 3869 beati

2019 3933 2140 3976 esse
2173 3918 2404 3987 cupitis;
2441 3914 2536 3970 sed
2566 3913 2760 3969 misera
2791 3913 2943 3977 sntit,
2972 3918 3028 3964 et
3053 3909 3119 3963 ad
3147 3908 3404 3978 majorem
3441 3905 3609 3959 mise-

2013 4012 2154 4074 riam
2190 4009 2394 4066 ducunt
2428 4007 2615 4061 itinera
2650 4004 2748 4059 ista
2783 4017 2887 4074 qua
2924 4000 3158 4056 curritis.
3193 3998 3324 4053 Tam
3359 4009 3612 4066 magnum

2023 4102 2222 4158 bonum
2242 4113 2489 4169 quaerere
2513 4111 2609 4168 per
2633 4095 2772 4151 male
2795 4093 2959 4150 nolite
2983 4109 2998 4148 :
3021 4091 3066 4146 si
3089 4091 3156 4145 ad
3177 4088 3307 4144 illud
3332 4086 3612 4158 pervenire

2022 4193 2214 4260 vultis,
2244 4191 2350 4246 huc
2373 4191 2549 4246 venite
2569 4229 2585 4256 ,
2616 4187 2717 4243 hac
2752 4187 2846 4242 ite.
2883 4185 2996 4240 Via:
3036 4197 3302 4254 perversae
3327 4179 3613 4249 relinquite

2019 4287 2428 4357 malignitatem,
2448 4285 2536 4352 qui
2562 4296 2668 4337 non
2695 4278 2918 4351 potestis
2941 4277 3243 4348 relinquere
3263 4269 3612 4330 beatitudinis

2029 4374 2625 4434 voluntatem.uFrustra
2651 4369 2922 4429 tendendo
2949 4367 3263 4440 fatigamini,
3289 4381 3397 4437 quo
3425 4375 3614 4434 perve-

2024 4468 2221 4526 niendo
2249 4465 2620 4539 inquiuamini.
2645 4463 2761 4520 Non
2787 4470 2968 4517 autem
2994 4459 3134 4514 beati
3159 4456 3417 4529 inquinati
3446 4456 3501 4509 in
3526 4468 3615 4508 er-

2026 4578 2169 4628 rore,
2200 4561 2291 4632 qui
2319 4557 2593 4614 ambulant
2620 4557 2672 4611 in
2705 4552 3054 4626 perversitate
3081 4549 3293 4614 saeculi;
3324 4547 3441 4614 sed,
3468 4544 3615 4600 Beati

2026 4654 2338 4711 immaculati
2362 4654 2415 4707 in
2437 4653 2538 4716 uia,
2563 4651 2652 4718 qui
2676 4648 2936 4703 ambulant
2961 4647 3016 4700 in
3045 4646 3151 4715 lege
3177 4642 3404 4698 Domini.

2099 4745 2154 4800 ἓ.
2183 4745 2327 4818 [rem
2355 4743 2410 4809 ἓ,
2435 4742 2511 4815 5.]
2535 4741 2672 4810 Quid
2699 4755 2858 4809 porro
2877 4737 3130 4808 adjungat
3151 4733 3406 4790 attendite
3431 4749 3444 4786 :
3469 4730 3616 4785 Beati

2025 4839 2112 4908 qui
2138 4846 2428 4893 scrutantur
2460 4832 2746 4889 testimonia
2771 4833 2881 4902 ejus
2900 4871 2914 4896 ,
2943 4831 2997 4883 in
3029 4839 3132 4882 toto
3163 4827 3314 4881 corde
3348 4823 3618 4892 exquimnt

2019 4949 2159 4988 eum.
2193 4931 2308 4986 Non
2337 4929 2466 4984 mihi
2496 4927 2706 4982 videtur
2733 4924 2876 4980 aliud
2908 4925 2990 4978 his
3018 4922 3194 4978 verbis
3221 4929 3614 4974 commemora-

2019 5037 2140 5082 tum
2181 5025 2454 5080 beatorum
2491 5034 2692 5092 genus,
2731 5033 2894 5089 quam
2930 5015 3057 5072 illud
3087 5011 3227 5084 quod
3266 5018 3388 5064 ante
3413 5006 3615 5062 dictum

2025 5127 2130 5175 cst.
2159 5115 2290 5172 Nam
2313 5113 2543 5171 scrutari
2576 5109 2878 5168 testimonia
2909 5105 3152 5170 Domini,
3183 5110 3238 5157 et
3268 5113 3389 5155 eum
3421 5099 3473 5152 in
3506 5105 3615 5150 toto
3711 5098 3719 5103 '

2027 5208 2190 5265 corde
2211 5205 2512 5276 exquirere,
2543 5203 2645 5259 hoc
2667 5209 2751 5256 est
2774 5198 3169 5254 immaculatum
3199 5193 3252 5245 in
3277 5189 3382 5255 via,
3415 5189 3467 5242 in
3500 5187 3619 5256 lege

2030 5299 2240 5357 Domini
2261 5296 2556 5354 ambulare.
2582 5293 2818 5362 Denique
2836 5289 3074 5359 sequitur
3091 5293 3146 5340 et
3162 5283 3290 5338 dicit
3309 5297 3323 5332 :
3344 5278 3464 5333 Non
3486 5277 3620 5332 enim

2027 5396 2115 5466 qui
2137 5399 2411 5463 operantur
2435 5388 2769 5459 iniquitatem,
2797 5383 2852 5436 in
2881 5382 2972 5436 riis
2998 5379 3107 5450 ejus
3130 5375 3531 5429 ambulauerunt.
3560 5365 3619 5424 Si

2027 5461 2524 5558 ergo-ambulantes
2563 5481 2615 5535 in
2655 5477 2738 5532 via
2759 5517 2774 5541 ,
2805 5474 2856 5530 id
2883 5481 2964 5528 est
3003 5471 3058 5526 in
3088 5471 3208 5539 lege
3246 5464 3486 5558 Domini,
3517 5461 3621 5534 ipsi

2029 5557 2154 5636 sunt
2178 5583 2475 5634 scrutantes
2502 5569 2802 5632 testimonia
2829 5566 2944 5636 ejus
2965 5606 2979 5630 ,
3009 5573 3065 5619 et
3103 5563 3154 5618 in
3192 5570 3304 5616 toto
3333 5557 3495 5614 corde
3521 5571 3620 5616 cx-

2023 5671 2302 5741 quirentes
2329 5682 2449 5723 eum
2474 5682 2490 5732 ;
2531 5661 2769 5734 profecto
2800 5658 2891 5729 qui
2919 5663 3210 5729 operantur
3245 5652 3577 5723 iniquitatem
3601 5689 3617 5714 ,

2029 5783 2138 5826 non
2184 5768 2486 5821 scrutantur
2530 5751 2827 5814 testimonia
2865 5749 2999 5822 ejus.
3041 5748 3108 5806 Et
3152 5757 3330 5803 tamen
3373 5744 3619 5802 novimus
