4090 6510
491 359 665 433 ιῠυδί

478 473 755 541 operarius
799 472 1088 540 iniquitatis
1126 470 1192 527 ad
1234 470 1336 527 hoc
1366 468 1589 525 scrutari
1628 470 1929 525 testimonia
1958 468 2063 521 Do-

480 562 644 624 mini,
675 564 797 632 quia
830 564 1028 617 malunt
1054 562 1194 617 docti
1220 575 1340 617 esse
1364 575 1522 630 quam
1547 559 1676 630 juSti
1704 575 1718 613 :
1746 559 1989 613 novimus
2014 565 2071 610 et

480 651 616 705 alios
643 652 708 704 ad
751 651 853 707 hoc
881 653 1106 706 scrutari
1148 651 1451 706 testimonia
1492 649 1698 705 Domini
1721 650 1761 716 ί,
1791 663 1898 702 non
1927 647 2068 716 quod

480 742 591 812 jam
623 752 765 796 recte
792 744 988 807 vivant,
1014 743 1108 798 sed
1134 751 1191 797 ut
1216 742 1385 797 sciant
1412 741 1858 812 quemadmodum
1889 740 2071 795 vivere

484 835 737 891 debeant.
762 834 918 890 Tales
946 851 1075 905 ergo
1100 836 1335 890 nondum
1368 834 1689 890 immaculati
1719 834 1990 887 ambulant
2016 831 2068 884 in

486 929 604 1000 lege
628 929 855 991 Domini,
879 943 941 983 ac
968 943 1060 998 per
1082 928 1184 983 hoc
1210 928 1442 983 nondum
1467 927 1626 982 beati.
1650 924 1926 993 Quomodo
1945 938 2072 993 ergo

489 1020 886 1090 intelligendum
909 1029 1010 1084 est,
1032 1019 1179 1074 Beati
1203 1020 1289 1090 qui
1312 1027 1601 1073 scrutantur
1626 1020 1906 1072 testimonia
1929 1018 2075 1086 ejus;

488 1126 607 1165 cum
641 1111 912 1165 videamus
949 1110 1193 1165 homines
1229 1110 1344 1179 ejus
1377 1109 1601 1164 scrutari
1632 1110 1929 1167 testimonia
1968 1123 2073 1161 non

490 1200 675 1254 beatos
693 1240 711 1267 ,
739 1202 859 1270 quia
892 1192 997 1254 nun
1025 1199 1432 1254 immaculatos?
1457 1198 1587 1252 Nam
1614 1198 1815 1252 Seribte
1843 1206 1897 1251 et
1934 1196 2075 1251 Pha-

491 1290 632 1345 risaei
661 1305 822 1359 super
848 1289 1152 1343 cathedram
1180 1288 1342 1359 Moysi
1369 1287 1637 1353 sedentes,
1663 1287 1731 1341 de
1758 1288 1946 1357 quibus
1974 1287 2079 1340 Do-

498 1380 675 1435 minus
700 1382 793 1446 ait,
826 1380 952 1446 Qui:
976 1380 1168 1443 dicunt,
1200 1380 1385 1449 facile;
1409 1394 1524 1447 qua:
1546 1388 1716 1430 autem
1747 1378 1958 1445 faciunt,
1992 1378 2077 1447 fa-

496 1486 607 1523 cere
627 1470 781 1523 nolite
801 1486 819 1522 .'
840 1470 1013 1523 dicunt
1042 1469 1195 1533 enim,
1229 1478 1274 1521 et
1302 1484 1402 1521 non
1443 1468 1636 1538 faciunt
1675 1466 1887 1536 (Matth.
1922 1481 2075 1531 χχιιι,

499 1559 590 1632 '5);
620 1562 801 1631 utique
827 1562 1203 1615 scrutabantur
1230 1554 1533 1614 teStimonia
1560 1559 1789 1623 Domini,
1824 1567 1880 1611 ut
1910 1558 2077 1613 habe-

496 1658 620 1705 rent
646 1667 764 1721 quae
790 1650 1028 1705 dicerent
1058 1650 1216 1717 bona,
1245 1637 1488 1720 quamvis
1518 1649 1756 1705 facerent
1786 1649 1943 1703 mala.
1973 1649 2081 1705 Sed

501 1739 601 1795 hos
644 1742 951 1796 omittamus
985 1759 997 1795 :
1039 1752 1185 1797 recte
1227 1742 1424 1811 quippe
1467 1741 1876 1811 reSpondebitur
1927 1742 2083 1797 nobis

499 1831 642 1901 quod
686 1832 773 1886 isti
817 1847 922 1886 non
975 1841 1281 1886 scrutantur
1327 1831 1629 1886 testimonia
1692 1830 1917 1887 Domini.
1964 1831 2097 1886 Nun-

500 1924 645 1977 enim
669 1932 915 1994 qnuerunt
944 1924 1076 1993 ipsa,
1124 1923 1218 1979 sed
1260 1920 1401 1978 aliud
1431 1932 1676 1995 quaerunt
1722 1939 1817 1993 per
1854 1924 1987 1994 ipsa,
2029 1923 2083 1979 id

504 2023 608 2079 est,
640 2024 694 2068 ut
722 2015 1085 2085 glorificentur
1111 2015 1180 2070 ab
1207 2014 1531 2082 hominibus,
1562 2014 1647 2071 vel
1674 2014 1928 2070 ditentur.
1960 2014 2077 2069 Non

507 2106 716 2160 esthoc
757 2106 977 2161 scrutari
1022 2107 1321 2161 testimonia
1371 2107 1484 2173 Dei,
1532 2122 1637 2161 non
1675 2106 1900 2178 diligere
1940 2106 2102 2179 quod

505 2196 812 2263 ostendunt,
862 2197 1005 2252 nolle
1057 2197 1335 2266 pervenire
1376 2212 1485 2269 quo
1530 2198 1750 2263 ducunt,
1798 2198 1850 2253 id
1894 2209 1977 2254 est
2020 2200 2087 2255 ad

507 2286 694 2341 Deum.
718 2289 825 2342 Aut
843 2289 887 2343 si
911 2299 966 2343 et
986 2288 1084 2358 ipsi
1110 2297 1415 2343 scrutantur
1441 2289 1742 2345 testimonia
1772 2290 1885 2356 Dei,
1910 2306 2087 2361 quam-

506 2379 587 2433 vis
616 2395 720 2433 non
765 2391 823 2434 ut
851 2382 1043 2451 ipsum,
1078 2381 1170 2437 sed
1213 2390 1271 2436 ut
1310 2381 1452 2436 aliud
1497 2398 1565 2437 ex
1611 2383 1694 2437 his
1723 2383 1993 2439 inveniant
2034 2392 2091 2439 et

507 2474 817 2543 acquirant;
867 2487 1013 2531 certe
1056 2490 1161 2530 non
1206 2477 1260 2530 in
1306 2482 1407 2531 toto
1449 2478 1599 2531 corde
1641 2479 1908 2548 exquirunt
1955 2495 2086 2544 eum,

506 2564 648 2633 quod
671 2582 775 2620 non
798 2567 979 2637 utique
1006 2567 1199 2629 frustra
1227 2569 1310 2623 hic
1331 2569 1566 2624 additum
1594 2571 1882 2626 cernimus.
1903 2569 2090 2625 Sciens

513 2642 914 2727 enitn’Spiritus
956 2659 1045 2732 qui
1096 2658 1211 2713 haec
1253 2652 1409 2725 dicit,
1449 2660 1648 2715 multos
1677 2664 1894 2730 prbpter
1923 2659 2087 2725 aliud,

512 2762 619 2801 non
648 2759 867 2818 propter
905 2748 1045 2818 quod
1075 2750 1419 2804 constitutum
1468 2759 1569 2815 est,
1598 2753 1822 2807 scrutari
1855 2752 2095 2811 testimo-

512 2840 600 2893 nia
630 2841 763 2910 ejus,
805 2856 910 2896 non
943 2842 1142 2896 tantum
1172 2842 1324 2909 dixit,
1356 2843 1500 2898 Beati
1528 2845 1611 2914 qui
1639 2855 1927 2899 scrutantur
1951 2845 2093 2899 testi-

512 2933 684 2987 monia
712 2934 851 3004 ejus;
891 2934 985 2989 sed
1022 2933 1245 3001 addidit,
1279 2936 1333 2989 in
1362 2944 1463 2990 toto
1492 2936 1643 2990 corde
1666 2938 1930 3007 exquirunt
1955 2953 2087 3002 eum,

514 3032 763 3093 tauquam
808 3025 1007 3081 docens
1044 3026 1520 3095 quemadmodum,
1569 3028 1653 3083 vel
1702 3038 1919 3101 propter
1966 3028 2092 3097 quid

514 3116 801 3169 scrutanda
830 3116 937 3170 sint
980 3117 1279 3171 testimonia
1332 3118 1558 3173 Domini.
1605 3120 1845 3190 Denique
1874 3120 1926 3174 iu
1959 3120 2094 3176 libro

512 3202 797 3274 Sapientia:
826 3206 1050 3276 loquens
1092 3207 1215 3278 ipsa
1247 3206 1557 3278 Sapientia:
1591 3210 1858 3277 Quanam,
1904 3210 2090 3280 inquit,

515 3312 596 3349 me
620 3297 761 3360 ntali,
794 3307 842 3351 et
884 3314 984 3351 non
1025 3299 1319 3365 inveniunt;
1361 3300 1574 3353 oderunt
1619 3301 1753 3354 enim
1797 3301 2095 3369 sapientium

519 3384 700 3455 (Prov.
727 3403 777 3453 ι,
799 3384 871 3443 28
893 3398 939 3441 et
958 3388 1076 3459 29).
1102 3389 1255 3456 Quod
1281 3389 1409 3460 quid
1439 3400 1522 3446 est
1546 3391 1707 3456 aliud,
1737 3407 1917 3462 quam,
1945 3391 2088 3448 Ode-

516 3486 641 3533 runt
662 3482 781 3535 me?
800 3480 1057 3548 Quaerunt
1081 3497 1210 3552 ergo
1238 3497 1345 3549 me,
1373 3482 1469 3547 ait,
1502 3491 1556 3538 et
1580 3498 1684 3538 non
1710 3499 1795 3540 me
1821 3485 2098 3539 inveniunt

515 3568 608 3638 qui
654 3568 879 3623 oderunt
918 3586 1023 3625 me.
1069 3570 1347 3639 Quomodo
1390 3571 1834 3642 igiturtdicuntnr
1856 3589 2098 3645 qumrere

518 3658 663 3728 quod
688 3659 934 3724 oderunt,
966 3660 1067 3715 nisi
1097 3662 1219 3731 quia
1248 3660 1353 3717 non
1385 3662 1506 3725 hoc,
1538 3663 1631 3717 sed
1671 3664 1813 3719 aliud
1853 3664 1925 3718 ibi
1952 3680 2098 3734 qua:-

520 3749 680 3803 rnnt?
700 3748 813 3803 Non
840 3752 981 3804 enim
1012 3752 1195 3806 volunt
1221 3766 1340 3807 esse
1359 3752 1626 3823 sapientes
1652 3754 1704 3808 in
1734 3754 1825 3809 Dei
1852 3754 2095 3826 gloriam,

523 3838 627 3896 sed.
647 3839 831 3895 volunt
848 3840 1013 3895 videri
1033 3842 1299 3911 sapientes
1319 3842 1535 3913 propter
1557 3845 1826 3900 hominum
1850 3846 2096 3917 gloriam.

530 3928 803 3995 Quomodo
826 3932 1306 4003 e'nim'sapientiam
1335 3950 1439 3989 non
1464 3922 1710 4004 oderunt,
1735 3952 1854 4007 quae
1873 3937 2025 4008 jubet
2044 3947 2100 3996 et

520 4019 679 4076 docet
724 4025 1170 4079 contemnendum
1213 4040 1334 4082 esse
1374 4027 1515 4096 quod
1544 4028 1802 4097 diligunt?
1845 4029 2095 4099 Proinde,

530 4131 549 4165 ι
574 4113 720 4169 Beati
751 4116 1075 4171 immaculati
1106 4117 1157 4172 in
1186 4118 1289 4185 via,
1322 4120 1411 4190 qui
1441 4120 1716 4175 ambulant
1747 4121 1800 4176 in
1850 4122 1965 4192 lege
1992 4123 2099 4178 Do-

522 4205 671 4259 mini.
719 4206 863 4260 Beati
906 4208 995 4277 qui
1041 4216 1348 4263 scrutantur
1392 4212 1694 4266 testimonia
1742 4212 1876 4282 ejus,
1905 4214 1958 4267 in
1989 4222 2101 4268 toto

523 4295 685 4350 corde
708 4298 995 4367 exquirunt
1022 4314 1165 4353 eum.
1202 4318 1220 4351 ι
1251 4300 1340 4354 Sic
1368 4302 1510 4355 enim
1536 4303 1823 4358 scrutando
1858 4305 2100 4357 testimo-

523 4387 609 4442 nia
634 4388 770 4457 ejus,
804 4389 938 4443 nt'in
970 4397 1079 4445 toto
1103 4389 1267 4445 corde
1295 4392 1576 4461 exquirant
1601 4408 1741 4457 eum,
1774 4395 2098 4450 immaculati

524 4479 797 4534 ambulant
824 4480 878 4535 in
906 4480 1020 4551 lege
1048 4482 1279 4538 Domini.
1310 4482 1590 4554 Numquid
1638 4493 1813 4539 tamen
1858 4486 1947 4541 ille
1994 4501 2100 4540 non

525 4573 862 4628 scrutabatur
889 4576 1191 4630 testimonia
1216 4576 1352 4646 ejus,
1402 4592 1501 4630 nec
1525 4576 1798 4646 quaerebat
1822 4592 1980 4642 eum,
2010 4578 2101 4647 qui

524 4664 754 4731 dicebat,
798 4664 1044 4737 Magister
1089 4667 1234 4733 bene,
1276 4668 1399 4736 quid
1439 4669 1559 4723 boni
1601 4669 1807 4739 faciam,
1860 4680 1912 4723 ut
1953 4673 2103 4725 vitam

525 4765 764 4810 aeternam
807 4759 1122 4822 consequar?
1144 4757 1249 4813 Sed
1275 4759 1541 4828 quomodo
1567 4773 1687 4813 eum
1717 4759 1768 4813 in
1801 4767 1913 4814 toto
1940 4761 2103 4818 corde

422 4852 429 4857 ‘
525 4847 787 4917 qtltesivit,
815 4847 966 4916 cujus
991 4848 1215 4903 consilio
1239 4847 1451 4903 divitias
1475 4863 1600 4904 suas
1615 4849 1867 4918 praetulit,
1888 4866 1995 4921 quo
2010 4866 2105 4907 au-

525 4939 639 4993 dito
666 4939 834 4993 tristis
858 4938 1115 4994 abscessit
1144 4938 1355 5009 (Matth.
1382 4939 1560 5006 tx,16,
1585 4938 1720 5011 22)?
1746 4939 1876 4995 Nam
1898 4949 1953 4996 et
1978 4956 2103 5011 pru-

526 5030 682 5100 pheta
710 5030 869 5085 Isaias
895 5030 1042 5097 dicit,
1070 5030 1291 5097 Quaerite
1324 5029 1635 5099 Dominum;
1663 5043 1710 5087 et
1763 5049 1880 5087 cum
1907 5034 2106 5089 invene-

524 5122 635 5177 ritis
664 5139 796 5187 eum,
834 5122 1147 5191 derelinquat
1175 5121 1360 5193 impius
1388 5124 1494 5177 uias
1520 5140 1658 5192 suas,
1700 5134 1746 5181 et
1790 5126 1865 5180 uir
1905 5126 2104 5197 iniquus

525 5214 849 5283 cogitationes
876 5230 995 5268 suas
1023 5213 1175 5285 (Isai.
1204 5230 1287 5277 ιν.
1310 5214 1344 5271 6
1371 5224 1418 5270 et
1440 5215 1518 5288 7).

599 5304 654 5360 3.
694 5305 949 5373 Quaerunt
971 5305 1148 5375 itaque
1179 5305 1343 5360 Deum
1373 5315 1429 5361 et
1470 5307 1618 5378 impii
1659 5316 1712 5363 et
1741 5307 1927 5379 iniqui,
1959 5316 2016 5363 ut
2038 5324 2105 5365 eo

528 5395 745 5452 invento
772 5410 877 5452 non
918 5397 1027 5452 sint
1068 5396 1234 5467 impii,
1281 5413 1383 5454 nec
1430 5397 1614 5469 iniqui.
1659 5399 1938 5467 Quomodo
1975 5415 2104 5471 ergo

523 5488 633 5559 jam
676 5488 836 5553 beati,
865 5504 987 5544 cum
1031 5489 1205 5546 adhuc
1247 5490 1549 5547 teatim'onia
1579 5494 1695 5562 ejus
1722 5501 2025 5548 scrutantur
2049 5502 2104 5549 et

589 5623 605 5654 ι
640 5621 763 5684 Apud
785 5630 893 5690 Lov.
919 5628 1094 5690 omissa
1117 5632 1229 5690 sunt
1258 5626 1550 5690 haecuvorha
1567 5642 1589 5690 γε
1627 5626 1738 5690 quia
1761 5602 1943 5677 malunt
1979 5628 2105 5679 docti

662 5696 819 5761 33qu
994 5701 1012 5736 :
1030 5687 1243 5761 novimus
1260 5693 1305 5736 et
1327 5686 1445 5761 alios
1462 5691 1531 5761 ait
1555 5685 1648 5740 hoc'
1665 5689 1881 5761 ξυντααᾶ
1897 5690 2105 5761 {eam

523 5749 612 5857 gas
874 5762 887 5799 :
922 5762 1033 5813 qua:
1054 5749 1253 5813 quidem
1285 5756 1471 5801 exstant
1515 5753 1563 5802 in
1597 5753 1789 5802 caeteris
1821 5751 1933 5801 Edd.
1968 5759 2018 5803 et
2054 5752 2102 5823 in

1696 351 1753 406 S.
1795 344 2155 407 AUGUSTINI
2198 348 2499 405 EPISCOPI

3618 349 3758 404 1503

2174 466 2458 536 exquirunt
2480 478 2625 529 eum,
2657 477 2776 517 cum
2808 461 2909 517 hoc
2935 461 3110 517 facere
3133 463 3340 535 possint
3365 471 3419 518 et
3437 463 3607 534 impii,
3636 480 3759 534 pos-

2176 558 2284 609 sint
2307 564 2361 609 et
2387 554 2587 624 iniqui?
2614 554 2805 609 Beatos
2842 562 3019 609 autem
3060 569 3181 609 esse
3218 554 3411 625 impios
3438 562 3492 610 et
3520 554 3758 625 iniquos,

2176 646 2295 715 quis
2318 645 2408 699 vel
2435 645 2627 713 impius
2653 643 2847 700 dixerit
2878 652 2968 699 aut
3003 644 3249 714 iniquus?
3272 643 3415 716 Ergo
3455 661 3551 715 spe
3595 646 3759 712 beati,

2177 737 2313 790 sicut
2336 736 2467 789 beati
2500 736 2589 806 qui
2626 735 3014 805 persecutionem
3051 738 3311 806 patiuntur
3354 746 3560 807 propter
3592 740 3754 809 justi-

2178 830 2343 882 tiam:
2369 843 2473 881 non
2505 836 2720 897 propter
2737 826 2877 896 quod
2910 827 3081 893 adest,
3114 827 3365 898 quamdiu
3392 830 3527 882 mala
3556 831 3767 899 patiun-

2180 928 2294 983 tur;
2318 918 2413 973 sed
2439 928 2656 987 propter
2679 917 2819 988 quod
2848 917 3038 983 aderit,
3067 919 3308 988 quoniam
3333 920 3557 988 ipsorum
3577 928 3652 973 est
3678 936 3765 974 rc-

2180 1025 2334 1080 gnum
2350 1008 2587 1063 caelorum
2605 1025 2624 1064 :
2639 1016 2694 1064 et
2713 1009 2843 1064 beati
2875 1010 2960 1080 qui
2973 1011 3200 1063 esuriant
3224 1019 3271 1064 et
3294 1011 3469 1065 sitiunt
3482 1013 3768 1083 justitiam;

2180 1115 2287 1155 non
2315 1102 2434 1172 quia
2459 1103 2700 1157 esuriunt
2725 1112 2779 1157 et
2805 1102 3011 1169 sitiunt,
3038 1103 3132 1159 sed
3156 1113 3371 1173 propter
3406 1104 3547 1174 quod
3589 1105 3769 1174 sequi-

2185 1204 2288 1258 tur,
2320 1196 2555 1266 quoniam
2583 1195 2681 1265 ipsi
2708 1197 3104 1251 saturabitntur:
3133 1205 3188 1251 et
3217 1196 3347 1250 beati
3386 1197 3476 1267 qui
3529 1199 3770 1268 plorant;

2185 1299 2290 1338 non
2320 1285 2443 1354 quia
2475 1285 2706 1353 plorant,
2734 1285 2826 1341 sed
2850 1298 3069 1357 propter
3096 1286 3237 1357 quod
3259 1286 3517 1357 sequitur,
3545 1289 3669 1359 quia
3689 1290 3767 1341 ri-

2154 1375 2369 1429 rdebunt
2402 1376 2616 1443 (Matth.
2640 1393 2697 1445 v,
2722 1379 2809 1445 10,
2835 1380 2889 1443 6,
2916 1380 2995 1449 5).
3025 1379 3275 1445 Proinde,
3308 1379 3452 1434 Beati
3492 1382 3577 1450 qui
3622 1396 3773 1435 scru-

2188 1477 2358 1521 tantur
2383 1470 2665 1523 testimonia
2683 1464 2811 1540 ejus;
2834 1472 2887 1525 in
2912 1480 3015 1525 toto
3035 1472 3185 1526 corde
3207 1472 3474 1543 exquirunt
3496 1487 3611 1526 eum
3628 1488 3647 1531 .'
3664 1488 3775 1527 non

2188 1559 2308 1628 quia
2340 1567 2642 1614 scrutantur
2663 1569 2719 1615 et
2757 1562 3060 1631 exquirunt,
3088 1562 3183 1617 sed
3209 1562 3331 1631 quia
3357 1554 3620 1617 inventuri
3650 1575 3776 1616 sunt

2188 1646 2328 1716 quod
2356 1648 2672 1718 exquirunt:
2701 1650 2753 1703 in
2781 1658 2892 1705 toto
2922 1650 3064 1704 enim
3092 1652 3271 1715 corde,
3300 1666 3405 1705 non
3434 1652 3777 1722 negligenter

2191 1738 2496 1809 exquirunt.
2525 1740 2581 1795 Si
2603 1754 2730 1811 ergo
2754 1756 2851 1811 spe
2877 1740 3039 1806 beati,
3070 1739 3311 1796 fortassis
3345 1743 3504 1795 etiam
3544 1757 3641 1812 spe
3669 1741 3777 1795 im—

2190 1832 2458 1886 maculati.
2488 1830 2621 1886 Nam
2650 1831 2888 1901 profecto
2918 1832 2969 1885 in
3001 1831 3099 1887 hac
3126 1834 3257 1900 vita,
3284 1833 3407 1889 licet
3435 1834 3487 1887 in
3516 1833 3634 1903 lege
3670 1834 3781 1888 Do-

2193 1919 2323 1974 mini
2346 1921 2703 1988 ambulemus,
2732 1921 2858 1977 licet
2882 1930 3186 1977 scrutemur
3220 1923 3518 1978 testimonia
3551 1924 3691 1993 ejus,
3723 1934 3783 1979 et

2194 2011 2247 2064 in
2279 2020 2386 2065 toto
2408 2010 2571 2066 corde
2598 2012 2939 2081 exquiramus
2971 2027 3116 2078 eum,
3144 2014 3191 2067 si
3212 2013 3490 2067 dixerimus
3514 2016 3632 2082 quia
3660 2029 3783 2085 pec-

2184 2108 2361 2155 catum
2386 2088 2487 2156 non
2526 2102 2783 2168 habemus,
2814 2120 2907 2157 nos
2931 2104 3068 2174 ipsos
3093 2104 3398 2169 seducimus,
3430 2114 3479 2158 et
3515 2105 3699 2159 veritas
3724 2104 3782 2159 in

2193 2194 2337 2249 nobis
2365 2211 2465 2248 non
2487 2204 2562 2249 est
2588 2194 2633 2265 (l
2662 2194 2818 2249 Joan.
2853 2212 2891 2262 ι,
2914 2196 2994 2266 8).
3017 2196 3121 2253 Sed
3152 2196 3253 2253 hoc
3276 2197 3579 2268 diligentius
3607 2198 3784 2267 inqui-

2194 2285 2417 2341 rendum
2446 2296 2551 2342 est.
2573 2287 2825 2359 Sequitur
2844 2290 3061 2361 quippe,
3098 2288 3217 2344 Non
3242 2291 3372 2345 enim
3393 2291 3479 2361 qui
3505 2302 3783 2362 operantur

2194 2377 2528 2448 iniquitatem,
2559 2378 2611 2432 in
2639 2380 2731 2434 uiis
2768 2381 2878 2451 ejus
2902 2380 3300 2435 ambulaverunt.
3337 2381 3413 2436 Ex
3457 2399 3563 2451 quo
3606 2383 3780 2437 videri

2197 2480 2390 2540 potest,
2423 2471 2511 2542 qui
2537 2472 2811 2527 ambulant
2837 2473 2888 2527 in
2915 2474 2999 2527 via
3030 2474 3257 2538 Domini,
3284 2474 3333 2529 id
3360 2484 3443 2529 est
3468 2475 3521 2528 in
3543 2476 3659 2545 lege
3679 2475 3784 2529 Do-

2186 2562 2348 2627 mini,
2381 2562 2669 2617 scrutando
2693 2563 2991 2619 testimonia
3018 2564 3154 2634 ejus,
3180 2565 3313 2619 etin
3340 2574 3453 2620 toto
3493 2564 3655 2619 corde
3683 2580 3784 2623 ex-

2198 2654 2454 2723 quireudo
2478 2670 2622 2721 eum,
2647 2653 2755 2723 jam
2787 2668 2907 2709 esse
2952 2669 3110 2724 posse
3158 2654 3543 2720 immaculatos,
3573 2656 3675 2710 hoc
3699 2664 3787 2714 est

2199 2744 2314 2798 siue
2345 2754 2582 2813 peccato,
2614 2755 2829 2814 propter
2853 2744 3011 2799 verba
3041 2746 3348 2815 sequentia:
3372 2745 3492 2799 Non
3538 2748 3668 2800 enim
3694 2748 3784 2816 qui

2198 2846 2469 2906 operantur
2505 2838 2834 2907 iniquitatem,
2866 2838 2921 2891 in
2958 2838 3049 2891 viis
3091 2840 3200 2909 ejus
3240 2838 3639 2894 ambulauerunt.
3681 2840 3786 2905 Qui

2196 2938 2371 2983 autem
2405 2940 2661 2998 peccatum
2686 2932 2828 3001 facit,
2872 2939 2919 2985 et
2946 2932 3257 2999 iniquitatem
3294 2933 3437 3001 facit,
3480 2933 3553 2988 ait
3595 2933 3785 2987 beatus

2198 3016 2464 3084 Joannes;
2489 3028 2541 3073 et
2564 3020 2787 3086 addidit,
2818 3019 3088 3074 Peccatum
3116 3021 3354 3089 iniquitas
3375 3032 3446 3075 est
3474 3021 3583 3091 (Id.
3603 3036 3681 3085 tu,
3702 3021 3783 3091 4).

2201 3108 2305 3163 Sed
2328 3108 2437 3178 jam
2464 3124 2642 3164 sermo
2672 3110 2770 3165 iste
2790 3109 3116 3165 claudendus
3142 3119 3241 3177 est,
3278 3103 3378 3167 nec
3405 3111 3458 3166 in
3498 3120 3782 3183 angustum

2204 3208 2348 3253 tanta
2377 3203 2601 3270 quazstio
2625 3199 2968 3255 coarctanda.

2853 3326 3026 3366 SERIIO
3061 3327 3121 3366 ιι.

2274 3445 2324 3498 1.
2361 3442 2383 3516 [
2402 3460 2528 3498 vers.
2548 3444 2641 3518 5.]
2679 3443 2943 3515 Scriptum
2961 3454 3063 3511 est,
3090 3454 3145 3502 et
3171 3446 3380 3518 legitur,
3400 3455 3453 3502 et
3476 3463 3659 3504 verum
3676 3456 3784 3513 est,

2200 3532 2254 3587 in
2284 3535 2385 3588 hoc
2406 3535 2633 3603 psalmo,
2662 3534 2784 3589 Non
2811 3537 2943 3590 enim
2966 3538 3051 3608 qui
3070 3546 3343 3607 operantur
3366 3537 3703 3608 iniquitatem,
3730 3539 3786 3593 in

2200 3627 2292 3680 uiis
2330 3628 2439 3695 ejus
2477 3627 2878 3683 ambulauerunt.
2925 3627 3030 3683 Sed
3074 3627 3450 3685 elaborandum
3475 3636 3575 3692 est,
3606 3630 3787 3699 Opim—

2203 3714 2347 3770 lante
2374 3716 2504 3783 Deo,
2537 3717 2588 3771 in
2615 3718 2767 3787 cujus
2792 3733 2953 3773 manu
2977 3728 3101 3773 sunt
3120 3728 3175 3774 et
3194 3735 3291 3775 nos
3310 3730 3367 3776 et
3388 3735 3664 3776 sermones
3690 3738 3789 3776 no-

2201 3806 2298 3859 stri
2321 3805 2476 3876 (Sap.
2506 3822 2595 3871 vn,
2629 3805 2743 3880 l6),
2774 3823 2844 3861 ne
2870 3802 3015 3864 recte
3052 3808 3275 3876 dictum,
3305 3825 3411 3864 non
3454 3821 3600 3865 recte
3623 3812 3786 3867 intel-

2202 3895 2418 3963 lectum,
2452 3897 2703 3952 lectorem
2732 3898 3094 3955 auditoremve
3118 3901 3451 3971 perturbet‘.
3472 3901 3781 3985 Cavendmu

2202 3995 2285 4042 est
2313 3988 2475 4053 enim,
2524 4004 2590 4042 ne
2623 4004 2811 4045 omnes
2850 3991 3016 4046 sancti
3037 4032 3052 4054 ,
3094 4006 3318 4060 quorum
3347 3991 3434 4046 illa
3460 4008 3560 4046 vox
3590 4001 3691 4057 est,
3724 3993 3786 4048 Si

2203 4079 2476 4135 dixerimus
2500 4082 2620 4153 quia
2648 4092 2906 4152 peccatum
2933 4099 3032 4137 non
3060 4084 3319 4149 habemus,
3346 4100 3438 4138 nos
3465 4085 3603 4152 ipsos
3637 4087 3790 4139 sedu-

2202 4171 2382 4235 cimus,
2412 4181 2461 4226 et
2498 4174 2679 4227 veritas
2719 4174 2771 4226 in
2801 4173 2942 4228 nobis
2982 4191 3083 4229 non
3111 4185 3219 4240 est;
3256 4183 3350 4230 aut
3392 4191 3495 4230 non
3532 4185 3789 4246 putentur

2204 4261 2474 4317 ambulare
2504 4262 2558 4316 in
2587 4264 2684 4317 viis
2712 4263 2942 4330 Domini,
2983 4266 3232 4333 quoniam
3264 4277 3517 4335 peccatum
3550 4267 3790 4336 iniquitas

2204 4362 2276 4406 est
2306 4352 2348 4425 (l
2376 4351 2532 4408 Joan.
2556 4370 2632 4420 ιιι,
2664 4356 2739 4425 4),
2764 4364 2819 4411 et
2843 4356 2932 4426 qui
2958 4366 3247 4427 operantur
3288 4359 3643 4429 iniquitatem,
3678 4375 3787 4414 non

2207 4446 2389 4515 utique
2417 4447 2467 4500 in
2496 4447 2597 4502 viis
2623 4447 2740 4516 ejus
2779 4448 3217 4515 ambulaverunt;
3259 4460 3351 4505 aut
3396 4452 3516 4522 quia
3564 4451 3790 4508 dubium

2206 4552 2312 4591 non
2342 4548 2423 4592 cst
2448 4554 2541 4593 eos
2566 4538 2839 4594 ambulare
2868 4539 2922 4594 in
2950 4540 3047 4595 viis
3075 4540 3308 4607 Domini,
3353 4557 3458 4596 non
3500 4541 3792 4597 credantur

2207 4626 2403 4685 habere
2429 4639 2723 4699 peccatum,
2754 4630 2893 4702 quod
2922 4633 3105 4703 procul
3132 4633 3294 4689 dubio
3320 4632 3513 4689 falsum
3539 4643 3641 4690 est.
3675 4633 3790 4691 Ne-

2206 4743 2308 4798 que
2349 4730 2489 4782 enim
2522 4737 2739 4799 propter
2765 4730 3123 4799 arrogantiam
3152 4729 3565 4800 superbiamque
3611 4731 3789 4785 vitan-

2206 4819 2326 4873 dam
2353 4820 2607 4890 scriptum
2637 4829 2739 4886 est,
2766 4820 2829 4876 Si
2856 4820 3132 4875 dixerimus
3157 4822 3275 4892 quia
3295 4832 3553 4892 peccatum
3573 4839 3675 4877 non
3697 4823 3793 4876 ha-

2206 4913 2397 4976 bemus,
2430 4927 2519 4966 nos
2546 4912 2683 4981 ipsos
2707 4910 3012 4965 seducimus.
3050 4911 3298 4981 Alioquin
3327 4920 3433 4966 nun
3478 4911 3788 4976 adderetur,

2190 5002 2274 5067 νει
2300 5005 2475 5059 veritas
2502 5005 2554 5058 in
2579 5003 2720 5058 nobis
2745 5020 2845 5058 non
2873 5012 2979 5069 est;
2998 5002 3094 5059 sed
3122 5002 3410 5069 diceretur,
3438 5004 3718 5059 Humilitas
3738 5007 3779 5059 ir

2208 5097 2361 5153 nobis
2387 5112 2491 5151 non
2522 5104 2637 5153 est:
2664 5094 2961 5166 praesertim
2979 5097 3102 5167 quia
3122 5096 3363 5168 sequitur
3382 5096 3523 5152 unde
3546 5096 3646 5152 iste
3666 5111 3770 5152 seu

2207 5201 2298 5242 sus
2326 5187 2518 5242 clarius
2544 5186 2853 5251 illustretur,
2892 5200 3184 5255 omnesque
3208 5185 3419 5241 auferat
3443 5185 3781 5249 dubitatione

2207 5277 2475 5349 ambages.
2503 5277 2636 5334 Cum
2661 5278 2803 5334 enim
2825 5275 2926 5349 hoc
2945 5276 3132 5333 beatus
3168 5265 3402 5333 Joannes
3428 5277 3670 5350 dixisset,
3696 5286 3777 5332 au.

2203 5371 2410 5441 juuxit:
2440 5389 2459 5424 ‹
2486 5370 2540 5427 Si
2571 5380 2750 5428 autem
2783 5369 3015 5427 confessi
3056 5370 3309 5427 fuerimus
3346 5370 3538 5427 delicta
3582 5380 3766 5426 nostra

2208 5464 2381 5520 fidelis
2406 5472 2490 5519 est
2514 5472 2569 5519 et
2582 5463 2781 5531 justus,
2804 5463 2893 5534 qui
2914 5462 3146 5518 dimittat
3170 5462 3325 5518 nobis
3344 5472 3557 5533 peccata
3584 5471 3765 5539 nostra
3786 5515 3793 5521 ,

2208 5563 2261 5609 et
2291 5554 2510 5611 mundet
2525 5568 2621 5611 nos
2635 5555 2703 5611 ab
2726 5554 2869 5610 omni
2893 5553 3165 5624 iniquitate
3194 5572 3212 5605 ι
3240 5552 3349 5625 (Id.
3380 5570 3417 5617 ι,
3439 5554 3472 5609 8
3488 5564 3535 5608 et
3554 5552 3630 5621 9).
3652 5552 3769 5621 Quit

2274 5690 2291 5753 ξ
2318 5690 2398 5738 Hic
2416 5690 2462 5737 iu
2488 5690 2595 5739 ωσι.
2618 5690 2838 5753 additur:
2862 5699 3117 5753 ﬂuensque
3145 5691 3413 5741 cauendum
3434 5697 3525 5747 est,
3548 5689 3656 5753 plus
3678 5702 3794 5753 vero

2208 5749 2348 5800 habet
2365 5759 2536 5817 comta
2562 5749 2904 5817 Pelaqiauistas
2928 5763 2946 5803 :
2969 5749 3096 5817 quad
3124 5753 3172 5800 iu
3198 5760 3299 5802 Mss.
3327 5766 3523 5817 quoque
3548 5749 3795 5809 nonnullis

2214 5827 2243 5863 e
2268 5812 2491 5876 margine
2515 5813 2639 5865 forte
2662 5812 2952 5877 migraverat
2983 5812 3031 5864 in
3054 5821 3263 5867 textum.
