2045 3276
173 194 238 224 ιω

171 254 214 281 hic
222 251 298 284 dicit,
309 250 373 287 quid
382 249 540 279 contradicit
546 248 703 278 damnabilis
710 248 853 285 impietatis
862 248 960 277 elatio?

170 300 197 327 Si
208 299 281 327 enim
294 303 403 334 propter
412 296 590 333 arrogantiam
599 295 778 328 devitandum,
789 303 841 323 non
853 298 961 330 propter

170 345 309 372 veritatem
325 342 471 376 l'atendatn,
485 350 538 370 non
552 341 644 369 dicunt
658 341 742 370 sancti
755 349 784 369 se
796 349 848 368 non
861 340 960 368 habere

170 394 325 425 peccatum;
339 389 401 425 quid
412 393 454 417 est
465 387 536 424 quod
550 387 722 421 conﬁtentur,
736 391 765 415 ut
776 386 959 414 remissionem

170 435 425 469 mundationemquc
438 433 607 461 mereantur?
623 433 665 460 An
679 437 707 460 et
719 432 769 460 hoc
781 432 819 464 fit,
841 436 871 459 ut
887 439 961 459 arro-

168 482 257 516 gmtia
269 481 422 509 deviteturi
434 479 572 514 Quomodo
591 486 656 514 ergo
671 478 853 513 impetrabitur
866 473 968 512 peccal.

170 533 258 552 torum
273 533 337 554 vera
352 524 499 557 mtmdatio,
524 531 637 559 quorum
658 528 700 551 est
719 523 784 550 falsa
807 522 960 551 confessio?

168 571 338 598 Conticescat
351 571 431 605 igitur
440 575 468 598 et
474 574 579 598 arescat
590 569 671 597 elatio
685 569 759 596 fenea
772 569 957 603 superborum,

168 624 197 643 se
209 617 267 650 ipsa
281 616 423 647 seducens,
439 622 499 650 quae
512 615 539 642 in
561 615 670 642 auribus
684 614 822 641 hominum
837 614 958 641 simulata

168 661 317 688 humilitate
328 661 392 689 dicit
411 668 440 688 se
457 660 555 688 habere
570 665 717 696 peccatum,
737 660 764 687 in
776 660 857 688 corde
869 665 958 688 autetu

167 715 217 734 suo
227 707 309 741 impia
321 707 437 734 elatione
448 706 513 740 dicit
526 713 555 733 se
569 713 620 733 non
637 706 738 734 habere
751 711 899 741 peccatum.
908 706 957 739 Qui

167 752 239 780 enim
253 752 304 779 hoc
316 752 416 784 dicunt,
432 753 535 787 seipsos
556 748 698 785 seductﬁtt,
711 758 738 779 et
752 752 850 779 veritas
871 752 897 779 in
918 752 957 779 eis

168 805 220 825 non
233 803 286 825 est.
301 797 354 825 Sed
368 797 473 832 quando
484 798 510 824 in
522 797 630 825 auribus
640 797 777 825 hominum
793 797 844 825 hoc
856 797 956 830 dicunt,

167 851 220 870 non
237 847 339 870 tantum
351 843 463 877 seipsos,
477 842 523 870 sed
534 843 600 870 alios
607 851 711 878 quoque
720 842 847 870 doctrina:
858 843 958 870 insana:

167 889 342 923 perversitate
355 888 485 916 seducunt
497 897 504 915 :
515 896 576 916 cum
594 896 658 916 vero
677 888 703 915 id
716 889 742 916 in
762 888 843 916 corde
855 896 905 916 suo
918 888 959 916 di-

165 938 241 966 cunt,
263 935 317 962 illic
338 935 439 969 seipsos
461 935 601 967 seducunt,
624 935 677 961 illic
697 935 795 962 veritas
811 935 836 961 in
851 934 890 961 eis
903 941 957 962 non

165 985 223 1013 est;
236 988 268 1008 ac
281 988 329 1015 per
341 980 390 1007 ltoc
405 981 506 1015 seipsos
526 980 551 1007 in
565 980 646 1007 corde
667 988 716 1007 suo
735 980 873 1012 sedttcunt,
889 984 917 1007 et
929 980 956 1007 in

165 1034 216 1053 suo
232 1026 313 1054 corde
333 1027 451 1054 veritatis
470 1027 558 1053 lumen
572 1026 705 1053 amittunt.
720 1026 855 1052 Exclamet
867 1027 956 1053 autem

164 1077 258 1099 sancta
272 1072 371 1100 familia
383 1072 491 1105 Christi,
507 1072 668 1099 fruetiticans
681 1077 708 1099 et
719 1079 845 1100 crescens
858 1072 884 1099 in
895 1072 956 1099 uni-

163 1123 244 1145 verso
258 1117 368 1151 mundo,
391 1117 527 1145 humiliter
547 1124 628 1144 verax
641 1121 669 1144 et
687 1118 818 1145 veraciter
830 1116 954 1150 humilis;

163 1164 305 1196 exclamet,
318 1163 424 1198 inquam
436 1172 443 1190 :
458 1172 468 1189 ι
482 1162 510 1191 Si
523 1162 669 1190 dixerimus
682 1162 743 1198 quia
756 1166 892 1197 peccatum
901 1170 954 1190 nott

164 1208 304 1241 habemus,
315 1216 365 1236 nos
374 1209 446 1243 ipsos
454 1208 616 1242 sedttcimus,
627 1213 655 1235 et
666 1208 765 1236 veritas
775 1208 802 1235 in
815 1208 893 1236 nobis
901 1216 956 1236 non

163 1259 214 1282 est.
228 1254 303 1288 Quod
317 1255 340 1282 si
352 1254 467 1283 confessi
489 1254 615 1282 fuerimus
635 1254 732 1282 delicta
750 1260 852 1288 nostra,
867 1254 955 1283 ﬁdelis

162 1306 204 1328 est
213 1306 240 1329 et
248 1301 345 1337 justus,
358 1305 387 1329 ut
397 1301 513 1329 dimittat
523 1301 599 1328 nobis
609 1305 716 1336 peccata
726 1306 827 1333 nostra,
841 1305 868 1329 et
878 1308 956 1328 mun-

162 1347 209 1375 det
223 1356 271 1375 nos
291 1348 326 1375 ab
348 1348 421 1375 omni
443 1347 593 1382 iniquitate.
608 1357 618 1374 t
637 1347 699 1374 Haec
719 1352 748 1374 ut
761 1346 895 1380 dicuntur,
911 1347 953 1374 ita

162 1394 323 1421 sentiantur.
335 1393 409 1421 Tunc
420 1393 491 1420 enim
505 1393 556 1421 erit
568 1392 704 1420 humilitas
715 1400 789 1425 vera,
801 1392 823 1419 si
835 1400 888 1421 non
897 1392 953 1420 sola

163 1443 315 1467 osletttetur
329 1439 355 1466 in
367 1439 472 1474 lingua;
484 1443 513 1466 ut
524 1438 608 1466 simus
620 1437 767 1466 secundum
783 1437 951 1472 Apostolum,

161 1494 214 1513 non
227 1487 281 1513 alta
303 1486 438 1521 sapientes,
457 1485 502 1512 sed
520 1485 656 1512 humilibus
669 1484 848 1511 consentientes
863 1483 951 1520 (Rom.

161 1539 209 1564 xu,
218 1531 263 1567 16)
274 1539 343 1560 :non
350 1533 398 1565 ait,
407 1531 598 1567 colloquentes,
609 1530 668 1563 sed,
679 1530 873 1561 consentientes;
881 1529 953 1564 quod

161 1585 216 1605 non
230 1577 259 1605 ﬁt
273 1585 330 1610 ore,
349 1577 396 1605 sed
407 1577 498 1605 corde.
513 1576 666 1612 Hypocrita,
684 1575 707 1602 si
721 1575 788 1602 dicis
800 1578 827 1602 te
840 1574 950 1609 habere,

160 1630 222 1651 eum
235 1623 330 1651 credas
340 1628 365 1651 te
375 1630 428 1650 non
443 1621 544 1650 habere
559 1625 713 1656 peccatum;
733 1619 798 1647 foris
811 1619 887 1655 ﬁngis
902 1617 952 1649 hu-

160 1670 310 1703 militatem,
324 1669 395 1697 intus
406 1667 576 1704 amplecteris
587 1667 743 1695 vanitatem.
757 1666 826 1701 Ergo
832 1670 860 1693 et
869 1666 896 1693 in
904 1673 951 1693 ore

160 1719 189 1743 et
198 1715 224 1742 in
235 1714 316 1742 corde
327 1722 379 1741 non
394 1713 475 1741 habes
488 1714 637 1740 veritatem.
653 1711 721 1745 Quid
737 1711 784 1739 tibi
796 1710 951 1747 prodestvi-

160 1759 217 1788 deri
232 1760 383 1787 hominibus
399 1759 500 1787 humile
514 1766 573 1786 esse
585 1758 656 1794 quod
672 1757 748 1791 dicis,
760 1757 783 1784 si
798 1757 868 1784 Deus
880 1756 951 1785 videt

160 1806 243 1834 altum
255 1813 315 1833 esse
327 1805 396 1840 quod
410 1805 499 1840 sapis?
512 1804 600 1837 Certe,
617 1805 639 1832 si
652 1804 760 1832 auribus
774 1804 892 1831 divinum
907 1803 949 1830 in-

159 1857 267 1881 sonaret
279 1852 426 1884 oraculum,
442 1851 499 1879 Noli
515 1852 597 1879 altum
612 1851 718 1883 dicere;
733 1857 783 1878 nec
800 1850 841 1880 sic
853 1850 949 1878 imme-

159 1898 211 1926 rito
221 1897 397 1930 damnareris.
413 1897 436 1925 si
451 1897 549 1924 humile
564 1896 591 1924 in
613 1900 660 1924 ore
680 1903 771 1924 coram
786 1895 948 1928 hominibus,

160 1950 186 1972 et
194 1945 279 1972 altum
290 1945 316 1972 in
324 1944 405 1972 corde
416 1951 505 1971 coram
520 1943 632 1971 Domino
641 1941 796 1977 loquereris.
808 1942 874 1969 Cum
886 1949 950 1969 vero

158 1990 261 2021 audias,
286 1989 348 2016 Noli
359 1988 439 2016 altum
449 1996 548 2023 sapere,
561 1987 605 2015 sed
617 1988 676 2014 time
690 1986 745 2022 (Id.
761 1994 799 2019 χι,
812 1986 859 2021 20)
883 1986 948 2022 (non

157 2036 228 2063 enim
241 2036 288 2069 ait,
305 2035 403 2068 dicere,
414 2035 473 2067 scd,
484 2034 599 2070 sapere);
615 2041 663 2061 cur
675 2041 729 2061 non
742 2033 821 2061 etiam
834 2033 907 2062 intus
919 2040 949 2061 es

158 2081 266 2109 humilis
279 2081 322 2109 tibi
337 2081 426 2116 sapis?
446 2082 487 2108 An
509 2080 569 2108 ideo
588 2086 665 2108 mens
678 2078 816 2107 altitudine
830 2078 946 2113 inﬂatur,

158 2131 186 2154 at
206 2126 382 2155 humilitatem
405 2127 493 2161 lingua
511 2125 670 2153 mentiatur?
684 2124 774 2160 Legis,
798 2124 841 2152 vel
860 2124 946 2158 audis,

158 2171 222 2200 Noli
230 2173 310 2199 ultum
319 2180 417 2207 sapere,
432 2173 476 2200 sed
490 2171 549 2198 time
558 2179 568 2198 :
580 2175 607 2199 et
626 2175 654 2198 tu
667 2170 694 2198 in
711 2174 813 2198 tantum
826 2170 898 2206 sapis
909 2170 948 2197 al-

157 2220 223 2251 t'um,
245 2223 275 2246 ut
288 2223 314 2246 te
326 2224 463 2254 peccatum
482 2217 617 2246 existimes
634 2225 688 2245 non
709 2217 822 2250 habere;
845 2224 877 2245 ac
900 2224 947 2252 per

156 2266 217 2298 hoc,
227 2264 289 2299 quia
297 2272 349 2292 non
359 2264 401 2292 vis
411 2264 515 2298 timere,
527 2263 592 2291 nihil
603 2263 650 2292 tibi
659 2262 730 2291 aliud
742 2266 862 2291 remanet
867 2270 946 2298 quam

156 2313 260 2338 tumere
267 2310 275 2326 '
280 2329 288 2337 .

189 2356 217 2384 2.
239 2357 273 2384 Et
286 2356 366 2389 unde,
378 2356 475 2392 inquis,
484 2356 612 2392 scriptum
622 2359 674 2388 est,
685 2354 747 2382 Non
758 2354 824 2382 enim
834 2354 876 2389 qui
886 2362 946 2389 ope-

155 2407 244 2429 rantur
255 2402 425 2437 iniquitatem,
439 2402 466 2429 in
480 2402 526 2429 uiis
538 2402 595 2436 ejus
607 2401 797 2428 ambulaverunt
805 2401 818 2427 .’
828 2401 869 2427 Au
880 2407 945 2428 vero

154 2448 239 2475 sancti
253 2448 357 2475 Domini
377 2455 429 2476 non
442 2447 580 2475 ambulant
593 2448 619 2474 in
633 2447 683 2474 viis
699 2445 821 2474 Domini?
833 2446 908 2479 Quod
921 2446 943 2474 si

154 2493 302 2528 ambulant,
322 2494 416 2530 inquit,
437 2502 490 2522 non
503 2499 647 2529 operantur
660 2492 876 2528 iniquitatemzsi
890 2499 943 2520 non
999 2513 1002 2515 .

152 2544 299 2575 operantur
320 2540 496 2575 iniquitatem,
512 2546 565 2567 non
580 2538 680 2566 habent
700 2542 854 2573 peccatum;
877 2545 943 2573 quo—

152 2586 222 2612 niam
237 2590 368 2620 peccatum
386 2586 505 2620 iniquitas
524 2590 571 2613 est.
593 2585 714 2620 Exsurge
734 2584 761 2611 in
782 2583 943 2619 adjutorium

151 2631 228 2664 mihi,
246 2631 358 2659 Domine
371 2631 445 2663 .lesu,
465 2635 493 2658 et
514 2635 606 2658 contra
621 2630 774 2657 hmreticum
786 2629 942 2664 superbien-

152 2682 205 2705 tem
220 2677 352 2712 opitulare
366 2677 430 2705 mihi
445 2685 492 2712 per
504 2677 659 2712 Apostolum
670 2676 852 2709 conﬁtentem.
861 2676 940 2709 Ecce,

151 2723 195 2750 ubi
210 2727 252 2750 est
267 2724 347 2750 homo
368 2727 427 2750 tuus
448 2722 607 2751 exinaniens
628 2730 668 2756 se,
690 2726 718 2749 ttt
740 2721 881 2757 impleatur
895 2722 942 2749 te?

152 2771 239 2805 Ipsum
254 2770 402 2802 audiamus,
426 2768 520 2797 fratres
541 2769 608 2800 mei;
631 2768 716 2803 ipsum
739 2767 774 2795 de
799 2768 848 2795 hac
869 2774 942 2802 qua:-

150 2819 249 2849 stione,
262 2817 284 2843 si
302 2817 396 2851 placet,
413 2816 466 2842 imo
480 2815 542 2850 quia
557 2815 651 2850 placet,
672 2814 877 2849 interrogemus.
894 2813 941 2841 Dic

150 2863 238 2894 nobis,
256 2862 335 2890 l'anle
354 2861 516 2894 beatissime,
532 2864 619 2889 utrum
643 2859 821 2888 ambulaveris
841 2859 867 2888 in
890 2860 940 2888 viis

183 2921 191 2936 ¹
204 2921 240 2944 sic
253 2922 305 2943 Mss.
316 2922 341 2942 at
353 2917 419 2949 Fdd.,
430 2917 521 2943 timre.

721 190 917 220 ENARRATIO
936 190 969 218 IN
989 190 1146 220 PSAlMliM
1158 191 1272 219 CXVIII.

1737 198 1811 227 £508-

1017 248 1129 281 Domini,
1144 257 1204 277 cum
1225 250 1251 277 itt
1264 256 1346 280 carne
1359 249 1446 278 adhuc
1459 250 1578 280 viveres?
1590 252 1759 289 Respondet:
1773 259 1804 286 lit

1015 293 1086 322 unde
1098 294 1230 328 dicebam,
1250 294 1428 324 Verumtamen
1441 297 1467 323 in
1478 298 1546 332 quod
1559 300 1726 333 pervenimus,
1738 302 1764 329 in
1774 311 1814 330 eo.

1014 338 1168 368 ambulatum
1185 340 1314 376 (Philipp.
1339 349 1380 375 tu,
1398 342 1459 378 16)?
1475 342 1551 371 Unde
1570 344 1701 379 dicebam,
1717 346 1803 375 Num-

1013 385 1074 420 quid
1086 386 1247 414 circumvenit
1260 396 1302 414 uos
1315 387 1385 415 Titus
1393 389 1406 415 ἱ)
1419 397 1502 417 nonne
1515 390 1602 418 eodem
1612 392 1702 427 spiritu
1712 394 1802 421 ambu-

1013 431 1137 459 lavimus?
1150 441 1233 460 nonne
1245 434 1333 461 iisdem
1346 435 1454 470 vestigiis
1470 435 1502 471 (ll
1514 435 1572 463 Cor.
1587 445 1633 469 xu,
1650 438 1712 473 18)?
1725 439 1803 467 Unde

1012 476 1144 510 dicebam,
1157 478 1284 510 Quamdiu
1301 487 1388 507 sumus
1406 481 1433 507 in
1453 489 1567 516 corpore,
1583 484 1772 518 peregrinantur
1786 494 1803 512 a

1012 522 1140 555 Domino;
1153 524 1287 559 per-ﬁdem
1300 525 1366 552 enim
1382 526 1548 560 ambulamus,
1564 537 1615 555 tton
1634 538 1678 564 per
1695 531 1801 566 speciem

1013 567 1067 603 (Id.
1083 576 1108 601 ν,
1125 569 1151 600 6,
1167 569 1212 603 7)?
1224 570 1289 602 Quae
1302 570 1400 598 certior
1412 571 1452 598 via
1469 572 1581 605 Domini,
1598 582 1677 609 quatit
1693 577 1759 604 lides
1768 585 1800 604 ex

1011 621 1063 648 qua
1075 614 1162 648 justus
1181 615 1245 642 vivit
1265 613 1353 650 (Rom.
1369 625 1388 648 ι,
1405 616 1467 652 I7)?
1482 617 1511 645 In
1530 616 1606 654 cujus
1627 621 1735 649 alterius
1749 624 1799 651 via:

1011 659 1107 688 itinere
1114 660 1147 687 ad
1154 668 1268 695 superna
1278 662 1428 697 tendebam,
1437 665 1542 699 quando
1550 666 1681 701 dicebam,
1691 677 1701 694 ι
1714 668 1799 697 Unum

1012 711 1100 733 autent
1113 714 1173 741 qua:
1187 712 1259 734 retro
1273 708 1381 740 oblitus,
1396 709 1423 736 in
1438 717 1468 736 ea
1481 718 1540 745 quae
1555 713 1615 739 ante
1630 718 1691 740 sunt
1706 716 1802 741 exten-

1011 754 1063 784 tus,
1077 751 1223 779 secundum
1235 752 1408 780 intentionem
1422 761 1521 790 seqttor
1535 755 1568 783 ad
1585 755 1698 791 palmam
1709 765 1801 793 super-

1010 802 1051 822 na:
1069 796 1215 823 vocationis
1228 797 1273 824 Dei
1288 796 1313 824 in
1329 797 1435 826 Christo
1446 797 1509 827 Jesu
1527 809 1537 825 t
1554 798 1684 837 (Philipp.
1700 792 1798 836 ιιιξιὸ,

1011 840 1074 877 ti)?
1088 841 1226 870 Postremo
1245 843 1272 870 in
1292 851 1344 878 qua
1364 844 1415 871 alia
1437 844 1478 872 via
1499 853 1679 881 cucurrerunt,
1693 848 1800 883 quando

1009 885 1140 920 dicebam,
1156 885 1254 914 Bonum
1265 893 1391 915 certamen
1403 890 1504 923 certant,
1518 898 1619 918 cursant
1631 891 1799 921 consummaui

1012 930 1045 967 (ll
1066 930 1131 958 Tim.
1146 939 1182 965 tv,
1198 931 1243 967 7)?
1256 932 1327 961 Satis
1341 934 1394 961 sint
1407 934 1456 962 ista
1471 943 1609 970 responsa,
1623 938 1719 972 quibus
1732 947 1798 973 apo-

1009 976 1107 1004 stolum
1124 976 1236 1005 Paulum
1249 978 1340 1010 inviis
1356 978 1461 1007 Domini
1474 980 1624 1009 ambulasse
1637 982 1798 1012 didicimus:

1008 1023 1056 1051 sed
1068 1023 1102 1051 ah
1113 1023 1159 1051 illo
1172 1028 1199 1051 ct
1213 1023 1284 1052 aliud
1299 1024 1473 1060 inquiramus.
1490 1027 1536 1054 Dic
1548 1027 1672 1061 obsecro,
1685 1037 1702 1056 o
1719 1030 1795 1064 Apo-

1008 1069 1085 1102 stole,
1105 1069 1212 1105 quando
1231 1070 1319 1098 adhuc
1338 1071 1363 1098 in
1383 1079 1465 1099 carne
1478 1072 1570 1100 vivens
1584 1073 1610 1100 in
1627 1074 1679 1101 viis
1695 1075 1799 1103 Domini

1007 1115 1176 1148 ambulabas;
1192 1115 1309 1144 habebas
1322 1121 1470 1151 peccatum,
1483 1126 1517 1145 an
1532 1119 1590 1146 sine
1602 1109 1712 1154 peccato
1726 1121 1799 1148 eras?

1007 1161 1153 1201 Audiamus
1168 1166 1257 1190 utrum
1271 1170 1302 1190 se
1317 1163 1373 1198 ipse
1387 1164 1506 1197 sedueat,
1526 1172 1560 1192 an
1573 1173 1637 1193 vero
1649 1166 1720 1201 quod
1734 1167 1797 1194 beas

1008 1210 1050 1234 tus
1061 1206 1179 1234 Joannes
1193 1208 1252 1242 ejus
1263 1209 1434 1243 coapostolus
1447 1210 1548 1244 sapiat:
1560 1211 1684 1245 quoniam
1699 1212 1798 1240 veritas

1007 1252 1101 1281 eratin
1115 1252 1164 1280 eis.
1177 1252 1211 1280 Et
1223 1253 1266 1281 hic
1275 1260 1339 1289 ergo
1353 1254 1513 1289 respondet:
1525 1255 1619 1283 Nonne
1633 1256 1735 1291 legistis
1749 1258 1795 1286 ubi

1006 1298 1145 1332 conﬁteor,
1164 1299 1266 1333 dicens,
1289 1299 1348 1327 Non
1363 1301 1428 1328 enim
1446 1302 1514 1335 quod
1532 1302 1587 1329 uolo
1604 1303 1672 1338 facio
1689 1303 1795 1338 bonum,

1005 1344 1050 1372 sed
1061 1346 1129 1380 quod
1139 1345 1198 1372 nolo
1210 1347 1314 1379 malum,
1328 1346 1375 1373 hoc
1386 1347 1453 1382 ago?
1463 1347 1496 1374 Et
1506 1347 1556 1376 hoc
1568 1346 1732 1377 audivimus:
1740 1350 1795 1385 jam

1005 1391 1094 1425 itaque
1106 1390 1172 1418 illud
1186 1391 1391 1427 interrogamus,
1415 1391 1554 1425 Quomodo
1576 1393 1603 1420 in
1626 1394 1676 1421 viis
1690 1395 1795 1423 Domini

1005 1436 1172 1471 ambulabas,
1187 1437 1210 1465 si
1223 1437 1320 1465 malum
1333 1438 1404 1474 quod
1418 1438 1528 1466 nolebas
1542 1439 1593 1467 hoc
1609 1441 1720 1475 agebas;
1734 1449 1795 1470 eum

1005 1483 1125 1511 Psalmus
1137 1488 1245 1512 sanctus
1255 1485 1360 1512 insonet
1369 1484 1472 1519 dicens,
1487 1484 1513 1512 Ν
1516 1493 1547 1512 οη
1555 1486 1621 1513 enim
1630 1487 1673 1522 qui
1685 1495 1795 1522 operan-

1004 1534 1046 1556 tur
1058 1529 1223 1565 iniquitatem,
1235 1530 1262 1557 in
1274 1531 1321 1558 viis
1337 1531 1391 1565 ejus
1403 1531 1610 1558 ambulaverunt?
1627 1532 1696 1559 Audi
1709 1533 1795 1570 conti-

1004 1583 1058 1604 nuo
1067 1575 1273 1611 respondentem
1286 1583 1335 1611 per
1345 1577 1504 1615 sententiam
1517 1582 1723 1613 conseqttentem
1739 1587 1746 1606 :
1763 1576 1796 1607 Si

1003 1622 1071 1657 quod
1088 1621 1158 1654 nolo,
1180 1621 1275 1657 inquit,
1295 1630 1341 1657 ego
1355 1622 1402 1649 hoc
1415 1623 1493 1658 facio,
1509 1623 1567 1658 jam
1579 1631 1630 1650 non
1645 1632 1691 1659 ego
1703 1631 1794 1659 operor

1002 1668 1076 1701 illud,
1084 1668 1129 1695 sed
1139 1668 1207 1704 quod
1214 1668 1308 1695 habitat
1316 1668 1341 1695 in
1350 1677 1389 1696 me
1396 1674 1523 1704 peccatum
1534 1668 1621 1705 (Rom.
1633 1677 1679 1703 t'll,
1691 1669 1791 1706 15-17).

1002 1714 1073 1743 Ecce
1091 1714 1315 1750 quemadmodum
1336 1714 1382 1750 qui
1395 1714 1531 1742 ambulant
1553 1714 1580 1742 in
1603 1715 1653 1743 viis
1675 1711 1790 1750 Domini,

1002 1768 1055 1789 non
1066 1764 1210 1796 operantur
1221 1764 1371 1796 peccatum,
1384 1765 1412 1787 et
1425 1753 1512 1787 tamen
1526 1767 1579 1788 non
1593 1765 1655 1788 sunt
1666 1761 1723 1789 sitte
1734 1769 1792 1797 pec-

1001 1810 1075 1839 cato;
1089 1806 1217 1842 quia'jam
1229 1813 1282 1833 non
1294 1805 1343 1842 ipsi
1356 1810 1500 1841 operantur
1512 1805 1587 1840 illud,
1602 1806 1649 1833 sed
1662 1806 1732 1842 quod
1747 1807 1791 1835 ha-

1000 1853 1068 1881 bitat
1080 1853 1108 1880 in
1120 1851 1160 1880 eis
1174 1856 1322 1887 peccatum.
1682 1888 1685 1891 Δ

1008 1926 1010 1929 ,
1036 1899 1063 1926 5.
1079 1898 1127 1926 llic
1140 1898 1212 1926 dicet
1230 1898 1344 1933 aliquis:
1359 1897 1497 1931 Quomodo
1515 1897 1610 1933 agebat
1624 1898 1694 1933 quod
1713 1899 1790 1927 nole-

1001 1944 1045 1972 bat
1058 1944 1167 1976 malum,
1180 1948 1207 1971 et
1219 1943 1354 1978 quomodo
1368 1943 1424 1978 ipse
1436 1950 1488 1970 non
1502 1940 1528 1970 id
1539 1942 1644 1978 agebat,
1659 1944 1706 1971 sed
1718 1944 1789 1980 quod

1000 1990 1135 2018 habitabat
1149 1989 1176 2018 in
1196 1989 1241 2017 illo
1253 1989 1411 2024 peccatum?
1425 1988 1532 2016 ltttcrim
1545 1988 1599 2024 jam
1614 1989 1663 2016 ista
1678 1990 1790 2025 qumstio

999 2036 1086 2065 soluta
1109 2039 1168 2069 est,
1190 2035 1306 2069 satisque
1323 2034 1446 2069 apparuit
1469 2033 1611 2069 Scriptor-.e
1631 2036 1790 2064 auctoritate

999 2082 1152 2114 canonica,
1168 2080 1225 2109 ﬁeri
1241 2087 1319 2116 posse
1334 2084 1363 2107 ut
1382 2079 1549 2107 ambulantes
1562 2080 1588 2107 in
1603 2080 1653 2107 viis
1668 2081 1787 2114 Domini,

999 2127 1119 2163 quamvis
1139 2133 1191 2154 non
1209 2125 1263 2153 sint
1276 2123 1334 2153 sine
1349 2129 1472 2160 peccato,
1493 2132 1546 2152 non
1567 2129 1655 2153 tamen
1675 2125 1701 2153 id
1723 2133 1788 2161 ope-

998 2178 1092 2202 rentur
1109 2173 1169 2208 ipsi.
1188 2171 1251 2200 Non
1267 2172 1335 2199 enim
1352 2172 1395 2207 qui
1408 2177 1543 2206 operantur
1554 2172 1722 2207 iniquitatem,
1737 2173 1789 2201 hoc

998 2225 1038 2248 est
1051 2224 1202 2255 peccatum,
1216 2218 1277 2253 quia
1292 2222 1421 2253 peccatum
1439 2217 1558 2253 iniquitas
1573 2222 1623 2250 est,
1639 2218 1666 2245 in
1677 2218 1721 2245 υἷε
1734 2219 1788 2254 ejus

997 2266 1195 2293 mbulaverunt.
1214 2264 1273 2292 Jam
1288 2271 1352 2291 vero
1365 2271 1415 2299 qua
1433 2263 1535 2290 ratione
1553 2264 1637 2298 possit
1657 2263 1787 2300 intelligi,

997 2319 1024 2341 et
1033 2320 1116 2348 agens
1128 2311 1192 2339 illud
1206 2314 1315 2346 prapter
1327 2317 1423 2345 corpus
1433 2309 1528 2337 mortis
1538 2307 1627 2345 hujus,
1640 2309 1666 2337 in
1679 2317 1732 2345 quo
1745 2311 1786 2337 It‘X

997 2359 1097 2394 peccati
1112 2357 1228 2390 habitat,
1244 2360 1272 2383 et
1290 2363 1343 2383 non
1365 2355 1421 2390 ipse
1435 2362 1516 2390 agens
1531 2354 1594 2382 illud
1609 2360 1717 2391 propter
1731 2356 1787 2383 vias

997 2403 1101 2432 Domini
1120 2403 1147 2430 in
1162 2402 1258 2438 quibus
1271 2401 1406 2434 ambulat;
1429 2401 1498 2428 alius
1512 2408 1602 2428 sermo
1619 2401 1786 2429 necessarius

996 2455 1051 2482 est,
1066 2449 1126 2484 quia
1139 2448 1190 2476 iste
1203 2446 1366 2475 claudendtts
1377 2450 1428 2475 est.

1318 2520 1404 2541 SERIO
1422 2521 1460 2541 ιιι.

1031 2586 1056 2613 Ι.
1070 2584 1145 2621 [νει-ε.
1156 2581 1195 2620 3.]
1209 2583 1321 2618 Propter
1330 2581 1357 2609 id
1366 2581 1436 2617 quod
1447 2581 1472 2608 in
1483 2580 1585 2616 psalmo
1596 2581 1646 2608 isto
1656 2578 1784 2614 scriptum

993 2636 1050 2664 est,
1067 2630 1127 2658 Non
1143 2631 1209 2658 enim
1226 2629 1269 2665 qui
1286 2633 1422 2664 operantur
1439 2625 1594 2662 iniquitatem
1604 2646 1612 2659 ,
1630 2626 1657 2653 in
1670 2624 1716 2653 tu‘t's
1729 2626 1785 2661 ejus

993 2678 1193 2710 ambulaverunt,
1207 2676 1333 2712 quoniam
1346 2680 1474 2711 peccatum
1487 2671 1607 2709 iniquitas
1619 2677 1656 2699 est
1671 2671 1691 2708 (I
1703 2672 1783 2699 Joan.

994 2733 1032 2758 ut,
1046 2724 1085 2760 4),
1099 2723 1168 2751 sicut
1186 2723 1303 2751 Joannes
1315 2720 1451 2756 apostolus
1470 2719 1547 2751 dicit,
1563 2722 1656 2746 exorta
1670 2717 1784 2745 difﬁcilis

992 2770 1114 2805 qutestio,
1128 2768 1268 2802 Quomodo
1281 2767 1382 2802 possint
1395 2765 1478 2793 sancti
1498 2765 1524 2791 in
1547 2763 1597 2791 hac
1618 2763 1671 2791 vita
1686 2768 1714 2790 et
1729 2770 1782 2789 non

992 2824 1052 2845 esse
1064 2816 1122 2846 sine
1133 2819 1252 2850 peccato,
1268 2812 1329 2848 quia
1343 2816 1370 2840 et
1384 2810 1448 2838 illud
1463 2817 1553 2837 verum
1568 2813 1624 2841 est.
1640 2808 1671 2836 Si
1685 2808 1783 2835 dixeri-

992 2869 1047 2889 mus
1060 2862 1120 2895 quia
1135 2864 1264 2896 peccatum
1274 2866 1325 2885 non
1337 2856 1466 2890 habemus,
1482 2863 1527 2882 nos
1542 2855 1610 2890 ipsos
1621 2854 1781 2885 seducimur,

992 2915 1015 2937 et
1029 2909 1118 2936 ueritas
1138 2907 1163 2934 in
1179 2906 1249 2934 nobis
1262 2913 1311 2933 non
1326 2909 1361 2932 est
1379 2901 1434 2940 (Id.
1449 2910 1467 2935 I,
1480 2902 1524 2938 8);
1539 2905 1566 2929 et
1584 2905 1670 2928 tamen
1686 2899 1781 2928 ambus
