4070 6472
573 334 711 389 I507

573 457 686 510 lare
726 453 840 507 vias
867 451 1119 518 Domini,
1158 464 1291 521 quas
1336 465 1441 505 non
1476 448 1751 506 ambulant
1792 452 1880 519 qui
1918 464 2147 520 aperan-

562 558 654 605 tur
682 548 1050 619 iniquitatem:
1081 543 1251 599 soluta
1282 548 1395 608 est,
1430 540 1639 598 dicente
1667 541 1909 611 apostolo
1933 540 2147 616 .Paulo,

567 640 687 695 Iam
739 656 838 694 non
880 652 998 709 ergo
1037 650 1219 706 operor
1260 634 1419 700 illud,
1450 634 1538 687 sed
1581 632 1637 686 id
1662 632 1796 701 quod
1839 634 1892 685 in
1936 648 2015 686 me
2060 631 2153 685 ha-

568 735 691 787 bitat
736 738 1017 803 peccatum.
1073 727 1351 797 Quomodo
1397 726 1538 780 enim
1598 732 1680 779 est
1730 723 1847 779 sine
1896 732 2150 793 peccato,

568 830 633 885 in
672 842 776 897 quo
804 826 1002 880 habitat
1032 822 1345 895 peceatum?
1386 820 1633 875 Ambulat
1663 828 1840 873 tamen
1882 820 1995 872 vias
2044 818 2152 872 Do-

569 918 730 986 mini,
785 931 917 988 quas
944 929 1049 971 non
1092 913 1362 969 ambulant
1404 913 1491 981 qui
1533 919 1849 981 operantur;
1889 911 2009 979 quia
2042 910 2151 979 jam

566 1031 671 1069 non
703 1014 815 1083 ipse
853 1018 1102 1081 operatur
1128 1007 1286 1072 illud,
1316 1004 1408 1060 sed
1433 1003 1573 1074 quod
1618 1003 1669 1057 in
1700 1017 1765 1058 eo
1792 1000 1992 1057 habitat
2026 1016 2151 1071 pec—

561 1122 764 1162 catum.
800 1104 1178 1160 Verumtamen
1222 1100 1291 1154 ita
1340 1097 1508 1152 Saluta
1550 1104 1633 1151 est
1658 1095 1881 1165 quazstio
1921 1093 2053 1159 ista,
2096 1104 2157 1146 ut

565 1200 838 1255 difﬁcilior
885 1198 1050 1252 altera
1108 1200 1438 1258 nasceretur,
1494 1188 1773 1259 Quomodo
1820 1195 1940 1258 agat
1992 1185 2153 1240 homo

567 1291 708 1363 quod
752 1289 865 1360 ipse
906 1303 1012 1343 non
1051 1286 1178 1357 agit.
1213 1284 1504 1351 Utrumque
1534 1280 1675 1335 enim
1707 1277 1867 1341 dixit;
1911 1286 1996 1342 et,
2033 1274 2153 1329 Non

566 1382 704 1452 quod
726 1381 863 1447 volo,
891 1393 1021 1449 ago;
1049 1385 1123 1442 et,
1152 1374 1272 1429 Non
1299 1387 1388 1443 ego
1414 1387 1595 1440 operor
1616 1369 1766 1431 illud,
1796 1366 1883 1420 sed
1907 1367 2042 1436 quod
2063 1367 2153 1418 Ital

568 1474 692 1527 bitat
735 1473 786 1526 in
817 1487 894 1524 me
920 1462 1175 1540 peccatum
1209 1463 1393 1535 (Rom.
1425 1478 1497 1516 vn
1520 1503 1533 1525 ,
1562 1461 1629 1515 i7
1652 1471 1698 1515 et
1725 1459 1829 1522 20,
1861 1458 1967 1526 16).
2002 1456 2154 1512 Unde

571 1563 869 1633 intelligere
905 1558 1161 1615 debemus
1181 1598 1196 1622 ,
1228 1554 1439 1626 quando
1471 1561 1743 1622 peccatum
1778 1547 1919 1620 quod
1952 1547 2154 1602 habitat

570 1660 624 1711 in
653 1655 827 1718 nobis,
860 1659 1111 1721 operatur
1139 1649 1190 1701 in
1213 1646 1387 1709 nobis,
1416 1652 1541 1696 tunc
1570 1652 1665 1694 nos
1691 1640 1743 1694 id
1775 1652 1879 1693 non
1909 1638 2151 1707 aperari;

570 1744 784 1820 quando
813 1755 1143 1812 nequaquam
1179 1737 1228 1791 ei
1259 1736 1503 1790 voluntas
1544 1740 1721 1785 nostra
1761 1728 2059 1791 consentit,
2102 1736 2153 1782 et

572 1816 719 1893 tenet
744 1834 902 1889 etiam
930 1828 1170 1899 corporis
1199 1824 1466 1887 membra,
1502 1836 1569 1876 ne
1598 1819 1849 1875 obediant
1877 1816 2157 1872 desideriis

573 1928 711 1999 ejus.
742 1922 879 1992 Quid
908 1916 1050 1977 enim
1077 1926 1329 1990 aperatur
1354 1921 1629 1985 peccatum
1657 1908 1958 1963 uolentibus
1978 1907 2152 1971 nobis,

572 1997 674 2075 nisi
716 2017 827 2071 sola
870 2013 1052 2069 illicita
1082 2005 1386 2065 desideria?
1413 2003 1615 2072 Quibus
1650 2001 1694 2055 si
1726 1997 2010 2054 voluntatis
2049 2010 2156 2050 non

573 2108 887 2166 adhibeatur
912 2114 1197 2162 assensus;
1225 2104 1470 2152 movetur
1493 2092 1706 2163 quidem
1746 2088 2034 2144 nonnullus
2075 2087 2155 2139 af-

574 2201 743 2258 fectus
764 2242 779 2265 ,
812 2196 905 2252 sed
935 2194 1111 2251 nullus
1137 2192 1186 2246 ei
1216 2190 1481 2245 relaxatur
1504 2183 1742 2240 effectus.
1771 2181 1883 2235 l-loc
1910 2178 2159 2250 praecepit

574 2292 715 2348 idem
741 2286 1012 2359 apostolus
1031 2326 1046 2350 ,
1085 2283 1175 2338 ubi
1200 2279 1365 2336 dicit:
1398 2276 1519 2331 Non
1548 2289 1667 2345 ergo
1694 2281 1865 2343 regnet
1895 2278 2159 2339 peccatum

572 2380 627 2439 in
672 2391 832 2439 vestro
877 2375 1082 2433 mortali
1128 2387 1337 2445 corpore
1357 2412 1370 2435 ,
1412 2370 1480 2423 ad
1522 2366 1851 2422 obedientium
1898 2360 2160 2417 desideriis

575 2478 719 2550 ejus;
767 2490 857 2528 nec
900 2470 1172 2525 exhibeatis
1214 2464 1434 2519 membra
1477 2470 1641 2516 vestra
1687 2474 1832 2512 arma
1877 2456 2162 2525 iniquitatis

575 2544 779 2639 peccato
804 2561 912 2633 (Id.
940 2576 1014 2627 vr,
1040 2559 1126 2621 12,
1154 2556 1264 2626 l3).
1291 2553 1426 2609 Sunt
1446 2553 1624 2620 itaque
1644 2546 1903 2604 desideria
1930 2544 2155 2615 peccati,

575 2657 768 2729 quibus
796 2671 892 2709 nos
922 2648 1193 2722 prohibuit
1220 2645 1457 2701 obedire.
1494 2642 1800 2711 Operantur
1829 2640 1848 2670 ⁸
1878 2650 2007 2707 ergo
2030 2648 2161 2705 pec-

574 2759 753 2805 catum
800 2746 914 2800 haec
958 2740 1254 2805 desideria;
1299 2736 1492 2807 quibus
1526 2733 1571 2788 si
1613 2730 1927 2792 obedimus,
1971 2735 2024 2783 et
2059 2740 2161 2782 nos

576 2854 911 2913 operantur:
958 2836 1003 2889 si
1035 2840 1222 2913 autem
1268 2828 1700 2897 obtemperantes
1748 2819 2002 2892 Apos'tolo
2050 2830 2159 2872 non

575 2909 859 2989 obedimus
898 2928 975 2982 eis
995 2967 1009 2991 ,
1034 2911 1145 2978 non
1187 2919 1315 2977 illud
1355 2934 1453 2975 nos
1482 2912 1907 2988 operamur,'sed
1933 2909 2076 2982 quod
2102 2910 2161 2964 in

575 3021 734 3079 nobis
766 3019 965 3074 habitat
988 3022 1282 3086 peceatum.
1306 3010 1364 3066 Si
1392 3016 1569 3064 autem
1597 3004 1859 3062 desideria
1884 3000 2029 3056 nulla
2057 2999 2161 3054 ha-

578 3112 831 3174 beremus
855 3110 1062 3175 illicita,
1092 3118 1193 3161 nec
1222 3119 1320 3159 nos
1338 3145 1352 3169 ,
1383 3115 1482 3157 nec
1511 3105 1783 3171 peccatum
1811 3094 1936 3149 mali
1960 3090 2159 3163 aliquid

577 3215 892 3280 operaretur
930 3202 985 3256 in
1025 3199 1199 3254 nobis.
1231 3196 1427 3250 Motum
1470 3206 1633 3263 porro
1665 3187 1829 3243 illiciti
1867 3183 2154 3250 desiderii,

571 3278 663 3357 cui
700 3304 806 3354 non
847 3291 1149 3351 obediendo
1190 3303 1294 3343 non
1329 3301 1449 3340 eum
1489 3298 1587 3338 nos
1622 3290 1924 3351 operamur,
1954 3278 2075 3332 ideo
2104 3283 2160 3331 et

576 3403 677 3446 nos
718 3403 876 3460 agere
918 3384 1165 3449 dicimur,
1206 3377 1455 3450 quoniam
1499 3388 1605 3429 non
1642 3382 1725 3428 est
1766 3380 1969 3425 natura:
2006 3369 2157 3439 vigor

576 3484 785 3548 alicam,
815 3479 907 3535 sed
940 3479 1164 3547 languor
1193 3482 1273 3527 est
1300 3480 1496 3526 nostrae
1520 3486 1540 3527 7:
1568 3484 1597 3521 a
1628 3479 1733 3536 quo
1758 3466 2015 3532 languore
2041 3475 2159 3516 om-

576 3574 793 3631 nimodo
818 3570 953 3626 salvi
997 3570 1227 3630 erimus,
1259 3579 1377 3618 cum
1420 3571 1477 3617 et
1502 3562 1679 3614 animo
1706 3567 1760 3614 et
1791 3571 2014 3626 corpore
2051 3556 2157 3609 im-

576 3667 831 3724 mortales
876 3663 995 3717 facti
1040 3660 1315 3715 fuerimus.
1361 3657 1695 3725 Quapropter
1733 3658 1786 3704 et
1814 3650 1934 3719 quia
1975 3649 2028 3702 in
2054 3646 2157 3702 viis

576 3751 784 3816 Domini
807 3754 1160 3817 ambulamus,
1189 3765 1294 3805 non
1317 3746 1594 3803 obedimus
1614 3742 1894 3799 desideriis
1920 3740 2151 3809 peccati;

574 3863 631 3908 et
657 3853 778 3922 quia
819 3865 923 3904 non
955 3860 1137 3903 sumus
1166 3845 1280 3897 sine
1308 3850 1554 3912 peccato,
1596 3836 1854 3892 habemus
1891 3832 2154 3890 desideria

575 3944 799 4019 peccati.
834 3943 907 3996 Ac
934 3957 1026 4010 per
1065 3938 1167 3992 hoc
1189 3935 1297 4005 jam
1341 3948 1438 3987 uos
1468 3946 1527 3988 ea
1564 3946 1669 3984 non
1711 3942 2016 3997 operamur,
2048 3938 2153 3978 non

575 4037 654 4091 eis
680 4031 1010 4093 obediendo;
1044 4028 1134 4082 sed
1164 4024 1303 4096 quod
1342 4024 1394 4077 in
1433 4020 1587 4077 nobis
1615 4019 1815 4074 habitat
1847 4023 2153 4085 peccatum,

576 4123 762 4182 cadem
793 4117 1197 4178 commovendo.
1231 4113 1350 4169 Non
1385 4113 1515 4167 enim
1543 4112 1629 4181 qui
1665 4118 1939 4179 operantur
1966 4105 2157 4173 iniquio

575 4230 748 4283 tatem,
778 4216 829 4271 id
855 4223 957 4280 est,
989 4211 1248 4267 obediuut
1271 4203 1550 4262 desideriis
1584 4202 1787 4273 peccati
1810 4242 1823 4260 .
1851 4201 1904 4253 in
1932 4198 2026 4252 uiis
2055 4197 2159 4251 Do-

578 4310 705 4364 mini
732 4306 1124 4361 ambulaverunt.

646 4400 700 4451 2.
733 4395 838 4453 Sed
868 4396 1040 4451 adhuc
1071 4390 1414 4465 qumrendum
1443 4395 1523 4442 est
1550 4400 1667 4456 qum
1696 4394 1939 4455 petamus
1962 4382 2154 4437 dimitti

577 4489 762 4554 nobis,
795 4486 1005 4557 quando
1034 4484 1260 4538 dicimus
1290 4480 1425 4544 Deo,
1455 4476 1666 4531 Dimitte
1692 4474 1831 4528 nobis
1869 4473 2035 4527 debita
2060 4490 2156 4527 no-

576 4592 682 4636 stra
712 4596 728 4633 :
757 4589 931 4633 utrum
960 4592 1075 4645 quae
1106 4588 1202 4628 nos
1228 4582 1531 4642 operamur,
1554 4566 1766 4638 quando
1792 4565 1993 4635 peccati
2017 4564 2158 4619 desio

578 4671 743 4726 deriis
771 4668 1072 4730 obedimus;
1104 4680 1171 4718 an
1215 4668 1325 4732 ipsa
1360 4659 1621 4715 desideria
1652 4655 1807 4711 nobis
1833 4656 2024 4709 dimitti
2065 4669 2157 4707 m-

580 4762 775 4825 lutuus,
809 4773 926 4828 qum
968 4766 1067 4810 nos
1101 4769 1207 4810 non
1244 4766 1547 4823 Operamur.
1581 4748 1674 4803 sed
1705 4748 1843 4817 quod
1875 4746 2075 4800 habitat
2103 4746 2155 4799 in

578 4853 732 4908 nobis
778 4858 1070 4919 peccaturo.
1119 4849 1381 4915 Quantttm
1426 4842 1637 4913 quidem
1679 4854 1779 4911 ego
1817 4851 2005 4909 sapere
2033 4850 2157 4907 pos-

578 4962 718 5009 sum,
752 4944 1023 5015 languoris
1047 4941 1188 4996 illius
1216 4947 1269 4996 et
1299 4934 1623 4992 infirmitatis
1644 4974 1659 4999 ,
1688 4931 1829 4988 unde
1855 4930 2029 4985 illicita
2060 4928 2158 4982 de-

575 5041 770 5097 sideria
820 5043 1244 5097 commoventur,
1284 5030 1426 5101 quod
1475 5038 1733 5099 peccatum
1762 5025 1990 5097 appellat
2019 5024 2159 5092 Apo-

576 5136 747 5189 stolus
791 5131 899 5204 (Id.
927 5146 1033 5194 vn,
1061 5126 1212 5195 7-25)
1238 5166 1253 5190 ,
1302 5124 1584 5177 universus
1623 5128 1797 5175 reatus
1822 5126 2157 5173 sacramento

578 5203 918 5294 Baptismatis
955 5228 1039 5274 est
1075 5217 1281 5274 solutus
1302 5258 1314 5280 ,
1348 5203 1469 5270 cum
1501 5210 1746 5267 omnibus
1773 5224 1890 5281 qua:
1920 5208 1996 5263 illi
2027 5207 2159 5262 obe-

576 5315 788 5371 dientes
816 5313 1071 5376 fecimus,
1118 5309 1383 5374 diximus,
1431 5303 1813 5375 cogitavimus;
1863 5314 1963 5354 nec
2007 5298 2159 5353 nobis

576 5407 829 5475 deinceps
855 5404 1077 5474 languor
1102 5400 1201 5455 iste
1229 5399 1461 5463 obesset,
1485 5394 1727 5467 quamvis
1746 5392 1967 5455 inesset,
1995 5388 2040 5443 si
2070 5388 2162 5443 den

578 5498 791 5555 sideriis
820 5496 934 5566 ejus
964 5494 1160 5548 illicitis
1187 5491 1346 5546 nullis
1375 5502 1607 5558 unquam
1636 5481 1991 5539 obedientiam
2021 5493 2161 5548 prte-

579 5591 849 5653 heremus,
878 5588 991 5643 sive
1016 5585 1358 5656 operatione,
1393 5581 1505 5636 sive
1534 5577 1800 5635 locutione
1822 5615 1837 5641 ,
1864 5574 1977 5627 sive
2003 5571 2160 5625 tacita

582 5683 923 5747 assensione;
955 5679 1125 5736 donec
1150 5679 1308 5734 etiam
1337 5676 1449 5746 ipse
1477 5680 1779 5735 sanaretur,
1802 5680 1923 5721 cum
1944 5663 1997 5719 id
2023 5663 2160 5734 quod

652 5799 669 5832 ί
693 5806 810 5847 ’n'es
834 5806 955 5857 uss,
977 5799 1216 5858 operatur.

1802 337 1859 390 S.
1895 334 2256 393 AUCUSTlNl
2296 340 2599 399 EPISCOP!
2690 352 2693 355 ’

3681 366 3794 424 ms

2259 459 2525 527 poscimus
2561 466 2705 515 esset
2745 460 3048 531 impletum,
3080 450 3194 520 sive
3220 461 3498 537 dicentes,
3548 472 3707 531 Veniat
3725 496 3793 536 re-

2256 566 2408 619 gnum
2437 560 2608 617 tuum;
2638 554 2751 609 sive
2780 553 3041 623 dicentes,
3073 556 3254 612 Libera
3282 576 3381 615 nos
3401 578 3432 616 α
3453 567 3576 621 malo
3601 569 3781 639 (Marte.

2254 658 2340 709 vt,
2374 642 2461 707 l2,
2506 645 2608 711 £0,
2648 647 2738 715 {3)
2764 665 2779 703 :
2810 649 2902 703 sed
2943 649 3191 719 quoniam
3222 656 3439 710 tentalio
3474 662 3667 715 estvita
3707 664 3791 719 hu.

2256 750 2411 789 mana
2437 750 2598 805 super
2623 745 2817 793 terram
2853 739 2974 811 (Job
2998 757 3088 809 vn,
3113 740 3167 813 1)
3189 759 3204 807 ;
3235 744 3437 799 etiamsi
3464 761 3493 801 a
3517 750 3792 812 criminibus

2257 825 2413 895 longe
2442 826 2640 897 simus,
2674 845 2778 884 non
2810 839 2984 887 tamen
3015 833 3165 889 deest
3190 834 3279 889 ubi
3306 836 3572 894 desideriis
3597 849 3775 911 peccati

2256 916 2338 969 vel
2365 914 2534 983 facto,
2571 919 2653 973 vel
2683 918 2846 985 dicto,
2880 922 2964 975 vel
2993 922 3222 991 cogitatu
3252 891 3799 1002 obeundasﬁaiiii

2256 1005 2509 1061 adversus
2536 1008 2736 1078 majora
2774 1010 3114 1079 vigilantibus
3134 1055 3149 1078 ,
3178 1015 3417 1084 qumdam
3462 1020 3672 1075 incautis
3712 1024 3801 1077 mi-

2256 1106 2381 1151 tmta
2421 1098 2713 1169 subrepunt
2750 1116 2870 1170 qum
2901 1104 2944 1155 si
2972 1103 3228 1158 adversus
3254 1119 3353 1159 nos
3376 1107 3689 1177 colligantur,
3715 1113 3797 1167 etsi

2257 1203 2361 1241 non
2392 1188 2595 1258 singula
2625 1192 2735 1245 suis
2766 1192 2997 1247 molibus
3027 1194 3042 1225 ι
3087 1202 3402 1262 conterunt,
3445 1200 3614 1253 omnia
3646 1208 3798 1257 tamen

2255 1293 2449 1335 acervo
2486 1296 2585 1335 nos
2627 1282 2877 1338 obruunt.
2908 1283 2973 1339 Et
3015 1296 3233 1355 propter
3262 1285 3405 1352 haec,
3448 1288 3598 1343 etiam
3643 1291 3688 1344 hi
3726 1294 3799 1359 qui

2256 1371 2529 1425 ambulant
2563 1370 2617 1427 in
2643 1375 2741 1429 viis
2786 1373 2992 1429 Domini
3020 1375 3236 1443 dicunt,
3274 1375 3483 1431 Dimitte
3508 1379 3639 1433 nobis
3661 1380 3803 1435 debita

2257 1470 2429 1515 nostra
2456 1478 2473 1515 :
2501 1464 2750 1532 quoniam
2781 1464 2844 1517 ad
2866 1444 2989 1519 τίω
3022 1466 3266 1527 Domini,
3298 1476 3349 1521 et
3380 1467 3489 1538 ipsa
3517 1470 3676 1524 oratio
3701 1484 3805 1539 per-

2259 1555 2422 1619 tinet,
2456 1564 2509 1610 et
2537 1557 2646 1626 ipsa
2674 1557 2942 1613 confessio
2960 1600 2975 1624 ,
3004 1560 3245 1628 quamvis
3278 1574 3383 1614 non
3413 1560 3478 1614 ad
3506 1575 3593 1616 eas
3616 1570 3800 1632 peccata

2258 1645 2581 1714 pertineant.

2328 1739 2381 1792 3.
2426 1736 2603 1808 Itaque
2648 1738 2699 1793 in
2741 1740 2843 1794 viis
2890 1741 3135 1808 Domini,
3183 1756 3317 1812 quas
3347 1757 3530 1797 omnes
3560 1743 3679 1798 fides
3717 1759 3805 1798 una

2259 1829 2649 1896 complectitur,
2682 1847 2782 1900 qua
2817 1833 2867 1885 in
2913 1846 3033 1885 eum
3063 1832 3299 1887 creditur
3337 1833 3427 1902 qui
3460 1832 3807 1902 justificatim-

2259 1920 2401 1987 pimu
2444 1920 2617 1991 (Rom.
2660 1937 2732 1985 Iv,
2773 1922 2862 1992 5),
2910 1923 2999 1991 qui
3039 1923 3197 1976 etiam
3241 1922 3408 1989 dixit,
3459 1921 3565 1994 Ego
3602 1939 3702 1977 sum
3739 1924 3808 1976 sia

2260 2010 2438 2081 (Joan.
2468 2026 2579 2077 xiv,
2608 2012 2692 2080 6);
2723 2028 2881 2068 nemo
2903 2022 3177 2082 peccatum
3201 2024 3475 2084 operatur,
3502 2014 3591 2069 sed
3613 2015 3810 2069 conﬁte-

2263 2110 2368 2155 tur.
2399 2102 2584 2157 Deviat
2608 2119 2755 2174 ergo,
2782 2119 2905 2159 cum
2946 2113 3164 2174 peccat;
3196 2114 3249 2160 et
3277 2104 3400 2159 ideo
3441 2114 3697 2175 peccatum
3724 2103 3810 2158 via:

2261 2207 2366 2246 non
2414 2193 2678 2257 tribuitur,
2726 2193 2869 2265 quod
2898 2210 2927 2249 a
2968 2196 3212 2252 deviante
3238 2197 3626 2251 committitur:
3654 2195 3738 2251 sed
3764 2195 3809 2250 in

2262 2284 2342 2337 via
2371 2284 2489 2339 ﬁdei
2529 2300 2624 2355 pro
2661 2302 2766 2342 non
2806 2288 3148 2357 peccantibus
3185 2287 3472 2355 habentur,
3499 2289 3679 2359 quibus
3702 2302 3811 2358 pec-

2260 2386 2375 2430 cata
2406 2392 2511 2431 non
2545 2378 2891 2447 imputantur.
2921 2380 2996 2434 De
3015 2380 3208 2450 quibus
3232 2382 3506 2451 apostolus
3531 2380 3711 2435 Paulus
3735 2378 3812 2449 ju-

2260 2470 2457 2524 stitiam
2489 2469 2609 2524 fidei
2646 2471 3059 2537 commendans,
3100 2472 3153 2525 in
3195 2472 3405 2542 psalmo
3441 2472 3683 2541 scriptum
3709 2484 3817 2525 esse

2260 2562 2607 2628 monstravit,
2637 2560 2782 2617 Beati
2819 2578 3034 2631 quorum
3060 2565 3283 2617 remisse
3303 2571 3431 2617 sunt
3454 2562 3749 2632 iniqudtates,
3773 2570 3817 2614 st

2260 2671 2475 2726 quorum
2500 2665 2626 2709 tecta
2645 2665 2763 2710 sunt
2782 2662 2987 2727 peccata
3008 2672 3026 2709 :
3053 2658 3225 2710 beam
3246 2658 3327 2709 vir
3346 2658 3432 2710 eui
3456 2672 3557 2709 non
3577 2652 3818 2723 imputavit

2260 2747 2509 2803 Dominus
2535 2759 2797 2820 peccatum
2833 2750 3005 2819 (Rom.
3037 2765 3109 2816 tv,
3130 2738 3199 2814 '7;
3228 2759 3275 2803 et
3296 2747 3446 2804 Psal.
3470 2762 3611 2813 χχχι,
3639 2747 3661 2800 l
3685 2756 3725 2799 et
3743 2742 3814 2816 2).

2260 2836 2374 2893 Hoc
2402 2846 2656 2909 prarstaut
2680 2840 2781 2893 via:
2810 2839 3047 2904 Domini;
3088 2852 3149 2893 ae
3175 2854 3273 2908 per
3300 2839 3439 2904 hoc,
3478 2837 3714 2907 quoniam
3742 2833 3816 2902 ju-

2259 2937 2375 2986 stus
2403 2946 2469 2986 ex
2497 2930 2601 2988 fide
2623 2932 2750 2985 vivit
2777 2931 2950 3003 (Rom.
2981 2948 3019 2997 ι,
3046 2932 3160 2999 17),
3190 2931 3258 2985 ab
3282 2932 3389 2985 ista
3417 2932 3500 2986 via
3523 2927 3716 2984 Domini
3740 2926 3817 2981 illa

2260 3022 2455 3077 alienat
2483 3022 2767 3093 iniquitas,
2812 3038 2930 3093 qua:
2969 3032 3051 3077 est
3080 3022 3390 3077 infidelitas.
3432 3021 3491 3077 in
3531 3021 3627 3075 hac
3660 3028 3816 3073 autem

2259 3114 2363 3181 via,
2394 3114 2445 3169 id
2475 3124 2591 3183 est,
2624 3116 2674 3169 in
2707 3114 2807 3169 fide
2832 3116 2914 3185 pia
2933 3157 2946 3180 ,
2980 3115 3217 3183 quisquis
3242 3113 3511 3177 ambulat,
3538 3120 3627 3166 aut
3652 3120 3818 3180 parca.

2260 3215 2370 3260 tum
2399 3222 2503 3260 non
2534 3214 2803 3275 operatur,
2832 3214 2921 3259 aut
2941 3206 2983 3260 si
3007 3205 3131 3275 quid
3153 3220 3181 3257 a
3204 3205 3455 3259 deviante
3475 3201 3817 3258 committitur.

2260 3307 2476 3368 propter
2512 3298 2652 3351 viam
2684 3312 2789 3351 non
2833 3297 3142 3366 imputatur,
3173 3305 3227 3349 et
3257 3305 3511 3365 tanquam
3552 3307 3652 3348 non
3680 3284 3820 3344 fuerit

2259 3399 2509 3460 operatus
2537 3391 2813 3459 accipitur.
2847 3390 2911 3444 Et
2934 3390 3053 3444 ideo
3075 3390 3208 3443 bene
3228 3391 3393 3443 etiam
3416 3389 3493 3443 sic
3515 3384 3817 3453 intelligitur,

2261 3481 2382 3536 Non
2405 3484 2535 3535 enim
2553 3484 2641 3554 qui
2660 3492 2932 3553 operantur
2953 3483 3286 3551 iniquitatem,
3309 3483 3367 3536 in
3384 3482 3473 3536 viis
3487 3482 3595 3550 ejus
3616 3474 3821 3532 ambula-

2258 3582 2469 3639 verunt;
2497 3585 2552 3628 ut
2579 3573 2715 3627 hanc
2745 3574 3078 3643 iniquitatem
3107 3574 3520 3643 signiﬁcaverit,
3546 3586 3659 3640 qua:
3690 3580 3823 3623 rece-

2258 3664 2337 3719 dit
2366 3680 2396 3719 a
2424 3664 2527 3719 fide
2551 3706 2565 3730 ,
2595 3673 2686 3718 aut
2714 3680 2820 3718 non
2850 3664 3053 3720 accedit
3082 3665 3146 3719 ad
3176 3665 3358 3719 fidem.
3390 3660 3820 3732 Quemadmodum

2258 3756 2400 3809 enim
2429 3754 2503 3809 ait
2532 3755 2787 3808 Dominus
2815 3756 2880 3809 de
2904 3754 3123 3821 Judaeis,
3158 3755 3219 3809 Si
3247 3772 3351 3808 non
3380 3757 3635 3819 venissem,
3666 3766 3825 3822 pecca-

2259 3852 2365 3897 tum
2395 3861 2495 3897 non
2521 3844 2757 3897 baberent
2790 3845 2964 3915 (Joan.
2990 3860 3083 3910 xv,
3110 3845 3238 3914 22);
3268 3861 3370 3901 nec
3392 3846 3573 3915 utique
3602 3845 3709 3898 sine
3728 3840 3821 3894 ullo

2260 3945 2477 4005 peccato
2504 3944 2674 3999 erant,
2702 3945 2982 4005 antequam
3006 3936 3251 3991 Christus
3277 3934 3491 3992 veniret
3517 3938 3567 3991 in
3590 3949 3756 3993 carne.
3777 3939 3824 3985 et

2259 4039 2323 4080 ex
2352 4041 2455 4095 quo
2477 4027 2640 4092 venit,
2668 4036 2947 4095 casperutit
2978 4026 3172 4081 habere
3197 4038 3511 4097 peccatum;
3540 4026 3631 4081 sed
3658 4035 3823 4093 pecca-

2260 4123 2370 4169 tum
2413 4116 2679 4185 quoddam
2710 4127 2914 4171 certum
2936 4158 2950 4180 ,
2998 4117 3047 4170 id
3075 4124 3192 4181 est,
3230 4116 3594 4180 infidelitatis,
3626 4109 3824 4178 intelligi

2259 4210 2443 4273 voluit,
2469 4211 2717 4279 quoniam
2744 4225 2847 4263 non
2873 4210 3214 4265 crediderunt
3239 4210 3291 4264 in
3317 4226 3443 4266 eum
3469 4227 3483 4263 :
3517 4210 3585 4264 ita
3605 4206 3690 4277 qni
3713 4215 3826 4275 opo-

2260 4311 2447 4355 ratttur
2473 4301 2803 4371 iniquitatem
2826 4343 2840 4367 ,
2888 4316 2994 4355 non
3034 4302 3363 4372 quamlibet,
3391 4302 3488 4358 sed
3516 4303 3651 4356 hanc
3676 4299 3825 4367 ipsam

2260 4390 2611 4455 infidelitatis,
2650 4408 2752 4448 non
2781 4393 2832 4446 in
2859 4394 2960 4448 viis
2985 4395 3101 4463 ejus
3127 4395 3560 4456 ambulaverunt,
3586 4390 3700 4462 quia.
3726 4383 3827 4441 uni.

2260 4497 2415 4537 verset
2451 4484 2546 4537 vita
2583 4482 2792 4537 Domini
2837 4485 3184 4539 misericordia
3214 4494 3263 4539 et
3287 4486 3473 4540 veritas
3508 4482 3670 4555 (Psal.
3692 4491 3826 4542 xm,

2262 4575 2354 4644 10)
2372 4584 2703 4651 ;ηιιιι·υη]αυθ
2726 4584 2904 4629 autem
2933 4575 2985 4630 in
3012 4575 3229 4631 Christo
3252 4587 3357 4643 est,
3392 4587 3449 4632 et
3477 4586 3668 4645 prteter
3689 4567 3829 4625 Chriv

2260 4675 2397 4719 stum
2426 4679 2684 4734 nusquam
2708 4676 2809 4720 est.
2837 4666 2962 4721 Dico
2982 4668 3117 4721 enim
3140 4664 3418 4731 Christum,
3440 4669 3516 4723 ait
3539 4661 3827 4735 Αιιοειοὶιιεν

2265 4757 2551 4811 ministrum
2590 4758 2745 4827 fuisse
2780 4760 3174 4815 circumcisionis
3199 4770 3406 4831 propter
3433 4761 3687 4815 ueritatem
3718 4752 3827 4811 Dei.

2263 4850 2331 4902 ad
2360 4849 2739 4918 conﬁrmandos
2777 4851 3133 4920 promissiones
3174 4851 3436 4918 Patrum;
3466 4850 3647 4906 Gentes
3680 4855 3831 4900 autem

2261 4954 2410 5011 super
2435 4939 2828 4995 misericordiam
2848 4942 3134 5012 gloriﬁcare
3151 4943 3308 4997 Deum
3334 4942 3515 5015 (Rom.
3535 4954 3626 5007 xv,
3652 4940 3685 4994 8
3699 4947 3741 4991 et
3757 4935 3826 5001 9i.

2263 5031 2318 5085 ln
2351 5031 2453 5087 hoc
2478 5032 2640 5102 igitur
2665 5032 3009 5087 misericordia
3030 5077 3044 5101 ,
3085 5036 3205 5104 quia
3230 5050 3329 5089 nos
3358 5034 3621 5098 redemit;
3652 5031 3703 5085 in
3744 5027 3831 5081 hoc

2262 5125 2465 5190 veritas,
2492 5124 2614 5194 quia
2643 5124 2693 5178 id
2724 5124 2866 5195 quod
2897 5125 3142 5195 promisit
3168 5126 3429 5197 implevit,
3454 5134 3510 5180 et
3538 5123 3833 5193 impleturus

2264 5226 2348 5271 est
2370 5216 2507 5288 quod
2534 5217 2816 5286 promittit.
2852 5218 2953 5285 Qui
2979 5232 3109 5289 ergo
3131 5230 3404 5290 operantur
3432 5218 3759 5288 iniquitatem,
3788 5209 3832 5264 id

2264 5316 2347 5363 est
2376 5307 2773 5375 infidelitatem,
2813 5324 2913 5362 non
2938 5310 2989 5363 in
3018 5311 3109 5365 viis
3144 5311 3255 5381 ejus
3280 5308 3699 5367 ambulaverunt;
3725 5301 3832 5373 quia

2264 5399 2318 5453 in
2352 5396 2622 5453 Christum
2664 5413 2766 5453 non
2795 5400 3154 5456 crediderunt.
3198 5402 3337 5472 Ergo
3365 5402 3759 5463 convertantur,
3787 5403 3834 5448 et

2268 5488 2321 5541 in
2348 5502 2468 5541 eum
2500 5489 2586 5558 qui
2614 5489 2871 5557 justifieat
2896 5491 3115 5559 impium
3137 5533 3151 5559 ,
3185 5493 3269 5561 pie
3310 5493 3570 5557 credant,
3602 5502 3751 5559 atque
3786 5486 3831 5541 iu

2268 5580 2362 5635 illo
2406 5581 2828 5636 misericordiam
2873 5585 3107 5653 peccatis
3149 5584 3423 5651 dimissis,
3474 5593 3532 5645 et.
3577 5585 3832 5639 veritatem

2270 5675 2546 5743 completis
2574 5675 2870 5745 promissis,
2906 5675 3008 5733 hoc
3049 5686 3165 5748 est,
3199 5680 3479 5736 uoiversas
3506 5681 3619 5735 vias
3647 5672 3835 5733 Domini

2342 5788 2441 5836 'sic
2461 5793 2566 5835 Mss.
2593 5788 2701 5836 ΕΜ.
2726 5802 2844 5839 vero
2859 5823 2873 5850 ,
2896 5790 3110 5844 malm
