4070 6474
255 368 385 429 1509

253 478 562 535 inveniant:
615 478 670 532 in
713 473 905 546 quibus
948 471 1281 529 ambulantes
1322 484 1429 525 non
1470 469 1829 539 operabuntur

255 569 621 639 iniquitatem;
671 566 792 636 quis
832 580 941 620 non
990 564 1245 618 tenebunt
1292 560 1691 623 infidelitatem,
1742 556 1837 611 sed

255 660 432 724 ﬁdem,
459 674 581 729 quae
609 673 707 725 per
728 656 1068 711 dilectidnem
1095 662 1347 724 operatur
1375 650 1568 721 (Galat.
1597 665 1651 717 v,
1686 648 1762 718 6),
1785 656 1839 701 et

255 750 338 807 cui
363 758 641 819 peccatum
668 761 774 803 non
805 746 1111 815 imputatur.

864 942 871 949 ι
912 891 1082 933 ssnuo
1121 892 1190 930 tv.

329 1014 381 1068 i.
415 1010 567 1084 [sera
597 1008 677 1082 4.]
716 1009 847 1078 Quis
874 1017 977 1075 est,
1015 1005 1337 1069 charissimi,
1381 1004 1469 1073 qui
1505 1003 1727 1057 Domino
1755 1001 1840 1054 di-

261 1105 349 1167 cit,
384 1120 405 1154 ι
441 1101 519 1155 Tu
544 1100 841 1169 prfecepisti
864 1098 1108 1153 mandata
1130 1105 1216 1150 tua
1245 1095 1502 1150 custodiri
1522 1094 1697 1147 nimis.
1729 1091 1843 1147 Uti-

264 1207 383 1247 nam
413 1193 710 1262 dirigantur
733 1191 827 1244 νίω
852 1206 986 1245 mea:
1009 1189 1075 1243 ad
1105 1187 1484 1243 custodiendas
1506 1186 1841 1256 iustiﬁcatio-

261 1299 355 1337 nes
375 1292 511 1337 tuas.
544 1282 693 1336 Tunc
722 1296 825 1335 non
852 1279 1163 1341 confundor,
1189 1278 1315 1332 dum
1344 1278 1566 1345 inspicio
1588 1276 1639 1329 in
1664 1275 1841 1329 omnia

262 1374 511 1430 mandata
545 1374 669 1427 tua?
705 1393 722 1425 ι
761 1372 893 1440 Quis
932 1380 1015 1425 est
1041 1371 1131 1439 qui
1163 1370 1264 1423 hoc
1304 1368 1452 1433 dicit,
1506 1368 1606 1420 nisi
1652 1381 1844 1419 unum-

258 1463 505 1535 quodque
560 1463 858 1517 membrum
906 1459 1125 1522 Christi,
1169 1458 1255 1511 vel
1306 1457 1482 1527 potius
1526 1457 1841 1510 universum

262 1572 455 1627 corpus
483 1556 723 1611 Christi?
770 1556 833 1609 Et
876 1554 1000 1624 quid
1038 1562 1140 1618 est,
1180 1551 1255 1605 Tu
1290 1553 1568 1622 praecepisti
1605 1552 1843 1603 mandata

262 1660 345 1703 tua
370 1648 620 1702 custodiri
642 1647 826 1701 nimis?
852 1657 1046 1709 utrum,
1070 1644 1216 1697 nimis
1238 1644 1551 1713 prazccpisti;
1580 1658 1670 1707 an,
1696 1642 1845 1695 nimis

261 1739 502 1793 custodiri
520 1738 547 1791 .’
564 1736 846 1805 Quodlibet
877 1735 1063 1790 horum
1090 1734 1460 1803 intelligamus,
1492 1742 1675 1787 contra
1699 1733 1841 1787 illam

262 1830 661 1886 memorabilem
693 1829 1028 1896 nobilemque
1051 1828 1367 1881 sententiam
1398 1826 1497 1878 hoc
1525 1825 1727 1879 dictum
1761 1825 1840 1878 vi-

260 1919 434 1986 detur,
483 1933 642 1989 quam
687 1918 863 1974 (ἔταξςὶ
900 1917 1115 1971 laudant
1162 1916 1213 1971 in
1250 1914 1576 1985 sapientibus
1618 1915 1749 1979 suis,
1791 1922 1845 1969 et

260 2009 429 2064 Latini
462 2008 726 2065 laudando
754 2008 1093 2063 consentiunt
1121 2024 1134 2060 :
1169 2024 1188 2057 ι
1220 2004 1294 2061 Ne
1320 2005 1444 2075 quid
1482 2005 1636 2059 nimis
1667 2023 1685 2057 ι
1725 2003 1846 2075 (Te-

260 2108 389 2153 rent.
426 2098 593 2153 Andr.
646 2099 755 2151 Act.
799 2114 837 2159 ι,
868 2112 942 2151 sc.
976 2098 1046 2164 l).
1074 2095 1130 2152 Si
1177 2096 1318 2150 enim
1362 2096 1463 2149 hoc
1506 2110 1690 2149 verum
1738 2104 1839 2160 est,

262 2199 317 2244 ut
342 2206 411 2246 ne
438 2189 566 2260 quid
593 2188 751 2244 nimis
787 2191 905 2254 fiat;
951 2186 1219 2257 quomodo
1258 2202 1441 2241 verum
1482 2195 1563 2239 est
1586 2184 1726 2255 quod
1760 2184 1844 2239 hic

262 2281 473 2351 dicitur,
512 2280 593 2336 Tu
637 2281 918 2353 praccpisti
961 2281 1204 2334 mandata
1242 2289 1330 2333 tua
1374 2279 1615 2333 custodiri
1657 2278 1846 2332 nimis?

260 2372 471 2446 quando
497 2373 636 2429 Deus
663 2373 858 2443 aliquid
888 2373 973 2429 vel
1010 2372 1169 2426 nimis
1192 2371 1533 2443 praeciperet,
1562 2370 1644 2425 vel
1685 2371 1845 2426 nimis

259 2466 514 2521 custodiri
554 2464 733 2530 vellet,
780 2466 824 2519 si
854 2478 1013 2518 omne
1051 2463 1272 2516 nimium
1320 2459 1736 2531 reprehensione
1764 2460 1846 2515 di-

260 2572 417 2628 gnum
446 2557 628 2612 esset?
653 2556 959 2610 Diceremus
982 2569 1109 2623 ergo
1139 2568 1237 2607 nos
1266 2552 1405 2607 nulla
1430 2566 1726 2622 graecorum
1755 2567 1845 2606 sa-

262 2650 516 2717 pientium
537 2649 863 2703 auctoritate
878 2646 1100 2711 teneri‘,
1126 2646 1392 2700 intuentes
1421 2644 1561 2713 quod
1592 2644 1845 2714 scriptum

260 2750 359 2801 est,
392 2737 582 2793 Nonne
609 2737 814 2793 stutum
841 2738 956 2807 fecit
984 2736 1123 2790 Deus
1164 2734 1460 2806 sapientiam
1485 2735 1639 2805 Itujus
1674 2734 1847 2787 mundi

262 2829 303 2899 (l
322 2829 441 2885 Cor.
465 2846 504 2897 t,
532 2830 668 2899 20)?
695 2840 749 2885 et
769 2831 945 2899 potius
969 2829 1120 2883 istam
1165 2827 1483 2881 sententiam
1514 2826 1697 2879 falsam
1729 2840 1847 2879 esse

258 2922 622 2989 crederemus,
645 2937 747 2992 qua
770 2922 968 2975 dictum
990 2930 1089 2982 est,
1124 2937 1141 2971 t
1170 2918 1245 2973 Ne
1268 2918 1394 2987 quid
1427 2918 1583 2971 nimis
1618 2936 1662 2983 ι,
1686 2933 1844 2986 quam

257 3014 495 3068 divinum
524 3014 816 3083 eloquium,
860 3012 949 3066 ubi
978 3011 1202 3079 legimus
1241 3018 1400 3078 atque
1438 3017 1734 3071 cantamus,
1768 3006 1846 3059 Tu

258 3103 538 3172 proccpisti
552 3103 790 3156 mandata
802 3112 888 3155 tua
900 3101 1137 3154 custodiri
1154 3100 1327 3161 nimis;
1340 3100 1435 3151 nisi
1451 3114 1547 3152 nos
1561 3112 1662 3152 non
1676 3112 1845 3167 gra‘ca

258 3195 437 3261 elatio,
471 3194 565 3249 sed
589 3209 713 3249 vers
740 3193 875 3247 ratio
896 3200 1190 3247 revocaret.
1224 3192 1389 3245 Nimis
1415 3191 1611 3259 quippe
1632 3189 1843 3255 dicitur,

259 3287 514 3360 quidquid
556 3287 679 3357 plus
708 3286 865 3341 fuerit
906 3300 1061 3355 quam
1110 3291 1343 3354 oportet.
1390 3282 1520 3336 Nam
1567 3296 1752 3351 parum
1793 3289 1851 3335 et

258 3379 482 3434 nimium
510 3378 618 3433 duo
643 3386 767 3432 sunt
788 3378 927 3432 inter
952 3391 1009 3431 se
1036 3375 1323 3430 contraria.
1360 3375 1552 3428 Parum
1593 3381 1675 3427 est
1702 3372 1844 3442 quod

259 3470 435 3525 minus
456 3480 719 3538 estquam
745 3476 952 3537 oportet
976 3481 989 3530 ;
1018 3476 1073 3520 et
1094 3467 1339 3530 nimium,
1364 3466 1480 3533 plus
1500 3478 1655 3533 quam
1685 3477 1844 3532 opor-

260 3569 354 3617 tet.
398 3560 601 3615 Horum
646 3559 699 3613 in
739 3558 914 3613 medio
958 3557 1147 3611 modus
1192 3566 1295 3618 est,
1338 3556 1477 3625 quod
1511 3556 1723 3620 dicitur,
1755 3553 1850 3609 Sat

260 3661 358 3707 est.
392 3653 527 3707 Cum
557 3651 734 3720 itaque
763 3649 892 3703 utile
922 3648 994 3703 sit
1031 3648 1084 3702 in
1124 3649 1224 3699 vita
1268 3656 1323 3699 et
1364 3646 1620 3710 moribus,
1653 3656 1711 3699 ιιι
1738 3660 1849 3698 am-

262 3744 398 3815 plius
422 3757 581 3814 quam
618 3749 829 3811 oportet
860 3740 990 3794 nihil
1030 3739 1251 3792 omnino
1286 3738 1574 3799 faciamus;
1609 3735 1851 3806 profecto

262 3852 440 3891 veram
469 3850 589 3890 esse
617 3833 955 3894 sententiam,
994 3850 1017 3883 ι
1042 3831 1117 3884 Nc
1140 3831 1262 3900 quid
1305 3830 1479 3892 nimis,
1514 3847 1532 3881 ι
1571 3828 1725 3882 fateri
1757 3843 1852 3896 po-

265 3932 363 3985 tius
394 3943 558 3999 quam
584 3940 777 3996 negare
802 3924 1077 3979 debemus.
1103 3923 1207 3978 Sed
1235 3920 1519 3990 aliquando
1548 3920 1705 3973 latina
1742 3920 1848 3977 lin-

263 4038 359 4095 gua
383 4022 487 4075 hoc
508 4018 671 4073 verbo
698 4018 775 4071 sic
799 4017 1055 4080 abutitur,
1089 4024 1144 4067 ιιι
1175 4012 1332 4066 nimis
1371 4026 1466 4080 pro
1506 4026 1570 4063 eo
1597 4010 1737 4079 quod
1769 4019 1849 4062 est

267 4112 437 4177 valde,
481 4119 537 4165 et
579 4109 809 4180 positum
851 4106 1186 4161 inveniamus
1222 4105 1274 4157 in
1317 4101 1535 4158 Litteris
1579 4101 1765 4167 sacris,
1798 4110 1851 4154 et

268 4215 528 4274 ponamus
556 4201 609 4255 itt
641 4198 978 4254 sermonibus
1000 4196 1215 4259 nostris.
1243 4195 1373 4249 Nam
1406 4204 1460 4248 et
1486 4194 1591 4259 hic,
1617 4193 1697 4247 Tu
1720 4209 1853 4265 pra-

266 4295 441 4363 ccpisti
484 4290 726 4346 mandata
754 4300 842 4343 tua
868 4288 1109 4343 custodiri
1139 4284 1306 4353 nimis,
1338 4286 1545 4339 nonnisi
1578 4286 1738 4339 Valde
1769 4286 1851 4338 in-

273 4385 571 4457 telligimus,
602 4382 647 4436 si
677 4389 823 4435 recte
862 4377 1244 4448 intelligimus:
1274 4387 1348 4440 et,
1382 4376 1549 4429 Nimis
1575 4384 1628 4429 Ic
1666 4375 1848 4445 diligo,

270 4479 311 4534 si
347 4477 507 4533 alicui
538 4464 856 4529 cliarissimo
883 4471 1129 4535 dicimus,
1178 4484 1281 4523 non
1326 4469 1506 4537 utique
1550 4466 1665 4537 plus
1693 4481 1851 4536 quam

264 4576 498 4639 oportet,
522 4565 617 4621 sed
649 4561 798 4617 valde
825 4576 924 4617 nos
950 4558 1170 4631 diligere
1200 4559 1419 4629 intelligi
1452 4557 1715 4612 volumus.
1753 4559 1853 4612 De-

276 4663 429 4733 nique
451 4661 541 4715 illa
559 4670 729 4728 grmca
748 4655 1009 4710 sententia
1028 4666 1132 4707 non
1151 4653 1311 4708 habet
1327 4652 1427 4707 hoc
1446 4652 1690 4718 verbum,
1715 4652 1854 4721 quod

276 4754 357 4809 hic
402 4752 602 4823 legitur
650 4767 663 4804 :
697 4750 766 4804 ibi
796 4750 938 4804 enim
978 4755 1059 4802 est
1082 4752 1201 4813 ἄγαν
1222 4787 1237 4811 ,
1272 4742 1414 4814 quod
1445 4752 1525 4798 est
1558 4743 1749 4807 nimis;
1774 4739 1858 4797 hic

276 4856 352 4901 est
376 4852 559 4899 autem
588 4847 781 4914 σφόδρα,
809 4839 952 4912 quod
990 4847 1072 4893 est
1101 4837 1287 4891 Valde.
1320 4835 1423 4890 Sed
1466 4834 1770 4905 aliquando,
1800 4843 1861 4888 ut

278 4938 523 5002 diximus,
554 4936 723 4991 Nimis
752 4950 851 5005 pro
886 4947 953 4989 eo
976 4931 1119 5003 quod
1156 4938 1239 4985 est
1264 4927 1430 4983 Valde
1468 4937 1522 4982 et
1548 4927 1745 4980 dictum
1775 4926 1858 4979 in-

280 5029 541 5092 venimus,
568 5036 619 5080 et
655 5010 881 5080 dicimus
907 5042 921 5077 :
948 5022 1091 5078 unde
1129 5020 1370 5075 nonnulli
1400 5018 1559 5073 etiam
1590 5017 1735 5071 latini
1764 5030 1860 5071 co-

280 5117 420 5173 dices
446 5132 556 5172 tton
588 5116 802 5177 habent,
832 5113 908 5167 Tu
939 5112 1220 5184 pratccpisti
1243 5109 1481 5164 mandata
1507 5119 1594 5162 tua
1620 5108 1863 5162 custodiri

285 5210 464 5263 nimis:
492 5207 608 5271 sed,
638 5205 801 5259 valde.
826 5203 992 5259 Valde
1017 5204 1195 5272 itaque
1216 5201 1468 5272 prmcepit
1492 5201 1593 5253 hoc
1622 5199 1781 5265 Deus,
1809 5208 1865 5252 et

288 5294 433 5354 valde
458 5306 675 5368 oportet
702 5298 793 5351 Dei
824 5294 1079 5350 custodiri
1108 5295 1375 5348 mandata.

350 5391 407 5446 2.
448 5390 604 5463 (vers.
636 5388 716 5461 5.]
754 5387 860 5444 Sed
900 5387 1118 5441 humilis
1145 5388 1314 5455 pietas
1342 5384 1425 5438 vel
1460 5385 1543 5455 pia
1572 5384 1862 5451 humilitas,

290 5493 339 5538 ct
390 5484 525 5539 fides
568 5498 675 5538 non
719 5483 1000 5536 immemor
1037 5480 1218 5550 gratiae
1244 5520 1258 5543 ,
1300 5476 1427 5548 quid
1481 5476 1732 5546 adjnngat
1783 5484 1865 5530 at-

291 5576 484 5631 tendite
513 5592 526 5629 :
564 5573 795 5639 Utinam,
819 5572 1008 5641 inquit,
1039 5571 1323 5640 dirigantur
1346 5568 1440 5622 vite
1464 5582 1589 5621 more
1607 5567 1675 5621 ad
1693 5575 1864 5621 custo-

291 5668 494 5721 diendas
511 5666 903 5736 justiﬁcationes
930 5674 1061 5717 ttttts.
1086 5660 1389 5731 Pt‘atcepisti
1418 5659 1632 5731 quidem
1665 5667 1738 5726 ιιι,
1773 5658 1867 5715 Sed

357 5806 374 5836 ³
398 5816 489 5853 λιιι.
520 5814 570 5854 et
592 5811 721 5862 Mss,
743 5813 930 5852 tmen.

1331 359 1726 417 ENABRATIO
1762 357 1825 412 lN
1867 355 2184 412 PSALMUM
2225 355 2453 412 CXHll.

3389 363 3529 419 tirio

1951 467 2152 520 utinam
2195 467 2341 536 quod
2382 466 2677 537 praecepisti
2729 467 2821 522 tlat
2871 469 3022 525 mihi.
3069 469 3169 527 Ubi
3215 472 3364 529 aud.s
3414 475 3526 528 titi-

1944 570 2097 622 nam,
2168 572 2354 612 vocem
2409 560 2644 628 Optantis
2706 570 2973 630 agnosce;
3041 569 3099 617 at
3160 566 3334 634 agnita
3390 582 3525 623 voce

1944 649 2195 717 aptantis,
2233 649 2440 719 depone
2465 651 2766 718 superbiam
2800 654 3188 720 prtesumentis.
3216 655 3346 722 Quis
3383 662 3524 711 enim

1944 751 2004 791 se
2029 738 2168 792 dicat
2199 750 2383 807 optare
2411 741 2553 809 quod
2575 740 2651 794 sic
2674 742 2832 796 habet
2851 743 2901 795 in
2930 743 3132 797 arbitrii
3162 753 3443 813 potestate,
3472 758 3531 801 ut

1946 829 2092 882 nullo
2119 829 2359 899 indigens
2388 831 2694 900 adjumento
2737 833 2787 886 id
2831 836 2996 901 possit
3019 836 3276 891 efficere?
3314 839 3453 909 Ergo
3482 842 3527 894 si

1945 927 2092 986 optat
2132 918 2291 971 humo
2329 920 2470 989 quod
2523 922 2763 989 praecipit
2804 921 2972 987 Deus;
3018 934 3073 977 ut
3111 925 3201 979 det
3242 927 3355 996 ipse
3384 930 3525 998 quod

1945 1007 2204 1076 praecipit,
2238 1008 2505 1077 rogandus
2539 1019 2624 1064 est
2666 1011 2825 1065 Deus.
2853 1013 2898 1065 A
2928 1028 3034 1082 quo
3062 1016 3203 1069 enim
3231 1018 3520 1085 optandum

1944 1107 2047 1162 est,
2091 1098 2191 1153 nisi
2232 1101 2300 1154 ab
2329 1100 2438 1166 illo,
2484 1116 2514 1154 a
2558 1116 2663 1171 quo
2706 1102 2860 1156 Patre
2896 1106 3144 1165 luminum
3187 1122 3335 1160 onme
3357 1109 3531 1163 datum

1947 1191 2188 1257 optimum
2221 1198 2272 1242 ct
2310 1204 2458 1243 omne
2482 1190 2669 1244 donum
2709 1195 3005 1262 perfectum,
3039 1206 3219 1250 sancta
3259 1197 3531 1269 Scriptura

1908 1300 1913 1303 ι
1949 1287 2105 1346 teste,
2138 1280 2390 1333 descendit
2412 1280 2634 1351 (Jacobi.
2660 1299 2698 1344 ι,
2724 1284 2812 1351 17)
2830 1285 2855 1337 ?
2876 1284 3098 1356 Pr0pter
3126 1302 3225 1342 eos
3242 1300 3421 1345 autem
3440 1293 3530 1362 qui

1950 1378 2133 1437 putant
2170 1370 2283 1425 hoc
2302 1371 2419 1423 solo
2446 1387 2544 1425 nos
2566 1372 2631 1425 ad
2671 1372 2963 1427 faciendam
2995 1375 3253 1444 justitiam
3276 1380 3533 1436 divinitus

1947 1457 2208 1527 adjuvari,
2231 1460 2371 1528 quod
2400 1460 2491 1513 Dci
2526 1472 2786 1531 praecepta
2814 1465 2966 1518 nobis
2992 1466 3043 1519 in
3075 1467 3315 1523 notitiam
3351 1470 3530 1540 profe-

1948 1557 2156 1613 runtur,
2192 1559 2249 1602 ut
2274 1564 2337 1603 ea
2368 1551 2731 1620 cognita,jatn
2770 1555 2889 1609 sine
2925 1555 3030 1609 ttlla
3070 1558 3161 1613 Dei
3187 1561 3376 1629 gratia,
3402 1562 3535 1616 solis

1950 1649 2149 1694 nostrae
2182 1642 2471 1696 voluntatis
2502 1644 2703 1698 viribus
2732 1645 3080 1715 impleantur;
3117 1666 3222 1704 non
3264 1662 3410 1722 optat
3445 1653 3533 1708 hic

1946 1730 2100 1801 dirigi
2149 1734 2264 1787 vias
2296 1747 2420 1789 suas
2463 1735 2529 1789 ad
2568 1737 2943 1792 custodiendas
2966 1740 3371 1809 jttstilicationes
3415 1745 3530 1811 Dei,

1949 1823 2047 1877 nisi
2065 1824 2173 1894 jam
2212 1825 2326 1893 ejus
2366 1827 2597 1896 acceptis
2620 1829 2735 1898 ipso
2762 1831 3104 1902 praecipiente
3140 1836 3421 1892 mandatis.
3451 1839 3532 1893 Ad

1950 1914 2051 1970 hoc
2079 1916 2220 1970 enim
2248 1918 2473 1985 pertinet
2494 1920 2635 1989 quod
2668 1923 2945 1989 prtemisit,
2978 1923 3058 1977 Tu
3078 1927 3363 1995 praccpisti
3388 1943 3534 1983 man-

1948 2004 2067 2058 data
2094 2015 2183 2059 tua
2203 2008 2442 2061 custodiri
2464 2010 2635 2063 nimis.
2657 2010 2931 2081 Tanquam
2960 2014 3161 2069 diceret
3185 2032 3202 2068 :
3226 2014 3341 2070 1am
3360 2017 3535 2088 legem

1950 2097 2152 2166 accepi,
2187 2099 2295 2167 jam
2345 2101 2501 2165 novi;
2550 2108 2602 2153 tu
2648 2102 2790 2156 enim
2825 2106 3121 2173 praecepisti
3156 2107 3401 2163 mandata
3444 2117 3532 2163 tua

1949 2187 2204 2241 custodiri
2251 2189 2408 2243 nimis
2440 2198 2532 2244 :et
2569 2190 2815 2244 mandata
2852 2202 2937 2246 tua
2968 2204 3172 2261 sancta,
3210 2203 3264 2250 et
3282 2197 3445 2266 justa,
3478 2209 3535 2253 et

1948 2279 2121 2345 bona;
2154 2280 2247 2334 sed
2291 2292 2562 2350 peccatum
2606 2298 2698 2352 per
2724 2282 2919 2337 bonum
2948 2285 3076 2339 mihi
3104 2296 3359 2356 Operatur
3384 2302 3531 2343 mor-

1950 2377 2059 2425 tem
2087 2369 2262 2441 (Rom.
2293 2386 2389 2436 vn,
2422 2372 2508 2435 12,
2540 2372 2650 2442 t3),
2693 2373 2790 2427 nisi
2821 2373 3036 2444 adjuvet
3078 2384 3164 2431 tua
3193 2378 3380 2445 gratia.
3413 2376 3531 2431 Uti-

1950 2476 2065 2512 nam
2087 2475 2214 2529 ergo
2239 2460 2523 2531 dirigantur
2552 2463 2644 2516 uite
2662 2476 2788 2517 mea
2810 2464 2878 2518 ad
2906 2466 3256 2520 custodiendas
3273 2467 3533 2538 justi/ica-

1951 2550 2106 2604 tionss
2136 2560 2268 2607 tuas.

2020 2642 2073 2695 '5.
2118 2641 2266 2714 [υεη.
2297 2642 2378 2715 6.]
2420 2644 2560 2697 Tunc
2605 2662 2704 2699 non
2735 2647 3041 2718 confundor,
3082 2648 3204 2701 dum
3240 2649 3453 2720 inspicio
3476 2650 3533 2704 in

1950 2734 2121 2786 omnia
2162 2734 2404 2788 mandata
2431 2745 2537 2789 tua.
2559 2736 2801 2791 Mandata
2844 2739 2935 2792 Dei
2973 2739 3087 2794 sive
3110 2756 3231 2794 cum
3264 2742 3531 2812 leguntur,

1950 2824 2062 2877 sive
2084 2839 2207 2877 cum
2230 2826 2486 2879 memoria
2522 2828 2851 2891 recoluntur,
2882 2838 3129 2899 tanquam
3152 2832 3426 2899 speculum
3452 2834 3535 2889 in-

1953 2914 2205 2969 tuendum
2233 2926 2338 2981 est,
2382 2918 2673 2972 secundum
2710 2921 3023 2989 Apostolum
3056 2921 3311 2975 Jacobum
3342 2923 3534 2980 dicen—

1952 3014 2079 3072 tem,
2123 3025 2142 3059 t
2174 3009 2229 3062 Si
2267 3009 2386 3077 quis
2431 3018 2515 3065 est
2555 3011 2766 3064 auditor
2802 3012 2949 3065 verbi
3004 3021 3057 3066 ct
3092 3028 3196 3066 non
3232 3013 3416 3079 factor,
3449 3016 3535 3071 hic

1951 3100 2347 3167 comparabitur
2371 3101 2487 3153 viro
2510 3102 2868 3156 consideranti
2895 3103 3096 3156 vultum
3121 3106 3405 3161 nativitatis
3424 3121 3534 3163 sua!

1952 3188 2004 3241 in
2046 3190 2298 3257 speculo;
2326 3190 2689 3245 consideravit
2712 3193 2854 3246 enim
2882 3206 2958 3253 se,
3002 3204 3055 3247 et
3091 3194 3240 3258 abiit,
3273 3204 3327 3249 et
3351 3198 3549 3254 statim-

1950 3280 2147 3334 oblitus
2188 3289 2271 3334 est
2302 3281 2474 3350 qualis
2518 3282 2677 3336 fuerit
2706 3299 2718 3335 :
2747 3283 2837 3352 qui
2881 3293 3059 3337 autem
3108 3284 3437 3354 perspexerit
3478 3288 3531 3341 in

1954 3372 2122 3445 legem
2148 3373 2440 3444 perfectam
2469 3374 2751 3439 libertatis,
2776 3385 2830 3430 et
2852 3379 3219 3445 permanserit,
3248 3393 3352 3433 non
3382 3380 3532 3434 audi-

1955 3473 2036 3518 tor
2062 3464 2354 3519 obliviosus
2381 3464 2573 3533 factus,
2599 3466 2691 3521 sed
2730 3468 2897 3523 factor
2921 3470 3117 3537 operis,
3150 3470 3234 3524 hic
3264 3469 3451 3527 beatus
3478 3471 3532 3526 i1

1954 3557 2092 3612 facto
2131 3572 2231 3612 suo
2269 3558 2371 3613 erit
2409 3578 2427 3609 ι
2461 3556 2660 3630 (Jacobi
2684 3560 2951 3630 525-25).
2982 3560 3165 3615 Talem
3196 3577 3254 3616 se
3284 3562 3383 3617 iste
3421 3566 3533 3619 vult

1952 3664 2092 3712 esse,
2123 3660 2180 3703 ut
2209 3651 2453 3720 inspiciat
2473 3660 2721 3721 tanquam
2751 3653 2801 3705 in
2824 3654 3042 3721 speculo
3067 3654 3312 3709 mandata
3345 3656 3457 3720 Dei,
3480 3664 3551 3711 et.

1955 3756 2060 3794 non
2103 3740 2494 3805 confundatur;
2543 3743 2665 3811 quia
2714 3758 2818 3798 non
2863 3744 3066 3797 auditor
3104 3760 3286 3799 eorum
3331 3754 3534 3800 tantum

1958 3830 2073 3884 vult
2097 3846 2237 3895 esse,
2276 3832 2367 3885 sed
2398 3836 2580 3902 factor.
2608 3832 2893 3901 PrOpterea
2923 3844 3068 3902 aptat
3094 3834 3247 3904 dirigi
3277 3835 3389 3889 vias
3413 3852 3536 3891 suas

1954 3921 2021 3975 ad
2054 3921 2431 3976 custodiendas
2454 3922 2863 3988 iustificationes
2896 3923 3009 3977 Dei.
3044 3922 3195 3979 Unde
3227 3925 3403 3995 dirigi,
3431 3926 3534 3981 nisi

1954 4014 2121 4084 gratia
2177 4013 2314 4067 Dei?
2365 4014 2613 4083 Alioquin
2662 4015 2833 4083 lcng
2881 4016 2971 4069 Dei
3023 4015 3256 4081 habebit,
3301 4033 3405 4071 non
3445 4017 3541 4073 ubi

1955 4103 2267 4171 gratuletur,
2301 4104 2392 4158 sed
2422 4104 2507 4158 ubi
2538 4102 2915 4171 confundatur,
2963 4106 3007 4159 si
3038 4106 3264 4161 voluerit
3290 4108 3537 4163 mandata

1957 4193 2233 4264 inspicere,
2261 4209 2379 4262 qua:
2407 4209 2511 4248 non
2545 4192 2687 4249 facit.

2027 4284 2080 4338 4.
2112 4282 2261 4356 [vers.
2305 4284 2382 4357 7.]
2422 4285 2725 4354 Conﬁtcbor,
2754 4286 2944 4355 inquit,
2977 4286 3088 4352 tibi,
3118 4286 3350 4355 Domine,
3382 4288 3435 4343 in
3459 4289 3541 4343 dia

1958 4378 2177 4432 rectione
2215 4378 2401 4442 cordis,
2444 4379 2497 4432 in
2547 4395 2603 4432 eo
2640 4379 2775 4448 quod
2813 4379 3073 4434 didicerim
3092 4380 3294 4451 judicia
3322 4382 3544 4452 justitia!

1960 4480 2079 4524 tace.
2108 4468 2221 4523 Non
2252 4478 2336 4524 cst
2376 4479 2713 4538 peccatorum
2742 4469 3008 4525 confessio
3032 4471 3156 4537 ista,
3195 4470 3288 4525 sed
3324 4469 3495 4527 laudis
3524 4489 3542 4525 :

1960 4564 2096 4619 sicut
2128 4562 2203 4617 ait
2231 4563 2392 4617 etiam
2438 4563 2552 4632 ipse
2600 4563 2654 4617 in
2702 4578 2808 4634 quo
2841 4571 3113 4633 peccatum
3164 4565 3368 4620 nullum
3407 4575 3540 4631 erat,

1961 4654 2248 4725 Conﬁtebor
2267 4654 2373 4719 tibi,
2405 4655 2577 4722 Pater,
2607 4654 2818 4710 Domine
2846 4656 2959 4710 caeli
2980 4665 3026 4710 et
3053 4666 3201 4711 tcrrte
3226 4655 3435 4728 (Matth.
3464 4673 3542 4715 XI.

1963 4746 2056 4818 25)
2078 4763 2092 4812 ;
2116 4754 2173 4800 et
2198 4746 2333 4799 sicut
2354 4746 2610 4814 script-um
2639 4756 2716 4800 est
2751 4747 2801 4801 in
2832 4747 2966 4802 libro
2998 4746 3394 4813 Ecclesiastico,
3417 4747 3546 4802 Haec

1964 4840 2138 4893 dicetis
2164 4839 2214 4891 in
2236 4838 2567 4908 confessione,
2605 4836 2772 4906 Opera
2803 4838 3004 4893 Domini
3045 4843 3276 4893 universa
3307 4840 3546 4908 quoniam

1966 4930 2095 4984 bona
2132 4929 2279 4983 ualde
2307 4927 2478 4999 (Eccli
2503 4943 2683 4992 χχχιι,
2713 4928 2786 4983 20
2803 4938 2848 4982 et
2867 4927 2979 5000 21).
3016 4929 3320 4998 Conﬁtcbor,
3349 4928 3545 4998 inquit,

1968 5021 2053 5074 tibi
2078 5020 2130 5073 in
2152 5018 2424 5073 directione
2443 5019 2629 5073 cordis.
2656 5019 2849 5089 Utique
2876 5019 2920 5073 si
2946 5018 3237 5090 dirigantur
3262 5018 3362 5073 vim.
3390 5032 3545 5080 mete.

1967 5112 2261 5167 confitebor
2310 5112 2425 5178 tibi,
2472 5112 2722 5180 quoniam
2768 5120 2822 5166 tu
2866 5111 3056 5176 fecisti,
3101 5119 3156 5166 et
3184 5118 3269 5163 tua
3309 5110 3423 5164 laus
3467 5114 3551 5164 est

1970 5204 2091 5269 ista,
2121 5218 2225 5258 non
2254 5219 2392 5257 utea.
2416 5202 2567 5259 Tunc
2594 5204 2735 5259 enim
2779 5204 3049 5271 conﬁtebor
3076 5203 3128 5255 in
3168 5217 3225 5255 eo
3250 5203 3381 5272 quod
3412 5203 3547 5255 didi-

1969 5296 2122 5348 cerim
2154 5295 2354 5364 judicia
2385 5296 2590 5363 iustitia!
2633 5305 2750 5358 tum,
2803 5294 2846 5349 si
2898 5292 3155 5347 directum
3199 5307 3294 5347 cor
3321 5291 3551 5357 habebo,

1971 5386 2187 5440 directis
2213 5385 2462 5441 videlicet
2488 5386 2590 5439 viis
2639 5385 2774 5438 meis
2802 5383 2866 5437 ad
2897 5383 3270 5438 custodiendas
3295 5382 3553 5454 iustifica-

1974 5476 2146 5530 tiones
2175 5484 2310 5528 tuas.
2346 5474 2478 5528 Nam
2506 5473 2629 5543 quid
2661 5473 2789 5526 mihi
2821 5472 3057 5542 proderit
3083 5474 3225 5543 quod
3267 5484 3328 5529 ea
3357 5473 3532 5529 didice

1974 5567 2096 5630 rim,
2126 5566 2170 5621 si
2200 5564 2362 5621 corde
2388 5578 2643 5634 perverso
2667 5565 2776 5617 vias
2805 5564 2962 5619 abibo
2982 5566 2997 5597 ί
3024 5565 3251 5637 pravas?
3281 5582 3385 5624 non
3413 5568 3555 5623 enim

1980 5660 2200 5716 laetabor
2227 5659 2279 5713 in
2302 5659 2400 5724 eis,
2429 5656 2523 5712 sed
2544 5655 2833 5713 accusabor
2857 5657 2924 5712 ab
2942 5659 3042 5716 eis.

2048 5794 2063 5824 ⁸
2090 5791 2310 5852 Plerique
2338 5798 2459 5847 Mss,
2487 5788 2681 5838 imitatio.
