4090 6492
492 351 620 407 ιδιι

561 468 614 522 5.
657 461 804 536 [vers.
839 462 914 535 8.]
957 461 1156 518 Deinde
1197 460 1476 530 adjungit;
1512 458 1906 528 Justi/icationes
1950 470 2062 511 tuas

491 557 794 611 custodiam.
825 555 954 620 Quae
994 553 1170 607 omnia
1197 567 1263 606 ex
1306 551 1399 605 illo
1434 550 1616 620 utique
1656 557 2063 613 connectuntur,

490 645 632 716 quod
654 646 729 698 ait
752 661 764 698 :
799 663 817 694 ι
845 645 1052 698 Utinam
1076 643 1368 711 dirigantur
1389 640 1487 693 via:
1516 655 1647 693 mea:
1669 639 1734 692 ad
1761 638 2066 692 custodien-

491 738 586 792 das
635 734 1034 794 iustiﬁcationes
1078 743 1230 787 tuas:
1263 741 1389 786 tunc
1436 746 1540 785 non
1581 729 1895 793 confundar,
1938 729 2064 782 dum

494 828 718 898 inspicio
750 827 800 881 in
826 826 1001 879 omnia
1032 824 1276 879 mandata
1304 833 1423 886 tua;
1461 841 1479 874 ι
1512 830 1567 876 et
1601 840 1619 872 ι
1649 820 1944 876 conﬁtebor
1974 819 2065 873 tibi

500 922 552 974 in
583 920 873 974 directione
899 916 1096 979 cordis,
1132 935 1150 967 ι
1179 922 1233 970 et
1265 934 1284 968 ι
1310 914 1714 984 justiﬁeatioues
1745 921 1860 965 tuas
1885 921 2064 965 custo-

494 1012 656 1065 diam.
695 1029 712 1060 ι
747 1008 850 1063 Sed
886 1006 1008 1077 quid
1047 1015 1125 1060 est
1151 1005 1292 1075 quod
1332 1002 1605 1073 sequitur?
1631 1002 1714 1056 Ne
1751 1001 2066 1069 derelinquas

498 1118 575 1153 me
609 1115 761 1168 usque
794 1098 973 1160 valde;
1015 1097 1114 1160 vel,
1147 1097 1283 1150 sicut
1315 1095 1552 1149 nonnulli
1591 1094 1803 1148 codices
1849 1092 2062 1156 habent,

496 1209 651 1263 usque
674 1192 840 1255 nimis,
874 1205 970 1260 pro
997 1205 1061 1243 eo
1087 1188 1228 1257 quod
1256 1196 1337 1243 est
1359 1187 1503 1240 valde
1526 1201 1543 1239 :
1571 1201 1692 1240 nam
1720 1185 1822 1240 hoc
1845 1184 2063 1238 verbum

496 1267 725 1355 gravcum
764 1293 845 1338 est
874 1292 928 1336 et
953 1280 1039 1335 hic
1069 1280 1118 1334 id
1145 1288 1258 1342 est,
1290 1282 1460 1350 σφόδρα
1489 1294 1502 1329 :
1530 1276 1680 1346 quasi
1707 1274 1929 1343 relinqui
1953 1289 2011 1328 se
2033 1288 2063 1326 a

494 1377 718 1430 Domino
747 1375 892 1439 velit,
935 1372 1027 1427 sed
1059 1386 1164 1426 non
1209 1386 1363 1439 usque
1391 1366 1555 1422 valde.
1596 1366 1765 1420 Absit.
1809 1364 1915 1419 Sed
1940 1364 2064 1432 quia

492 1466 778 1534 reliquerat
813 1465 950 1517 Deus
977 1461 1231 1516 mundum
1273 1457 1464 1512 merito
1497 1463 1864 1526 peccatorum;
1912 1468 2066 1520 usque

492 1557 639 1610 valde
669 1555 813 1609 illum
837 1553 1156 1621 reliquisset,
1185 1549 1228 1602 si
1259 1549 1307 1602 ei
1351 1562 1448 1601 nec
1479 1556 1620 1600 lauta
1649 1543 1906 1598 medicina
1935 1557 2064 1610 pro-
2111 1573 2122 1585 -

491 1647 695 1711 fuisset,
724 1646 826 1700 hoc
851 1654 930 1699 est
954 1643 1118 1713 gratia
1151 1642 1239 1696 Dei
1265 1655 1357 1710 per
1375 1639 1555 1694 Jesum
1581 1636 1848 1691 Christum
1881 1635 2064 1689 Domi-

491 1755 618 1794 num
649 1747 885 1792 nostrum
910 1751 924 1787 :
954 1750 1094 1789 nunc
1119 1749 1247 1788 vero
1273 1730 1563 1787 secundum
1586 1729 1737 1782 istam
1768 1727 2063 1782 orationem

490 1829 734 1898 corporis
763 1826 982 1891 Christi,
1011 1841 1115 1880 non
1151 1839 1270 1878 eum
1301 1821 1514 1891 reliquit
1556 1835 1710 1890 usque
1735 1819 1913 1882 ualde;
1941 1818 2064 1888 quia

491 1919 628 1974 Deus
648 1928 752 1973 erat
770 1920 821 1972 in
841 1917 1058 1980 Christo,
1078 1915 1318 1969 mundum
1334 1912 1662 1966 reconcilians
1681 1909 1773 1964 sibi
1791 1909 1857 1978 (ll
1875 1909 1993 1963 Cor.
2007 1924 2061 1974 v,

492 2011 608 2078 19).
628 2010 807 2064 Potest
832 2009 931 2061 hoc
951 2007 1108 2061 etiam
1136 2005 1211 2058 sic
1233 2002 1471 2072 intelligi,
1504 2011 1562 2055 ut
1591 2000 1706 2068 ejus
1728 2000 1825 2054 ista
1851 1999 1918 2052 sit
1939 2012 2061 2065 vox,

491 2101 580 2172 qui
610 2116 728 2155 cum
758 2099 980 2154 dixisset
1009 2098 1060 2152 in
1087 2094 1404 2150 abundantia
1449 2108 1564 2158 sua,
1595 2091 1714 2145 Non
1748 2091 1977 2144 movebar
2009 2091 2064 2144 in

491 2205 753 2256 aeternum,
786 2192 931 2247 velut
958 2205 1052 2244 sua
1079 2189 1273 2243 virtute
1315 2186 1626 2251 conﬁdens;
1675 2194 1733 2239 ut
1758 2183 2065 2238 ostenderet

490 2285 536 2339 ei
567 2285 706 2338 Deus
742 2282 882 2352 quod
912 2297 1015 2336 non
1047 2281 1234 2334 merito
1271 2279 1407 2349 ejus,
1451 2278 1544 2333 sed
1590 2277 1642 2331 in
1672 2277 1940 2331 voluntate
1968 2289 2063 2330 sua

488 2375 808 2446 pnestiterat
831 2373 1009 2428 decori
1037 2373 1153 2440 ejus
1176 2372 1444 2434 virtutem,
1472 2369 1666 2425 avertit
1689 2369 1755 2424 ab
1783 2383 1848 2424 eo
1879 2368 2086 2423 faciem.

489 2482 661 2531 suam,
707 2474 760 2520 et
802 2463 973 2520 factus
1013 2473 1098 2519 est
1141 2463 1486 2518 conturbatus
1532 2459 1700 2531 (Psal.
1728 2476 1873 2524 xxrx,
1906 2459 2061 2528 7,8).

491 2558 773 2613 lnveuiens
812 2572 940 2626 ergo
976 2571 1054 2619 se,
1105 2571 1202 2610 nec
1223 2555 1332 2625 jam
1363 2567 1690 2624 prazsumens
1733 2553 1800 2608 de
1845 2567 1922 2617 se,
1965 2551 2067 2607 cla-

489 2660 617 2715 mat,
657 2649 738 2703 Ne
762 2649 1077 2719 derelinquas
1119 2664 1197 2701 me
1229 2664 1382 2716 usque
1421 2646 1584 2700 valde.
1617 2645 1679 2701 Si
1702 2645 1850 2708 enim
1873 2644 2066 2700 dereli-

489 2741 670 2810 quisti.
711 2749 766 2792 ut
792 2740 909 2793 sine
935 2738 1202 2808 adjutorio
1242 2747 1332 2792 tuo
1359 2737 1598 2793 inﬁrmus
1625 2751 1930 2806 appaream,
1955 2736 2066 2790 noli

491 2849 646 2903 usque
678 2831 842 2897 valde,
877 2847 943 2885 ne
973 2845 1206 2899 peream.
1248 2828 1327 2883 Tu
1349 2845 1478 2898 ergo
1517 2829 1799 2898 praecepisti
1825 2827 2066 2880 mandata

491 2933 575 2978 tua
600 2924 839 2976 custodiri
882 2922 1070 2976 nimis:
1093 2921 1201 2990 jam
1239 2920 1307 2975 de
1346 2920 1642 2989 ignorantia
1683 2935 1769 2974 me
1807 2933 2066 2974 excusare

490 3029 594 3068 non
627 3028 870 3082 possum;
922 3011 1015 3065 sed
1060 3011 1310 3081 quoniam
1352 3010 1592 3064 inﬁrmus
1631 3026 1770 3073 sum,
1809 3028 1828 3060 ι
1863 3010 2064 3063 utinam

492 3105 789 3175 dirigantur
828 3105 923 3157 viae
971 3119 1110 3158 mea:
1151 3103 1215 3156 ad
1264 3102 2067 3172 custodiendas(iustiﬁcationes

493 3191 628 3251 tuas.
661 3197 808 3252 Tunc
858 3211 961 3249 non
1006 3195 1320 3260 confundar,
1349 3194 1475 3248 dum
1523 3195 1746 3262 inspicio
1789 3195 1842 3248 in
1889 3195 2065 3248 omnia

493 3286 737 3341 mandata
770 3295 890 3351 tua;
928 3303 945 3338 ι
1007 3294 1128 3339 tunc
1178 3303 1195 3336 ι
1225 3283 1521 3339 conﬁtebor
1556 3283 1648 3338 tibi
1698 3284 1749 3337 in
1781 3283 2069 3337 directione

493 3375 690 3440 cordis,
723 3377 774 3430 in
805 3391 868 3429 eo
911 3375 1050 3445 quod
1082 3373 1355 3429 didicerim
1383 3373 1581 3442 judicia
1603 3373 1824 3443 justitia:
1870 3382 1973 3427 tuae
1999 3389 2012 3435 ;
2044 3391 2062 3425 ι

497 3476 621 3521 tunc
654 3484 672 3517 ι
701 3466 1104 3535 justiﬁcationes
1144 3475 1261 3519 tuas
1289 3465 1584 3520 cuStodiam
1616 3483 1630 3518 :
1671 3485 1689 3517 ι
1721 3474 1778 3519 et
1805 3466 1848 3518 si
1878 3464 2070 3520 dereli-

496 3559 655 3628 quisti
688 3573 793 3624 me,
843 3575 906 3612 ne
934 3559 1189 3626 gloriarer
1220 3557 1270 3610 in
1300 3572 1405 3621 me,
1437 3557 1546 3612 noli
1591 3571 1778 3626 usque-
1800 3555 1972 3622 valde,
2016 3565 2071 3610 et

493 3649 810 3720 justiﬁcatus
838 3651 932 3704 abs
964 3659 1012 3702 te
1038 3647 1300 3716 gloriabor
1327 3647 1379 3702 in
1412 3657 1481 3701 te.

1155 3793 1324 3834 εειιιιο
1365 3792 1417 3832 ν.

569 3914 621 3968 1.
665 3911 813 3984 [vers.
841 3910 916 3982 9.]
959 3911 1064 3965 Hos
1100 3925 1305 3974 versus,
1344 3909 1664 3975 charissimi,
1698 3909 1802 3964 isto
1829 3909 2073 3964 considea

499 4018 682 4059 remus
707 3996 757 4055 in
788 4002 1010 4071 psalmo,
1028 4011 1081 4055 et
1101 4001 1236 4055 sicut
1268 4000 1524 4055 Dominus
1550 4000 1732 4065 donat,
1757 4000 1872 4068 ejus
1895 4015 2073 4054 sacras

498 4094 726 4154 Litteras
768 4102 1159 4163 perscrutemur
1192 4109 1204 4146 :
1243 4091 1310 4146 In
1355 4109 1452 4163 quo
1491 4093 1693 4163 corrigit
1724 4094 1900 4163 junior
1943 4094 2072 4146 vium

497 4188 687 4242 suam?
711 4183 775 4238 In
804 4184 1128 4238 custodiendo
1157 4184 1304 4238 verba
1343 4194 1449 4237 tua.
1486 4181 1781 4254 luterrogat
1807 4200 1887 4251 se,
1912 4193 1966 4238 et
1991 4200 2074 4239 re-

497 4275 727 4347 spondet
765 4276 884 4331 sibi.
931 4274 996 4328 In
1029 4291 1126 4344 quo
1157 4275 1360 4346 corrigit
1386 4275 1565 4344 junior
1596 4276 1727 4328 viam
1755 4277 1941 4330 suam?
1973 4276 2074 4330 huc

503 4381 672 4437 usque
717 4365 1059 4435 interrogatio
1095 4374 1178 4418 est
1206 4382 1220 4418 :
1252 4364 1443 4418 deinde
1464 4366 1760 4434 responsio,
1811 4365 1876 4419 In
1905 4377 2073 4419 custo-

499 4453 684 4511 diendo
712 4458 856 4510 verba
901 4466 1006 4509 tua.
1053 4455 1156 4510 Sed
1202 4455 1303 4510 hoc
1330 4455 1448 4510 loco
1477 4455 1759 4510 custodilio
1795 4457 2073 4510 verborum

502 4549 616 4612 Dei,
661 4547 996 4617 intelligenda
1036 4556 1117 4600 est
1154 4547 1392 4616 operatio
1415 4555 1800 4617 praeceptorum
1835 4566 1848 4600 :
1880 4545 2074 4601 frustra

502 4639 644 4694 enim
689 4637 1055 4692 cuStodiuntur
1097 4637 1374 4702 memoria,
1404 4637 1450 4692 si
1494 4653 1599 4692 non
1629 4636 1995 4692 custodiantur
2022 4647 2078 4691 et

503 4730 628 4784 vita.
657 4723 788 4783 Nam
824 4728 1037 4798 quidam
1075 4727 1236 4783 verba
1269 4728 1359 4782 Dei
1403 4728 1633 4783 tenendo
1657 4736 1821 4797 agunt
1847 4743 1914 4781 ne
1939 4727 2074 4781 obli-

502 4822 789 4884 viscantur,
817 4834 915 4874 nec
935 4829 1095 4888 agunt
1120 4818 1344 4873 vivendo
1371 4827 1426 4872 ut
1453 4818 1785 4888 corrigantur
1809 4835 1821 4871 :
1852 4834 1954 4872 non
1985 4834 2078 4873 au-

502 4921 609 4968 tem
639 4913 714 4964 ait
739 4910 859 4974 iste,
885 4909 938 4964 in
966 4926 1070 4979 quo
1095 4918 1309 4964 exercet
1327 4909 1507 4978 junior
1534 4909 1844 4964 memoriam
1885 4910 2079 4964 suam?

503 5002 618 5068 sed,
646 5000 712 5056 In
742 5017 839 5074 quo
855 5002 1055 5072 corrigit
1081 5000 1210 5053 uiam
1238 5000 1422 5053 suam?
1443 5009 1602 5069 atque
1625 4999 1690 5054 ad
1721 5000 1824 5055 hoc
1853 5016 2078 5071 respon-

502 5095 614 5162 det,
655 5093 721 5148 In
759 5094 1085 5148 custodiendo
1115 5093 1261 5147 verba
1297 5102 1402 5146 tua.
1452 5092 1634 5162 Neque
1672 5093 1781 5148 ullo
1811 5093 1970 5150 modo
1995 5095 2080 5149 di-

504 5187 670 5243 cenda
696 5197 780 5242 est
801 5188 884 5240 via
913 5195 1172 5250 correcta,
1198 5185 1446 5255 quamdiu
1474 5193 1557 5239 est
1586 5186 1688 5240 vita
1709 5202 1983 5257 perversa.

513 5353 516 5356 ί
576 5280 630 5334 2.
673 5273 790 5333 Sed
822 5278 946 5348 quid
974 5279 1070 5332 sibi
1103 5277 1213 5331 vult
1238 5278 1336 5330 iste
1365 5275 1589 5344 junior?
1624 5277 1800 5331 Potuit
1826 5278 1968 5332 enim
1997 5278 2080 5332 di-

506 5388 628 5427 cere
656 5389 671 5428 :
702 5371 757 5426 In
787 5388 890 5440 quo
919 5371 1134 5440 corrigit
1175 5369 1334 5424 homo
1361 5371 1497 5422 viam
1526 5370 1714 5423 suam?
1751 5379 1860 5433 aut,
1891 5371 1944 5424 In
1977 5386 2082 5438 quo

506 5463 723 5531 corrigit
752 5463 833 5514 vir
853 5462 988 5515 viam
1011 5459 1200 5515 suam?
1222 5459 1359 5529 quod
1385 5461 1693 5530 plerumque
1720 5462 1770 5513 in
1797 5461 2083 5530 Scripturis

512 5555 582 5606 ita
613 5553 838 5621 ponitur,
871 5563 981 5606 uta
1017 5568 1146 5606 sexu
1185 5550 1526 5607 honoratiore
1552 5552 1710 5606 homo
1738 5552 2080 5621 intelligatur,

515 5646 671 5700 modo
693 5644 972 5699 loeutionis
997 5661 1103 5715 quo
1123 5644 1451 5714 signiﬁcatur
1473 5659 1502 5698 a
1529 5653 1676 5714 parte
1697 5653 1880 5699 totum.
1905 5644 2086 5713 Neque

513 5738 651 5792 enim
682 5744 734 5792 et
775 5735 966 5791 femina
998 5753 1101 5790 non
1145 5737 1297 5791 beata
1327 5751 1443 5805 qua:
1485 5749 1586 5791 non
1627 5736 1756 5790 abiit
1785 5736 1835 5790 in
1865 5737 2086 5792 consilio

1717 345 1773 400 S.
1815 340 2173 399 AUGUSTINI
2211 343 2510 402 EPlSCOPl

3600 355 3736 410 1512

2179 460 2457 530 impiorum
2487 480 2500 516 :
2530 463 2616 518 ubi
2647 473 2821 520 tamen
2859 464 3056 520 dictum
3081 475 3183 533 est,
3216 466 3498 524 Beatus'vir
3519 468 3689 540 (Psal.
3717 490 3754 533 I.

2176 553 2250 624 1).
2281 554 2376 608 llic
2398 571 2523 609 vero
2545 571 2642 611 nec
2673 557 2840 611 llomo
2863 559 2959 622 ait,
2988 574 3087 614 nec
3123 560 3229 623 Vir,
3251 561 3344 616 sed
3362 564 3559 632 junior.
3592 564 3758 618 Num.

2173 644 2299 711 quid
2349 644 2710 713 desperandus
2762 655 2845 700 est
2889 649 3104 702 senior?
3152 658 3243 703 aut
3288 650 3339 703 in
3387 652 3493 705 alio
3537 655 3756 722 corrigit

2171 733 2331 786 etiam
2360 735 2539 788 senior
2564 737 2698 789 viam
2727 751 2898 800 suam,
2927 753 3084 807 quam
3129 739 3181 792 in
3211 740 3562 796 custodiendo
3589 744 3754 798 verba

2173 823 2306 878 Dei?
2335 826 2414 878 Au
2446 825 2582 881 forte
2621 826 2912 882 admonitio
2954 837 3053 890 est,
3095 844 3196 898 qua
3233 839 3387 885 aetate
3417 833 3756 900 potissimum

2174 915 2286 970 ﬁeri
2319 916 2541 977 debeat;
2568 919 2857 973 secundum
2888 921 3011 974 illud
3042 922 3182 990 quod
3211 923 3334 975 alibi
3357 926 3610 992 scriptum
3639 937 3755 980 est:

2173 1007 2278 1060 Fili
2301 1050 2314 1071 ,
2343 1025 2376 1060 a
2389 1010 2650 1077 junentute
2677 1020 2762 1062 tua
2790 1013 2962 1081 excipe
2990 1014 3285 1076 doctrinam,
3318 1027 3362 1068 et
3383 1033 3539 1086 usque
3567 1017 3634 1070 ad
3662 1035 3757 1070 ca-

2170 1115 2260 1151 nos
2291 1100 2507 1153 invenies
2526 1101 2824 1169 sapientiam
2852 1103 3034 1172 (Ecdii.
3065 1118 3136 1168 vr,
3169 1105 3298 1174 18)?
3327 1106 3420 1159 Est
3449 1114 3500 1161 et
3522 1106 3658 1160 alius
3686 1109 3757 1160 im

2171 1190 2433 1255 tellectus,
2467 1201 2522 1244 ut
2548 1192 2634 1246 ille
2669 1192 2754 1247 hic
2792 1203 3107 1262 agnoscatur
3136 1196 3275 1249 ﬁlius
3301 1198 3637 1265 evangelicus
3661 1197 3754 1264 ju-

2170 1280 2308 1339 nior,
2339 1281 2426 1348 qui
2462 1281 2728 1348 profectus
2758 1296 2786 1335 a
2819 1292 2970 1351 patre
2999 1284 3050 1337 iu
3085 1285 3355 1354 regionem
3379 1286 3747 1354 longinquam,

2169 1369 2354 1422 eﬁ‘udit
2396 1370 2742 1423 substantiam
2786 1387 2934 1424 suam
2982 1374 3163 1428 vivens
3209 1389 3329 1427 cum
3376 1375 3753 1428 meretricibus

2169 1457 2421 1528 prodige;
2469 1468 2522 1512 et
2551 1468 2894 1529 posteaquam
2937 1476 3126 1530 porcos
3155 1465 3322 1532 pavit,
3345 1473 3634 1533 egestatem
3668 1463 3752 1518 fa-

2169 1563 2413 1619 memque
2443 1565 2744 1619 perpessus,
2786 1566 3032 1606 reversus
3074 1563 3155 1606 est
3182 1553 3248 1606 ad
3291 1555 3656 1624 semetipsum,
3691 1566 3748 1611 et

2167 1639 2320 1704 dixit,
2352 1640 2596 1710 Surgam,
2627 1651 2672 1694 et
2711 1642 2790 1694 ibo
2825 1641 2892 1694 ad
2923 1652 3114 1711 patrem
3147 1659 3330 1697 meum.
3361 1643 3417 1697 In
3455 1660 3561 1712 quo
3602 1647 3747 1700 enim

2166 1731 2399 1784 correxit
2424 1731 2562 1784 viam
2593 1746 2764 1795 suam,
2809 1731 2910 1786 nisi
2954 1733 3006 1786 in
3049 1734 3398 1788 custodiendo
3427 1736 3587 1790 verba
3628 1735 3746 1800 Dei,

2166 1835 2286 1889 qua:
2317 1829 2563 1888 tanquam
2595 1836 2784 1890 panem
2812 1835 3089 1891 paternum
3116 1825 3359 1878 esuriens
3395 1826 3746 1892 concupivit?

2165 1909 2346 1980 Neque
2375 1913 2516 1965 enim
2547 1913 2840 1982 corrigeret
2867 1912 3004 1966 viam
3035 1927 3186 1966 suam
3219 1912 3386 1967 frater
3405 1914 3519 1981 ejus
3546 1915 3747 1980 senior,-

2166 2002 2254 2071 qui
2283 2002 2417 2071 patri
2452 2016 2550 2056 suo
2578 2003 2730 2069 dixit,
2765 2001 2897 2056 Ecce
2920 2012 2990 2056 tot
3017 2004 3164 2056 annis
3203 2005 3362 2057 servio
3399 2004 3504 2067 tibi,
3537 2015 3584 2057 et
3621 2022 3751 2057 nuna

2165 2111 2318 2165 quam
2353 2095 2646 2148 mandatum
2685 2103 2825 2147 tuum
2853 2096 3101 2164 prieterii.
3139 2094 3327 2149 Junior
3350 2110 3479 2164 ergo
3509 2096 3597 2150 ille
3631 2111 3752 2150 cor-

2166 2187 2304 2242 rexit
2330 2186 2470 2240 viam
2497 2201 2668 2252 suam,
2701 2201 2857 2255 quam
2885 2201 2943 2240 se
2974 2187 3043 2239 ita
3073 2185 3392 2255 depravasse
3418 2201 3754 2255 perversam-'-

2167 2293 2270 2347 que
2290 2277 2537 2332 habuisse
2562 2275 2843 2331 confessus
2869 2285 2967 2341 est,
2998 2285 3059 2330 ut
3081 2276 3214 2346 patri
3243 2275 3462 2339 diceret,
3490 2275 3613 2328 lam
3650 2292 3751 2329 non

2166 2384 2278 2422 sum
2303 2368 2485 2438 dignus
2513 2367 2681 2421 vocari
2710 2366 2849 2436 filius
2871 2377 2984 2421 tuus
3011 2366 3157 2434 (Luc.
3188 2383 3276 2430 xv,
3307 2364 3512 2436 12-21).
3540 2366 3752 2421 Tertius

2166 2471 2378 2528 quoque
2415 2457 2713 2512 intellectus
2756 2456 2886 2510 mihi
2912 2456 3163 2521 occurrit,
3194 2471 3350 2527 quem
3379 2455 3590 2525 quidem
3626 2471 3748 2525 ego,

2167 2559 2418 2620 quantum
2446 2564 2542 2619 pro
2570 2547 2782 2603 modulo
2812 2562 2934 2602 meo
2958 2548 3125 2618 sapio,
3152 2546 3359 2602 duobus
3382 2547 3750 2616 superioribus

2167 2650 2437 2710 antepono
2466 2657 2479 2693 :
2505 2648 2564 2694 ut
2589 2639 2767 2694 senior
2792 2647 3127 2708 agnoscatur,
3171 2646 3324 2692 vetus
3348 2637 3538 2694 homo:
3567 2645 3622 2690 et
3651 2651 3754 2690 no-

2167 2745 2285 2796 vus,
2311 2730 2491 2801 junior
2517 2749 2530 2782 :
2560 2729 2758 2794 senior,
2788 2729 2878 2798 qui
2910 2737 3084 2798 portat
3110 2727 3394 2798 imaginem
3421 2727 3619 2781 terreni
3654 2725 3754 2781 bo-

2168 2821 2575 2891 minis;junior,
2605 2821 2692 2890 qui
2724 2820 2989 2875 ccclesiis:
3024 2820 3145 2889 quia
3175 2835 3275 2873 nais
3311 2820 3449 2888 prius
3476 2819 3610 2890 quod
3640 2818 3751 2887 spi-

2171 2913 2356 2966 rituale
2371 2922 2461 2975 est,
2486 2911 2571 2964 sed
2583 2911 2718 2980 quod
2729 2911 2950 2964 animale
2965 2927 2984 2975 ;
3002 2918 3171 2980 postea
3185 2909 3448 2980 spirituale
3464 2909 3504 2980 (l
3518 2911 3634 2963 Cor.
3653 2925 3746 2974 xv,

2167 3004 2256 3067 49,
2285 3002 2396 3074 46).
2443 3002 2526 3058 Sit
2565 3018 2691 3072 ergo
2718 3003 2842 3056 licet
2864 3003 3104 3072 quilibet,
3134 3011 3388 3072 quantum
3433 3002 3498 3056 ad
3533 3011 3749 3056 aetatem

2169 3093 2398 3162 pertinet
2422 3094 2680 3160 corporis,
2711 3108 2910 3146 annosa
2940 3100 3200 3146 vetustate
3227 3092 3547 3162 decrepitus,
3566 3093 3752 3162 junior

2169 3184 2270 3238 erit
2297 3183 2362 3238 ad
2396 3185 2560 3238 Deum
2588 3191 2835 3253 percepta
2868 3184 3050 3253 gratiae
3091 3184 3324 3238 novitate
3350 3197 3668 3246 conversus;
3695 3191 3753 3238 et

2170 3273 2223 3327 in
2245 3272 2345 3328 hoc
2364 3273 2581 3343 corrigit
2604 3273 2740 3327 viam
2765 3289 2938 3340 suam,
2963 3275 3014 3327 in
3041 3273 3392 3328 custodiendo
3413 3275 3573 3328 verba
3597 3275 3747 3344 ejus:

2172 3362 2274 3418 hoc
2302 3372 2383 3418 est
2406 3363 2629 3418 verbum
2677 3362 2795 3417 ﬁdei
2825 3363 2963 3432 quod
3005 3363 3354 3432 praedicamus
3381 3363 3552 3434 (Rom.
3580 3381 3635 3426 x.
3667 3365 3748 3431 8),

2172 3465 2226 3509 et
2262 3455 2373 3523 ipsa
2402 3462 2487 3510 est
2527 3453 2663 3534 ﬁdes
2683 3469 2802 3525 qua:
2829 3469 2925 3525 per
2951 3454 3292 3511 dilectionem
3333 3466 3582 3526 operatur
3619 3455 3750 3526 (Ga-

2173 3547 2264 3600 lat.
2295 3563 2347 3612 v,
2375 3546 2452 3616 6).

2229 3639 2296 3714 _5.
2331 3637 2479 3710 [uers.
2509 3638 2618 3710 10.]
2644 3637 2748 3694 Sed
2772 3640 2870 3694 iste
2892 3639 3072 3708 junior
3099 3641 3345 3711 populus,
3378 3643 3562 3712 gratiae
3590 3641 3751 3701 ﬁlius.

2173 3729 2333 3784 homo
2359 3745 2548 3796 novus,-
2576 3737 2818 3784 cantator
2841 3731 2963 3785 novi
2991 3732 3220 3797 cantici,
3249 3732 3421 3787 haeres
3451 3735 3753 3787 testamenti

2175 3819 2335 3886 novi,
2369 3822 2469 3876 iste
2511 3821 2693 3890 junior
2730 3836 2836 3875 non
2877 3821 3007 3875 Cain
3027 3861 3043 3886 ,
3073 3821 3167 3876 sed
3197 3822 3362 3886 Abel;
3392 3838 3496 3876 non
3529 3822 3714 3876 lsmael
3735 3861 3750 3886 ,

2175 3911 2266 3966 sed
2324 3912 2498 3975 Isaac;
2551 3927 2655 3966 non
2705 3911 2885 3976 Esau,
2915 3910 3011 3966 sed
3056 3911 3248 3978 lsrael;
3299 3928 3400 3966 non
3448 3913 3753 3976 Manasses,

2175 4001 2267 4055 sed
2298 4001 2579 4071 Ephraem;
2612 4016 2716 4054 non
2746 4001 2860 4056 lleli
2881 4043 2895 4066 ,
2923 4002 3018 4056 sed
3048 4003 3296 4068 Samuel;-
3329 4019 3432 4058 non
3464 4003 3588 4058 Saul
3609 4045 3623 4069 ,
3658 4005 3753 4058 sed

2175 4093 2371 4158 David;
2399 4093 2524 4163 quid
2551 4092 2804 4164 adjungat
2822 4092 3080 4148 attendite
3103 4111 3116 4146 :
3141 4092 3205 4147 In
3234 4104 3356 4159 toto,
3387 4095 3573 4164 inquit,
3598 4096 3753 4147 corde

2177 4201 2285 4238 meo
2315 4185 2554 4253 exquisivi
2584 4195 2659 4249 te;
2697 4201 2757 4238 ne
2785 4185 3002 4256 repellas
3027 4202 3105 4239 me
3129 4203 3160 4240 a
3185 4187 3435 4240 mandatis
3465 4188 3581 4240 tuis.
3615 4188 3758 4241 Ecce

2177 4283 2313 4339 orat,
2344 4285 2402 4329 ut
2429 4275 2708 4344 adjuvetur
2732 4275 2797 4330 ad
2821 4276 3169 4331 custodienda
3195 4278 3358 4332 verba
3386 4277 3476 4332 Dei
3502 4320 3515 4342 ,
3559 4277 3613 4332 in
3649 4294 3758 4348 quo

2177 4367 2382 4422 dixerat
2411 4367 2550 4421 viam
2578 4383 2728 4421 suam
2768 4370 3039 4439 corrigere
3074 4369 3361 4439 juniorcm.
3412 4369 3543 4424 Nam
3576 4371 3758 4440 utique

2180 4461 2279 4514 hoc
2307 4468 2406 4522 est,
2437 4458 2493 4512 Ν
2495 4477 2522 4513 c
2548 4460 2763 4530 repellas
2790 4477 2866 4514 me
2887 4477 2917 4513 a
2938 4461 3189 4515 mandatis
3212 4462 3307 4516 tuis
3327 4478 3345 4515 :
3366 4462 3489 4531 quid
3511 4473 3593 4516 est
3611 4464 3757 4516 enim

2179 4566 2207 4603 a
2240 4551 2348 4605 Deo
2390 4550 2608 4620 repelli,
2657 4550 2757 4605 nisi
2799 4566 2904 4605 non
2952 4552 3228 4621 adjuvari?
3258 4551 3521 4607 Mandatis
3560 4553 3760 4622 quippe

2181 4642 2297 4710 ejus
2337 4641 2500 4696 rectis
2537 4651 2694 4710 atque
2731 4641 2908 4696 arduis
2937 4641 3166 4698 humana
3194 4658 3299 4696 non
3326 4651 3762 4711 contemperatur

2182 4733 2498 4799 inﬁrmitas,
2547 4733 2651 4787 nisi
2713 4734 3044 4803 prmveniens
3088 4733 3203 4804 ejus
3247 4734 3461 4803 adjuvet
3503 4734 3759 4789 Charitas.

2182 4826 2326 4892 Quos
2352 4834 2529 4880 autem
2558 4828 2663 4880 non
2693 4825 2939 4896 adjuvat,
2974 4827 3071 4881 hos
3098 4828 3288 4882 merito
3316 4826 3628 4896 perhibetur
3669 4843 3762 4881 re-

2185 4919 2380 4989 pellere
2400 4953 2416 4983 ,
2447 4927 2697 4988 tanquam
2728 4917 2970 4974 ﬂammea
3003 4917 3202 4974 framea
3249 4919 3635 4988 prohibeantur
3676 4919 3765 4972 in-

2183 5009 2365 5080 digni,
2403 5023 2472 5063 ne
2516 5023 2732 5063 manum
2757 5008 3048 5064 extendant
3077 5008 3143 5063 ad
3170 5009 3414 5064 arborem
3445 5010 3568 5062 vita:
3604 5007 3764 5076 (Gen.

2185 5116 2264 5166 ιιι,
2291 5099 2403 5169 24).
2435 5099 2565 5165 Quis
2590 5108 2669 5155 est
2697 5109 2874 5154 autem
2901 5099 3113 5170 dignus,
3135 5114 3201 5153 ex
3223 5115 3328 5170 quo
3355 5115 3450 5169 per
3473 5115 3635 5153 unum
3669 5099 3772 5153 lio-

2187 5193 2382 5248 minem
2409 5202 2680 5262 peccatum
2712 5192 2925 5246 intravit
2956 5193 3006 5245 in
3036 5191 3290 5250 mundum
3312 5234 3326 5256 ,
3368 5201 3422 5247 et
3450 5208 3544 5261 per
3572 5206 3771 5260 peceaa

2189 5291 2300 5337 tum
2346 5297 2520 5346 mors,
2553 5293 2606 5337 ct
2645 5282 2717 5335 ita
2760 5282 2814 5336 in
2839 5297 3025 5336 omnes
3055 5283 3297 5337 homines
3321 5283 3667 5352 pertransiit,
3715 5282 3770 5335 in

2188 5388 2294 5443 quo
2337 5386 2524 5426 omnes
2564 5381 2915 5446 peccaverunt
2949 5371 3122 5441 (Rom.
3148 5388 3201 5437 v,
3228 5373 3352 5442 12)?
3379 5372 3484 5425 Sed
3531 5370 3766 5424 indebita

2192 5464 2283 5518 Dei
2315 5463 2674 5517 misericordia
2703 5473 2919 5518 sanatur
2946 5463 3124 5518 debita
3153 5474 3331 5518 nostra
3361 5465 3595 5518 miseria.
3635 5463 3772 5517 Nam

2192 5555 2292 5610 iste
2329 5555 2420 5623 qui
2462 5554 2694 5623 loquitur
2719 5564 2772 5610 et
2798 5555 2926 5610 dicit
2947 5596 2961 5616 ,
2990 5554 3058 5609 In
3083 5565 3185 5609 toto
3213 5555 3364 5608 corde
3389 5571 3496 5608 meo
3527 5554 3773 5623 exquisivi

2193 5656 2276 5711 te;
2305 5655 2360 5702 et
2384 5647 2485 5702 hoc
2512 5646 2652 5703 unde
2680 5657 2864 5716 posset
2885 5689 2899 5712 ,
2929 5647 3030 5703 nisi
3059 5663 3180 5702 eum
3210 5662 3459 5703 aversum
3484 5645 3549 5699 ad
3573 5662 3632 5699 se
3659 5647 3774 5714 ipse

2196 5745 2557 5805 converteret,
2579 5739 2666 5795 cui
2692 5739 2903 5806 dicitur,
2928 5737 3089 5804 Deus,
3114 5748 3165 5793 tu
3186 5749 3474 5794 convertens
3500 5738 3774 5807 viviﬁcobis
