  <div class='ocr_page' id='page_1' title='image "/cluster/home/n/w/nwhite01/storage/ocr_20150623/37/hvd.32044015471477/250.png"; bbox 0 0 4070 6538; ppageno 0'>
   <div class='ocr_carea' id='block_1_1' title="bbox 293 461 402 518">
    <p class='ocr_par' dir='ltr' id='par_1_1' title="bbox 293 461 402 518">
     <span class='ocr_line' id='line_1_1' title="bbox 293 461 402 518; baseline 0.009 -1"><span class='ocrx_word' id='word_1_1' title='bbox 293 461 402 518; x_wconf 76' lang='lat'><strong>1515</strong></span> 
     </span>
    </p>
   </div>
   <div class='ocr_carea' id='block_1_2' title="bbox 293 565 1839 646">
    <p class='ocr_par' dir='ltr' id='par_1_2' title="bbox 293 565 1839 646">
     <span class='ocr_line' id='line_1_2' title="bbox 293 565 1839 646; baseline -0.008 -15"><span class='ocrx_word' id='word_1_2' title='bbox 293 594 364 633; x_wconf 83' lang='lat' dir='ltr'><strong>nos</strong></span> <span class='ocrx_word' id='word_1_3' title='bbox 388 575 554 646; x_wconf 84' lang='lat' dir='ltr'><strong>(Psal.</strong></span> <span class='ocrx_word' id='word_1_4' title='bbox 579 565 809 643; x_wconf 72' lang='lat' dir='ltr'><strong>cxxxtv,</strong></span> <span class='ocrx_word' id='word_1_5' title='bbox 838 572 934 644; x_wconf 89' lang='lat'><strong>7),</strong></span> <span class='ocrx_word' id='word_1_6' title='bbox 964 570 1018 628; x_wconf 89' lang='lat' dir='ltr'><strong>et</strong></span> <span class='ocrx_word' id='word_1_7' title='bbox 1040 570 1133 628; x_wconf 87' lang='lat' dir='ltr'><strong>ille</strong></span> <span class='ocrx_word' id='word_1_8' title='bbox 1155 570 1423 642; x_wconf 88' lang='lat' dir='ltr'><strong>perditum</strong></span> <span class='ocrx_word' id='word_1_9' title='bbox 1450 574 1749 640; x_wconf 87' lang='lat' dir='ltr'><strong>quaereret,</strong></span> <span class='ocrx_word' id='word_1_10' title='bbox 1785 571 1839 618; x_wconf 89' lang='lat' dir='ltr'><strong>et</strong></span> 
     </span>
    </p>
   </div>
   <div class='ocr_carea' id='block_1_3' title="bbox 293 656 1841 735">
    <p class='ocr_par' dir='ltr' id='par_1_3' title="bbox 293 656 1841 735">
     <span class='ocr_line' id='line_1_3' title="bbox 293 656 1841 735; baseline -0.011 -10"><span class='ocrx_word' id='word_1_11' title='bbox 293 676 530 725; x_wconf 72' lang='lat' dir='ltr'><strong>errantem</strong></span> <span class='ocrx_word' id='word_1_12' title='bbox 554 666 643 723; x_wconf 90' lang='lat' dir='ltr'><strong>ille</strong></span> <span class='ocrx_word' id='word_1_13' title='bbox 669 674 963 730; x_wconf 87' lang='lat' dir='ltr'><strong>revocaret,</strong></span> <span class='ocrx_word' id='word_1_14' title='bbox 986 666 1076 735; x_wconf 89' lang='lat' dir='ltr'><strong>qui</strong></span> <span class='ocrx_word' id='word_1_15' title='bbox 1096 663 1243 729; x_wconf 90' lang='lat' dir='ltr'><strong>dicit,</strong></span> <span class='ocrx_word' id='word_1_16' title='bbox 1266 661 1413 731; x_wconf 79' lang='lat' dir='ltr'><strong>Quod</strong></span> <span class='ocrx_word' id='word_1_17' title='bbox 1434 660 1645 732; x_wconf 84' lang='lat' dir='ltr'><strong>perierat</strong></span> <span class='ocrx_word' id='word_1_18' title='bbox 1672 656 1841 725; x_wconf 86' lang='lat' dir='ltr'><strong>requi-</strong></span> 
     </span>
    </p>
   </div>
   <div class='ocr_carea' id='block_1_4' title="bbox 291 747 1805 832">
    <p class='ocr_par' dir='ltr' id='par_1_4' title="bbox 291 747 1805 832">
     <span class='ocr_line' id='line_1_4' title="bbox 291 747 1805 832; baseline -0.009 -15"><span class='ocrx_word' id='word_1_19' title='bbox 291 778 396 830; x_wconf 82' lang='lat' dir='ltr'><strong>ram,</strong></span> <span class='ocrx_word' id='word_1_20' title='bbox 424 771 469 817; x_wconf 92' lang='lat' dir='ltr'><strong>et</strong></span> <span class='ocrx_word' id='word_1_21' title='bbox 493 760 629 832; x_wconf 79' lang='lat' dir='ltr'><strong>quod</strong></span> <span class='ocrx_word' id='word_1_22' title='bbox 652 756 1172 819; x_wconf 75' lang='lat' dir='ltr'><strong>erraveratreaocabo</strong></span> <span class='ocrx_word' id='word_1_23' title='bbox 1201 754 1416 826; x_wconf 57' lang='grc' dir='ltr'><strong>(Επειδὴ.</strong></span> <span class='ocrx_word' id='word_1_24' title='bbox 1447 765 1648 817; x_wconf 81' lang='lat' dir='ltr'><strong>xxxrv,</strong></span> <span class='ocrx_word' id='word_1_25' title='bbox 1680 747 1805 818; x_wconf 71' lang='lat'><strong>16)?</strong></span> 
     </span>
    </p>
   </div>
   <div class='ocr_carea' id='block_1_5' title="bbox 347 840 1842 926">
    <p class='ocr_par' dir='ltr' id='par_1_5' title="bbox 347 840 1842 926">
     <span class='ocr_line' id='line_1_5' title="bbox 347 840 1842 926; baseline -0.011 -17"><span class='ocrx_word' id='word_1_26' title='bbox 347 848 825 926; x_wconf 71' lang='lat' dir='ltr'><strong>1.[vers.11,12.]</strong></span> <span class='ocrx_word' id='word_1_27' title='bbox 871 848 996 904; x_wconf 89' lang='lat' dir='ltr'><strong>Inde</strong></span> <span class='ocrx_word' id='word_1_28' title='bbox 1036 858 1120 903; x_wconf 90' lang='lat' dir='ltr'><strong>est</strong></span> <span class='ocrx_word' id='word_1_29' title='bbox 1164 845 1306 917; x_wconf 90' lang='lat' dir='ltr'><strong>quod</strong></span> <span class='ocrx_word' id='word_1_30' title='bbox 1350 852 1404 899; x_wconf 93' lang='lat' dir='ltr'><strong>et</strong></span> <span class='ocrx_word' id='word_1_31' title='bbox 1448 842 1668 913; x_wconf 88' lang='lat' dir='ltr'><strong>corrigit</strong></span> <span class='ocrx_word' id='word_1_32' title='bbox 1699 840 1842 895; x_wconf 84' lang='lat' dir='ltr'><strong>viam</strong></span> 
     </span>
    </p>
   </div>
   <div class='ocr_carea' id='block_1_6' title="bbox 291 930 1842 1005">
    <p class='ocr_par' dir='ltr' id='par_1_6' title="bbox 291 930 1842 1005">
     <span class='ocr_line' id='line_1_6' title="bbox 291 930 1842 1005; baseline -0.01 -6"><span class='ocrx_word' id='word_1_33' title='bbox 291 958 415 1000; x_wconf 84' lang='lat' dir='ltr'><strong>suam</strong></span> <span class='ocrx_word' id='word_1_34' title='bbox 442 943 494 998; x_wconf 91' lang='lat' dir='ltr'><strong>in</strong></span> <span class='ocrx_word' id='word_1_35' title='bbox 520 938 872 997; x_wconf 89' lang='lat' dir='ltr'><strong>custodiendo</strong></span> <span class='ocrx_word' id='word_1_36' title='bbox 896 938 1053 993; x_wconf 86' lang='lat' dir='ltr'><strong>verba</strong></span> <span class='ocrx_word' id='word_1_37' title='bbox 1084 938 1210 1001; x_wconf 90' lang='lat' dir='ltr'><strong>Dei,</strong></span> <span class='ocrx_word' id='word_1_38' title='bbox 1240 936 1332 991; x_wconf 90' lang='lat' dir='ltr'><strong>illo</strong></span> <span class='ocrx_word' id='word_1_39' title='bbox 1356 941 1611 1005; x_wconf 85' lang='lat' dir='ltr'><strong>regente,</strong></span> <span class='ocrx_word' id='word_1_40' title='bbox 1644 931 1735 987; x_wconf 86' lang='lat' dir='ltr'><strong>illo</strong></span> <span class='ocrx_word' id='word_1_41' title='bbox 1760 930 1842 984; x_wconf 85' lang='lat' dir='ltr'><strong>fa-</strong></span> 
     </span>
    </p>
   </div>
   <div class='ocr_carea' id='block_1_7' title="bbox 290 1022 1845 1103">
    <p class='ocr_par' dir='ltr' id='par_1_7' title="bbox 290 1022 1845 1103">
     <span class='ocr_line' id='line_1_7' title="bbox 290 1022 1845 1103; baseline -0.008 -13"><span class='ocrx_word' id='word_1_42' title='bbox 290 1034 439 1090; x_wconf 90' lang='lat' dir='ltr'><strong>ciente</strong></span> <span class='ocrx_word' id='word_1_43' title='bbox 464 1051 476 1086; x_wconf 87' lang='lat'><strong>:</strong></span> <span class='ocrx_word' id='word_1_44' title='bbox 502 1048 674 1103; x_wconf 88' lang='lat' dir='ltr'><strong>neque</strong></span> <span class='ocrx_word' id='word_1_45' title='bbox 702 1032 842 1087; x_wconf 90' lang='lat' dir='ltr'><strong>enim</strong></span> <span class='ocrx_word' id='word_1_46' title='bbox 870 1046 964 1102; x_wconf 88' lang='lat' dir='ltr'><strong>per</strong></span> <span class='ocrx_word' id='word_1_47' title='bbox 989 1045 1048 1084; x_wconf 87' lang='lat' dir='ltr'><strong>se</strong></span> <span class='ocrx_word' id='word_1_48' title='bbox 1073 1029 1187 1100; x_wconf 90' lang='lat' dir='ltr'><strong>ipse</strong></span> <span class='ocrx_word' id='word_1_49' title='bbox 1215 1037 1414 1098; x_wconf 90' lang='lat' dir='ltr'><strong>posset,</strong></span> <span class='ocrx_word' id='word_1_50' title='bbox 1442 1041 1563 1081; x_wconf 91' lang='lat' dir='ltr'><strong>cum</strong></span> <span class='ocrx_word' id='word_1_51' title='bbox 1584 1022 1845 1079; x_wconf 83' lang='lat' dir='ltr'><strong>Jeremias</strong></span> 
     </span>
    </p>
   </div>
   <div class='ocr_carea' id='block_1_8' title="bbox 290 1116 1846 1197">
    <p class='ocr_par' dir='ltr' id='par_1_8' title="bbox 290 1116 1846 1197">
     <span class='ocr_line' id='line_1_8' title="bbox 290 1116 1846 1197; baseline -0.008 -17"><span class='ocrx_word' id='word_1_52' title='bbox 290 1125 522 1197; x_wconf 80' lang='lat' dir='ltr'><strong>prapbeta</strong></span> <span class='ocrx_word' id='word_1_53' title='bbox 544 1123 773 1179; x_wconf 90' lang='lat' dir='ltr'><strong>fateatur</strong></span> <span class='ocrx_word' id='word_1_54' title='bbox 791 1131 844 1178; x_wconf 90' lang='lat' dir='ltr'><strong>et</strong></span> <span class='ocrx_word' id='word_1_55' title='bbox 864 1122 1026 1187; x_wconf 85' lang='lat' dir='ltr'><strong>dicat,</strong></span> <span class='ocrx_word' id='word_1_56' title='bbox 1053 1119 1197 1186; x_wconf 90' lang='lat' dir='ltr'><strong>Scio,</strong></span> <span class='ocrx_word' id='word_1_57' title='bbox 1222 1117 1461 1186; x_wconf 84' lang='lat' dir='ltr'><strong>Domine,</strong></span> <span class='ocrx_word' id='word_1_58' title='bbox 1485 1116 1724 1187; x_wconf 85' lang='lat' dir='ltr'><strong>quoniam</strong></span> <span class='ocrx_word' id='word_1_59' title='bbox 1745 1130 1846 1169; x_wconf 89' lang='lat' dir='ltr'><strong>non</strong></span> 
     </span>
    </p>
   </div>
   <div class='ocr_carea' id='block_1_9' title="bbox 290 1210 1848 1287">
    <p class='ocr_par' dir='ltr' id='par_1_9' title="bbox 290 1210 1848 1287">
     <span class='ocr_line' id='line_1_9' title="bbox 290 1210 1848 1287; baseline -0.007 -13"><span class='ocrx_word' id='word_1_60' title='bbox 290 1230 349 1274; x_wconf 87' lang='lat' dir='ltr'><strong>est</strong></span> <span class='ocrx_word' id='word_1_61' title='bbox 375 1218 584 1273; x_wconf 67' lang='lat' dir='ltr'><strong>honeinis</strong></span> <span class='ocrx_word' id='word_1_62' title='bbox 604 1218 685 1271; x_wconf 82' lang='lat' dir='ltr'><strong>via</strong></span> <span class='ocrx_word' id='word_1_63' title='bbox 704 1217 834 1287; x_wconf 88' lang='lat' dir='ltr'><strong>ejus,</strong></span> <span class='ocrx_word' id='word_1_64' title='bbox 854 1231 1010 1285; x_wconf 83' lang='lat' dir='ltr'><strong>neque</strong></span> <span class='ocrx_word' id='word_1_65' title='bbox 1029 1216 1105 1268; x_wconf 80' lang='lat' dir='ltr'><strong>vir</strong></span> <span class='ocrx_word' id='word_1_66' title='bbox 1126 1213 1215 1268; x_wconf 93' lang='lat' dir='ltr'><strong>ibit</strong></span> <span class='ocrx_word' id='word_1_67' title='bbox 1235 1223 1282 1284; x_wconf 77' lang='lat' dir='ltr'><strong>et</strong></span> <span class='ocrx_word' id='word_1_68' title='bbox 1305 1213 1522 1282; x_wconf 84' lang='lat' dir='ltr'><strong>corriget</strong></span> <span class='ocrx_word' id='word_1_69' title='bbox 1546 1210 1679 1264; x_wconf 81' lang='lat' dir='ltr'><strong>uiam</strong></span> <span class='ocrx_word' id='word_1_70' title='bbox 1703 1224 1848 1263; x_wconf 88' lang='lat' dir='ltr'><strong>suam</strong></span> 
     </span>
    </p>
   </div>
   <div class='ocr_carea' id='block_1_10' title="bbox 288 1302 1849 1383">
    <p class='ocr_par' dir='ltr' id='par_1_10' title="bbox 288 1302 1849 1383">
     <span class='ocr_line' id='line_1_10' title="bbox 288 1302 1849 1383; baseline -0.008 -18"><span class='ocrx_word' id='word_1_71' title='bbox 288 1310 481 1383; x_wconf 79' lang='lat' dir='ltr'><strong>(lerem.</strong></span> <span class='ocrx_word' id='word_1_72' title='bbox 504 1309 690 1381; x_wconf 78' lang='grc' dir='ltr'><strong>χ,25).</strong></span> <span class='ocrx_word' id='word_1_73' title='bbox 706 1310 748 1363; x_wconf 76' lang='grc' dir='ltr'>Α</span> <span class='ocrx_word' id='word_1_74' title='bbox 773 1308 998 1362; x_wconf 90' lang='lat' dir='ltr'><strong>Domino</strong></span> <span class='ocrx_word' id='word_1_75' title='bbox 1018 1307 1215 1377; x_wconf 80' lang='lat' dir='ltr'><strong>quippe</strong></span> <span class='ocrx_word' id='word_1_76' title='bbox 1245 1305 1348 1359; x_wconf 87' lang='lat' dir='ltr'><strong>hoc</strong></span> <span class='ocrx_word' id='word_1_77' title='bbox 1372 1304 1537 1358; x_wconf 54' lang='lat' dir='ltr'><strong>etiam»</strong></span> <span class='ocrx_word' id='word_1_78' title='bbox 1560 1302 1661 1356; x_wconf 89' lang='lat' dir='ltr'><strong>iste</strong></span> <span class='ocrx_word' id='word_1_79' title='bbox 1690 1315 1849 1370; x_wconf 84' lang='lat' dir='ltr'><strong>supe-</strong></span> 
     </span>
    </p>
   </div>
   <div class='ocr_carea' id='block_1_11' title="bbox 288 1394 1850 1472">
    <p class='ocr_par' dir='ltr' id='par_1_11' title="bbox 288 1394 1850 1472">
     <span class='ocr_line' id='line_1_11' title="bbox 288 1394 1850 1472; baseline -0.008 -15"><span class='ocrx_word' id='word_1_80' title='bbox 288 1401 384 1457; x_wconf 86' lang='lat' dir='ltr'><strong>rius</strong></span> <span class='ocrx_word' id='word_1_81' title='bbox 406 1400 641 1472; x_wconf 83' lang='lat' dir='ltr'><strong>optavit,</strong></span> <span class='ocrx_word' id='word_1_82' title='bbox 678 1399 766 1455; x_wconf 92' lang='lat' dir='ltr'><strong>ubi</strong></span> <span class='ocrx_word' id='word_1_83' title='bbox 796 1399 903 1464; x_wconf 92' lang='lat' dir='ltr'><strong>ait,</strong></span> <span class='ocrx_word' id='word_1_84' title='bbox 936 1395 1145 1451; x_wconf 83' lang='lat' dir='ltr'><strong>Utinam</strong></span> <span class='ocrx_word' id='word_1_85' title='bbox 1174 1395 1460 1466; x_wconf 75' lang='lat' dir='ltr'><strong><em>dirigantur</em></strong></span> <span class='ocrx_word' id='word_1_86' title='bbox 1484 1394 1579 1449; x_wconf 76' lang='lat' dir='ltr'><strong>vice</strong></span> <span class='ocrx_word' id='word_1_87' title='bbox 1604 1408 1729 1447; x_wconf 72' lang='lat' dir='ltr'><strong>mea</strong></span> <span class='ocrx_word' id='word_1_88' title='bbox 1752 1406 1770 1445; x_wconf 90' lang='lat'><strong><em>:</em></strong></span> <span class='ocrx_word' id='word_1_89' title='bbox 1794 1398 1850 1446; x_wconf 85' lang='lat' dir='ltr'><strong>et</strong></span> 
     </span>
    </p>
   </div>
   <div class='ocr_carea' id='block_1_12' title="bbox 288 1484 1851 1555">
    <p class='ocr_par' dir='ltr' id='par_1_12' title="bbox 288 1484 1851 1555">
     <span class='ocr_line' id='line_1_12' title="bbox 288 1484 1851 1555; baseline -0.006 -10"><span class='ocrx_word' id='word_1_90' title='bbox 288 1489 362 1547; x_wconf 87' lang='lat' dir='ltr'><strong>hic</strong></span> <span class='ocrx_word' id='word_1_91' title='bbox 386 1490 470 1545; x_wconf 90' lang='lat' dir='ltr'><strong>ubi</strong></span> <span class='ocrx_word' id='word_1_92' title='bbox 496 1488 718 1554; x_wconf 86' lang='lat' dir='ltr'><strong>addidit,</strong></span> <span class='ocrx_word' id='word_1_93' title='bbox 746 1486 814 1542; x_wconf 87' lang='lat' dir='ltr'><strong>In</strong></span> <span class='ocrx_word' id='word_1_94' title='bbox 840 1486 993 1541; x_wconf 86' lang='lat' dir='ltr'><strong>corde</strong></span> <span class='ocrx_word' id='word_1_95' title='bbox 1016 1503 1123 1541; x_wconf 89' lang='lat' dir='ltr'><strong>meo</strong></span> <span class='ocrx_word' id='word_1_96' title='bbox 1154 1484 1394 1540; x_wconf 74' lang='lat' dir='ltr'><strong>abscondi</strong></span> <span class='ocrx_word' id='word_1_97' title='bbox 1422 1484 1625 1555; x_wconf 83' lang='lat' dir='ltr'><strong>eloquia</strong></span> <span class='ocrx_word' id='word_1_98' title='bbox 1649 1492 1738 1537; x_wconf 84' lang='lat' dir='ltr'><strong>tua</strong></span> <span class='ocrx_word' id='word_1_99' title='bbox 1754 1522 1768 1547; x_wconf 91' lang='lat'><strong><em>,</em></strong></span> <span class='ocrx_word' id='word_1_100' title='bbox 1793 1489 1851 1535; x_wconf 81' lang='lat' dir='ltr'><strong>ut</strong></span> 
     </span>
    </p>
   </div>
   <div class='ocr_carea' id='block_1_13' title="bbox 289 1574 1848 1653">
    <p class='ocr_par' dir='ltr' id='par_1_13' title="bbox 289 1574 1848 1653">
     <span class='ocr_line' id='line_1_13' title="bbox 289 1574 1848 1653; baseline -0.006 -16"><span class='ocrx_word' id='word_1_101' title='bbox 289 1599 376 1638; x_wconf 88' lang='lat' dir='ltr'><strong>non</strong></span> <span class='ocrx_word' id='word_1_102' title='bbox 400 1598 599 1653; x_wconf 82' lang='lat' dir='ltr'><strong>peccem</strong></span> <span class='ocrx_word' id='word_1_103' title='bbox 628 1580 749 1645; x_wconf 90' lang='lat' dir='ltr'><strong>tibi;</strong></span> <span class='ocrx_word' id='word_1_104' title='bbox 769 1580 1022 1635; x_wconf 90' lang='lat' dir='ltr'><strong>continuo</strong></span> <span class='ocrx_word' id='word_1_105' title='bbox 1045 1577 1279 1633; x_wconf 90' lang='lat' dir='ltr'><strong>divinum</strong></span> <span class='ocrx_word' id='word_1_106' title='bbox 1302 1576 1542 1647; x_wconf 86' lang='lat' dir='ltr'><strong>quaesivit</strong></span> <span class='ocrx_word' id='word_1_107' title='bbox 1569 1574 1848 1641; x_wconf 80' lang='lat' dir='ltr'><strong>auxilium,</strong></span> 
     </span>
    </p>
   </div>
   <div class='ocr_carea' id='block_1_14' title="bbox 292 1667 1853 1742">
    <p class='ocr_par' dir='ltr' id='par_1_14' title="bbox 292 1667 1853 1742">
     <span class='ocr_line' id='line_1_14' title="bbox 292 1667 1853 1742; baseline -0.004 -13"><span class='ocrx_word' id='word_1_108' title='bbox 292 1689 349 1730; x_wconf 86' lang='lat' dir='ltr'><strong>nc</strong></span> <span class='ocrx_word' id='word_1_109' title='bbox 370 1674 420 1728; x_wconf 90' lang='lat' dir='ltr'><strong>in</strong></span> <span class='ocrx_word' id='word_1_110' title='bbox 440 1672 603 1729; x_wconf 85' lang='lat' dir='ltr'><strong>corde</strong></span> <span class='ocrx_word' id='word_1_111' title='bbox 627 1670 741 1742; x_wconf 87' lang='lat' dir='ltr'><strong>ejus</strong></span> <span class='ocrx_word' id='word_1_112' title='bbox 768 1671 861 1725; x_wconf 90' lang='lat' dir='ltr'><strong>Dei</strong></span> <span class='ocrx_word' id='word_1_113' title='bbox 886 1670 1096 1741; x_wconf 87' lang='lat' dir='ltr'><strong>eloquia</strong></span> <span class='ocrx_word' id='word_1_114' title='bbox 1118 1670 1235 1725; x_wconf 84' lang='lat' dir='ltr'><strong>sine</strong></span> <span class='ocrx_word' id='word_1_115' title='bbox 1261 1668 1436 1724; x_wconf 89' lang='lat' dir='ltr'><strong>fructu</strong></span> <span class='ocrx_word' id='word_1_116' title='bbox 1459 1667 1853 1724; x_wconf 79' lang='lat' dir='ltr'><strong>absconderan-</strong></span> 
     </span>
    </p>
   </div>
   <div class='ocr_carea' id='block_1_15' title="bbox 292 1761 1854 1836">
    <p class='ocr_par' dir='ltr' id='par_1_15' title="bbox 292 1761 1854 1836">
     <span class='ocr_line' id='line_1_15' title="bbox 292 1761 1854 1836; baseline -0.005 -13"><span class='ocrx_word' id='word_1_117' title='bbox 292 1776 382 1835; x_wconf 89' lang='lat' dir='ltr'><strong>tur,</strong></span> <span class='ocrx_word' id='word_1_118' title='bbox 411 1766 513 1822; x_wconf 89' lang='lat' dir='ltr'><strong>nisi</strong></span> <span class='ocrx_word' id='word_1_119' title='bbox 544 1780 705 1836; x_wconf 83' lang='lat' dir='ltr'><strong><em>opera</em></strong></span> <span class='ocrx_word' id='word_1_120' title='bbox 740 1763 960 1835; x_wconf 69' lang='lat' dir='ltr'><strong>justitiae</strong></span> <span class='ocrx_word' id='word_1_121' title='bbox 996 1772 1367 1834; x_wconf 83' lang='lat' dir='ltr'><strong>sequerentur.</strong></span> <span class='ocrx_word' id='word_1_122' title='bbox 1408 1761 1539 1818; x_wconf 91' lang='lat' dir='ltr'><strong>Cum</strong></span> <span class='ocrx_word' id='word_1_123' title='bbox 1564 1761 1709 1818; x_wconf 89' lang='lat' dir='ltr'><strong>enim</strong></span> <span class='ocrx_word' id='word_1_124' title='bbox 1750 1761 1854 1816; x_wconf 91' lang='lat' dir='ltr'><strong>hoc</strong></span> 
     </span>
    </p>
   </div>
   <div class='ocr_carea' id='block_1_16' title="bbox 290 1855 1852 1929">
    <p class='ocr_par' dir='ltr' id='par_1_16' title="bbox 290 1855 1852 1929">
     <span class='ocr_line' id='line_1_16' title="bbox 290 1855 1852 1929; baseline -0.006 -14"><span class='ocrx_word' id='word_1_125' title='bbox 290 1860 517 1926; x_wconf 76' lang='lat' dir='ltr'><strong>dixisset,</strong></span> <span class='ocrx_word' id='word_1_126' title='bbox 538 1858 802 1929; x_wconf 86' lang='lat' dir='ltr'><strong>adjunxit,</strong></span> <span class='ocrx_word' id='word_1_127' title='bbox 828 1855 1131 1912; x_wconf 75' lang='lat' dir='ltr'><strong>Benedictus</strong></span> <span class='ocrx_word' id='word_1_128' title='bbox 1157 1872 1228 1920; x_wconf 85' lang='lat' dir='ltr'><strong>es.</strong></span> <span class='ocrx_word' id='word_1_129' title='bbox 1254 1855 1505 1920; x_wconf 86' lang='lat' dir='ltr'><strong>Domine;</strong></span> <span class='ocrx_word' id='word_1_130' title='bbox 1522 1856 1646 1910; x_wconf 86' lang='lat' dir='ltr'><strong>doce</strong></span> <span class='ocrx_word' id='word_1_131' title='bbox 1671 1871 1751 1908; x_wconf 88' lang='lat' dir='ltr'><strong>me</strong></span> <span class='ocrx_word' id='word_1_132' title='bbox 1762 1858 1852 1924; x_wconf 82' lang='lat' dir='ltr'><strong>ju-</strong></span> 
     </span>
    </p>
   </div>
   <div class='ocr_carea' id='block_1_17' title="bbox 288 1947 1852 2021">
    <p class='ocr_par' dir='ltr' id='par_1_17' title="bbox 288 1947 1852 2021">
     <span class='ocr_line' id='line_1_17' title="bbox 288 1947 1852 2021; baseline -0.003 -15"><span class='ocrx_word' id='word_1_133' title='bbox 288 1952 598 2021; x_wconf 78' lang='lat' dir='ltr'><strong>stiﬁcationes</strong></span> <span class='ocrx_word' id='word_1_134' title='bbox 627 1960 758 2006; x_wconf 87' lang='lat' dir='ltr'><strong>tuas.</strong></span> <span class='ocrx_word' id='word_1_135' title='bbox 789 1949 928 2005; x_wconf 87' lang='lat' dir='ltr'><strong>Doce</strong></span> <span class='ocrx_word' id='word_1_136' title='bbox 946 1950 1099 2015; x_wconf 88' lang='lat' dir='ltr'><strong>dixit,</strong></span> <span class='ocrx_word' id='word_1_137' title='bbox 1126 1949 1396 2020; x_wconf 88' lang='lat' dir='ltr'><strong>quomodo</strong></span> <span class='ocrx_word' id='word_1_138' title='bbox 1413 1964 1507 2005; x_wconf 87' lang='lat' dir='ltr'><strong>eas</strong></span> <span class='ocrx_word' id='word_1_139' title='bbox 1526 1949 1739 2004; x_wconf 90' lang='lat' dir='ltr'><strong>discunt</strong></span> <span class='ocrx_word' id='word_1_140' title='bbox 1761 1947 1852 2018; x_wconf 90' lang='lat' dir='ltr'><strong>qui</strong></span> 
     </span>
    </p>
   </div>
   <div class='ocr_carea' id='block_1_18' title="bbox 290 2042 1856 2115">
    <p class='ocr_par' dir='ltr' id='par_1_18' title="bbox 290 2042 1856 2115">
     <span class='ocr_line' id='line_1_18' title="bbox 290 2042 1856 2115; baseline -0.001 -16"><span class='ocrx_word' id='word_1_141' title='bbox 290 2045 501 2111; x_wconf 85' lang='lat' dir='ltr'><strong>faciunt;</strong></span> <span class='ocrx_word' id='word_1_142' title='bbox 530 2060 637 2100; x_wconf 90' lang='lat' dir='ltr'><strong>non</strong></span> <span class='ocrx_word' id='word_1_143' title='bbox 666 2042 936 2115; x_wconf 90' lang='lat' dir='ltr'><strong>quomodo</strong></span> <span class='ocrx_word' id='word_1_144' title='bbox 956 2043 1010 2098; x_wconf 90' lang='lat' dir='ltr'><strong>hi</strong></span> <span class='ocrx_word' id='word_1_145' title='bbox 1031 2045 1121 2114; x_wconf 88' lang='lat' dir='ltr'><strong>qui</strong></span> <span class='ocrx_word' id='word_1_146' title='bbox 1143 2053 1201 2097; x_wconf 91' lang='lat' dir='ltr'><strong>ut</strong></span> <span class='ocrx_word' id='word_1_147' title='bbox 1226 2043 1456 2098; x_wconf 85' lang='lat' dir='ltr'><strong>habeant</strong></span> <span class='ocrx_word' id='word_1_148' title='bbox 1475 2042 1615 2114; x_wconf 89' lang='lat' dir='ltr'><strong>quod</strong></span> <span class='ocrx_word' id='word_1_149' title='bbox 1641 2042 1856 2112; x_wconf 85' lang='lat' dir='ltr'><strong>loquan-</strong></span> 
     </span>
    </p>
   </div>
   <div class='ocr_carea' id='block_1_19' title="bbox 292 2131 1857 2203">
    <p class='ocr_par' dir='ltr' id='par_1_19' title="bbox 292 2131 1857 2203">
     <span class='ocr_line' id='line_1_19' title="bbox 292 2131 1857 2203; baseline -0.001 -15"><span class='ocrx_word' id='word_1_150' title='bbox 292 2144 388 2200; x_wconf 91' lang='lat' dir='ltr'><strong>tur,</strong></span> <span class='ocrx_word' id='word_1_151' title='bbox 419 2133 784 2191; x_wconf 78' lang='lat' dir='ltr'><strong>tantummodo</strong></span> <span class='ocrx_word' id='word_1_152' title='bbox 810 2134 1187 2189; x_wconf 87' lang='lat' dir='ltr'><strong>meminerunt.</strong></span> <span class='ocrx_word' id='word_1_153' title='bbox 1216 2132 1346 2188; x_wconf 85' lang='lat' dir='ltr'><strong>Nam</strong></span> <span class='ocrx_word' id='word_1_154' title='bbox 1376 2133 1556 2202; x_wconf 84' lang='lat' dir='ltr'><strong>utique</strong></span> <span class='ocrx_word' id='word_1_155' title='bbox 1576 2133 1685 2203; x_wconf 87' lang='lat' dir='ltr'><strong>jam</strong></span> <span class='ocrx_word' id='word_1_156' title='bbox 1711 2131 1857 2187; x_wconf 81' lang='lat' dir='ltr'><strong>dixe-</strong></span> 
     </span>
    </p>
   </div>
   <div class='ocr_carea' id='block_1_20' title="bbox 290 2224 1857 2294">
    <p class='ocr_par' dir='ltr' id='par_1_20' title="bbox 290 2224 1857 2294">
     <span class='ocr_line' id='line_1_20' title="bbox 290 2224 1857 2294; baseline -0.002 -12"><span class='ocrx_word' id='word_1_157' title='bbox 290 2234 382 2293; x_wconf 87' lang='lat' dir='ltr'><strong>rat,</strong></span> <span class='ocrx_word' id='word_1_158' title='bbox 413 2225 477 2280; x_wconf 82' lang='lat' dir='ltr'><strong>In</strong></span> <span class='ocrx_word' id='word_1_159' title='bbox 505 2226 655 2285; x_wconf 76' lang='lat' dir='ltr'><strong>corde</strong></span> <span class='ocrx_word' id='word_1_160' title='bbox 682 2243 791 2280; x_wconf 86' lang='lat' dir='ltr'><strong>meo</strong></span> <span class='ocrx_word' id='word_1_161' title='bbox 821 2224 1060 2281; x_wconf 73' lang='lat' dir='ltr'><strong>abscondi</strong></span> <span class='ocrx_word' id='word_1_162' title='bbox 1085 2226 1283 2294; x_wconf 82' lang='lat' dir='ltr'><strong>eloquia</strong></span> <span class='ocrx_word' id='word_1_163' title='bbox 1312 2234 1420 2292; x_wconf 86' lang='lat' dir='ltr'><strong>tua,</strong></span> <span class='ocrx_word' id='word_1_164' title='bbox 1444 2235 1501 2279; x_wconf 86' lang='lat' dir='ltr'><strong>ut</strong></span> <span class='ocrx_word' id='word_1_165' title='bbox 1528 2241 1630 2279; x_wconf 84' lang='lat' dir='ltr'><strong>non</strong></span> <span class='ocrx_word' id='word_1_166' title='bbox 1660 2240 1857 2294; x_wconf 78' lang='lat' dir='ltr'><strong>peccem</strong></span> 
     </span>
    </p>
   </div>
   <div class='ocr_carea' id='block_1_21' title="bbox 291 2316 1857 2388">
    <p class='ocr_par' dir='ltr' id='par_1_21' title="bbox 291 2316 1857 2388">
     <span class='ocr_line' id='line_1_21' title="bbox 291 2316 1857 2388; baseline 0 -17"><span class='ocrx_word' id='word_1_167' title='bbox 291 2318 403 2372; x_wconf 85' lang='lat' dir='ltr'><strong>tibi:</strong></span> <span class='ocrx_word' id='word_1_168' title='bbox 423 2316 563 2386; x_wconf 86' lang='lat' dir='ltr'><strong>Quid</strong></span> <span class='ocrx_word' id='word_1_169' title='bbox 585 2332 716 2388; x_wconf 85' lang='lat' dir='ltr'><strong>ergo</strong></span> <span class='ocrx_word' id='word_1_170' title='bbox 740 2317 915 2372; x_wconf 87' lang='lat' dir='ltr'><strong>adhuc</strong></span> <span class='ocrx_word' id='word_1_171' title='bbox 935 2333 996 2372; x_wconf 88' lang='lat' dir='ltr'><strong>ea</strong></span> <span class='ocrx_word' id='word_1_172' title='bbox 1020 2318 1211 2388; x_wconf 75' lang='lat' dir='ltr'><strong>quaerit</strong></span> <span class='ocrx_word' id='word_1_173' title='bbox 1230 2316 1455 2381; x_wconf 90' lang='lat' dir='ltr'><strong>discere,</strong></span> <span class='ocrx_word' id='word_1_174' title='bbox 1480 2333 1599 2386; x_wconf 80' lang='lat' dir='ltr'><strong>quae</strong></span> <span class='ocrx_word' id='word_1_175' title='bbox 1628 2317 1857 2372; x_wconf 85' lang='lat' dir='ltr'><strong>abscon-</strong></span> 
     </span>
    </p>
   </div>
   <div class='ocr_carea' id='block_1_22' title="bbox 292 2407 1856 2481">
    <p class='ocr_par' dir='ltr' id='par_1_22' title="bbox 292 2407 1856 2481">
     <span class='ocr_line' id='line_1_22' title="bbox 292 2407 1856 2481; baseline -0.003 -16"><span class='ocrx_word' id='word_1_176' title='bbox 292 2410 390 2465; x_wconf 83' lang='lat' dir='ltr'><strong>dita</strong></span> <span class='ocrx_word' id='word_1_177' title='bbox 410 2410 522 2481; x_wconf 86' lang='lat' dir='ltr'><strong>jam</strong></span> <span class='ocrx_word' id='word_1_178' title='bbox 542 2409 776 2465; x_wconf 84' lang='lat' dir='ltr'><strong>custodit</strong></span> <span class='ocrx_word' id='word_1_179' title='bbox 795 2410 849 2463; x_wconf 92' lang='lat' dir='ltr'><strong>in</strong></span> <span class='ocrx_word' id='word_1_180' title='bbox 873 2409 1075 2464; x_wconf 76' lang='lat' dir='ltr'><strong>corde?</strong></span> <span class='ocrx_word' id='word_1_181' title='bbox 1104 2408 1245 2478; x_wconf 90' lang='lat' dir='ltr'><strong>quod</strong></span> <span class='ocrx_word' id='word_1_182' title='bbox 1275 2409 1455 2477; x_wconf 86' lang='lat' dir='ltr'><strong>utique</strong></span> <span class='ocrx_word' id='word_1_183' title='bbox 1484 2422 1590 2463; x_wconf 90' lang='lat' dir='ltr'><strong>non</strong></span> <span class='ocrx_word' id='word_1_184' title='bbox 1619 2407 1856 2475; x_wconf 84' lang='lat' dir='ltr'><strong>fecisset,</strong></span> 
     </span>
    </p>
   </div>
   <div class='ocr_carea' id='block_1_23' title="bbox 292 2501 1862 2575">
    <p class='ocr_par' dir='ltr' id='par_1_23' title="bbox 292 2501 1862 2575">
     <span class='ocr_line' id='line_1_23' title="bbox 292 2501 1862 2575; baseline -0.003 -15"><span class='ocrx_word' id='word_1_185' title='bbox 292 2506 384 2560; x_wconf 87' lang='lat' dir='ltr'><strong>nisi</strong></span> <span class='ocrx_word' id='word_1_186' title='bbox 410 2520 472 2562; x_wconf 88' lang='lat' dir='ltr'><strong>ea</strong></span> <span class='ocrx_word' id='word_1_187' title='bbox 503 2504 795 2561; x_wconf 88' lang='lat' dir='ltr'><strong>didicisset.</strong></span> <span class='ocrx_word' id='word_1_188' title='bbox 828 2503 1021 2575; x_wconf 86' lang='lat' dir='ltr'><strong>thuid</strong></span> <span class='ocrx_word' id='word_1_189' title='bbox 1044 2518 1171 2573; x_wconf 82' lang='lat' dir='ltr'><strong>ergo</strong></span> <span class='ocrx_word' id='word_1_190' title='bbox 1193 2502 1342 2557; x_wconf 84' lang='lat' dir='ltr'><strong>addit</strong></span> <span class='ocrx_word' id='word_1_191' title='bbox 1371 2512 1423 2557; x_wconf 92' lang='lat' dir='ltr'><strong>et</strong></span> <span class='ocrx_word' id='word_1_192' title='bbox 1450 2502 1598 2568; x_wconf 86' lang='lat' dir='ltr'><strong>dicit,</strong></span> <span class='ocrx_word' id='word_1_193' title='bbox 1626 2501 1761 2557; x_wconf 85' lang='lat' dir='ltr'><strong>Doce</strong></span> <span class='ocrx_word' id='word_1_194' title='bbox 1784 2516 1862 2556; x_wconf 85' lang='lat' dir='ltr'><strong>me</strong></span> 
     </span>
    </p>
   </div>
   <div class='ocr_carea' id='block_1_24' title="bbox 285 2595 1860 2670">
    <p class='ocr_par' dir='ltr' id='par_1_24' title="bbox 285 2595 1860 2670">
     <span class='ocr_line' id='line_1_24' title="bbox 285 2595 1860 2670; baseline -0.003 -15"><span class='ocrx_word' id='word_1_195' title='bbox 285 2599 665 2670; x_wconf 74' lang='lat' dir='ltr'><strong>iustiﬁcationes</strong></span> <span class='ocrx_word' id='word_1_196' title='bbox 695 2607 827 2663; x_wconf 88' lang='lat' dir='ltr'><strong>tuas,</strong></span> <span class='ocrx_word' id='word_1_197' title='bbox 850 2596 954 2653; x_wconf 88' lang='lat' dir='ltr'><strong>nisi</strong></span> <span class='ocrx_word' id='word_1_198' title='bbox 979 2597 1100 2669; x_wconf 86' lang='lat' dir='ltr'><strong>quia</strong></span> <span class='ocrx_word' id='word_1_199' title='bbox 1123 2611 1215 2651; x_wconf 89' lang='lat' dir='ltr'><strong>eas</strong></span> <span class='ocrx_word' id='word_1_200' title='bbox 1235 2596 1347 2651; x_wconf 93' lang='lat' dir='ltr'><strong>vult</strong></span> <span class='ocrx_word' id='word_1_201' title='bbox 1369 2595 1611 2651; x_wconf 91' lang='lat' dir='ltr'><strong>faciendo</strong></span> <span class='ocrx_word' id='word_1_202' title='bbox 1631 2596 1860 2662; x_wconf 85' lang='lat' dir='ltr'><strong>discere,</strong></span> 
     </span>
    </p>
   </div>
   <div class='ocr_carea' id='block_1_25' title="bbox 291 2676 1860 2761">
    <p class='ocr_par' dir='ltr' id='par_1_25' title="bbox 291 2676 1860 2761">
     <span class='ocr_line' id='line_1_25' title="bbox 291 2676 1860 2761; baseline -0.002 -15"><span class='ocrx_word' id='word_1_203' title='bbox 291 2676 389 2746; x_wconf 90' lang='lat' dir='ltr'><strong>non</strong></span> <span class='ocrx_word' id='word_1_204' title='bbox 414 2690 681 2761; x_wconf 89' lang='lat' dir='ltr'><strong>loquendo</strong></span> <span class='ocrx_word' id='word_1_205' title='bbox 701 2691 784 2745; x_wconf 88' lang='lat' dir='ltr'><strong>vel</strong></span> <span class='ocrx_word' id='word_1_206' title='bbox 806 2689 1062 2744; x_wconf 87' lang='lat' dir='ltr'><strong>memoria</strong></span> <span class='ocrx_word' id='word_1_207' title='bbox 1084 2688 1400 2745; x_wconf 85' lang='lat' dir='ltr'><strong>retinendo?</strong></span> <span class='ocrx_word' id='word_1_208' title='bbox 1428 2688 1689 2755; x_wconf 83' lang='lat' dir='ltr'><strong>Quoniam</strong></span> <span class='ocrx_word' id='word_1_209' title='bbox 1710 2703 1860 2760; x_wconf 88' lang='lat' dir='ltr'><strong>ergo,</strong></span> 
     </span>
    </p>
   </div>
   <div class='ocr_carea' id='block_1_26' title="bbox 290 2779 1866 2852">
    <p class='ocr_par' dir='ltr' id='par_1_26' title="bbox 290 2779 1866 2852">
     <span class='ocr_line' id='line_1_26' title="bbox 290 2779 1866 2852; baseline -0.002 -15"><span class='ocrx_word' id='word_1_210' title='bbox 290 2784 419 2837; x_wconf 87' lang='lat' dir='ltr'><strong>sicut</strong></span> <span class='ocrx_word' id='word_1_211' title='bbox 447 2782 504 2837; x_wconf 87' lang='lat' dir='ltr'><strong>in</strong></span> <span class='ocrx_word' id='word_1_212' title='bbox 530 2781 636 2838; x_wconf 87' lang='lat' dir='ltr'><strong>alio</strong></span> <span class='ocrx_word' id='word_1_213' title='bbox 665 2781 870 2850; x_wconf 84' lang='lat' dir='ltr'><strong>psalmo</strong></span> <span class='ocrx_word' id='word_1_214' title='bbox 898 2780 1091 2852; x_wconf 80' lang='lat' dir='ltr'><strong>legitur</strong></span> <span class='ocrx_word' id='word_1_215' title='bbox 1111 2822 1126 2847; x_wconf 96' lang='lat'><strong>,</strong></span> <span class='ocrx_word' id='word_1_216' title='bbox 1158 2779 1567 2835; x_wconf 85' lang='lat' dir='ltr'><strong>Benedictionem</strong></span> <span class='ocrx_word' id='word_1_217' title='bbox 1602 2780 1739 2834; x_wconf 81' lang='lat' dir='ltr'><strong>dabit</strong></span> <span class='ocrx_word' id='word_1_218' title='bbox 1777 2780 1866 2852; x_wconf 84' lang='lat' dir='ltr'><strong>qui</strong></span> 
     </span>
    </p>
   </div>
   <div class='ocr_carea' id='block_1_27' title="bbox 290 2868 1866 2943">
    <p class='ocr_par' dir='ltr' id='par_1_27' title="bbox 290 2868 1866 2943">
     <span class='ocr_line' id='line_1_27' title="bbox 290 2868 1866 2943; baseline -0.002 -16"><span class='ocrx_word' id='word_1_219' title='bbox 290 2872 439 2943; x_wconf 84' lang='lat' dir='ltr'><strong>legem</strong></span> <span class='ocrx_word' id='word_1_220' title='bbox 462 2872 599 2926; x_wconf 82' lang='lat' dir='ltr'><strong>dedit</strong></span> <span class='ocrx_word' id='word_1_221' title='bbox 622 2868 795 2942; x_wconf 83' lang='lat' dir='ltr'><strong>(Psal,</strong></span> <span class='ocrx_word' id='word_1_222' title='bbox 820 2886 1042 2937; x_wconf 76' lang='grc' dir='ltr'><strong>ιχχχιιι,</strong></span> <span class='ocrx_word' id='word_1_223' title='bbox 1064 2868 1151 2943; x_wconf 85' lang='grc'><strong>8);</strong></span> <span class='ocrx_word' id='word_1_224' title='bbox 1176 2869 1317 2935; x_wconf 90' lang='lat' dir='ltr'><strong>ideo,</strong></span> <span class='ocrx_word' id='word_1_225' title='bbox 1347 2868 1647 2925; x_wconf 81' lang='lat' dir='ltr'><strong>Benedictus</strong></span> <span class='ocrx_word' id='word_1_226' title='bbox 1672 2886 1741 2935; x_wconf 88' lang='lat' dir='ltr'><strong>es,</strong></span> <span class='ocrx_word' id='word_1_227' title='bbox 1767 2869 1866 2924; x_wconf 55' lang='lat' dir='ltr'><strong>Do.</strong></span> 
     </span>
    </p>
   </div>
   <div class='ocr_carea' id='block_1_28' title="bbox 290 2961 1866 3032">
    <p class='ocr_par' dir='ltr' id='par_1_28' title="bbox 290 2961 1866 3032">
     <span class='ocr_line' id='line_1_28' title="bbox 290 2961 1866 3032; baseline -0.001 -15"><span class='ocrx_word' id='word_1_228' title='bbox 290 2965 449 3029; x_wconf 85' lang='lat' dir='ltr'><strong>mine;</strong></span> <span class='ocrx_word' id='word_1_229' title='bbox 475 2963 599 3016; x_wconf 83' lang='lat' dir='ltr'><strong>doce</strong></span> <span class='ocrx_word' id='word_1_230' title='bbox 622 2979 731 3029; x_wconf 86' lang='lat' dir='ltr'><strong>me,</strong></span> <span class='ocrx_word' id='word_1_231' title='bbox 760 2962 956 3032; x_wconf 88' lang='lat' dir='ltr'><strong>inquit,</strong></span> <span class='ocrx_word' id='word_1_232' title='bbox 980 2962 1375 3032; x_wconf 77' lang='lat' dir='ltr'><strong>justiﬁcationes</strong></span> <span class='ocrx_word' id='word_1_233' title='bbox 1405 2970 1538 3017; x_wconf 90' lang='lat' dir='ltr'><strong>tuas.</strong></span> <span class='ocrx_word' id='word_1_234' title='bbox 1561 2961 1695 3029; x_wconf 83' lang='lat' dir='ltr'><strong>Quia</strong></span> <span class='ocrx_word' id='word_1_235' title='bbox 1722 2961 1866 3017; x_wconf 88' lang='lat' dir='ltr'><strong>enim</strong></span> 
     </span>
    </p>
   </div>
   <div class='ocr_carea' id='block_1_29' title="bbox 291 3052 1866 3126">
    <p class='ocr_par' dir='ltr' id='par_1_29' title="bbox 291 3052 1866 3126">
     <span class='ocr_line' id='line_1_29' title="bbox 291 3052 1866 3126; baseline -0.001 -16"><span class='ocrx_word' id='word_1_236' title='bbox 291 3055 342 3110; x_wconf 88' lang='lat' dir='ltr'><strong>in</strong></span> <span class='ocrx_word' id='word_1_237' title='bbox 379 3054 541 3111; x_wconf 89' lang='lat' dir='ltr'><strong>corde</strong></span> <span class='ocrx_word' id='word_1_238' title='bbox 578 3070 698 3109; x_wconf 91' lang='lat' dir='ltr'><strong>meo</strong></span> <span class='ocrx_word' id='word_1_239' title='bbox 735 3052 989 3109; x_wconf 86' lang='lat' dir='ltr'><strong>abscondi</strong></span> <span class='ocrx_word' id='word_1_240' title='bbox 1015 3053 1226 3124; x_wconf 88' lang='lat' dir='ltr'><strong>eloquia</strong></span> <span class='ocrx_word' id='word_1_241' title='bbox 1257 3063 1379 3120; x_wconf 90' lang='lat' dir='ltr'><strong>tua,</strong></span> <span class='ocrx_word' id='word_1_242' title='bbox 1412 3062 1605 3109; x_wconf 89' lang='lat' dir='ltr'><strong>utnon</strong></span> <span class='ocrx_word' id='word_1_243' title='bbox 1649 3069 1866 3126; x_wconf 86' lang='lat' dir='ltr'><strong>peccem</strong></span> 
     </span>
    </p>
   </div>
   <div class='ocr_carea' id='block_1_30' title="bbox 293 3145 1864 3219">
    <p class='ocr_par' dir='ltr' id='par_1_30' title="bbox 293 3145 1864 3219">
     <span class='ocr_line' id='line_1_30' title="bbox 293 3145 1864 3219; baseline 0 -18"><span class='ocrx_word' id='word_1_244' title='bbox 293 3147 379 3201; x_wconf 89' lang='lat' dir='ltr'><strong>tibi</strong></span> <span class='ocrx_word' id='word_1_245' title='bbox 398 3188 414 3213; x_wconf 95' lang='lat'><strong>,</strong></span> <span class='ocrx_word' id='word_1_246' title='bbox 445 3146 615 3217; x_wconf 80' lang='lat' dir='ltr'><strong>legem</strong></span> <span class='ocrx_word' id='word_1_247' title='bbox 656 3145 878 3213; x_wconf 87' lang='lat' dir='ltr'><strong>dedisti;</strong></span> <span class='ocrx_word' id='word_1_248' title='bbox 913 3145 978 3201; x_wconf 91' lang='lat' dir='ltr'><strong>da</strong></span> <span class='ocrx_word' id='word_1_249' title='bbox 1004 3146 1165 3201; x_wconf 88' lang='lat' dir='ltr'><strong>etiam</strong></span> <span class='ocrx_word' id='word_1_250' title='bbox 1194 3146 1629 3219; x_wconf 81' lang='lat' dir='ltr'><strong>benedictionem</strong></span> <span class='ocrx_word' id='word_1_251' title='bbox 1658 3148 1864 3217; x_wconf 81' lang='lat' dir='ltr'><strong>gratiae,</strong></span> 
     </span>
    </p>
   </div>
   <div class='ocr_carea' id='block_1_31' title="bbox 294 3238 1869 3310">
    <p class='ocr_par' dir='ltr' id='par_1_31' title="bbox 294 3238 1869 3310">
     <span class='ocr_line' id='line_1_31' title="bbox 294 3238 1869 3310; baseline 0.002 -17"><span class='ocrx_word' id='word_1_252' title='bbox 294 3249 347 3294; x_wconf 91' lang='lat' dir='ltr'><strong>ut</strong></span> <span class='ocrx_word' id='word_1_253' title='bbox 364 3239 611 3295; x_wconf 82' lang='lat' dir='ltr'><strong>faciendo</strong></span> <span class='ocrx_word' id='word_1_254' title='bbox 631 3239 831 3295; x_wconf 84' lang='lat' dir='ltr'><strong>discam</strong></span> <span class='ocrx_word' id='word_1_255' title='bbox 850 3238 992 3310; x_wconf 91' lang='lat' dir='ltr'><strong>quod</strong></span> <span class='ocrx_word' id='word_1_256' title='bbox 1016 3238 1313 3295; x_wconf 89' lang='lat' dir='ltr'><strong>intimando</strong></span> <span class='ocrx_word' id='word_1_257' title='bbox 1337 3239 1565 3309; x_wconf 89' lang='lat' dir='ltr'><strong>jussisti.</strong></span> <span class='ocrx_word' id='word_1_258' title='bbox 1594 3238 1719 3295; x_wconf 62' lang='lat' dir='ltr'><strong>Hice</strong></span> <span class='ocrx_word' id='word_1_259' title='bbox 1737 3240 1869 3296; x_wconf 87' lang='lat' dir='ltr'><strong>satis</strong></span> 
     </span>
    </p>
   </div>
   <div class='ocr_carea' id='block_1_32' title="bbox 292 3330 1868 3399">
    <p class='ocr_par' dir='ltr' id='par_1_32' title="bbox 292 3330 1868 3399">
     <span class='ocr_line' id='line_1_32' title="bbox 292 3330 1868 3399; baseline 0.003 -14"><span class='ocrx_word' id='word_1_260' title='bbox 292 3332 413 3399; x_wconf 83' lang='lat' dir='ltr'><strong>sint,</strong></span> <span class='ocrx_word' id='word_1_261' title='bbox 445 3340 509 3386; x_wconf 89' lang='lat' dir='ltr'><strong>ut</strong></span> <span class='ocrx_word' id='word_1_262' title='bbox 532 3340 724 3388; x_wconf 78' lang='lat' dir='ltr'><strong>vestrae</strong></span> <span class='ocrx_word' id='word_1_263' title='bbox 745 3340 953 3387; x_wconf 88' lang='lat' dir='ltr'><strong>mentes</strong></span> <span class='ocrx_word' id='word_1_264' title='bbox 981 3331 1097 3387; x_wconf 91' lang='lat' dir='ltr'><strong>sine</strong></span> <span class='ocrx_word' id='word_1_265' title='bbox 1121 3330 1336 3386; x_wconf 89' lang='lat' dir='ltr'><strong>fastidio</strong></span> <span class='ocrx_word' id='word_1_266' title='bbox 1356 3332 1689 3389; x_wconf 84' lang='lat' dir='ltr'><strong>nutriantur:</strong></span> <span class='ocrx_word' id='word_1_267' title='bbox 1706 3332 1868 3389; x_wconf 90' lang='lat' dir='ltr'><strong>alium</strong></span> 
     </span>
    </p>
   </div>
   <div class='ocr_carea' id='block_1_33' title="bbox 291 3423 1407 3495">
    <p class='ocr_par' dir='ltr' id='par_1_33' title="bbox 291 3423 1407 3495">
     <span class='ocr_line' id='line_1_33' title="bbox 291 3423 1407 3495; baseline 0 -16"><span class='ocrx_word' id='word_1_268' title='bbox 291 3439 590 3489; x_wconf 81' lang='lat' dir='ltr'><strong>sermonem</strong></span> <span class='ocrx_word' id='word_1_269' title='bbox 613 3423 916 3482; x_wconf 88' lang='lat' dir='ltr'><strong>desiderant</strong></span> <span class='ocrx_word' id='word_1_270' title='bbox 943 3440 1063 3495; x_wconf 74' lang='lat' dir='ltr'><strong>qua:</strong></span> <span class='ocrx_word' id='word_1_271' title='bbox 1092 3431 1407 3494; x_wconf 88' lang='lat' dir='ltr'><strong>sequuntur.</strong></span> 
     </span>
    </p>
   </div>
   <div class='ocr_carea' id='block_1_34' title="bbox 942 3550 1213 3592">
    <p class='ocr_par' dir='ltr' id='par_1_34' title="bbox 942 3550 1213 3592">
     <span class='ocr_line' id='line_1_34' title="bbox 942 3550 1213 3592; baseline -0.004 -1"><span class='ocrx_word' id='word_1_272' title='bbox 942 3550 1113 3592; x_wconf 72' lang='lat' dir='ltr'><strong>SBBIO</strong></span> <span class='ocrx_word' id='word_1_273' title='bbox 1141 3551 1213 3591; x_wconf 76' lang='grc' dir='ltr'><strong>νι.</strong></span> 
     </span>
    </p>
   </div>
   <div class='ocr_carea' id='block_1_35' title="bbox 360 3646 1871 3723">
    <p class='ocr_par' dir='ltr' id='par_1_35' title="bbox 360 3646 1871 3723">
     <span class='ocr_line' id='line_1_35' title="bbox 360 3646 1871 3723; baseline -0.001 -17"><span class='ocrx_word' id='word_1_274' title='bbox 360 3652 411 3707; x_wconf 89' lang='lat'><strong>1.</strong></span> <span class='ocrx_word' id='word_1_275' title='bbox 456 3648 608 3723; x_wconf 82' lang='lat' dir='ltr'><strong>[aers.</strong></span> <span class='ocrx_word' id='word_1_276' title='bbox 645 3646 757 3722; x_wconf 78' lang='lat'><strong>15.]</strong></span> <span class='ocrx_word' id='word_1_277' title='bbox 798 3648 1011 3703; x_wconf 90' lang='lat' dir='ltr'><strong>Initium</strong></span> <span class='ocrx_word' id='word_1_278' title='bbox 1037 3647 1302 3705; x_wconf 82' lang='lat' dir='ltr'><strong>sermonis</strong></span> <span class='ocrx_word' id='word_1_279' title='bbox 1325 3646 1485 3718; x_wconf 84' lang='lat' dir='ltr'><strong>hujus</strong></span> <span class='ocrx_word' id='word_1_280' title='bbox 1513 3656 1594 3704; x_wconf 90' lang='lat' dir='ltr'><strong>est</strong></span> <span class='ocrx_word' id='word_1_281' title='bbox 1622 3648 1779 3704; x_wconf 87' lang='lat' dir='ltr'><strong>nobis</strong></span> <span class='ocrx_word' id='word_1_282' title='bbox 1818 3649 1871 3705; x_wconf 93' lang='lat' dir='ltr'><strong>in</strong></span> 
     </span>
    </p>
   </div>
   <div class='ocr_carea' id='block_1_36' title="bbox 291 3737 1873 3812">
    <p class='ocr_par' dir='ltr' id='par_1_36' title="bbox 291 3737 1873 3812">
     <span class='ocr_line' id='line_1_36' title="bbox 291 3737 1873 3812; baseline 0 -16"><span class='ocrx_word' id='word_1_283' title='bbox 291 3742 498 3812; x_wconf 81' lang='lat' dir='ltr'><strong>psalmo</strong></span> <span class='ocrx_word' id='word_1_284' title='bbox 523 3740 591 3796; x_wconf 92' lang='lat' dir='ltr'><strong>de</strong></span> <span class='ocrx_word' id='word_1_285' title='bbox 614 3754 721 3810; x_wconf 91' lang='lat' dir='ltr'><strong>quo</strong></span> <span class='ocrx_word' id='word_1_286' title='bbox 746 3739 1099 3808; x_wconf 83' lang='lat' dir='ltr'><strong>diSputamus,</strong></span> <span class='ocrx_word' id='word_1_287' title='bbox 1119 3737 1207 3793; x_wconf 90' lang='lat' dir='ltr'><strong>hic</strong></span> <span class='ocrx_word' id='word_1_288' title='bbox 1231 3754 1457 3795; x_wconf 88' lang='lat' dir='ltr'><strong>versus:</strong></span> <span class='ocrx_word' id='word_1_289' title='bbox 1483 3739 1551 3793; x_wconf 84' lang='lat' dir='ltr'><strong>In</strong></span> <span class='ocrx_word' id='word_1_290' title='bbox 1579 3738 1725 3795; x_wconf 91' lang='lat' dir='ltr'><strong>labiis</strong></span> <span class='ocrx_word' id='word_1_291' title='bbox 1749 3742 1873 3796; x_wconf 87' lang='lat' dir='ltr'><strong>meis</strong></span> 
     </span>
    </p>
   </div>
   <div class='ocr_carea' id='block_1_37' title="bbox 291 3830 1875 3901">
    <p class='ocr_par' dir='ltr' id='par_1_37' title="bbox 291 3830 1875 3901">
     <span class='ocr_line' id='line_1_37' title="bbox 291 3830 1875 3901; baseline 0.001 -16"><span class='ocrx_word' id='word_1_292' title='bbox 291 3832 545 3886; x_wconf 78' lang='lat' dir='ltr'><strong>enuntian</strong></span> <span class='ocrx_word' id='word_1_293' title='bbox 579 3832 749 3886; x_wconf 84' lang='lat' dir='ltr'><strong>omnia</strong></span> <span class='ocrx_word' id='word_1_294' title='bbox 765 3831 969 3901; x_wconf 85' lang='lat' dir='ltr'><strong>judicia</strong></span> <span class='ocrx_word' id='word_1_295' title='bbox 989 3831 1089 3885; x_wconf 89' lang='lat' dir='ltr'><strong>oris</strong></span> <span class='ocrx_word' id='word_1_296' title='bbox 1110 3831 1201 3885; x_wconf 88' lang='lat' dir='ltr'><strong>tui.</strong></span> <span class='ocrx_word' id='word_1_297' title='bbox 1226 3830 1364 3898; x_wconf 88' lang='lat' dir='ltr'><strong>Quid</strong></span> <span class='ocrx_word' id='word_1_298' title='bbox 1388 3830 1614 3894; x_wconf 90' lang='lat' dir='ltr'><strong>esthoc,</strong></span> <span class='ocrx_word' id='word_1_299' title='bbox 1641 3832 1875 3888; x_wconf 87' lang='lat' dir='ltr'><strong>dilectis-</strong></span> 
     </span>
    </p>
   </div>
   <div class='ocr_carea' id='block_1_38' title="bbox 290 3922 1874 3992">
    <p class='ocr_par' dir='ltr' id='par_1_38' title="bbox 290 3922 1874 3992">
     <span class='ocr_line' id='line_1_38' title="bbox 290 3922 1874 3992; baseline 0.001 -15"><span class='ocrx_word' id='word_1_300' title='bbox 290 3923 452 3977; x_wconf 86' lang='lat' dir='ltr'><strong>simi?</strong></span> <span class='ocrx_word' id='word_1_301' title='bbox 482 3922 607 3992; x_wconf 89' lang='lat' dir='ltr'><strong>quid</strong></span> <span class='ocrx_word' id='word_1_302' title='bbox 634 3932 716 3977; x_wconf 88' lang='lat' dir='ltr'><strong>est</strong></span> <span class='ocrx_word' id='word_1_303' title='bbox 741 3923 876 3977; x_wconf 82' lang='lat' dir='ltr'><strong>hoc?</strong></span> <span class='ocrx_word' id='word_1_304' title='bbox 896 3922 1026 3991; x_wconf 90' lang='lat' dir='ltr'><strong>Quis</strong></span> <span class='ocrx_word' id='word_1_305' title='bbox 1050 3922 1226 3978; x_wconf 88' lang='lat' dir='ltr'><strong>omnia</strong></span> <span class='ocrx_word' id='word_1_306' title='bbox 1248 3922 1447 3992; x_wconf 88' lang='lat' dir='ltr'><strong>judicia</strong></span> <span class='ocrx_word' id='word_1_307' title='bbox 1475 3923 1569 3978; x_wconf 86' lang='lat' dir='ltr'><strong>Dei</strong></span> <span class='ocrx_word' id='word_1_308' title='bbox 1596 3924 1874 3979; x_wconf 88' lang='lat' dir='ltr'><strong>enuntiare</strong></span> 
     </span>
    </p>
   </div>
   <div class='ocr_carea' id='block_1_39' title="bbox 290 4017 1875 4093">
    <p class='ocr_par' dir='ltr' id='par_1_39' title="bbox 290 4017 1875 4093">
     <span class='ocr_line' id='line_1_39' title="bbox 290 4017 1875 4093; baseline 0.001 -23"><span class='ocrx_word' id='word_1_309' title='bbox 290 4018 494 4093; x_wconf 67' lang='lat' dir='ltr'><strong>possit,</strong></span> <span class='ocrx_word' id='word_1_310' title='bbox 536 4032 657 4071; x_wconf 91' lang='lat' dir='ltr'><strong>cum</strong></span> <span class='ocrx_word' id='word_1_311' title='bbox 707 4017 1025 4087; x_wconf 87' lang='lat' dir='ltr'><strong>investigare</strong></span> <span class='ocrx_word' id='word_1_312' title='bbox 1066 4032 1170 4073; x_wconf 91' lang='lat' dir='ltr'><strong>non</strong></span> <span class='ocrx_word' id='word_1_313' title='bbox 1218 4017 1423 4087; x_wconf 82' lang='lat' dir='ltr'><strong>possit?</strong></span> <span class='ocrx_word' id='word_1_314' title='bbox 1453 4018 1534 4072; x_wconf 84' lang='lat' dir='ltr'><strong>An</strong></span> <span class='ocrx_word' id='word_1_315' title='bbox 1579 4032 1709 4074; x_wconf 87' lang='lat' dir='ltr'><strong>vero</strong></span> <span class='ocrx_word' id='word_1_316' title='bbox 1753 4032 1875 4073; x_wconf 90' lang='lat' dir='ltr'><strong>cum</strong></span> 
     </span>
    </p>
   </div>
   <div class='ocr_carea' id='block_1_40' title="bbox 288 4109 1877 4189">
    <p class='ocr_par' dir='ltr' id='par_1_40' title="bbox 288 4109 1877 4189">
     <span class='ocr_line' id='line_1_40' title="bbox 288 4109 1877 4189; baseline -0.003 -18"><span class='ocrx_word' id='word_1_317' title='bbox 288 4110 551 4189; x_wconf 81' lang='lat' dir='ltr'><strong>Apostolo</strong></span> <span class='ocrx_word' id='word_1_318' title='bbox 580 4110 881 4173; x_wconf 72' lang='lat' dir='ltr'><strong>exclamare</strong></span> <span class='ocrx_word' id='word_1_319' title='bbox 921 4109 1219 4171; x_wconf 85' lang='lat' dir='ltr'><strong>dubitamus</strong></span> <span class='ocrx_word' id='word_1_320' title='bbox 1240 4158 1256 4183; x_wconf 94' lang='lat'><strong><em>,</em></strong></span> <span class='ocrx_word' id='word_1_321' title='bbox 1285 4128 1304 4167; x_wconf 85' lang='grc' dir='ltr'><strong>ι</strong></span> <span class='ocrx_word' id='word_1_322' title='bbox 1338 4109 1382 4170; x_wconf 88' lang='grc'>0</span> <span class='ocrx_word' id='word_1_323' title='bbox 1408 4109 1633 4169; x_wconf 84' lang='lat' dir='ltr'><strong>altitudo</strong></span> <span class='ocrx_word' id='word_1_324' title='bbox 1664 4110 1877 4166; x_wconf 85' lang='lat' dir='ltr'><strong>divitia-</strong></span> 
     </span>
    </p>
   </div>
   <div class='ocr_carea' id='block_1_41' title="bbox 288 4202 1878 4279">
    <p class='ocr_par' dir='ltr' id='par_1_41' title="bbox 288 4202 1878 4279">
     <span class='ocr_line' id='line_1_41' title="bbox 288 4202 1878 4279; baseline -0.004 -14"><span class='ocrx_word' id='word_1_325' title='bbox 288 4224 411 4265; x_wconf 87' lang='lat' dir='ltr'><strong>rum</strong></span> <span class='ocrx_word' id='word_1_326' title='bbox 456 4209 734 4279; x_wconf 72' lang='lat' dir='ltr'><strong>sapientia:</strong></span> <span class='ocrx_word' id='word_1_327' title='bbox 781 4217 837 4263; x_wconf 86' lang='lat' dir='ltr'><strong>et</strong></span> <span class='ocrx_word' id='word_1_328' title='bbox 873 4208 1109 4264; x_wconf 84' lang='lat' dir='ltr'><strong>scientiae</strong></span> <span class='ocrx_word' id='word_1_329' title='bbox 1159 4208 1282 4262; x_wconf 86' lang='lat' dir='ltr'><strong>Dei!</strong></span> <span class='ocrx_word' id='word_1_330' title='bbox 1324 4222 1481 4277; x_wconf 88' lang='lat' dir='ltr'><strong>quam</strong></span> <span class='ocrx_word' id='word_1_331' title='bbox 1514 4202 1878 4261; x_wconf 74' lang='lat' dir='ltr'><strong>insct&#39;uttthilia</strong></span> 
     </span>
    </p>
   </div>
   <div class='ocr_carea' id='block_1_42' title="bbox 290 4297 1875 4371">
    <p class='ocr_par' dir='ltr' id='par_1_42' title="bbox 290 4297 1875 4371">
     <span class='ocr_line' id='line_1_42' title="bbox 290 4297 1875 4371; baseline -0.001 -18"><span class='ocrx_word' id='word_1_332' title='bbox 290 4310 415 4354; x_wconf 88' lang='lat' dir='ltr'><strong>sunt</strong></span> <span class='ocrx_word' id='word_1_333' title='bbox 431 4299 636 4370; x_wconf 87' lang='lat' dir='ltr'><strong>judicia</strong></span> <span class='ocrx_word' id='word_1_334' title='bbox 651 4298 789 4369; x_wconf 90' lang='lat' dir='ltr'><strong>ejus,</strong></span> <span class='ocrx_word' id='word_1_335' title='bbox 812 4308 865 4353; x_wconf 90' lang='lat' dir='ltr'><strong>et</strong></span> <span class='ocrx_word' id='word_1_336' title='bbox 886 4297 1281 4367; x_wconf 83' lang='lat' dir='ltr'><strong>investigabiles</strong></span> <span class='ocrx_word' id='word_1_337' title='bbox 1301 4298 1400 4370; x_wconf 75' lang='lat' dir='ltr'><strong>vim</strong></span> <span class='ocrx_word' id='word_1_338' title='bbox 1420 4298 1535 4367; x_wconf 89' lang='lat' dir='ltr'><strong>ejus</strong></span> <span class='ocrx_word' id='word_1_339' title='bbox 1558 4314 1576 4350; x_wconf 81' lang='grc' dir='ltr'><strong>ι</strong></span> <span class='ocrx_word' id='word_1_340' title='bbox 1601 4297 1773 4371; x_wconf 82' lang='lat' dir='ltr'><strong>(Rom.</strong></span> <span class='ocrx_word' id='word_1_341' title='bbox 1800 4314 1875 4367; x_wconf 84' lang='grc' dir='ltr'><strong>χι,</strong></span> 
     </span>
    </p>
   </div>
   <div class='ocr_carea' id='block_1_43' title="bbox 292 4388 1875 4462">
    <p class='ocr_par' dir='ltr' id='par_1_43' title="bbox 292 4388 1875 4462">
     <span class='ocr_line' id='line_1_43' title="bbox 292 4388 1875 4462; baseline -0.001 -15"><span class='ocrx_word' id='word_1_342' title='bbox 292 4392 362 4447; x_wconf 77' lang='lat'><strong>33</strong></span> <span class='ocrx_word' id='word_1_343' title='bbox 380 4393 430 4462; x_wconf 81' lang='lat' dir='ltr'><strong>)l</strong></span> <span class='ocrx_word' id='word_1_344' title='bbox 476 4389 736 4447; x_wconf 85' lang='lat' dir='ltr'><strong>Dominus</strong></span> <span class='ocrx_word' id='word_1_345' title='bbox 762 4390 926 4458; x_wconf 89' lang='lat' dir='ltr'><strong>dicit,</strong></span> <span class='ocrx_word' id='word_1_346' title='bbox 966 4410 984 4442; x_wconf 90' lang='grc'><em>‹</em></span> <span class='ocrx_word' id='word_1_347' title='bbox 1013 4388 1204 4445; x_wconf 80' lang='lat' dir='ltr'><strong>Adhuc</strong></span> <span class='ocrx_word' id='word_1_348' title='bbox 1229 4389 1393 4444; x_wconf 87' lang='lat' dir='ltr'><strong>multa</strong></span> <span class='ocrx_word' id='word_1_349' title='bbox 1418 4388 1592 4444; x_wconf 87' lang='lat' dir='ltr'><strong>habeo</strong></span> <span class='ocrx_word' id='word_1_350' title='bbox 1615 4390 1766 4446; x_wconf 80' lang='lat' dir='ltr'><strong>vobis</strong></span> <span class='ocrx_word' id='word_1_351' title='bbox 1792 4390 1875 4445; x_wconf 79' lang='lat' dir='ltr'><strong>di~</strong></span> 
     </span>
    </p>
   </div>
   <div class='ocr_carea' id='block_1_44' title="bbox 291 4480 1882 4553">
    <p class='ocr_par' dir='ltr' id='par_1_44' title="bbox 291 4480 1882 4553">
     <span class='ocr_line' id='line_1_44' title="bbox 291 4480 1882 4553; baseline -0.001 -17"><span class='ocrx_word' id='word_1_352' title='bbox 291 4495 418 4538; x_wconf 89' lang='lat' dir='ltr'><strong>cere</strong></span> <span class='ocrx_word' id='word_1_353' title='bbox 440 4526 453 4550; x_wconf 94' lang='lat'><strong>,</strong></span> <span class='ocrx_word' id='word_1_354' title='bbox 482 4481 581 4538; x_wconf 90' lang='lat' dir='ltr'><strong>sed</strong></span> <span class='ocrx_word' id='word_1_355' title='bbox 619 4498 726 4538; x_wconf 91' lang='lat' dir='ltr'><strong>non</strong></span> <span class='ocrx_word' id='word_1_356' title='bbox 757 4482 979 4552; x_wconf 87' lang='lat' dir='ltr'><strong>potestis</strong></span> <span class='ocrx_word' id='word_1_357' title='bbox 1026 4490 1239 4551; x_wconf 86' lang='lat' dir='ltr'><strong>portare</strong></span> <span class='ocrx_word' id='word_1_358' title='bbox 1281 4481 1479 4537; x_wconf 89' lang='lat' dir='ltr'><strong>modo:</strong></span> <span class='ocrx_word' id='word_1_359' title='bbox 1512 4499 1530 4533; x_wconf 81' lang='grc' dir='ltr'><strong>ι</strong></span> <span class='ocrx_word' id='word_1_360' title='bbox 1557 4490 1611 4536; x_wconf 92' lang='lat' dir='ltr'><strong>et</strong></span> <span class='ocrx_word' id='word_1_361' title='bbox 1640 4480 1882 4553; x_wconf 88' lang='lat' dir='ltr'><strong>quamvis</strong></span> 
     </span>
    </p>
   </div>
   <div class='ocr_carea' id='block_1_45' title="bbox 292 4571 1882 4646">
    <p class='ocr_par' dir='ltr' id='par_1_45' title="bbox 292 4571 1882 4646">
     <span class='ocr_line' id='line_1_45' title="bbox 292 4571 1882 4646; baseline -0.003 -13"><span class='ocrx_word' id='word_1_362' title='bbox 292 4578 555 4632; x_wconf 88' lang='lat' dir='ltr'><strong>continuo</strong></span> <span class='ocrx_word' id='word_1_363' title='bbox 598 4576 905 4646; x_wconf 84' lang='lat' dir='ltr'><strong>promiserit</strong></span> <span class='ocrx_word' id='word_1_364' title='bbox 929 4574 1008 4629; x_wconf 89' lang='lat' dir='ltr'><strong>eis</strong></span> <span class='ocrx_word' id='word_1_365' title='bbox 1033 4588 1244 4629; x_wconf 86' lang='lat' dir='ltr'><strong>omnem</strong></span> <span class='ocrx_word' id='word_1_366' title='bbox 1278 4574 1557 4629; x_wconf 82' lang='lat' dir='ltr'><strong>veritatem</strong></span> <span class='ocrx_word' id='word_1_367' title='bbox 1594 4588 1689 4644; x_wconf 86' lang='lat' dir='ltr'><strong>per</strong></span> <span class='ocrx_word' id='word_1_368' title='bbox 1715 4571 1882 4644; x_wconf 89' lang='lat' dir='ltr'><strong>Spiri-</strong></span> 
     </span>
    </p>
   </div>
   <div class='ocr_carea' id='block_1_46' title="bbox 296 4665 1880 4739">
    <p class='ocr_par' dir='ltr' id='par_1_46' title="bbox 296 4665 1880 4739">
     <span class='ocr_line' id='line_1_46' title="bbox 296 4665 1880 4739; baseline -0.001 -17"><span class='ocrx_word' id='word_1_369' title='bbox 296 4677 409 4724; x_wconf 90' lang='lat' dir='ltr'><strong>tum</strong></span> <span class='ocrx_word' id='word_1_370' title='bbox 433 4680 680 4724; x_wconf 88' lang='lat' dir='ltr'><strong>sanctum</strong></span> <span class='ocrx_word' id='word_1_371' title='bbox 706 4667 885 4739; x_wconf 84' lang='lat' dir='ltr'><strong>(Joan.</strong></span> <span class='ocrx_word' id='word_1_372' title='bbox 908 4683 1028 4730; x_wconf 75' lang='lat' dir='ltr'><strong>xvr,</strong></span> <span class='ocrx_word' id='word_1_373' title='bbox 1052 4665 1151 4733; x_wconf 75' lang='lat'><strong>12,</strong></span> <span class='ocrx_word' id='word_1_374' title='bbox 1176 4666 1295 4737; x_wconf 78' lang='lat'><strong>1&#39;5);</strong></span> <span class='ocrx_word' id='word_1_375' title='bbox 1326 4665 1521 4721; x_wconf 88' lang='lat' dir='ltr'><strong>clamat</strong></span> <span class='ocrx_word' id='word_1_376' title='bbox 1550 4674 1724 4722; x_wconf 89' lang='lat' dir='ltr'><strong>tamen</strong></span> <span class='ocrx_word' id='word_1_377' title='bbox 1752 4666 1880 4722; x_wconf 84' lang='lat' dir='ltr'><strong>bea-</strong></span> 
     </span>
    </p>
   </div>
   <div class='ocr_carea' id='block_1_47' title="bbox 298 4756 1883 4828">
    <p class='ocr_par' dir='ltr' id='par_1_47' title="bbox 298 4756 1883 4828">
     <span class='ocr_line' id='line_1_47' title="bbox 298 4756 1883 4828; baseline -0.001 -14"><span class='ocrx_word' id='word_1_378' title='bbox 298 4768 384 4815; x_wconf 90' lang='lat' dir='ltr'><strong>tus</strong></span> <span class='ocrx_word' id='word_1_379' title='bbox 422 4760 652 4825; x_wconf 86' lang='lat' dir='ltr'><strong>Paulus,</strong></span> <span class='ocrx_word' id='word_1_380' title='bbox 684 4757 766 4812; x_wconf 77' lang='lat' dir='ltr'><strong>Ea:</strong></span> <span class='ocrx_word' id='word_1_381' title='bbox 795 4767 936 4828; x_wconf 84' lang='lat' dir='ltr'><strong>parte</strong></span> <span class='ocrx_word' id='word_1_382' title='bbox 959 4759 1182 4824; x_wconf 87' lang='lat' dir='ltr'><strong>scimus;</strong></span> <span class='ocrx_word' id='word_1_383' title='bbox 1212 4766 1270 4811; x_wconf 92' lang='lat' dir='ltr'><strong>ut</strong></span> <span class='ocrx_word' id='word_1_384' title='bbox 1300 4756 1656 4828; x_wconf 79' lang='lat' dir='ltr'><strong>intelligamus</strong></span> <span class='ocrx_word' id='word_1_385' title='bbox 1682 4757 1883 4828; x_wconf 88' lang='lat' dir='ltr'><strong>Spiritu</strong></span> 
     </span>
    </p>
   </div>
   <div class='ocr_carea' id='block_1_48' title="bbox 299 4850 1885 4923">
    <p class='ocr_par' dir='ltr' id='par_1_48' title="bbox 299 4850 1885 4923">
     <span class='ocr_line' id='line_1_48' title="bbox 299 4850 1885 4923; baseline -0.001 -15"><span class='ocrx_word' id='word_1_386' title='bbox 299 4854 519 4923; x_wconf 84' lang='lat' dir='ltr'><strong>quidem</strong></span> <span class='ocrx_word' id='word_1_387' title='bbox 552 4861 760 4920; x_wconf 88' lang='lat' dir='ltr'><strong>sancto,</strong></span> <span class='ocrx_word' id='word_1_388' title='bbox 792 4851 932 4909; x_wconf 89' lang='lat' dir='ltr'><strong>unde</strong></span> <span class='ocrx_word' id='word_1_389' title='bbox 966 4852 1156 4923; x_wconf 84' lang='lat' dir='ltr'><strong>pignus</strong></span> <span class='ocrx_word' id='word_1_390' title='bbox 1184 4851 1506 4920; x_wconf 86' lang='lat' dir='ltr'><strong>accepimus,</strong></span> <span class='ocrx_word' id='word_1_391' title='bbox 1540 4850 1757 4921; x_wconf 89' lang='lat' dir='ltr'><strong>perduci</strong></span> <span class='ocrx_word' id='word_1_392' title='bbox 1785 4866 1885 4907; x_wconf 91' lang='lat' dir='ltr'><strong>nos</strong></span> 
     </span>
    </p>
   </div>
   <div class='ocr_carea' id='block_1_49' title="bbox 304 4942 1889 5013">
    <p class='ocr_par' dir='ltr' id='par_1_49' title="bbox 304 4942 1889 5013">
     <span class='ocr_line' id='line_1_49' title="bbox 304 4942 1889 5013; baseline 0.001 -15"><span class='ocrx_word' id='word_1_393' title='bbox 304 4945 368 4999; x_wconf 89' lang='lat' dir='ltr'><strong>ad</strong></span> <span class='ocrx_word' id='word_1_394' title='bbox 402 4960 623 5001; x_wconf 90' lang='lat' dir='ltr'><strong>omnem</strong></span> <span class='ocrx_word' id='word_1_395' title='bbox 655 4946 969 5010; x_wconf 83' lang='lat' dir='ltr'><strong>veritatem;</strong></span> <span class='ocrx_word' id='word_1_396' title='bbox 1000 4943 1095 4999; x_wconf 86' lang='lat' dir='ltr'><strong>sed</strong></span> <span class='ocrx_word' id='word_1_397' title='bbox 1122 4958 1244 4998; x_wconf 92' lang='lat' dir='ltr'><strong>cum</strong></span> <span class='ocrx_word' id='word_1_398' title='bbox 1270 4943 1323 4997; x_wconf 91' lang='lat' dir='ltr'><strong>in</strong></span> <span class='ocrx_word' id='word_1_399' title='bbox 1349 4942 1508 4997; x_wconf 86' lang='lat' dir='ltr'><strong>aliam</strong></span> <span class='ocrx_word' id='word_1_400' title='bbox 1539 4942 1731 5009; x_wconf 86' lang='lat' dir='ltr'><strong>vitam,</strong></span> <span class='ocrx_word' id='word_1_401' title='bbox 1765 4952 1889 5013; x_wconf 88' lang='lat' dir='ltr'><strong>post</strong></span> 
     </span>
    </p>
   </div>
   <div class='ocr_carea' id='block_1_50' title="bbox 301 5034 1889 5106">
    <p class='ocr_par' dir='ltr' id='par_1_50' title="bbox 301 5034 1889 5106">
     <span class='ocr_line' id='line_1_50' title="bbox 301 5034 1889 5106; baseline 0.002 -18"><span class='ocrx_word' id='word_1_402' title='bbox 301 5035 467 5106; x_wconf 81' lang='lat' dir='ltr'><strong>hujus</strong></span> <span class='ocrx_word' id='word_1_403' title='bbox 494 5038 618 5091; x_wconf 88' lang='lat' dir='ltr'><strong>vitae</strong></span> <span class='ocrx_word' id='word_1_404' title='bbox 646 5036 922 5105; x_wconf 89' lang='lat' dir='ltr'><strong>speculum</strong></span> <span class='ocrx_word' id='word_1_405' title='bbox 950 5043 1005 5090; x_wconf 89' lang='lat' dir='ltr'><strong>et</strong></span> <span class='ocrx_word' id='word_1_406' title='bbox 1027 5035 1250 5105; x_wconf 64' lang='lat' dir='ltr'><strong>aenigma</strong></span> <span class='ocrx_word' id='word_1_407' title='bbox 1275 5073 1289 5099; x_wconf 96' lang='lat'><strong><em>,</em></strong></span> <span class='ocrx_word' id='word_1_408' title='bbox 1318 5034 1643 5100; x_wconf 87' lang='lat' dir='ltr'><strong>venerimus,</strong></span> <span class='ocrx_word' id='word_1_409' title='bbox 1674 5044 1728 5089; x_wconf 90' lang='lat' dir='ltr'><strong>et</strong></span> <span class='ocrx_word' id='word_1_410' title='bbox 1750 5034 1889 5091; x_wconf 82' lang='lat' dir='ltr'><strong>facie</strong></span> 
     </span>
    </p>
   </div>
   <div class='ocr_carea' id='block_1_51' title="bbox 296 5120 1888 5198">
    <p class='ocr_par' dir='ltr' id='par_1_51' title="bbox 296 5120 1888 5198">
     <span class='ocr_line' id='line_1_51' title="bbox 296 5120 1888 5198; baseline 0.003 -19"><span class='ocrx_word' id='word_1_411' title='bbox 296 5127 367 5181; x_wconf 87' lang='lat' dir='ltr'><strong>ad</strong></span> <span class='ocrx_word' id='word_1_412' title='bbox 411 5129 605 5183; x_wconf 82' lang='lat' dir='ltr'><strong>faciem</strong></span> <span class='ocrx_word' id='word_1_413' title='bbox 644 5120 979 5183; x_wconf 48' lang='lat' dir='ltr'><strong>viderimus“</strong></span> <span class='ocrx_word' id='word_1_414' title='bbox 1004 5126 1057 5196; x_wconf 89' lang='lat' dir='ltr'><strong>(l</strong></span> <span class='ocrx_word' id='word_1_415' title='bbox 1084 5126 1203 5181; x_wconf 81' lang='lat' dir='ltr'><strong>Cor.</strong></span> <span class='ocrx_word' id='word_1_416' title='bbox 1226 5141 1354 5188; x_wconf 80' lang='grc' dir='ltr'><strong>χιιι,</strong></span> <span class='ocrx_word' id='word_1_417' title='bbox 1384 5124 1437 5189; x_wconf 89' lang='lat'><strong>9,</strong></span> <span class='ocrx_word' id='word_1_418' title='bbox 1471 5124 1580 5198; x_wconf 82' lang='grc'><strong>12).</strong></span> <span class='ocrx_word' id='word_1_419' title='bbox 1610 5125 1888 5195; x_wconf 87' lang='lat' dir='ltr'><strong>Quomodo</strong></span> 
     </span>
    </p>
   </div>
   <div class='ocr_carea' id='block_1_52' title="bbox 297 5217 1892 5290">
    <p class='ocr_par' dir='ltr' id='par_1_52' title="bbox 297 5217 1892 5290">
     <span class='ocr_line' id='line_1_52' title="bbox 297 5217 1892 5290; baseline 0.002 -18"><span class='ocrx_word' id='word_1_420' title='bbox 297 5234 435 5289; x_wconf 83' lang='lat' dir='ltr'><strong>ergo</strong></span> <span class='ocrx_word' id='word_1_421' title='bbox 474 5221 575 5274; x_wconf 83' lang='lat' dir='ltr'><strong>iste</strong></span> <span class='ocrx_word' id='word_1_422' title='bbox 613 5218 775 5284; x_wconf 90' lang='lat' dir='ltr'><strong>dicit,</strong></span> <span class='ocrx_word' id='word_1_423' title='bbox 807 5217 875 5273; x_wconf 89' lang='lat' dir='ltr'><strong>In</strong></span> <span class='ocrx_word' id='word_1_424' title='bbox 901 5217 1044 5272; x_wconf 88' lang='lat' dir='ltr'><strong>labiis</strong></span> <span class='ocrx_word' id='word_1_425' title='bbox 1072 5218 1195 5272; x_wconf 83' lang='lat' dir='ltr'><strong>meis</strong></span> <span class='ocrx_word' id='word_1_426' title='bbox 1219 5218 1470 5272; x_wconf 80' lang='lat' dir='ltr'><strong>enuntiavi</strong></span> <span class='ocrx_word' id='word_1_427' title='bbox 1494 5218 1663 5272; x_wconf 87' lang='lat' dir='ltr'><strong>omnia</strong></span> <span class='ocrx_word' id='word_1_428' title='bbox 1694 5218 1892 5290; x_wconf 81' lang='lat' dir='ltr'><strong>judicia</strong></span> 
     </span>
    </p>
   </div>
   <div class='ocr_carea' id='block_1_53' title="bbox 295 5308 1892 5380">
    <p class='ocr_par' dir='ltr' id='par_1_53' title="bbox 295 5308 1892 5380">
     <span class='ocr_line' id='line_1_53' title="bbox 295 5308 1892 5380; baseline 0.003 -17"><span class='ocrx_word' id='word_1_429' title='bbox 295 5312 404 5365; x_wconf 87' lang='lat' dir='ltr'><strong>oris</strong></span> <span class='ocrx_word' id='word_1_430' title='bbox 459 5312 570 5365; x_wconf 86' lang='lat' dir='ltr'><strong>tui?</strong></span> <span class='ocrx_word' id='word_1_431' title='bbox 613 5311 681 5365; x_wconf 87' lang='lat' dir='ltr'><strong>Et</strong></span> <span class='ocrx_word' id='word_1_432' title='bbox 724 5310 818 5365; x_wconf 91' lang='lat' dir='ltr'><strong>ille</strong></span> <span class='ocrx_word' id='word_1_433' title='bbox 859 5312 961 5364; x_wconf 87' lang='lat' dir='ltr'><strong>hoc</strong></span> <span class='ocrx_word' id='word_1_434' title='bbox 986 5308 1134 5377; x_wconf 89' lang='lat' dir='ltr'><strong>dicit,</strong></span> <span class='ocrx_word' id='word_1_435' title='bbox 1164 5310 1253 5380; x_wconf 91' lang='lat' dir='ltr'><strong>qui</strong></span> <span class='ocrx_word' id='word_1_436' title='bbox 1280 5309 1438 5380; x_wconf 88' lang='lat' dir='ltr'><strong>paulo</strong></span> <span class='ocrx_word' id='word_1_437' title='bbox 1466 5318 1592 5364; x_wconf 89' lang='lat' dir='ltr'><strong>ante</strong></span> <span class='ocrx_word' id='word_1_438' title='bbox 1615 5309 1892 5380; x_wconf 90' lang='lat' dir='ltr'><strong>superiore</strong></span> 
     </span>
    </p>
   </div>
   <div class='ocr_carea' id='block_1_54' title="bbox 294 5402 1889 5475">
    <p class='ocr_par' dir='ltr' id='par_1_54' title="bbox 294 5402 1889 5475">
     <span class='ocr_line' id='line_1_54' title="bbox 294 5402 1889 5475; baseline 0.002 -19"><span class='ocrx_word' id='word_1_439' title='bbox 294 5419 471 5461; x_wconf 82' lang='lat' dir='ltr'><strong>versu</strong></span> <span class='ocrx_word' id='word_1_440' title='bbox 515 5403 762 5475; x_wconf 86' lang='lat' dir='ltr'><strong>proximo</strong></span> <span class='ocrx_word' id='word_1_441' title='bbox 788 5402 1032 5471; x_wconf 78' lang='lat' dir='ltr'><strong>dixerat,</strong></span> <span class='ocrx_word' id='word_1_442' title='bbox 1058 5404 1195 5458; x_wconf 88' lang='lat' dir='ltr'><strong>Doce</strong></span> <span class='ocrx_word' id='word_1_443' title='bbox 1232 5418 1312 5458; x_wconf 86' lang='lat' dir='ltr'><strong>me</strong></span> <span class='ocrx_word' id='word_1_444' title='bbox 1342 5403 1732 5473; x_wconf 74' lang='lat' dir='ltr'><strong>justiﬁcationes</strong></span> <span class='ocrx_word' id='word_1_445' title='bbox 1755 5414 1889 5459; x_wconf 82' lang='lat' dir='ltr'><strong>tuas.</strong></span> 
     </span>
    </p>
   </div>
   <div class='ocr_carea' id='block_1_55' title="bbox 293 5493 1889 5567">
    <p class='ocr_par' dir='ltr' id='par_1_55' title="bbox 293 5493 1889 5567">
     <span class='ocr_line' id='line_1_55' title="bbox 293 5493 1889 5567; baseline 0.003 -19"><span class='ocrx_word' id='word_1_446' title='bbox 293 5494 423 5561; x_wconf 87' lang='lat' dir='ltr'><strong>Quo</strong></span> <span class='ocrx_word' id='word_1_447' title='bbox 478 5504 636 5564; x_wconf 88' lang='lat' dir='ltr'><strong>pacto</strong></span> <span class='ocrx_word' id='word_1_448' title='bbox 663 5493 825 5566; x_wconf 79' lang='lat' dir='ltr'><strong>igitur</strong></span> <span class='ocrx_word' id='word_1_449' title='bbox 852 5493 1149 5550; x_wconf 88' lang='lat' dir='ltr'><strong>enuntiavit</strong></span> <span class='ocrx_word' id='word_1_450' title='bbox 1176 5494 1356 5549; x_wconf 88' lang='lat' dir='ltr'><strong>omnia</strong></span> <span class='ocrx_word' id='word_1_451' title='bbox 1377 5494 1576 5565; x_wconf 89' lang='lat' dir='ltr'><strong>judicia</strong></span> <span class='ocrx_word' id='word_1_452' title='bbox 1604 5496 1715 5551; x_wconf 89' lang='lat' dir='ltr'><strong>oris</strong></span> <span class='ocrx_word' id='word_1_453' title='bbox 1738 5495 1889 5567; x_wconf 87' lang='lat' dir='ltr'><strong>ejus,</strong></span> 
     </span>
    </p>
   </div>
   <div class='ocr_carea' id='block_1_56' title="bbox 292 5586 1892 5661">
    <p class='ocr_par' dir='ltr' id='par_1_56' title="bbox 292 5586 1892 5661">
     <span class='ocr_line' id='line_1_56' title="bbox 292 5586 1892 5661; baseline 0.003 -20"><span class='ocrx_word' id='word_1_454' title='bbox 292 5588 394 5658; x_wconf 88' lang='lat' dir='ltr'><strong>qui</strong></span> <span class='ocrx_word' id='word_1_455' title='bbox 424 5588 544 5644; x_wconf 90' lang='lat' dir='ltr'><strong>vult</strong></span> <span class='ocrx_word' id='word_1_456' title='bbox 572 5586 748 5645; x_wconf 88' lang='lat' dir='ltr'><strong>adhuc</strong></span> <span class='ocrx_word' id='word_1_457' title='bbox 767 5587 974 5644; x_wconf 86' lang='lat' dir='ltr'><strong>discere</strong></span> <span class='ocrx_word' id='word_1_458' title='bbox 996 5586 1404 5658; x_wconf 74' lang='lat' dir='ltr'><strong>iustiﬁcationes</strong></span> <span class='ocrx_word' id='word_1_459' title='bbox 1427 5588 1578 5659; x_wconf 82' lang='lat' dir='ltr'><strong>ejus?</strong></span> <span class='ocrx_word' id='word_1_460' title='bbox 1593 5589 1673 5644; x_wconf 73' lang='lat' dir='ltr'><strong>An</strong></span> <span class='ocrx_word' id='word_1_461' title='bbox 1696 5589 1892 5661; x_wconf 90' lang='lat' dir='ltr'><strong>judicia</strong></span> 
     </span>
    </p>
   </div>
   <div class='ocr_carea' id='block_1_57' title="bbox 291 5678 1895 5751">
    <p class='ocr_par' dir='ltr' id='par_1_57' title="bbox 291 5678 1895 5751">
     <span class='ocr_line' id='line_1_57' title="bbox 291 5678 1895 5751; baseline 0.003 -18"><span class='ocrx_word' id='word_1_462' title='bbox 291 5678 530 5749; x_wconf 89' lang='lat' dir='ltr'><strong>quidem</strong></span> <span class='ocrx_word' id='word_1_463' title='bbox 558 5687 749 5735; x_wconf 90' lang='lat' dir='ltr'><strong>cuncta</strong></span> <span class='ocrx_word' id='word_1_464' title='bbox 773 5679 881 5749; x_wconf 89' lang='lat' dir='ltr'><strong>jam</strong></span> <span class='ocrx_word' id='word_1_465' title='bbox 909 5688 1154 5748; x_wconf 87' lang='lat' dir='ltr'><strong>noverat,</strong></span> <span class='ocrx_word' id='word_1_466' title='bbox 1177 5678 1586 5751; x_wconf 86' lang='lat' dir='ltr'><strong>justilicationes</strong></span> <span class='ocrx_word' id='word_1_467' title='bbox 1612 5690 1788 5738; x_wconf 88' lang='lat' dir='ltr'><strong>autem</strong></span> <span class='ocrx_word' id='word_1_468' title='bbox 1808 5680 1895 5738; x_wconf 87' lang='lat' dir='ltr'><strong>ad-</strong></span> 
     </span>
    </p>
   </div>
   <div class='ocr_carea' id='block_1_58' title="bbox 364 5812 1895 5882">
    <p class='ocr_par' dir='ltr' id='par_1_58' title="bbox 364 5812 1895 5882">
     <span class='ocr_line' id='line_1_58' title="bbox 364 5812 1895 5882; baseline 0.001 -19"><span class='ocrx_word' id='word_1_469' title='bbox 364 5816 383 5882; x_wconf 66' lang='grc' dir='ltr'><strong>ξ</strong></span> <span class='ocrx_word' id='word_1_470' title='bbox 428 5823 517 5864; x_wconf 78' lang='lat' dir='ltr'><strong>Am</strong></span> <span class='ocrx_word' id='word_1_471' title='bbox 541 5821 594 5864; x_wconf 88' lang='lat' dir='ltr'><strong>et</strong></span> <span class='ocrx_word' id='word_1_472' title='bbox 637 5820 765 5882; x_wconf 53' lang='grc' dir='ltr'><strong>ᾅδει..</strong></span> <span class='ocrx_word' id='word_1_473' title='bbox 902 5812 1201 5882; x_wconf 39' lang='lat' dir='ltr'><strong>cum‘inalia</strong></span> <span class='ocrx_word' id='word_1_474' title='bbox 1223 5812 1462 5882; x_wconf 76' lang='lat' dir='ltr'><strong>vita._post</strong></span> <span class='ocrx_word' id='word_1_475' title='bbox 1484 5812 1628 5882; x_wconf 63' lang='lat' dir='ltr'><strong>huius</strong></span> <span class='ocrx_word' id='word_1_476' title='bbox 1655 5816 1895 5882; x_wconf 55' lang='lat' dir='ltr'><strong>misspe-</strong></span> 
     </span>
    </p>
   </div>
   <div class='ocr_carea' id='block_1_59' title="bbox 286 5872 1751 5942">
    <p class='ocr_par' dir='ltr' id='par_1_59' title="bbox 286 5872 1751 5942">
     <span class='ocr_line' id='line_1_59' title="bbox 286 5872 1751 5942; baseline 0.004 -18"><span class='ocrx_word' id='word_1_477' title='bbox 286 5874 474 5942; x_wconf 63' lang='lat' dir='ltr'><strong>culina</strong></span> <span class='ocrx_word' id='word_1_478' title='bbox 493 5883 540 5927; x_wconf 85' lang='lat' dir='ltr'><strong>et</strong></span> <span class='ocrx_word' id='word_1_479' title='bbox 560 5872 911 5942; x_wconf 69' lang='lat' dir='ltr'><strong>mrigmbfaeie</strong></span> <span class='ocrx_word' id='word_1_480' title='bbox 924 5876 990 5927; x_wconf 84' lang='lat' dir='ltr'><strong>ad</strong></span> <span class='ocrx_word' id='word_1_481' title='bbox 1008 5875 1181 5942; x_wconf 75' lang='lat' dir='ltr'><strong>faciem</strong></span> <span class='ocrx_word' id='word_1_482' title='bbox 1195 5872 1461 5928; x_wconf 73' lang='lat' dir='ltr'><strong>venerimus</strong></span> <span class='ocrx_word' id='word_1_483' title='bbox 1480 5890 1493 5929; x_wconf 91' lang='lat'><strong>:</strong></span> <span class='ocrx_word' id='word_1_484' title='bbox 1625 5878 1751 5942; x_wconf 86' lang='lat' dir='ltr'><strong>quod</strong></span> 
     </span>
    </p>
   </div>
   <div class='ocr_carea' id='block_1_60' title="bbox 288 5936 1273 6003">
    <p class='ocr_par' dir='ltr' id='par_1_60' title="bbox 288 5936 1273 6003">
     <span class='ocr_line' id='line_1_60' title="bbox 288 5936 1273 6003; baseline -0.003 -13"><span class='ocrx_word' id='word_1_485' title='bbox 288 5937 540 6003; x_wconf 76' lang='lat' dir='ltr'><strong>tmiqma,</strong></span> <span class='ocrx_word' id='word_1_486' title='bbox 564 5936 759 6001; x_wconf 86' lang='lat' dir='ltr'><strong>quidam</strong></span> <span class='ocrx_word' id='word_1_487' title='bbox 776 5936 979 5999; x_wconf 75' lang='lat' dir='ltr'><strong>habent,</strong></span> 
     </span>
    </p>
   </div>
   <div class='ocr_carea' id='block_1_61' title="bbox 594 6019 1269 6111">
    <p class='ocr_par' dir='ltr' id='par_1_61' title="bbox 594 6019 1269 6111">
     <span class='ocr_line' id='line_1_61' title="bbox 594 6019 1269 6111; baseline -0.012 -22"><span class='ocrx_word' id='word_1_488' title='bbox 594 6021 823 6089; x_wconf 70' lang='lat' dir='ltr'><strong>SANGT.</strong></span> <span class='ocrx_word' id='word_1_489' title='bbox 854 6019 1269 6111; x_wconf 30' lang='lat' dir='ltr'><strong>Anconam.</strong></span> 
     </span>
    </p>
   </div>
   <div class='ocr_carea' id='block_1_62' title="bbox 1314 434 2435 509">
    <p class='ocr_par' dir='ltr' id='par_1_62' title="bbox 1314 434 2435 509">
     <span class='ocr_line' id='line_1_62' title="bbox 1314 434 2435 509; baseline -0.005 0"><span class='ocrx_word' id='word_1_490' title='bbox 1314 444 1708 509; x_wconf 76' lang='lat' dir='ltr'><strong>ENARRATIO</strong></span> <span class='ocrx_word' id='word_1_491' title='bbox 1744 441 1810 503; x_wconf 75' lang='grc' dir='ltr'><strong>ιΝ</strong></span> <span class='ocrx_word' id='word_1_492' title='bbox 1849 434 2169 501; x_wconf 76' lang='lat' dir='ltr'><strong>PSALMIIM</strong></span> <span class='ocrx_word' id='word_1_493' title='bbox 2205 444 2435 504; x_wconf 77' lang='lat' dir='ltr'><strong>CXVIII.</strong></span> 
     </span>
    </p>
   </div>
   <div class='ocr_carea' id='block_1_63' title="bbox 3382 442 3527 507">
    <p class='ocr_par' dir='ltr' id='par_1_63' title="bbox 3382 442 3527 507">
     <span class='ocr_line' id='line_1_63' title="bbox 3382 442 3527 507; baseline 0.014 -2"><span class='ocrx_word' id='word_1_494' title='bbox 3382 442 3527 507; x_wconf 61' lang='lat'><strong>1516</strong></span> 
     </span>
    </p>
   </div>
   <div class='ocr_carea' id='block_1_64' title="bbox 1950 554 3527 639">
    <p class='ocr_par' dir='ltr' id='par_1_64' title="bbox 1950 554 3527 639">
     <span class='ocr_line' id='line_1_64' title="bbox 1950 554 3527 639; baseline 0.005 -26"><span class='ocrx_word' id='word_1_495' title='bbox 1950 559 2053 613; x_wconf 89' lang='lat' dir='ltr'><strong>huc</strong></span> <span class='ocrx_word' id='word_1_496' title='bbox 2076 561 2283 618; x_wconf 90' lang='lat' dir='ltr'><strong>discere</strong></span> <span class='ocrx_word' id='word_1_497' title='bbox 2307 561 2587 632; x_wconf 78' lang='lat' dir='ltr'><strong>cupiebat?</strong></span> <span class='ocrx_word' id='word_1_498' title='bbox 2612 554 2724 618; x_wconf 75' lang='lat' dir='ltr'><strong>Hoc</strong></span> <span class='ocrx_word' id='word_1_499' title='bbox 2745 572 2876 619; x_wconf 85' lang='lat' dir='ltr'><strong>vero</strong></span> <span class='ocrx_word' id='word_1_500' title='bbox 2901 571 2983 618; x_wconf 89' lang='lat' dir='ltr'><strong>est</strong></span> <span class='ocrx_word' id='word_1_501' title='bbox 3008 561 3324 639; x_wconf 86' lang='lat' dir='ltr'><strong>mirabilius,</strong></span> <span class='ocrx_word' id='word_1_502' title='bbox 3347 565 3391 629; x_wconf 89' lang='lat' dir='ltr'><strong>si</strong></span> <span class='ocrx_word' id='word_1_503' title='bbox 3415 565 3527 635; x_wconf 87' lang='lat' dir='ltr'><strong>jam</strong></span> 
     </span>
    </p>
   </div>
   <div class='ocr_carea' id='block_1_65' title="bbox 1946 654 3531 729">
    <p class='ocr_par' dir='ltr' id='par_1_65' title="bbox 1946 654 3531 729">
     <span class='ocr_line' id='line_1_65' title="bbox 1946 654 3531 729; baseline 0.004 -22"><span class='ocrx_word' id='word_1_504' title='bbox 1946 654 2147 708; x_wconf 86' lang='lat' dir='ltr'><strong>sciebat</strong></span> <span class='ocrx_word' id='word_1_505' title='bbox 2171 656 2531 711; x_wconf 87' lang='lat' dir='ltr'><strong>inscrutabilia</strong></span> <span class='ocrx_word' id='word_1_506' title='bbox 2560 655 2691 721; x_wconf 90' lang='lat' dir='ltr'><strong>Dei,</strong></span> <span class='ocrx_word' id='word_1_507' title='bbox 2718 665 2773 714; x_wconf 89' lang='lat' dir='ltr'><strong>et</strong></span> <span class='ocrx_word' id='word_1_508' title='bbox 2800 671 2864 712; x_wconf 83' lang='lat' dir='ltr'><strong>ea</strong></span> <span class='ocrx_word' id='word_1_509' title='bbox 2886 670 3005 727; x_wconf 70' lang='lat' dir='ltr'><strong>qua:</strong></span> <span class='ocrx_word' id='word_1_510' title='bbox 3045 655 3348 713; x_wconf 89' lang='lat' dir='ltr'><strong>hominibus</strong></span> <span class='ocrx_word' id='word_1_511' title='bbox 3386 674 3531 729; x_wconf 79' lang='lat' dir='ltr'><strong>prae-</strong></span> 
     </span>
    </p>
   </div>
   <div class='ocr_carea' id='block_1_66' title="bbox 1946 747 3530 820">
    <p class='ocr_par' dir='ltr' id='par_1_66' title="bbox 1946 747 3530 820">
     <span class='ocr_line' id='line_1_66' title="bbox 1946 747 3530 820; baseline 0.002 -19"><span class='ocrx_word' id='word_1_512' title='bbox 1946 748 2087 817; x_wconf 87' lang='lat' dir='ltr'><strong>cepit</strong></span> <span class='ocrx_word' id='word_1_513' title='bbox 2129 747 2367 804; x_wconf 88' lang='lat' dir='ltr'><strong>facienda</strong></span> <span class='ocrx_word' id='word_1_514' title='bbox 2413 749 2710 806; x_wconf 85' lang='lat' dir='ltr'><strong>nesciebat.</strong></span> <span class='ocrx_word' id='word_1_515' title='bbox 2754 749 3170 807; x_wconf 78' lang='lat' dir='ltr'><strong>Justilicationes</strong></span> <span class='ocrx_word' id='word_1_516' title='bbox 3195 751 3336 806; x_wconf 90' lang='lat' dir='ltr'><strong>enim</strong></span> <span class='ocrx_word' id='word_1_517' title='bbox 3368 760 3530 820; x_wconf 86' lang='lat' dir='ltr'><strong>sunt,</strong></span> 
     </span>
    </p>
   </div>
   <div class='ocr_carea' id='block_1_67' title="bbox 1948 838 3531 914">
    <p class='ocr_par' dir='ltr' id='par_1_67' title="bbox 1948 838 3531 914">
     <span class='ocr_line' id='line_1_67' title="bbox 1948 838 3531 914; baseline 0.005 -23"><span class='ocrx_word' id='word_1_518' title='bbox 1948 853 2054 893; x_wconf 88' lang='lat' dir='ltr'><strong>non</strong></span> <span class='ocrx_word' id='word_1_519' title='bbox 2082 838 2242 906; x_wconf 88' lang='lat' dir='ltr'><strong>dicta,</strong></span> <span class='ocrx_word' id='word_1_520' title='bbox 2272 839 2367 896; x_wconf 89' lang='lat' dir='ltr'><strong>sed</strong></span> <span class='ocrx_word' id='word_1_521' title='bbox 2392 839 2527 895; x_wconf 89' lang='lat' dir='ltr'><strong>facta</strong></span> <span class='ocrx_word' id='word_1_522' title='bbox 2550 841 2790 911; x_wconf 87' lang='lat' dir='ltr'><strong>justitiae,</strong></span> <span class='ocrx_word' id='word_1_523' title='bbox 2820 858 2984 913; x_wconf 88' lang='lat' dir='ltr'><strong>opera</strong></span> <span class='ocrx_word' id='word_1_524' title='bbox 3014 843 3216 901; x_wconf 86' lang='lat' dir='ltr'><strong>scilicet</strong></span> <span class='ocrx_word' id='word_1_525' title='bbox 3239 844 3531 914; x_wconf 79' lang='lat' dir='ltr'><strong>justorum,</strong></span> 
     </span>
    </p>
   </div>
   <div class='ocr_carea' id='block_1_68' title="bbox 1949 931 3536 1008">
    <p class='ocr_par' dir='ltr' id='par_1_68' title="bbox 1949 931 3536 1008">
     <span class='ocr_line' id='line_1_68' title="bbox 1949 931 3536 1008; baseline 0.007 -25"><span class='ocrx_word' id='word_1_526' title='bbox 1949 946 2065 999; x_wconf 76' lang='lat' dir='ltr'><strong>qua:</strong></span> <span class='ocrx_word' id='word_1_527' title='bbox 2092 931 2317 1000; x_wconf 90' lang='lat' dir='ltr'><strong>imperat</strong></span> <span class='ocrx_word' id='word_1_528' title='bbox 2344 933 2500 988; x_wconf 85' lang='lat' dir='ltr'><strong>Deus.</strong></span> <span class='ocrx_word' id='word_1_529' title='bbox 2527 932 2651 989; x_wconf 86' lang='lat' dir='ltr'><strong>Ideo</strong></span> <span class='ocrx_word' id='word_1_530' title='bbox 2671 944 2847 990; x_wconf 88' lang='lat' dir='ltr'><strong>autem</strong></span> <span class='ocrx_word' id='word_1_531' title='bbox 2880 936 2973 993; x_wconf 90' lang='lat' dir='ltr'><strong>Dei</strong></span> <span class='ocrx_word' id='word_1_532' title='bbox 2999 936 3269 1004; x_wconf 90' lang='lat' dir='ltr'><strong>dicuntur,</strong></span> <span class='ocrx_word' id='word_1_533' title='bbox 3288 938 3536 1008; x_wconf 86' lang='lat' dir='ltr'><strong>quamvis</strong></span> 
     </span>
    </p>
   </div>
   <div class='ocr_carea' id='block_1_69' title="bbox 1950 1021 3535 1096">
    <p class='ocr_par' dir='ltr' id='par_1_69' title="bbox 1950 1021 3535 1096">
     <span class='ocr_line' id='line_1_69' title="bbox 1950 1021 3535 1096; baseline 0.006 -21"><span class='ocrx_word' id='word_1_534' title='bbox 1950 1037 1980 1075; x_wconf 88' lang='lat' dir='ltr'><strong>a</strong></span> <span class='ocrx_word' id='word_1_535' title='bbox 2004 1021 2157 1077; x_wconf 90' lang='lat' dir='ltr'><strong>nobis</strong></span> <span class='ocrx_word' id='word_1_536' title='bbox 2184 1021 2332 1089; x_wconf 75' lang='lat' dir='ltr'><strong>flant,</strong></span> <span class='ocrx_word' id='word_1_537' title='bbox 2366 1025 2485 1093; x_wconf 86' lang='lat' dir='ltr'><strong>quia</strong></span> <span class='ocrx_word' id='word_1_538' title='bbox 2520 1024 2622 1080; x_wconf 90' lang='lat' dir='ltr'><strong>nisi</strong></span> <span class='ocrx_word' id='word_1_539' title='bbox 2650 1026 2766 1096; x_wconf 87' lang='lat' dir='ltr'><strong>ipso</strong></span> <span class='ocrx_word' id='word_1_540' title='bbox 2791 1026 3025 1083; x_wconf 85' lang='lat' dir='ltr'><strong>donante</strong></span> <span class='ocrx_word' id='word_1_541' title='bbox 3052 1044 3157 1084; x_wconf 92' lang='lat' dir='ltr'><strong>non</strong></span> <span class='ocrx_word' id='word_1_542' title='bbox 3189 1029 3340 1084; x_wconf 85' lang='lat' dir='ltr'><strong>fiunt.</strong></span> <span class='ocrx_word' id='word_1_543' title='bbox 3378 1029 3535 1085; x_wconf 86' lang='lat' dir='ltr'><strong>Judi-</strong></span> 
     </span>
    </p>
   </div>
   <div class='ocr_carea' id='block_1_70' title="bbox 1950 1113 3539 1187">
    <p class='ocr_par' dir='ltr' id='par_1_70' title="bbox 1950 1113 3539 1187">
     <span class='ocr_line' id='line_1_70' title="bbox 1950 1113 3539 1187; baseline 0.006 -19"><span class='ocrx_word' id='word_1_544' title='bbox 1950 1113 2031 1168; x_wconf 88' lang='lat' dir='ltr'><strong>cia</strong></span> <span class='ocrx_word' id='word_1_545' title='bbox 2061 1129 2219 1184; x_wconf 90' lang='lat' dir='ltr'><strong>porro</strong></span> <span class='ocrx_word' id='word_1_546' title='bbox 2246 1114 2338 1169; x_wconf 89' lang='lat' dir='ltr'><strong>Dei</strong></span> <span class='ocrx_word' id='word_1_547' title='bbox 2369 1125 2525 1183; x_wconf 88' lang='lat' dir='ltr'><strong>sunt,</strong></span> <span class='ocrx_word' id='word_1_548' title='bbox 2557 1117 2750 1187; x_wconf 90' lang='lat' dir='ltr'><strong>quibus</strong></span> <span class='ocrx_word' id='word_1_549' title='bbox 2779 1118 2847 1173; x_wconf 90' lang='lat' dir='ltr'><strong>ab</strong></span> <span class='ocrx_word' id='word_1_550' title='bbox 2875 1133 2941 1174; x_wconf 92' lang='lat' dir='ltr'><strong>eo</strong></span> <span class='ocrx_word' id='word_1_551' title='bbox 2967 1121 3197 1174; x_wconf 86' lang='lat' dir='ltr'><strong>mundus</strong></span> <span class='ocrx_word' id='word_1_552' title='bbox 3226 1130 3278 1175; x_wconf 92' lang='lat' dir='ltr'><strong>et</strong></span> <span class='ocrx_word' id='word_1_553' title='bbox 3316 1136 3454 1176; x_wconf 90' lang='lat' dir='ltr'><strong>nunc</strong></span> <span class='ocrx_word' id='word_1_554' title='bbox 3481 1130 3539 1178; x_wconf 87' lang='lat' dir='ltr'><strong>et</strong></span> 
     </span>
    </p>
   </div>
   <div class='ocr_carea' id='block_1_71' title="bbox 1952 1203 3538 1282">
    <p class='ocr_par' dir='ltr' id='par_1_71' title="bbox 1952 1203 3538 1282">
     <span class='ocr_line' id='line_1_71' title="bbox 1952 1203 3538 1282; baseline 0.006 -23"><span class='ocrx_word' id='word_1_555' title='bbox 1952 1205 2006 1259; x_wconf 92' lang='lat' dir='ltr'><strong>in</strong></span> <span class='ocrx_word' id='word_1_556' title='bbox 2036 1203 2142 1259; x_wconf 86' lang='lat' dir='ltr'><strong>ﬁne</strong></span> <span class='ocrx_word' id='word_1_557' title='bbox 2168 1206 2345 1261; x_wconf 68' lang='lat' dir='ltr'><strong>saeculi</strong></span> <span class='ocrx_word' id='word_1_558' title='bbox 2368 1206 2658 1275; x_wconf 88' lang='lat' dir='ltr'><strong>judicatur.</strong></span> <span class='ocrx_word' id='word_1_559' title='bbox 2686 1207 2790 1265; x_wconf 85' lang='lat' dir='ltr'><strong>Sed</strong></span> <span class='ocrx_word' id='word_1_560' title='bbox 2816 1224 2937 1266; x_wconf 90' lang='lat' dir='ltr'><strong>cum</strong></span> <span class='ocrx_word' id='word_1_561' title='bbox 2964 1210 3191 1282; x_wconf 89' lang='lat' dir='ltr'><strong>eloquiis</strong></span> <span class='ocrx_word' id='word_1_562' title='bbox 3232 1210 3328 1267; x_wconf 90' lang='lat' dir='ltr'><strong>Dei</strong></span> <span class='ocrx_word' id='word_1_563' title='bbox 3354 1213 3538 1268; x_wconf 88' lang='lat' dir='ltr'><strong>omnia</strong></span> 
     </span>
    </p>
   </div>
   <div class='ocr_carea' id='block_1_72' title="bbox 1952 1296 3534 1375">
    <p class='ocr_par' dir='ltr' id='par_1_72' title="bbox 1952 1296 3534 1375">
     <span class='ocr_line' id='line_1_72' title="bbox 1952 1296 3534 1375; baseline 0.007 -25"><span class='ocrx_word' id='word_1_564' title='bbox 1952 1296 2352 1362; x_wconf 74' lang='lat' dir='ltr'><strong>contineantur,</strong></span> <span class='ocrx_word' id='word_1_565' title='bbox 2382 1307 2437 1352; x_wconf 90' lang='lat' dir='ltr'><strong>et</strong></span> <span class='ocrx_word' id='word_1_566' title='bbox 2477 1298 2886 1368; x_wconf 82' lang='lat' dir='ltr'><strong>justiﬁcationes</strong></span> <span class='ocrx_word' id='word_1_567' title='bbox 2921 1302 3170 1359; x_wconf 88' lang='lat' dir='ltr'><strong>videlicet</strong></span> <span class='ocrx_word' id='word_1_568' title='bbox 3207 1314 3261 1359; x_wconf 90' lang='lat' dir='ltr'><strong>et</strong></span> <span class='ocrx_word' id='word_1_569' title='bbox 3298 1303 3534 1375; x_wconf 88' lang='lat' dir='ltr'><strong>judicia;</strong></span> 
     </span>
    </p>
   </div>
   <div class='ocr_carea' id='block_1_73' title="bbox 1952 1387 3541 1466">
    <p class='ocr_par' dir='ltr' id='par_1_73' title="bbox 1952 1387 3541 1466">
     <span class='ocr_line' id='line_1_73' title="bbox 1952 1387 3541 1466; baseline 0.008 -25"><span class='ocrx_word' id='word_1_570' title='bbox 1952 1401 2049 1441; x_wconf 90' lang='lat' dir='ltr'><strong>cur</strong></span> <span class='ocrx_word' id='word_1_571' title='bbox 2069 1388 2260 1457; x_wconf 73' lang='lat' dir='ltr'><strong>quaerit</strong></span> <span class='ocrx_word' id='word_1_572' title='bbox 2286 1387 2463 1444; x_wconf 90' lang='lat' dir='ltr'><strong>adhuc</strong></span> <span class='ocrx_word' id='word_1_573' title='bbox 2496 1389 2906 1461; x_wconf 87' lang='lat' dir='ltr'><strong>justilicationes</strong></span> <span class='ocrx_word' id='word_1_574' title='bbox 2940 1392 3182 1463; x_wconf 81' lang='lat' dir='ltr'><strong>discere,</strong></span> <span class='ocrx_word' id='word_1_575' title='bbox 3208 1396 3296 1465; x_wconf 86' lang='lat' dir='ltr'><strong>qui</strong></span> <span class='ocrx_word' id='word_1_576' title='bbox 3328 1396 3541 1466; x_wconf 87' lang='lat' dir='ltr'><strong>eloquia</strong></span> 
     </span>
    </p>
   </div>
   <div class='ocr_carea' id='block_1_74' title="bbox 1955 1480 3543 1553">
    <p class='ocr_par' dir='ltr' id='par_1_74' title="bbox 1955 1480 3543 1553">
     <span class='ocr_line' id='line_1_74' title="bbox 1955 1480 3543 1553; baseline 0.006 -18"><span class='ocrx_word' id='word_1_577' title='bbox 1955 1480 2047 1536; x_wconf 90' lang='lat' dir='ltr'><strong>Del</strong></span> <span class='ocrx_word' id='word_1_578' title='bbox 2075 1497 2135 1536; x_wconf 92' lang='lat' dir='ltr'><strong>se</strong></span> <span class='ocrx_word' id='word_1_579' title='bbox 2162 1480 2507 1539; x_wconf 85' lang='lat' dir='ltr'><strong>abscondisse</strong></span> <span class='ocrx_word' id='word_1_580' title='bbox 2532 1484 2585 1539; x_wconf 91' lang='lat' dir='ltr'><strong>in</strong></span> <span class='ocrx_word' id='word_1_581' title='bbox 2609 1484 2772 1540; x_wconf 89' lang='lat' dir='ltr'><strong>corde</strong></span> <span class='ocrx_word' id='word_1_582' title='bbox 2794 1486 2955 1542; x_wconf 72' lang='lat' dir='ltr'><strong>dicit?</strong></span> <span class='ocrx_word' id='word_1_583' title='bbox 2981 1489 3069 1543; x_wconf 85' lang='lat' dir='ltr'><strong>Ait</strong></span> <span class='ocrx_word' id='word_1_584' title='bbox 3087 1489 3233 1545; x_wconf 86' lang='lat' dir='ltr'><strong>enim</strong></span> <span class='ocrx_word' id='word_1_585' title='bbox 3260 1529 3273 1553; x_wconf 94' lang='lat'><strong>,</strong></span> <span class='ocrx_word' id='word_1_586' title='bbox 3297 1487 3365 1543; x_wconf 87' lang='lat' dir='ltr'><strong>In</strong></span> <span class='ocrx_word' id='word_1_587' title='bbox 3391 1490 3543 1545; x_wconf 81' lang='lat' dir='ltr'><strong>corde</strong></span> 
     </span>
    </p>
   </div>
   <div class='ocr_carea' id='block_1_75' title="bbox 1955 1570 3544 1647">
    <p class='ocr_par' dir='ltr' id='par_1_75' title="bbox 1955 1570 3544 1647">
     <span class='ocr_line' id='line_1_75' title="bbox 1955 1570 3544 1647; baseline 0.009 -24"><span class='ocrx_word' id='word_1_588' title='bbox 1955 1586 2066 1624; x_wconf 89' lang='lat' dir='ltr'><strong>meo</strong></span> <span class='ocrx_word' id='word_1_589' title='bbox 2090 1570 2330 1627; x_wconf 83' lang='lat' dir='ltr'><strong>abscondi</strong></span> <span class='ocrx_word' id='word_1_590' title='bbox 2359 1574 2554 1643; x_wconf 88' lang='lat' dir='ltr'><strong>eloquia</strong></span> <span class='ocrx_word' id='word_1_591' title='bbox 2583 1583 2687 1641; x_wconf 90' lang='lat' dir='ltr'><strong>tua,</strong></span> <span class='ocrx_word' id='word_1_592' title='bbox 2719 1586 2773 1630; x_wconf 86' lang='lat' dir='ltr'><strong>ut</strong></span> <span class='ocrx_word' id='word_1_593' title='bbox 2802 1591 2903 1631; x_wconf 89' lang='lat' dir='ltr'><strong>non</strong></span> <span class='ocrx_word' id='word_1_594' title='bbox 2928 1594 3124 1647; x_wconf 83' lang='lat' dir='ltr'><strong>peccem</strong></span> <span class='ocrx_word' id='word_1_595' title='bbox 3152 1579 3239 1633; x_wconf 89' lang='lat' dir='ltr'><strong>tibi</strong></span> <span class='ocrx_word' id='word_1_596' title='bbox 3270 1596 3285 1637; x_wconf 92' lang='lat'><strong>:</strong></span> <span class='ocrx_word' id='word_1_597' title='bbox 3317 1591 3424 1636; x_wconf 90' lang='lat' dir='ltr'><strong>tum</strong></span> <span class='ocrx_word' id='word_1_598' title='bbox 3457 1597 3544 1637; x_wconf 85' lang='lat' dir='ltr'><strong>se-</strong></span> 
     </span>
    </p>
   </div>
   <div class='ocr_carea' id='block_1_76' title="bbox 1954 1666 3541 1745">
    <p class='ocr_par' dir='ltr' id='par_1_76' title="bbox 1954 1666 3541 1745">
     <span class='ocr_line' id='line_1_76' title="bbox 1954 1666 3541 1745; baseline 0.004 -23"><span class='ocrx_word' id='word_1_599' title='bbox 1954 1674 2109 1722; x_wconf 90' lang='lat' dir='ltr'><strong>cutus</strong></span> <span class='ocrx_word' id='word_1_600' title='bbox 2135 1666 2396 1737; x_wconf 87' lang='lat' dir='ltr'><strong>adjunxit,</strong></span> <span class='ocrx_word' id='word_1_601' title='bbox 2428 1666 2728 1725; x_wconf 85' lang='lat' dir='ltr'><strong>Benedictus</strong></span> <span class='ocrx_word' id='word_1_602' title='bbox 2749 1686 2820 1734; x_wconf 85' lang='lat' dir='ltr'><strong>es,</strong></span> <span class='ocrx_word' id='word_1_603' title='bbox 2857 1670 3104 1737; x_wconf 89' lang='lat' dir='ltr'><strong>Domine;</strong></span> <span class='ocrx_word' id='word_1_604' title='bbox 3134 1673 3257 1728; x_wconf 84' lang='lat' dir='ltr'><strong>doce</strong></span> <span class='ocrx_word' id='word_1_605' title='bbox 3281 1691 3361 1728; x_wconf 88' lang='lat' dir='ltr'><strong>me</strong></span> <span class='ocrx_word' id='word_1_606' title='bbox 3377 1675 3541 1745; x_wconf 88' lang='lat' dir='ltr'><strong>justi-</strong></span> 
     </span>
    </p>
   </div>
   <div class='ocr_carea' id='block_1_77' title="bbox 1957 1760 3544 1838">
    <p class='ocr_par' dir='ltr' id='par_1_77' title="bbox 1957 1760 3544 1838">
     <span class='ocr_line' id='line_1_77' title="bbox 1957 1760 3544 1838; baseline 0.007 -25"><span class='ocrx_word' id='word_1_607' title='bbox 1957 1760 2215 1829; x_wconf 78' lang='lat' dir='ltr'><strong>ﬁcationes</strong></span> <span class='ocrx_word' id='word_1_608' title='bbox 2237 1772 2385 1826; x_wconf 87' lang='lat' dir='ltr'><strong>tuas;</strong></span> <span class='ocrx_word' id='word_1_609' title='bbox 2412 1777 2474 1818; x_wconf 89' lang='lat' dir='ltr'><strong>ac</strong></span> <span class='ocrx_word' id='word_1_610' title='bbox 2499 1762 2709 1829; x_wconf 89' lang='lat' dir='ltr'><strong>deinde,</strong></span> <span class='ocrx_word' id='word_1_611' title='bbox 2733 1763 2799 1818; x_wconf 89' lang='lat' dir='ltr'><strong>In</strong></span> <span class='ocrx_word' id='word_1_612' title='bbox 2826 1765 2976 1821; x_wconf 88' lang='lat' dir='ltr'><strong>labiis</strong></span> <span class='ocrx_word' id='word_1_613' title='bbox 2995 1772 3138 1835; x_wconf 80' lang='lat' dir='ltr'><strong>meis,</strong></span> <span class='ocrx_word' id='word_1_614' title='bbox 3171 1767 3360 1838; x_wconf 91' lang='lat' dir='ltr'><strong>inquit,</strong></span> <span class='ocrx_word' id='word_1_615' title='bbox 3384 1786 3544 1824; x_wconf 78' lang='lat' dir='ltr'><strong>enun-</strong></span> 
     </span>
    </p>
   </div>
   <div class='ocr_carea' id='block_1_78' title="bbox 1955 1852 3545 1929">
    <p class='ocr_par' dir='ltr' id='par_1_78' title="bbox 1955 1852 3545 1929">
     <span class='ocr_line' id='line_1_78' title="bbox 1955 1852 3545 1929; baseline 0.006 -23"><span class='ocrx_word' id='word_1_616' title='bbox 1955 1852 2076 1907; x_wconf 81' lang='lat' dir='ltr'><strong>tiavi</strong></span> <span class='ocrx_word' id='word_1_617' title='bbox 2121 1854 2292 1907; x_wconf 88' lang='lat' dir='ltr'><strong>omnia</strong></span> <span class='ocrx_word' id='word_1_618' title='bbox 2328 1854 2529 1927; x_wconf 87' lang='lat' dir='ltr'><strong>judicia</strong></span> <span class='ocrx_word' id='word_1_619' title='bbox 2571 1856 2673 1911; x_wconf 87' lang='lat' dir='ltr'><strong>oris</strong></span> <span class='ocrx_word' id='word_1_620' title='bbox 2726 1857 2816 1911; x_wconf 90' lang='lat' dir='ltr'><strong>tui.</strong></span> <span class='ocrx_word' id='word_1_621' title='bbox 2870 1857 3129 1912; x_wconf 86' lang='lat' dir='ltr'><strong>Videntur</strong></span> <span class='ocrx_word' id='word_1_622' title='bbox 3174 1859 3387 1929; x_wconf 88' lang='lat' dir='ltr'><strong>quidem</strong></span> <span class='ocrx_word' id='word_1_623' title='bbox 3437 1859 3545 1915; x_wconf 90' lang='lat' dir='ltr'><strong>duo</strong></span> 
     </span>
    </p>
   </div>
   <div class='ocr_carea' id='block_1_79' title="bbox 1956 1934 3549 2019">
    <p class='ocr_par' dir='ltr' id='par_1_79' title="bbox 1956 1934 3549 2019">
     <span class='ocr_line' id='line_1_79' title="bbox 1956 1934 3549 2019; baseline 0.006 -21"><span class='ocrx_word' id='word_1_624' title='bbox 1956 1944 2059 2000; x_wconf 77' lang='lat' dir='ltr'><strong>lSta</strong></span> <span class='ocrx_word' id='word_1_625' title='bbox 2081 1944 2218 2000; x_wconf 90' lang='lat' dir='ltr'><strong>inter</strong></span> <span class='ocrx_word' id='word_1_626' title='bbox 2238 1948 2295 2000; x_wconf 84' lang='lat' dir='ltr'><strong>se</strong></span> <span class='ocrx_word' id='word_1_627' title='bbox 2317 1960 2422 2001; x_wconf 89' lang='lat' dir='ltr'><strong>non</strong></span> <span class='ocrx_word' id='word_1_628' title='bbox 2448 1960 2567 2002; x_wconf 89' lang='lat' dir='ltr'><strong>esse</strong></span> <span class='ocrx_word' id='word_1_629' title='bbox 2587 1949 2873 2015; x_wconf 87' lang='lat' dir='ltr'><strong>contraria,</strong></span> <span class='ocrx_word' id='word_1_630' title='bbox 2900 1948 3006 2004; x_wconf 90' lang='lat' dir='ltr'><strong>imo</strong></span> <span class='ocrx_word' id='word_1_631' title='bbox 3027 1965 3146 2005; x_wconf 91' lang='lat' dir='ltr'><strong>esse</strong></span> <span class='ocrx_word' id='word_1_632' title='bbox 3176 1950 3349 2019; x_wconf 88' lang='lat' dir='ltr'><strong>potius</strong></span> <span class='ocrx_word' id='word_1_633' title='bbox 3374 1934 3549 2009; x_wconf 81' lang='lat' dir='ltr'><strong>amica</strong></span> 
     </span>
    </p>
   </div>
   <div class='ocr_carea' id='block_1_80' title="bbox 1960 2036 3550 2109">
    <p class='ocr_par' dir='ltr' id='par_1_80' title="bbox 1960 2036 3550 2109">
     <span class='ocr_line' id='line_1_80' title="bbox 1960 2036 3550 2109; baseline 0.006 -19"><span class='ocrx_word' id='word_1_634' title='bbox 1960 2046 2121 2106; x_wconf 87' lang='lat' dir='ltr'><strong>atque</strong></span> <span class='ocrx_word' id='word_1_635' title='bbox 2145 2036 2430 2106; x_wconf 81' lang='lat' dir='ltr'><strong>conjuncta</strong></span> <span class='ocrx_word' id='word_1_636' title='bbox 2454 2082 2469 2106; x_wconf 97' lang='lat'><strong>,</strong></span> <span class='ocrx_word' id='word_1_637' title='bbox 2502 2050 2559 2093; x_wconf 91' lang='lat' dir='ltr'><strong>ut</strong></span> <span class='ocrx_word' id='word_1_638' title='bbox 2583 2042 2832 2109; x_wconf 89' lang='lat' dir='ltr'><strong>quoniam</strong></span> <span class='ocrx_word' id='word_1_639' title='bbox 2864 2040 2916 2094; x_wconf 93' lang='lat' dir='ltr'><strong>in</strong></span> <span class='ocrx_word' id='word_1_640' title='bbox 2948 2042 3110 2098; x_wconf 91' lang='lat' dir='ltr'><strong>corde</strong></span> <span class='ocrx_word' id='word_1_641' title='bbox 3140 2058 3237 2097; x_wconf 90' lang='lat' dir='ltr'><strong>suo</strong></span> <span class='ocrx_word' id='word_1_642' title='bbox 3269 2042 3550 2099; x_wconf 88' lang='lat' dir='ltr'><strong>abscondit</strong></span> 
     </span>
    </p>
   </div>
   <div class='ocr_carea' id='block_1_81' title="bbox 1961 2128 3605 2206">
    <p class='ocr_par' dir='ltr' id='par_1_81' title="bbox 1961 2128 3605 2206">
     <span class='ocr_line' id='line_1_81' title="bbox 1961 2128 3605 2206; baseline 0.007 -24"><span class='ocrx_word' id='word_1_643' title='bbox 1961 2128 2168 2199; x_wconf 89' lang='lat' dir='ltr'><strong>eloquia</strong></span> <span class='ocrx_word' id='word_1_644' title='bbox 2200 2130 2313 2196; x_wconf 90' lang='lat' dir='ltr'><strong>Dei,</strong></span> <span class='ocrx_word' id='word_1_645' title='bbox 2342 2131 2395 2185; x_wconf 93' lang='lat' dir='ltr'><strong>in</strong></span> <span class='ocrx_word' id='word_1_646' title='bbox 2426 2131 2577 2187; x_wconf 86' lang='lat' dir='ltr'><strong>labiis</strong></span> <span class='ocrx_word' id='word_1_647' title='bbox 2601 2134 2711 2187; x_wconf 89' lang='lat' dir='ltr'><strong>suis</strong></span> <span class='ocrx_word' id='word_1_648' title='bbox 2730 2134 2927 2205; x_wconf 87' lang='lat' dir='ltr'><strong>judicia</strong></span> <span class='ocrx_word' id='word_1_649' title='bbox 2950 2136 3066 2206; x_wconf 92' lang='lat' dir='ltr'><strong>ejus</strong></span> <span class='ocrx_word' id='word_1_650' title='bbox 3091 2139 3360 2204; x_wconf 88' lang='lat' dir='ltr'><strong>enuntiet;</strong></span> <span class='ocrx_word' id='word_1_651' title='bbox 3385 2135 3551 2194; x_wconf 80' lang='lat' dir='ltr'><strong>Corde</strong></span> <span class='ocrx_word' id='word_1_652' title='bbox 3602 2168 3605 2171; x_wconf 57' lang='grc' dir='ltr'><strong><em>ν</em></strong></span> 
     </span>
    </p>
   </div>
   <div class='ocr_carea' id='block_1_82' title="bbox 1960 2221 3547 2299">
    <p class='ocr_par' dir='ltr' id='par_1_82' title="bbox 1960 2221 3547 2299">
     <span class='ocr_line' id='line_1_82' title="bbox 1960 2221 3547 2299; baseline 0.008 -27"><span class='ocrx_word' id='word_1_653' title='bbox 1960 2221 2093 2274; x_wconf 90' lang='lat' dir='ltr'><strong>enim</strong></span> <span class='ocrx_word' id='word_1_654' title='bbox 2117 2222 2340 2276; x_wconf 80' lang='lat' dir='ltr'><strong>creditur</strong></span> <span class='ocrx_word' id='word_1_655' title='bbox 2366 2223 2433 2275; x_wconf 88' lang='lat' dir='ltr'><strong>ad</strong></span> <span class='ocrx_word' id='word_1_656' title='bbox 2448 2223 2702 2294; x_wconf 85' lang='lat' dir='ltr'><strong>justitiam</strong></span> <span class='ocrx_word' id='word_1_657' title='bbox 2722 2267 2735 2289; x_wconf 89' lang='lat'><strong>,</strong></span> <span class='ocrx_word' id='word_1_658' title='bbox 2769 2242 2854 2280; x_wconf 86' lang='lat' dir='ltr'><strong>ore</strong></span> <span class='ocrx_word' id='word_1_659' title='bbox 2890 2238 3056 2280; x_wconf 86' lang='lat' dir='ltr'><strong>autem</strong></span> <span class='ocrx_word' id='word_1_660' title='bbox 3089 2232 3336 2299; x_wconf 78' lang='lat' dir='ltr'><strong>confessio</strong></span> <span class='ocrx_word' id='word_1_661' title='bbox 3375 2231 3433 2298; x_wconf 74' lang='lat' dir='ltr'><strong>ﬁt</strong></span> <span class='ocrx_word' id='word_1_662' title='bbox 3477 2229 3547 2285; x_wconf 81' lang='lat' dir='ltr'><strong>ad</strong></span> 
     </span>
    </p>
   </div>
   <div class='ocr_carea' id='block_1_83' title="bbox 1962 2312 3553 2388">
    <p class='ocr_par' dir='ltr' id='par_1_83' title="bbox 1962 2312 3553 2388">
     <span class='ocr_line' id='line_1_83' title="bbox 1962 2312 3553 2388; baseline 0.007 -22"><span class='ocrx_word' id='word_1_663' title='bbox 1962 2312 2175 2367; x_wconf 84' lang='lat' dir='ltr'><strong>salutem</strong></span> <span class='ocrx_word' id='word_1_664' title='bbox 2204 2314 2377 2384; x_wconf 87' lang='lat' dir='ltr'><strong>(llam.</strong></span> <span class='ocrx_word' id='word_1_665' title='bbox 2408 2330 2464 2378; x_wconf 82' lang='grc' dir='ltr'><strong>χ,</strong></span> <span class='ocrx_word' id='word_1_666' title='bbox 2491 2314 2580 2388; x_wconf 91' lang='lat'><strong>10)</strong></span> <span class='ocrx_word' id='word_1_667' title='bbox 2607 2334 2618 2369; x_wconf 90' lang='lat'>:</span> <span class='ocrx_word' id='word_1_668' title='bbox 2644 2316 2737 2371; x_wconf 88' lang='lat' dir='ltr'><strong>sed</strong></span> <span class='ocrx_word' id='word_1_669' title='bbox 2777 2317 2917 2388; x_wconf 87' lang='lat' dir='ltr'><strong>quod</strong></span> <span class='ocrx_word' id='word_1_670' title='bbox 2966 2320 3103 2375; x_wconf 88' lang='lat' dir='ltr'><strong>inter</strong></span> <span class='ocrx_word' id='word_1_671' title='bbox 3147 2322 3258 2376; x_wconf 64' lang='lat' dir='ltr'><strong>haec</strong></span> <span class='ocrx_word' id='word_1_672' title='bbox 3292 2320 3398 2377; x_wconf 91' lang='lat' dir='ltr'><strong>duo</strong></span> <span class='ocrx_word' id='word_1_673' title='bbox 3439 2339 3553 2379; x_wconf 86' lang='lat' dir='ltr'><strong>tne-</strong></span> 
     </span>
    </p>
   </div>
   <div class='ocr_carea' id='block_1_84' title="bbox 1963 2402 3547 2484">
    <p class='ocr_par' dir='ltr' id='par_1_84' title="bbox 1963 2402 3547 2484">
     <span class='ocr_line' id='line_1_84' title="bbox 1963 2402 3547 2484; baseline 0.007 -27"><span class='ocrx_word' id='word_1_674' title='bbox 1963 2402 2109 2457; x_wconf 89' lang='lat' dir='ltr'><strong>dium</strong></span> <span class='ocrx_word' id='word_1_675' title='bbox 2138 2406 2348 2473; x_wconf 89' lang='lat' dir='ltr'><strong>posuit,</strong></span> <span class='ocrx_word' id='word_1_676' title='bbox 2377 2403 2675 2462; x_wconf 86' lang='lat' dir='ltr'><strong>Benedictus</strong></span> <span class='ocrx_word' id='word_1_677' title='bbox 2701 2424 2752 2463; x_wconf 88' lang='lat' dir='ltr'><strong>es</strong></span> <span class='ocrx_word' id='word_1_678' title='bbox 2771 2448 2785 2472; x_wconf 92' lang='lat'><strong>,</strong></span> <span class='ocrx_word' id='word_1_679' title='bbox 2817 2407 3069 2474; x_wconf 86' lang='lat' dir='ltr'><strong>Domine;</strong></span> <span class='ocrx_word' id='word_1_680' title='bbox 3097 2412 3220 2466; x_wconf 84' lang='lat' dir='ltr'><strong>doce</strong></span> <span class='ocrx_word' id='word_1_681' title='bbox 3249 2429 3325 2467; x_wconf 89' lang='lat' dir='ltr'><strong>me</strong></span> <span class='ocrx_word' id='word_1_682' title='bbox 3346 2414 3547 2484; x_wconf 79' lang='lat' dir='ltr'><strong>justiﬁ-</strong></span> 
     </span>
    </p>
   </div>
   <div class='ocr_carea' id='block_1_85' title="bbox 1967 2496 3551 2574">
    <p class='ocr_par' dir='ltr' id='par_1_85' title="bbox 1967 2496 3551 2574">
     <span class='ocr_line' id='line_1_85' title="bbox 1967 2496 3551 2574; baseline 0.008 -26"><span class='ocrx_word' id='word_1_683' title='bbox 1967 2496 2187 2549; x_wconf 86' lang='lat' dir='ltr'><strong>cationes</strong></span> <span class='ocrx_word' id='word_1_684' title='bbox 2232 2508 2377 2563; x_wconf 88' lang='lat' dir='ltr'><strong>tuas,</strong></span> <span class='ocrx_word' id='word_1_685' title='bbox 2413 2499 2682 2567; x_wconf 91' lang='lat' dir='ltr'><strong>quomodo</strong></span> <span class='ocrx_word' id='word_1_686' title='bbox 2726 2500 3008 2557; x_wconf 85' lang='lat' dir='ltr'><strong>conveniat</strong></span> <span class='ocrx_word' id='word_1_687' title='bbox 3051 2502 3254 2557; x_wconf 84' lang='lat' dir='ltr'><strong>homini</strong></span> <span class='ocrx_word' id='word_1_688' title='bbox 3299 2504 3451 2574; x_wconf 91' lang='lat' dir='ltr'><strong>cujus</strong></span> <span class='ocrx_word' id='word_1_689' title='bbox 3497 2506 3551 2560; x_wconf 92' lang='lat' dir='ltr'><strong>in</strong></span> 
     </span>
    </p>
   </div>
   <div class='ocr_carea' id='block_1_86' title="bbox 1965 2588 3547 2666">
    <p class='ocr_par' dir='ltr' id='par_1_86' title="bbox 1965 2588 3547 2666">
     <span class='ocr_line' id='line_1_86' title="bbox 1965 2588 3547 2666; baseline 0.008 -24"><span class='ocrx_word' id='word_1_690' title='bbox 1965 2588 2127 2644; x_wconf 91' lang='lat' dir='ltr'><strong>corde</strong></span> <span class='ocrx_word' id='word_1_691' title='bbox 2160 2588 2269 2660; x_wconf 89' lang='lat' dir='ltr'><strong>jam</strong></span> <span class='ocrx_word' id='word_1_692' title='bbox 2301 2600 2424 2644; x_wconf 90' lang='lat' dir='ltr'><strong>sunt</strong></span> <span class='ocrx_word' id='word_1_693' title='bbox 2448 2591 2654 2661; x_wconf 86' lang='lat' dir='ltr'><strong>eloquia</strong></span> <span class='ocrx_word' id='word_1_694' title='bbox 2682 2592 2811 2661; x_wconf 91' lang='lat' dir='ltr'><strong>Dei,</strong></span> <span class='ocrx_word' id='word_1_695' title='bbox 2836 2603 2890 2648; x_wconf 91' lang='lat' dir='ltr'><strong>et</strong></span> <span class='ocrx_word' id='word_1_696' title='bbox 2915 2595 3004 2666; x_wconf 90' lang='lat' dir='ltr'><strong>qui</strong></span> <span class='ocrx_word' id='word_1_697' title='bbox 3051 2595 3205 2652; x_wconf 90' lang='lat' dir='ltr'><strong>labiis</strong></span> <span class='ocrx_word' id='word_1_698' title='bbox 3231 2598 3342 2653; x_wconf 89' lang='lat' dir='ltr'><strong>suis</strong></span> <span class='ocrx_word' id='word_1_699' title='bbox 3369 2614 3547 2654; x_wconf 90' lang='lat' dir='ltr'><strong>enun-</strong></span> 
     </span>
    </p>
   </div>
   <div class='ocr_carea' id='block_1_87' title="bbox 1969 2682 3549 2761">
    <p class='ocr_par' dir='ltr' id='par_1_87' title="bbox 1969 2682 3549 2761">
     <span class='ocr_line' id='line_1_87' title="bbox 1969 2682 3549 2761; baseline 0.006 -26"><span class='ocrx_word' id='word_1_700' title='bbox 1969 2682 2117 2737; x_wconf 86' lang='lat' dir='ltr'><strong>tiavit</strong></span> <span class='ocrx_word' id='word_1_701' title='bbox 2142 2684 2317 2738; x_wconf 90' lang='lat' dir='ltr'><strong>omnia</strong></span> <span class='ocrx_word' id='word_1_702' title='bbox 2334 2682 2532 2754; x_wconf 85' lang='lat' dir='ltr'><strong>judicia</strong></span> <span class='ocrx_word' id='word_1_703' title='bbox 2560 2685 2676 2753; x_wconf 91' lang='lat' dir='ltr'><strong>Dei,</strong></span> <span class='ocrx_word' id='word_1_704' title='bbox 2701 2695 2757 2741; x_wconf 91' lang='lat' dir='ltr'><strong>ut</strong></span> <span class='ocrx_word' id='word_1_705' title='bbox 2776 2687 2951 2744; x_wconf 88' lang='lat' dir='ltr'><strong>adhuc</strong></span> <span class='ocrx_word' id='word_1_706' title='bbox 2972 2689 3097 2745; x_wconf 83' lang='lat' dir='ltr'><strong>velit</strong></span> <span class='ocrx_word' id='word_1_707' title='bbox 3123 2690 3329 2759; x_wconf 69' lang='lat' dir='ltr'><strong>discere</strong></span> <span class='ocrx_word' id='word_1_708' title='bbox 3350 2691 3549 2761; x_wconf 83' lang='lat' dir='ltr'><strong>justifi—</strong></span> 
     </span>
    </p>
   </div>
   <div class='ocr_carea' id='block_1_88' title="bbox 1967 2777 3551 2849">
    <p class='ocr_par' dir='ltr' id='par_1_88' title="bbox 1967 2777 3551 2849">
     <span class='ocr_line' id='line_1_88' title="bbox 1967 2777 3551 2849; baseline 0.006 -17"><span class='ocrx_word' id='word_1_709' title='bbox 1967 2778 2205 2833; x_wconf 82' lang='lat' dir='ltr'><strong>cationes</strong></span> <span class='ocrx_word' id='word_1_710' title='bbox 2232 2777 2361 2847; x_wconf 92' lang='lat' dir='ltr'><strong>Dei,</strong></span> <span class='ocrx_word' id='word_1_711' title='bbox 2391 2794 2494 2835; x_wconf 93' lang='lat' dir='ltr'><strong>non</strong></span> <span class='ocrx_word' id='word_1_712' title='bbox 2529 2781 2815 2849; x_wconf 90' lang='lat' dir='ltr'><strong>invenitur,</strong></span> <span class='ocrx_word' id='word_1_713' title='bbox 2847 2782 2952 2839; x_wconf 88' lang='lat' dir='ltr'><strong>nisi</strong></span> <span class='ocrx_word' id='word_1_714' title='bbox 2974 2791 3035 2840; x_wconf 86' lang='lat' dir='ltr'><strong>ut</strong></span> <span class='ocrx_word' id='word_1_715' title='bbox 3055 2799 3148 2841; x_wconf 88' lang='lat' dir='ltr'><strong>eas</strong></span> <span class='ocrx_word' id='word_1_716' title='bbox 3176 2784 3384 2841; x_wconf 89' lang='lat' dir='ltr'><strong>discere</strong></span> <span class='ocrx_word' id='word_1_717' title='bbox 3411 2786 3551 2842; x_wconf 89' lang='lat' dir='ltr'><strong>velle</strong></span> 
     </span>
    </p>
   </div>
   <div class='ocr_carea' id='block_1_89' title="bbox 1968 2868 3551 2940">
    <p class='ocr_par' dir='ltr' id='par_1_89' title="bbox 1968 2868 3551 2940">
     <span class='ocr_line' id='line_1_89' title="bbox 1968 2868 3551 2940; baseline 0.005 -16"><span class='ocrx_word' id='word_1_718' title='bbox 1968 2868 2299 2940; x_wconf 80' lang='lat' dir='ltr'><strong>intelligatur</strong></span> <span class='ocrx_word' id='word_1_719' title='bbox 2339 2869 2583 2925; x_wconf 84' lang='lat' dir='ltr'><strong>faciendo</strong></span> <span class='ocrx_word' id='word_1_720' title='bbox 2602 2913 2617 2937; x_wconf 96' lang='lat'><strong>,</strong></span> <span class='ocrx_word' id='word_1_721' title='bbox 2647 2888 2755 2927; x_wconf 91' lang='lat' dir='ltr'><strong>non</strong></span> <span class='ocrx_word' id='word_1_722' title='bbox 2786 2874 3044 2929; x_wconf 87' lang='lat' dir='ltr'><strong>memoria</strong></span> <span class='ocrx_word' id='word_1_723' title='bbox 3074 2874 3354 2931; x_wconf 88' lang='lat' dir='ltr'><strong>retinendo</strong></span> <span class='ocrx_word' id='word_1_724' title='bbox 3384 2884 3437 2930; x_wconf 88' lang='lat' dir='ltr'><strong>et</strong></span> <span class='ocrx_word' id='word_1_725' title='bbox 3465 2876 3551 2932; x_wconf 83' lang='lat' dir='ltr'><strong>lo-</strong></span> 
     </span>
    </p>
   </div>
   <div class='ocr_carea' id='block_1_90' title="bbox 1968 2960 3557 3037">
    <p class='ocr_par' dir='ltr' id='par_1_90' title="bbox 1968 2960 3557 3037">
     <span class='ocr_line' id='line_1_90' title="bbox 1968 2960 3557 3037; baseline 0.006 -23"><span class='ocrx_word' id='word_1_726' title='bbox 1968 2960 2210 3031; x_wconf 90' lang='lat' dir='ltr'><strong>quendo;</strong></span> <span class='ocrx_word' id='word_1_727' title='bbox 2239 2969 2294 3016; x_wconf 91' lang='lat' dir='ltr'><strong>et</strong></span> <span class='ocrx_word' id='word_1_728' title='bbox 2322 2960 2374 3015; x_wconf 93' lang='lat' dir='ltr'><strong>id</strong></span> <span class='ocrx_word' id='word_1_729' title='bbox 2404 2976 2433 3014; x_wconf 89' lang='lat' dir='ltr'><strong>a</strong></span> <span class='ocrx_word' id='word_1_730' title='bbox 2463 2961 2690 3017; x_wconf 91' lang='lat' dir='ltr'><strong>Domino</strong></span> <span class='ocrx_word' id='word_1_731' title='bbox 2712 2963 3101 3021; x_wconf 86' lang='lat' dir='ltr'><strong>demonstravit</strong></span> <span class='ocrx_word' id='word_1_732' title='bbox 3125 2965 3322 3023; x_wconf 89' lang='lat' dir='ltr'><strong>debere</strong></span> <span class='ocrx_word' id='word_1_733' title='bbox 3345 2982 3443 3023; x_wconf 89' lang='lat' dir='ltr'><strong>nos</strong></span> <span class='ocrx_word' id='word_1_734' title='bbox 3463 2983 3557 3037; x_wconf 86' lang='lat' dir='ltr'><strong>pe-</strong></span> 
     </span>
    </p>
   </div>
   <div class='ocr_carea' id='block_1_91' title="bbox 1971 3052 3558 3125">
    <p class='ocr_par' dir='ltr' id='par_1_91' title="bbox 1971 3052 3558 3125">
     <span class='ocr_line' id='line_1_91' title="bbox 1971 3052 3558 3125; baseline 0.006 -18"><span class='ocrx_word' id='word_1_735' title='bbox 1971 3058 2117 3117; x_wconf 89' lang='lat' dir='ltr'><strong>tere,</strong></span> <span class='ocrx_word' id='word_1_736' title='bbox 2146 3052 2263 3107; x_wconf 92' lang='lat' dir='ltr'><strong>sine</strong></span> <span class='ocrx_word' id='word_1_737' title='bbox 2292 3068 2398 3122; x_wconf 90' lang='lat' dir='ltr'><strong>quo</strong></span> <span class='ocrx_word' id='word_1_738' title='bbox 2430 3053 2559 3109; x_wconf 86' lang='lat' dir='ltr'><strong>nihil</strong></span> <span class='ocrx_word' id='word_1_739' title='bbox 2586 3070 2872 3125; x_wconf 87' lang='lat' dir='ltr'><strong>possumus</strong></span> <span class='ocrx_word' id='word_1_740' title='bbox 2898 3056 3094 3113; x_wconf 90' lang='lat' dir='ltr'><strong>facere.</strong></span> <span class='ocrx_word' id='word_1_741' title='bbox 3132 3056 3241 3115; x_wconf 90' lang='lat' dir='ltr'><strong>Sed</strong></span> <span class='ocrx_word' id='word_1_742' title='bbox 3284 3057 3389 3116; x_wconf 90' lang='lat' dir='ltr'><strong>hoc</strong></span> <span class='ocrx_word' id='word_1_743' title='bbox 3432 3068 3558 3117; x_wconf 84' lang='lat' dir='ltr'><strong>ante</strong></span> 
     </span>
    </p>
   </div>
   <div class='ocr_carea' id='block_1_92' title="bbox 1971 3140 3560 3223">
    <p class='ocr_par' dir='ltr' id='par_1_92' title="bbox 1971 3140 3560 3223">
     <span class='ocr_line' id='line_1_92' title="bbox 1971 3140 3560 3223; baseline 0.009 -27"><span class='ocrx_word' id='word_1_744' title='bbox 1971 3140 2132 3197; x_wconf 89' lang='lat' dir='ltr'><strong>istum</strong></span> <span class='ocrx_word' id='word_1_745' title='bbox 2163 3143 2267 3199; x_wconf 89' lang='lat' dir='ltr'><strong>alio</strong></span> <span class='ocrx_word' id='word_1_746' title='bbox 2289 3146 2399 3214; x_wconf 88' lang='lat' dir='ltr'><strong>jam</strong></span> <span class='ocrx_word' id='word_1_747' title='bbox 2430 3160 2679 3204; x_wconf 88' lang='lat' dir='ltr'><strong>sermone</strong></span> <span class='ocrx_word' id='word_1_748' title='bbox 2708 3150 3052 3206; x_wconf 86' lang='lat' dir='ltr'><strong>tractavimus</strong></span> <span class='ocrx_word' id='word_1_749' title='bbox 3078 3169 3091 3204; x_wconf 88' lang='lat'><strong>:</strong></span> <span class='ocrx_word' id='word_1_750' title='bbox 3121 3167 3263 3208; x_wconf 91' lang='lat' dir='ltr'><strong>nunc</strong></span> <span class='ocrx_word' id='word_1_751' title='bbox 3283 3168 3409 3208; x_wconf 89' lang='lat' dir='ltr'><strong>vero</strong></span> <span class='ocrx_word' id='word_1_752' title='bbox 3432 3170 3560 3223; x_wconf 88' lang='lat' dir='ltr'><strong>quo-</strong></span> 
     </span>
    </p>
   </div>
   <div class='ocr_carea' id='block_1_93' title="bbox 1971 3232 3557 3308">
    <p class='ocr_par' dir='ltr' id='par_1_93' title="bbox 1971 3232 3557 3308">
     <span class='ocr_line' id='line_1_93' title="bbox 1971 3232 3557 3308; baseline 0.009 -21"><span class='ocrx_word' id='word_1_753' title='bbox 1971 3232 2130 3287; x_wconf 90' lang='lat' dir='ltr'><strong>modo</strong></span> <span class='ocrx_word' id='word_1_754' title='bbox 2157 3248 2215 3289; x_wconf 90' lang='lat' dir='ltr'><strong>se</strong></span> <span class='ocrx_word' id='word_1_755' title='bbox 2240 3233 2436 3290; x_wconf 84' lang='lat' dir='ltr'><strong>dixerit</strong></span> <span class='ocrx_word' id='word_1_756' title='bbox 2463 3236 2643 3292; x_wconf 89' lang='lat' dir='ltr'><strong>omnia</strong></span> <span class='ocrx_word' id='word_1_757' title='bbox 2665 3237 2866 3308; x_wconf 89' lang='lat' dir='ltr'><strong>judicia</strong></span> <span class='ocrx_word' id='word_1_758' title='bbox 2891 3241 3003 3296; x_wconf 90' lang='lat' dir='ltr'><strong>oris</strong></span> <span class='ocrx_word' id='word_1_759' title='bbox 3037 3242 3136 3298; x_wconf 93' lang='lat' dir='ltr'><strong>Dei</strong></span> <span class='ocrx_word' id='word_1_760' title='bbox 3167 3244 3219 3297; x_wconf 92' lang='lat' dir='ltr'><strong>in</strong></span> <span class='ocrx_word' id='word_1_761' title='bbox 3261 3242 3416 3299; x_wconf 88' lang='lat' dir='ltr'><strong>labiis</strong></span> <span class='ocrx_word' id='word_1_762' title='bbox 3444 3246 3557 3303; x_wconf 87' lang='lat' dir='ltr'><strong>suis</strong></span> 
     </span>
    </p>
   </div>
   <div class='ocr_carea' id='block_1_94' title="bbox 1970 3324 3556 3405">
    <p class='ocr_par' dir='ltr' id='par_1_94' title="bbox 1970 3324 3556 3405">
     <span class='ocr_line' id='line_1_94' title="bbox 1970 3324 3556 3405; baseline 0.008 -26"><span class='ocrx_word' id='word_1_763' title='bbox 1970 3324 2302 3392; x_wconf 90' lang='lat' dir='ltr'><strong>enuntiasse,</strong></span> <span class='ocrx_word' id='word_1_764' title='bbox 2325 3340 2444 3380; x_wconf 93' lang='lat' dir='ltr'><strong>cum</strong></span> <span class='ocrx_word' id='word_1_765' title='bbox 2468 3327 2609 3383; x_wconf 82' lang='lat' dir='ltr'><strong>dicta</strong></span> <span class='ocrx_word' id='word_1_766' title='bbox 2630 3330 2741 3384; x_wconf 91' lang='lat' dir='ltr'><strong>sint</strong></span> <span class='ocrx_word' id='word_1_767' title='bbox 2764 3330 3142 3399; x_wconf 83' lang='lat' dir='ltr'><strong>inscrutabilia,</strong></span> <span class='ocrx_word' id='word_1_768' title='bbox 3168 3342 3223 3389; x_wconf 90' lang='lat' dir='ltr'><strong>et</strong></span> <span class='ocrx_word' id='word_1_769' title='bbox 3241 3334 3308 3389; x_wconf 87' lang='lat' dir='ltr'><strong>dc</strong></span> <span class='ocrx_word' id='word_1_770' title='bbox 3328 3351 3556 3405; x_wconf 86' lang='lat' dir='ltr'><strong>quorum</strong></span> 
     </span>
    </p>
   </div>
   <div class='ocr_carea' id='block_1_95' title="bbox 1973 3414 3560 3497">
    <p class='ocr_par' dir='ltr' id='par_1_95' title="bbox 1973 3414 3560 3497">
     <span class='ocr_line' id='line_1_95' title="bbox 1973 3414 3560 3497; baseline 0.008 -26"><span class='ocrx_word' id='word_1_771' title='bbox 1973 3414 2333 3486; x_wconf 85' lang='lat' dir='ltr'><strong>profunditate</strong></span> <span class='ocrx_word' id='word_1_772' title='bbox 2367 3416 2491 3473; x_wconf 89' lang='lat' dir='ltr'><strong>alibi</strong></span> <span class='ocrx_word' id='word_1_773' title='bbox 2534 3419 2792 3490; x_wconf 90' lang='lat' dir='ltr'><strong>scriptum</strong></span> <span class='ocrx_word' id='word_1_774' title='bbox 2834 3431 2951 3490; x_wconf 90' lang='lat' dir='ltr'><strong>est,</strong></span> <span class='ocrx_word' id='word_1_775' title='bbox 2986 3420 3199 3479; x_wconf 65' lang='lat' dir='ltr'><strong>Iudicia</strong></span> <span class='ocrx_word' id='word_1_776' title='bbox 3238 3433 3325 3479; x_wconf 85' lang='lat' dir='ltr'><strong>tua</strong></span> <span class='ocrx_word' id='word_1_777' title='bbox 3347 3426 3560 3497; x_wconf 79' lang='lat' dir='ltr'><strong>abyssus</strong></span> 
     </span>
    </p>
   </div>
   <div class='ocr_carea' id='block_1_96' title="bbox 1971 3507 3560 3587">
    <p class='ocr_par' dir='ltr' id='par_1_96' title="bbox 1971 3507 3560 3587">
     <span class='ocr_line' id='line_1_96' title="bbox 1971 3507 3560 3587; baseline 0.012 -27"><span class='ocrx_word' id='word_1_778' title='bbox 1971 3509 2133 3561; x_wconf 84' lang='lat' dir='ltr'><strong>multa</strong></span> <span class='ocrx_word' id='word_1_779' title='bbox 2154 3507 2325 3579; x_wconf 87' lang='lat' dir='ltr'><strong>(Psal.</strong></span> <span class='ocrx_word' id='word_1_780' title='bbox 2350 3526 2530 3579; x_wconf 80' lang='lat' dir='ltr'><strong>xxxv,</strong></span> <span class='ocrx_word' id='word_1_781' title='bbox 2554 3509 2643 3585; x_wconf 85' lang='lat'><strong>7);</strong></span> <span class='ocrx_word' id='word_1_782' title='bbox 2669 3523 2927 3584; x_wconf 86' lang='lat' dir='ltr'><strong>quantum</strong></span> <span class='ocrx_word' id='word_1_783' title='bbox 2952 3515 3095 3573; x_wconf 88' lang='lat' dir='ltr'><strong>Deus</strong></span> <span class='ocrx_word' id='word_1_784' title='bbox 3114 3516 3302 3587; x_wconf 85' lang='lat' dir='ltr'><strong>donat,</strong></span> <span class='ocrx_word' id='word_1_785' title='bbox 3326 3526 3560 3580; x_wconf 75' lang='lat' dir='ltr'><strong>tractare</strong></span> 
     </span>
    </p>
   </div>
   <div class='ocr_carea' id='block_1_97' title="bbox 1973 3601 2324 3671">
    <p class='ocr_par' dir='ltr' id='par_1_97' title="bbox 1973 3601 2324 3671">
     <span class='ocr_line' id='line_1_97' title="bbox 1973 3601 2324 3671; baseline 0 -16"><span class='ocrx_word' id='word_1_786' title='bbox 1973 3601 2324 3671; x_wconf 83' lang='lat' dir='ltr'><strong>suscepimus.</strong></span> 
     </span>
    </p>
   </div>
   <div class='ocr_carea' id='block_1_98' title="bbox 2045 3692 3563 3775">
    <p class='ocr_par' dir='ltr' id='par_1_98' title="bbox 2045 3692 3563 3775">
     <span class='ocr_line' id='line_1_98' title="bbox 2045 3692 3563 3775; baseline 0.01 -29"><span class='ocrx_word' id='word_1_787' title='bbox 2045 3692 2100 3747; x_wconf 89' lang='grc'><strong>2.</strong></span> <span class='ocrx_word' id='word_1_788' title='bbox 2140 3693 2276 3759; x_wconf 85' lang='lat' dir='ltr'><strong>Quid</strong></span> <span class='ocrx_word' id='word_1_789' title='bbox 2307 3711 2433 3766; x_wconf 91' lang='lat' dir='ltr'><strong>ergo</strong></span> <span class='ocrx_word' id='word_1_790' title='bbox 2460 3694 2547 3751; x_wconf 91' lang='lat' dir='ltr'><strong>hic</strong></span> <span class='ocrx_word' id='word_1_791' title='bbox 2566 3695 2941 3769; x_wconf 84' lang='lat' dir='ltr'><strong>intelligamus,</strong></span> <span class='ocrx_word' id='word_1_792' title='bbox 2982 3701 3263 3760; x_wconf 89' lang='lat' dir='ltr'><strong>attendite.</strong></span> <span class='ocrx_word' id='word_1_793' title='bbox 3292 3702 3563 3775; x_wconf 84' lang='lat' dir='ltr'><strong>Numquid</strong></span> 
     </span>
    </p>
   </div>
   <div class='ocr_carea' id='block_1_99' title="bbox 1972 3784 3561 3864">
    <p class='ocr_par' dir='ltr' id='par_1_99' title="bbox 1972 3784 3561 3864">
     <span class='ocr_line' id='line_1_99' title="bbox 1972 3784 3561 3864; baseline 0.008 -26"><span class='ocrx_word' id='word_1_794' title='bbox 1972 3784 2171 3855; x_wconf 89' lang='lat' dir='ltr'><strong>judicia</strong></span> <span class='ocrx_word' id='word_1_795' title='bbox 2201 3786 2294 3841; x_wconf 90' lang='lat' dir='ltr'><strong>Dei</strong></span> <span class='ocrx_word' id='word_1_796' title='bbox 2321 3788 2489 3842; x_wconf 91' lang='lat' dir='ltr'><strong>nescit</strong></span> <span class='ocrx_word' id='word_1_797' title='bbox 2515 3788 2790 3845; x_wconf 72' lang='lat' dir='ltr'><strong>Ecclesia?</strong></span> <span class='ocrx_word' id='word_1_798' title='bbox 2816 3792 2928 3848; x_wconf 91' lang='lat' dir='ltr'><strong>Scit</strong></span> <span class='ocrx_word' id='word_1_799' title='bbox 2965 3792 3144 3864; x_wconf 88' lang='lat' dir='ltr'><strong>plane.</strong></span> <span class='ocrx_word' id='word_1_800' title='bbox 3172 3794 3301 3850; x_wconf 88' lang='lat' dir='ltr'><strong>Nam</strong></span> <span class='ocrx_word' id='word_1_801' title='bbox 3332 3798 3433 3853; x_wconf 90' lang='lat' dir='ltr'><strong>scit</strong></span> <span class='ocrx_word' id='word_1_802' title='bbox 3456 3798 3561 3852; x_wconf 87' lang='lat' dir='ltr'><strong>uti-</strong></span> 
     </span>
    </p>
   </div>
   <div class='ocr_carea' id='block_1_100' title="bbox 1976 3878 3558 3956">
    <p class='ocr_par' dir='ltr' id='par_1_100' title="bbox 1976 3878 3558 3956">
     <span class='ocr_line' id='line_1_100' title="bbox 1976 3878 3558 3956; baseline 0.007 -26"><span class='ocrx_word' id='word_1_803' title='bbox 1976 3892 2078 3945; x_wconf 90' lang='lat' dir='ltr'><strong>que</strong></span> <span class='ocrx_word' id='word_1_804' title='bbox 2095 3878 2338 3948; x_wconf 85' lang='lat' dir='ltr'><strong>qualibus</strong></span> <span class='ocrx_word' id='word_1_805' title='bbox 2359 3880 2596 3936; x_wconf 89' lang='lat' dir='ltr'><strong>dicturus</strong></span> <span class='ocrx_word' id='word_1_806' title='bbox 2614 3883 2681 3937; x_wconf 91' lang='lat' dir='ltr'><strong>sit</strong></span> <span class='ocrx_word' id='word_1_807' title='bbox 2697 3882 2857 3952; x_wconf 83' lang='lat' dir='ltr'><strong>judex</strong></span> <span class='ocrx_word' id='word_1_808' title='bbox 2881 3885 3121 3941; x_wconf 90' lang='lat' dir='ltr'><strong>vivorum</strong></span> <span class='ocrx_word' id='word_1_809' title='bbox 3134 3894 3189 3941; x_wconf 86' lang='lat' dir='ltr'><strong>et</strong></span> <span class='ocrx_word' id='word_1_810' title='bbox 3204 3897 3558 3956; x_wconf 87' lang='lat' dir='ltr'><strong>mortuorum,</strong></span> 
     </span>
    </p>
   </div>
   <div class='ocr_carea' id='block_1_101' title="bbox 1986 3966 3561 4049">
    <p class='ocr_par' dir='ltr' id='par_1_101' title="bbox 1986 3966 3561 4049">
     <span class='ocr_line' id='line_1_101' title="bbox 1986 3966 3561 4049; baseline 0.009 -27"><span class='ocrx_word' id='word_1_811' title='bbox 1986 3966 2177 4032; x_wconf 83' lang='lat' dir='ltr'><strong>Venite,</strong></span> <span class='ocrx_word' id='word_1_812' title='bbox 2219 3969 2462 4024; x_wconf 84' lang='lat' dir='ltr'><strong>benedicti</strong></span> <span class='ocrx_word' id='word_1_813' title='bbox 2482 3970 2655 4027; x_wconf 88' lang='lat' dir='ltr'><strong>Patris</strong></span> <span class='ocrx_word' id='word_1_814' title='bbox 2680 3974 2797 4041; x_wconf 89' lang='lat' dir='ltr'><strong>mei,</strong></span> <span class='ocrx_word' id='word_1_815' title='bbox 2823 3976 3063 4047; x_wconf 79' lang='lat' dir='ltr'><strong>percipite</strong></span> <span class='ocrx_word' id='word_1_816' title='bbox 3086 3993 3335 4048; x_wconf 80' lang='lat' dir='ltr'><strong>regnum;</strong></span> <span class='ocrx_word' id='word_1_817' title='bbox 3360 3988 3414 4034; x_wconf 89' lang='lat' dir='ltr'><strong>et</strong></span> <span class='ocrx_word' id='word_1_818' title='bbox 3430 3994 3561 4049; x_wconf 78' lang='lat' dir='ltr'><strong>qua-</strong></span> 
     </span>
    </p>
   </div>
   <div class='ocr_carea' id='block_1_102' title="bbox 1978 4060 3558 4143">
    <p class='ocr_par' dir='ltr' id='par_1_102' title="bbox 1978 4060 3558 4143">
     <span class='ocr_line' id='line_1_102' title="bbox 1978 4060 3558 4143; baseline 0.006 -26"><span class='ocrx_word' id='word_1_819' title='bbox 1978 4060 2117 4117; x_wconf 88' lang='lat' dir='ltr'><strong>libus</strong></span> <span class='ocrx_word' id='word_1_820' title='bbox 2144 4061 2382 4117; x_wconf 89' lang='lat' dir='ltr'><strong>dicturus</strong></span> <span class='ocrx_word' id='word_1_821' title='bbox 2410 4064 2497 4127; x_wconf 87' lang='lat' dir='ltr'><strong>sit,</strong></span> <span class='ocrx_word' id='word_1_822' title='bbox 2532 4063 2613 4117; x_wconf 85' lang='lat' dir='ltr'><strong>Ite</strong></span> <span class='ocrx_word' id='word_1_823' title='bbox 2645 4065 2698 4118; x_wconf 89' lang='lat' dir='ltr'><strong>in</strong></span> <span class='ocrx_word' id='word_1_824' title='bbox 2720 4065 2888 4136; x_wconf 85' lang='lat' dir='ltr'><strong>ignem</strong></span> <span class='ocrx_word' id='word_1_825' title='bbox 2911 4080 3155 4123; x_wconf 64' lang='lat' dir='ltr'><strong>(clericum</strong></span> <span class='ocrx_word' id='word_1_826' title='bbox 3181 4068 3201 4143; x_wconf 97' lang='lat'>(</span> <span class='ocrx_word' id='word_1_827' title='bbox 3227 4069 3558 4140; x_wconf 63' lang='lat' dir='ltr'><strong>Matt/nxxv,</strong></span> 
     </span>
    </p>
   </div>
   <div class='ocr_carea' id='block_1_103' title="bbox 1978 4152 3566 4236">
    <p class='ocr_par' dir='ltr' id='par_1_103' title="bbox 1978 4152 3566 4236">
     <span class='ocr_line' id='line_1_103' title="bbox 1978 4152 3566 4236; baseline 0.01 -30"><span class='ocrx_word' id='word_1_828' title='bbox 1978 4152 2070 4219; x_wconf 68' lang='grc'><strong>54,</strong></span> <span class='ocrx_word' id='word_1_829' title='bbox 2100 4152 2163 4207; x_wconf 71' lang='grc'><strong>41</strong></span> <span class='ocrx_word' id='word_1_830' title='bbox 2191 4152 2230 4223; x_wconf 93' lang='grc'><strong>).</strong></span> <span class='ocrx_word' id='word_1_831' title='bbox 2281 4152 2393 4209; x_wconf 91' lang='lat' dir='ltr'><strong>Scit</strong></span> <span class='ocrx_word' id='word_1_832' title='bbox 2419 4196 2433 4221; x_wconf 96' lang='lat'><strong>,</strong></span> <span class='ocrx_word' id='word_1_833' title='bbox 2476 4155 2689 4224; x_wconf 81' lang='lat' dir='ltr'><strong>inquam</strong></span> <span class='ocrx_word' id='word_1_834' title='bbox 2719 4197 2734 4223; x_wconf 97' lang='lat'><strong>,</strong></span> <span class='ocrx_word' id='word_1_835' title='bbox 2783 4173 2957 4229; x_wconf 89' lang='lat' dir='ltr'><strong>neque</strong></span> <span class='ocrx_word' id='word_1_836' title='bbox 2982 4160 3329 4219; x_wconf 86' lang='lat' dir='ltr'><strong>fornicatores</strong></span> <span class='ocrx_word' id='word_1_837' title='bbox 3348 4206 3363 4230; x_wconf 95' lang='lat'><strong>,</strong></span> <span class='ocrx_word' id='word_1_838' title='bbox 3392 4180 3566 4236; x_wconf 83' lang='lat' dir='ltr'><strong>neque</strong></span> 
     </span>
    </p>
   </div>
   <div class='ocr_carea' id='block_1_104' title="bbox 1981 4245 3567 4328">
    <p class='ocr_par' dir='ltr' id='par_1_104' title="bbox 1981 4245 3567 4328">
     <span class='ocr_line' id='line_1_104' title="bbox 1981 4245 3567 4328; baseline 0.009 -28"><span class='ocrx_word' id='word_1_839' title='bbox 1981 4245 2137 4328; x_wconf 87' lang='lat' dir='ltr'><strong>idolis</strong></span> <span class='ocrx_word' id='word_1_840' title='bbox 2161 4249 2475 4313; x_wconf 79' lang='lat' dir='ltr'><strong>servientes,</strong></span> <span class='ocrx_word' id='word_1_841' title='bbox 2502 4265 2677 4320; x_wconf 90' lang='lat' dir='ltr'><strong>neque</strong></span> <span class='ocrx_word' id='word_1_842' title='bbox 2697 4249 2819 4306; x_wconf 87' lang='lat' dir='ltr'><strong>illos</strong></span> <span class='ocrx_word' id='word_1_843' title='bbox 2843 4261 3001 4323; x_wconf 90' lang='lat' dir='ltr'><strong>atque</strong></span> <span class='ocrx_word' id='word_1_844' title='bbox 3024 4252 3163 4321; x_wconf 90' lang='lat' dir='ltr'><strong>illos,</strong></span> <span class='ocrx_word' id='word_1_845' title='bbox 3185 4270 3318 4327; x_wconf 87' lang='lat' dir='ltr'><strong>quos</strong></span> <span class='ocrx_word' id='word_1_846' title='bbox 3340 4256 3412 4313; x_wconf 88' lang='lat' dir='ltr'><strong>ibi</strong></span> <span class='ocrx_word' id='word_1_847' title='bbox 3436 4274 3567 4328; x_wconf 87' lang='lat' dir='ltr'><strong>apo-</strong></span> 
     </span>
    </p>
   </div>
   <div class='ocr_carea' id='block_1_105' title="bbox 1981 4324 3565 4417">
    <p class='ocr_par' dir='ltr' id='par_1_105' title="bbox 1981 4324 3565 4417">
     <span class='ocr_line' id='line_1_105' title="bbox 1981 4324 3565 4417; baseline 0.012 -31"><span class='ocrx_word' id='word_1_848' title='bbox 1981 4324 2151 4397; x_wconf 67' lang='lat' dir='ltr'><strong>stolus</strong></span> <span class='ocrx_word' id='word_1_849' title='bbox 2180 4338 2374 4393; x_wconf 78' lang='lat' dir='ltr'><strong>Paulus</strong></span> <span class='ocrx_word' id='word_1_850' title='bbox 2429 4350 2746 4406; x_wconf 89' lang='lat' dir='ltr'><strong>enumerat,</strong></span> <span class='ocrx_word' id='word_1_851' title='bbox 2802 4358 3022 4415; x_wconf 90' lang='lat' dir='ltr'><strong>regnum</strong></span> <span class='ocrx_word' id='word_1_852' title='bbox 3077 4345 3173 4402; x_wconf 89' lang='lat' dir='ltr'><strong>Dei</strong></span> <span class='ocrx_word' id='word_1_853' title='bbox 3203 4324 3565 4417; x_wconf 36' lang='lat' dir='ltr'><strong>possessu-ros</strong></span> 
     </span>
    </p>
   </div>
   <div class='ocr_carea' id='block_1_106' title="bbox 1986 4420 3571 4507">
    <p class='ocr_par' dir='ltr' id='par_1_106' title="bbox 1986 4420 3571 4507">
     <span class='ocr_line' id='line_1_106' title="bbox 1986 4420 3571 4507; baseline 0.007 -22"><span class='ocrx_word' id='word_1_854' title='bbox 1986 4429 2005 4501; x_wconf 95' lang='lat'><strong>(</strong></span> <span class='ocrx_word' id='word_1_855' title='bbox 2032 4430 2051 4485; x_wconf 91' lang='lat' dir='ltr'><strong>l</strong></span> <span class='ocrx_word' id='word_1_856' title='bbox 2082 4430 2198 4486; x_wconf 87' lang='lat' dir='ltr'><strong>Cor.</strong></span> <span class='ocrx_word' id='word_1_857' title='bbox 2230 4445 2298 4498; x_wconf 81' lang='lat' dir='ltr'><strong>v1,</strong></span> <span class='ocrx_word' id='word_1_858' title='bbox 2333 4429 2391 4497; x_wconf 88' lang='lat'><strong>9,</strong></span> <span class='ocrx_word' id='word_1_859' title='bbox 2421 4428 2526 4504; x_wconf 90' lang='lat'><strong>10)</strong></span> <span class='ocrx_word' id='word_1_860' title='bbox 2562 4449 2574 4484; x_wconf 91' lang='lat'>:</span> <span class='ocrx_word' id='word_1_861' title='bbox 2605 4433 2707 4487; x_wconf 89' lang='lat' dir='ltr'><strong>scit</strong></span> <span class='ocrx_word' id='word_1_862' title='bbox 2743 4420 2875 4489; x_wconf 82' lang='lat' dir='ltr'><strong>iram</strong></span> <span class='ocrx_word' id='word_1_863' title='bbox 2902 4442 2956 4490; x_wconf 93' lang='lat' dir='ltr'><strong>et</strong></span> <span class='ocrx_word' id='word_1_864' title='bbox 2984 4434 3400 4507; x_wconf 82' lang='lat' dir='ltr'><strong>indignationem</strong></span> <span class='ocrx_word' id='word_1_865' title='bbox 3425 4481 3442 4507; x_wconf 97' lang='lat'><strong>,</strong></span> <span class='ocrx_word' id='word_1_866' title='bbox 3474 4441 3571 4497; x_wconf 39' lang='lat' dir='ltr'><strong>tris</strong></span> 
     </span>
    </p>
   </div>
   <div class='ocr_carea' id='block_1_107' title="bbox 1985 4520 3571 4599">
    <p class='ocr_par' dir='ltr' id='par_1_107' title="bbox 1985 4520 3571 4599">
     <span class='ocr_line' id='line_1_107' title="bbox 1985 4520 3571 4599; baseline 0.009 -22"><span class='ocrx_word' id='word_1_867' title='bbox 1985 4520 2307 4580; x_wconf 86' lang='lat' dir='ltr'><strong>bulationem</strong></span> <span class='ocrx_word' id='word_1_868' title='bbox 2339 4535 2392 4581; x_wconf 87' lang='lat' dir='ltr'><strong>et</strong></span> <span class='ocrx_word' id='word_1_869' title='bbox 2419 4524 2686 4599; x_wconf 78' lang='lat' dir='ltr'><strong>angustias</strong></span> <span class='ocrx_word' id='word_1_870' title='bbox 2722 4526 2775 4579; x_wconf 87' lang='lat' dir='ltr'><strong>in</strong></span> <span class='ocrx_word' id='word_1_871' title='bbox 2820 4543 3030 4582; x_wconf 88' lang='lat' dir='ltr'><strong>omnem</strong></span> <span class='ocrx_word' id='word_1_872' title='bbox 3057 4529 3290 4587; x_wconf 86' lang='lat' dir='ltr'><strong>animam</strong></span> <span class='ocrx_word' id='word_1_873' title='bbox 3337 4532 3571 4591; x_wconf 84' lang='lat' dir='ltr'><strong>hominis</strong></span> 
     </span>
    </p>
   </div>
   <div class='ocr_carea' id='block_1_108' title="bbox 1986 4616 3571 4696">
    <p class='ocr_par' dir='ltr' id='par_1_108' title="bbox 1986 4616 3571 4696">
     <span class='ocr_line' id='line_1_108' title="bbox 1986 4616 3571 4696; baseline 0.008 -27"><span class='ocrx_word' id='word_1_874' title='bbox 1986 4616 2253 4683; x_wconf 80' lang='lat' dir='ltr'><strong>operantis</strong></span> <span class='ocrx_word' id='word_1_875' title='bbox 2306 4618 2501 4673; x_wconf 87' lang='lat' dir='ltr'><strong>malum</strong></span> <span class='ocrx_word' id='word_1_876' title='bbox 2526 4660 2543 4687; x_wconf 96' lang='lat'><strong>,</strong></span> <span class='ocrx_word' id='word_1_877' title='bbox 2569 4618 2736 4675; x_wconf 69' lang='lat' dir='ltr'><strong>Judrni</strong></span> <span class='ocrx_word' id='word_1_878' title='bbox 2766 4619 2993 4690; x_wconf 89' lang='lat' dir='ltr'><strong>primum</strong></span> <span class='ocrx_word' id='word_1_879' title='bbox 3037 4629 3092 4679; x_wconf 88' lang='lat' dir='ltr'><strong>et</strong></span> <span class='ocrx_word' id='word_1_880' title='bbox 3115 4620 3317 4693; x_wconf 68' lang='lat' dir='ltr'><strong>Graeci;</strong></span> <span class='ocrx_word' id='word_1_881' title='bbox 3345 4624 3571 4696; x_wconf 86' lang='lat' dir='ltr'><strong>gloriam</strong></span> 
     </span>
    </p>
   </div>
   <div class='ocr_carea' id='block_1_109' title="bbox 1987 4708 3570 4788">
    <p class='ocr_par' dir='ltr' id='par_1_109' title="bbox 1987 4708 3570 4788">
     <span class='ocr_line' id='line_1_109' title="bbox 1987 4708 3570 4788; baseline 0.008 -27"><span class='ocrx_word' id='word_1_882' title='bbox 1987 4722 2135 4773; x_wconf 89' lang='lat' dir='ltr'><strong>vero,</strong></span> <span class='ocrx_word' id='word_1_883' title='bbox 2164 4715 2218 4763; x_wconf 90' lang='lat' dir='ltr'><strong>et</strong></span> <span class='ocrx_word' id='word_1_884' title='bbox 2246 4708 2503 4765; x_wconf 87' lang='lat' dir='ltr'><strong>honorem</strong></span> <span class='ocrx_word' id='word_1_885' title='bbox 2533 4753 2548 4778; x_wconf 94' lang='lat'><strong><em>,</em></strong></span> <span class='ocrx_word' id='word_1_886' title='bbox 2580 4722 2631 4767; x_wconf 91' lang='lat' dir='ltr'><strong>ct</strong></span> <span class='ocrx_word' id='word_1_887' title='bbox 2672 4728 2856 4783; x_wconf 88' lang='lat' dir='ltr'><strong>pacem</strong></span> <span class='ocrx_word' id='word_1_888' title='bbox 2887 4716 3029 4769; x_wconf 89' lang='lat' dir='ltr'><strong>omni</strong></span> <span class='ocrx_word' id='word_1_889' title='bbox 3059 4720 3300 4786; x_wconf 84' lang='lat' dir='ltr'><strong>cperanti</strong></span> <span class='ocrx_word' id='word_1_890' title='bbox 3330 4719 3527 4773; x_wconf 91' lang='lat' dir='ltr'><strong>bonum</strong></span> <span class='ocrx_word' id='word_1_891' title='bbox 3551 4759 3570 4788; x_wconf 94' lang='lat'><strong>,</strong></span> 
     </span>
    </p>
   </div>
   <div class='ocr_carea' id='block_1_110' title="bbox 1989 4797 3573 4879">
    <p class='ocr_par' dir='ltr' id='par_1_110' title="bbox 1989 4797 3573 4879">
     <span class='ocr_line' id='line_1_110' title="bbox 1989 4797 3573 4879; baseline 0.006 -26"><span class='ocrx_word' id='word_1_892' title='bbox 1989 4797 2175 4854; x_wconf 63' lang='lat' dir='ltr'><strong>Iudaeo</strong></span> <span class='ocrx_word' id='word_1_893' title='bbox 2202 4799 2433 4870; x_wconf 90' lang='lat' dir='ltr'><strong>primum</strong></span> <span class='ocrx_word' id='word_1_894' title='bbox 2463 4811 2518 4856; x_wconf 87' lang='lat' dir='ltr'><strong>et</strong></span> <span class='ocrx_word' id='word_1_895' title='bbox 2546 4803 2734 4858; x_wconf 87' lang='lat' dir='ltr'><strong>Graeco</strong></span> <span class='ocrx_word' id='word_1_896' title='bbox 2769 4803 2945 4875; x_wconf 83' lang='lat' dir='ltr'><strong>(Rom.</strong></span> <span class='ocrx_word' id='word_1_897' title='bbox 2978 4823 3034 4871; x_wconf 86' lang='grc' dir='ltr'><strong>ιι,</strong></span> <span class='ocrx_word' id='word_1_898' title='bbox 3064 4807 3098 4862; x_wconf 80' lang='lat'><strong>9</strong></span> <span class='ocrx_word' id='word_1_899' title='bbox 3123 4818 3172 4862; x_wconf 91' lang='lat' dir='ltr'><strong>et</strong></span> <span class='ocrx_word' id='word_1_900' title='bbox 3202 4806 3313 4879; x_wconf 90' lang='lat'><strong>10).</strong></span> <span class='ocrx_word' id='word_1_901' title='bbox 3342 4809 3468 4864; x_wconf 71' lang='lat' dir='ltr'><strong>Haec</strong></span> <span class='ocrx_word' id='word_1_902' title='bbox 3492 4818 3573 4863; x_wconf 85' lang='lat' dir='ltr'><strong>at-</strong></span> 
     </span>
    </p>
   </div>
   <div class='ocr_carea' id='block_1_111' title="bbox 1990 4890 3574 4968">
    <p class='ocr_par' dir='ltr' id='par_1_111' title="bbox 1990 4890 3574 4968">
     <span class='ocr_line' id='line_1_111' title="bbox 1990 4890 3574 4968; baseline 0.006 -23"><span class='ocrx_word' id='word_1_903' title='bbox 1990 4906 2095 4961; x_wconf 90' lang='lat' dir='ltr'><strong>que</strong></span> <span class='ocrx_word' id='word_1_904' title='bbox 2124 4890 2427 4961; x_wconf 88' lang='lat' dir='ltr'><strong>hujusmodi</strong></span> <span class='ocrx_word' id='word_1_905' title='bbox 2467 4892 2664 4962; x_wconf 88' lang='lat' dir='ltr'><strong>judicia</strong></span> <span class='ocrx_word' id='word_1_906' title='bbox 2695 4895 2785 4950; x_wconf 91' lang='lat' dir='ltr'><strong>Dei</strong></span> <span class='ocrx_word' id='word_1_907' title='bbox 2833 4896 3107 4953; x_wconf 85' lang='lat' dir='ltr'><strong>evidenter</strong></span> <span class='ocrx_word' id='word_1_908' title='bbox 3150 4914 3400 4968; x_wconf 77' lang='lat' dir='ltr'><strong>expressa</strong></span> <span class='ocrx_word' id='word_1_909' title='bbox 3426 4900 3574 4955; x_wconf 88' lang='lat' dir='ltr'><strong>novit</strong></span> 
     </span>
    </p>
   </div>
   <div class='ocr_carea' id='block_1_112' title="bbox 1991 4982 3570 5061">
    <p class='ocr_par' dir='ltr' id='par_1_112' title="bbox 1991 4982 3570 5061">
     <span class='ocr_line' id='line_1_112' title="bbox 1991 4982 3570 5061; baseline 0.006 -23"><span class='ocrx_word' id='word_1_910' title='bbox 1991 4982 2263 5038; x_wconf 83' lang='lat' dir='ltr'><strong>Ecclesia:</strong></span> <span class='ocrx_word' id='word_1_911' title='bbox 2291 4983 2386 5038; x_wconf 89' lang='lat' dir='ltr'><strong>sed</strong></span> <span class='ocrx_word' id='word_1_912' title='bbox 2406 4998 2512 5038; x_wconf 92' lang='lat' dir='ltr'><strong>non</strong></span> <span class='ocrx_word' id='word_1_913' title='bbox 2534 4985 2647 5055; x_wconf 83' lang='lat' dir='ltr'><strong>ipsa</strong></span> <span class='ocrx_word' id='word_1_914' title='bbox 2675 4995 2801 5042; x_wconf 92' lang='lat' dir='ltr'><strong>sunt</strong></span> <span class='ocrx_word' id='word_1_915' title='bbox 2823 4990 3031 5055; x_wconf 88' lang='lat' dir='ltr'><strong>omnia;</strong></span> <span class='ocrx_word' id='word_1_916' title='bbox 3052 5006 3174 5046; x_wconf 84' lang='lat' dir='ltr'><strong>cum</strong></span> <span class='ocrx_word' id='word_1_917' title='bbox 3204 4991 3308 5045; x_wconf 90' lang='lat' dir='ltr'><strong>sint</strong></span> <span class='ocrx_word' id='word_1_918' title='bbox 3328 4992 3570 5061; x_wconf 65' lang='lat' dir='ltr'><strong>quaedam</strong></span> 
     </span>
    </p>
   </div>
   <div class='ocr_carea' id='block_1_113' title="bbox 1994 5075 3574 5152">
    <p class='ocr_par' dir='ltr' id='par_1_113' title="bbox 1994 5075 3574 5152">
     <span class='ocr_line' id='line_1_113' title="bbox 1994 5075 3574 5152; baseline 0.006 -22"><span class='ocrx_word' id='word_1_919' title='bbox 1994 5075 2374 5144; x_wconf 85' lang='lat' dir='ltr'><strong>inscrutabilia,</strong></span> <span class='ocrx_word' id='word_1_920' title='bbox 2405 5086 2461 5132; x_wconf 91' lang='lat' dir='ltr'><strong>et</strong></span> <span class='ocrx_word' id='word_1_921' title='bbox 2486 5078 2622 5133; x_wconf 91' lang='lat' dir='ltr'><strong>sicut</strong></span> <span class='ocrx_word' id='word_1_922' title='bbox 2643 5079 2865 5151; x_wconf 86' lang='lat' dir='ltr'><strong>abyssus</strong></span> <span class='ocrx_word' id='word_1_923' title='bbox 2901 5083 3086 5149; x_wconf 89' lang='lat' dir='ltr'><strong>multa,</strong></span> <span class='ocrx_word' id='word_1_924' title='bbox 3116 5083 3373 5152; x_wconf 82' lang='lat' dir='ltr'><strong>profunda</strong></span> <span class='ocrx_word' id='word_1_925' title='bbox 3402 5092 3455 5139; x_wconf 89' lang='lat' dir='ltr'><strong>et</strong></span> <span class='ocrx_word' id='word_1_926' title='bbox 3480 5099 3574 5139; x_wconf 91' lang='lat' dir='ltr'><strong>oc-</strong></span> 
     </span>
    </p>
   </div>
   <div class='ocr_carea' id='block_1_114' title="bbox 1995 5167 3574 5242">
    <p class='ocr_par' dir='ltr' id='par_1_114' title="bbox 1995 5167 3574 5242">
     <span class='ocr_line' id='line_1_114' title="bbox 1995 5167 3574 5242; baseline 0.004 -20"><span class='ocrx_word' id='word_1_927' title='bbox 1995 5167 2154 5223; x_wconf 88' lang='lat' dir='ltr'><strong>culta.</strong></span> <span class='ocrx_word' id='word_1_928' title='bbox 2189 5169 2269 5222; x_wconf 81' lang='lat' dir='ltr'><strong>An</strong></span> <span class='ocrx_word' id='word_1_929' title='bbox 2299 5177 2352 5223; x_wconf 92' lang='lat' dir='ltr'><strong>et</strong></span> <span class='ocrx_word' id='word_1_930' title='bbox 2382 5168 2492 5238; x_wconf 86' lang='lat' dir='ltr'><strong>ipsa</strong></span> <span class='ocrx_word' id='word_1_931' title='bbox 2521 5179 2644 5225; x_wconf 90' lang='lat' dir='ltr'><strong>nota</strong></span> <span class='ocrx_word' id='word_1_932' title='bbox 2680 5179 2803 5227; x_wconf 92' lang='lat' dir='ltr'><strong>sunt</strong></span> <span class='ocrx_word' id='word_1_933' title='bbox 2837 5170 3152 5242; x_wconf 87' lang='lat' dir='ltr'><strong>quibusdam</strong></span> <span class='ocrx_word' id='word_1_934' title='bbox 3179 5173 3574 5229; x_wconf 84' lang='lat' dir='ltr'><strong>excellentiori-</strong></span> 
     </span>
    </p>
   </div>
   <div class='ocr_carea' id='block_1_115' title="bbox 1996 5262 3576 5335">
    <p class='ocr_par' dir='ltr' id='par_1_115' title="bbox 1996 5262 3576 5335">
     <span class='ocr_line' id='line_1_115' title="bbox 1996 5262 3576 5335; baseline 0.003 -18"><span class='ocrx_word' id='word_1_935' title='bbox 1996 5262 2096 5317; x_wconf 92' lang='lat' dir='ltr'><strong>bus</strong></span> <span class='ocrx_word' id='word_1_936' title='bbox 2126 5262 2384 5318; x_wconf 87' lang='lat' dir='ltr'><strong>membris</strong></span> <span class='ocrx_word' id='word_1_937' title='bbox 2404 5262 2635 5319; x_wconf 84' lang='lat' dir='ltr'><strong>hominis</strong></span> <span class='ocrx_word' id='word_1_938' title='bbox 2664 5263 2822 5333; x_wconf 89' lang='lat' dir='ltr'><strong>hujus</strong></span> <span class='ocrx_word' id='word_1_939' title='bbox 2841 5306 2856 5331; x_wconf 95' lang='lat'><strong><em>,</em></strong></span> <span class='ocrx_word' id='word_1_940' title='bbox 2885 5264 3117 5333; x_wconf 89' lang='lat' dir='ltr'><strong>quicum</strong></span> <span class='ocrx_word' id='word_1_941' title='bbox 3141 5279 3241 5319; x_wconf 85' lang='lat' dir='ltr'><strong>suo</strong></span> <span class='ocrx_word' id='word_1_942' title='bbox 3262 5266 3435 5335; x_wconf 89' lang='lat' dir='ltr'><strong>capite</strong></span> <span class='ocrx_word' id='word_1_943' title='bbox 3459 5265 3576 5323; x_wconf 84' lang='lat' dir='ltr'><strong>Sal-</strong></span> 
     </span>
    </p>
   </div>
   <div class='ocr_carea' id='block_1_116' title="bbox 1996 5354 3577 5415">
    <p class='ocr_par' dir='ltr' id='par_1_116' title="bbox 1996 5354 3577 5415">
     <span class='ocr_line' id='line_1_116' title="bbox 1996 5354 3577 5415; baseline 0.004 -7"><span class='ocrx_word' id='word_1_944' title='bbox 1996 5363 2182 5410; x_wconf 89' lang='lat' dir='ltr'><strong>vatore</strong></span> <span class='ocrx_word' id='word_1_945' title='bbox 2213 5363 2354 5410; x_wconf 91' lang='lat' dir='ltr'><strong>totus</strong></span> <span class='ocrx_word' id='word_1_946' title='bbox 2382 5364 2467 5411; x_wconf 90' lang='lat' dir='ltr'><strong>est</strong></span> <span class='ocrx_word' id='word_1_947' title='bbox 2489 5355 2777 5414; x_wconf 79' lang='lat' dir='ltr'><strong>Christus?</strong></span> <span class='ocrx_word' id='word_1_948' title='bbox 2798 5354 3159 5410; x_wconf 86' lang='lat' dir='ltr'><strong>lnscrutabilia</strong></span> <span class='ocrx_word' id='word_1_949' title='bbox 3184 5356 3325 5410; x_wconf 90' lang='lat' dir='ltr'><strong>enim</strong></span> <span class='ocrx_word' id='word_1_950' title='bbox 3350 5356 3577 5415; x_wconf 89' lang='lat' dir='ltr'><strong>fortasse</strong></span> 
     </span>
    </p>
   </div>
   <div class='ocr_carea' id='block_1_117' title="bbox 1996 5444 3578 5519">
    <p class='ocr_par' dir='ltr' id='par_1_117' title="bbox 1996 5444 3578 5519">
     <span class='ocr_line' id='line_1_117' title="bbox 1996 5444 3578 5519; baseline 0.003 -18"><span class='ocrx_word' id='word_1_951' title='bbox 1996 5444 2136 5501; x_wconf 87' lang='lat' dir='ltr'><strong>dicta</strong></span> <span class='ocrx_word' id='word_1_952' title='bbox 2184 5455 2307 5501; x_wconf 89' lang='lat' dir='ltr'><strong>sunt</strong></span> <span class='ocrx_word' id='word_1_953' title='bbox 2350 5446 2552 5502; x_wconf 88' lang='lat' dir='ltr'><strong>homini</strong></span> <span class='ocrx_word' id='word_1_954' title='bbox 2581 5488 2596 5515; x_wconf 95' lang='lat'><strong><em>,</em></strong></span> <span class='ocrx_word' id='word_1_955' title='bbox 2643 5447 2764 5517; x_wconf 89' lang='lat' dir='ltr'><strong>quia</strong></span> <span class='ocrx_word' id='word_1_956' title='bbox 2793 5444 2995 5501; x_wconf 88' lang='lat' dir='ltr'><strong>viribus</strong></span> <span class='ocrx_word' id='word_1_957' title='bbox 3042 5444 3154 5503; x_wconf 89' lang='lat' dir='ltr'><strong>suis</strong></span> <span class='ocrx_word' id='word_1_958' title='bbox 3177 5462 3241 5503; x_wconf 90' lang='lat' dir='ltr'><strong>ea</strong></span> <span class='ocrx_word' id='word_1_959' title='bbox 3269 5462 3374 5503; x_wconf 92' lang='lat' dir='ltr'><strong>non</strong></span> <span class='ocrx_word' id='word_1_960' title='bbox 3403 5458 3578 5519; x_wconf 87' lang='lat' dir='ltr'><strong>potest</strong></span> 
     </span>
    </p>
   </div>
   <div class='ocr_carea' id='block_1_118' title="bbox 1998 5537 3574 5612">
    <p class='ocr_par' dir='ltr' id='par_1_118' title="bbox 1998 5537 3574 5612">
     <span class='ocr_line' id='line_1_118' title="bbox 1998 5537 3574 5612; baseline 0.003 -18"><span class='ocrx_word' id='word_1_961' title='bbox 1998 5539 2342 5609; x_wconf 86' lang='lat' dir='ltr'><strong>perscrutari.</strong></span> <span class='ocrx_word' id='word_1_962' title='bbox 2371 5538 2475 5595; x_wconf 90' lang='lat' dir='ltr'><strong>Sed</strong></span> <span class='ocrx_word' id='word_1_963' title='bbox 2502 5552 2597 5594; x_wconf 88' lang='lat' dir='ltr'><strong>cur</strong></span> <span class='ocrx_word' id='word_1_964' title='bbox 2626 5553 2732 5594; x_wconf 86' lang='lat' dir='ltr'><strong>non</strong></span> <span class='ocrx_word' id='word_1_965' title='bbox 2762 5538 2930 5609; x_wconf 89' lang='lat' dir='ltr'><strong>possit</strong></span> <span class='ocrx_word' id='word_1_966' title='bbox 2952 5537 3096 5595; x_wconf 82' lang='lat' dir='ltr'><strong>dono</strong></span> <span class='ocrx_word' id='word_1_967' title='bbox 3124 5538 3354 5612; x_wconf 75' lang='lat' dir='ltr'><strong>Spiritus</strong></span> <span class='ocrx_word' id='word_1_968' title='bbox 3383 5544 3574 5612; x_wconf 86' lang='lat' dir='ltr'><strong>sancti,</strong></span> 
     </span>
    </p>
   </div>
   <div class='ocr_carea' id='block_1_119' title="bbox 1998 5630 3576 5704">
    <p class='ocr_par' dir='ltr' id='par_1_119' title="bbox 1998 5630 3576 5704">
     <span class='ocr_line' id='line_1_119' title="bbox 1998 5630 3576 5704; baseline 0.003 -18"><span class='ocrx_word' id='word_1_969' title='bbox 1998 5631 2315 5702; x_wconf 89' lang='lat' dir='ltr'><strong>cuicumque</strong></span> <span class='ocrx_word' id='word_1_970' title='bbox 2339 5630 2439 5686; x_wconf 92' lang='lat' dir='ltr'><strong>hoc</strong></span> <span class='ocrx_word' id='word_1_971' title='bbox 2466 5630 2724 5687; x_wconf 90' lang='lat' dir='ltr'><strong>Dominus</strong></span> <span class='ocrx_word' id='word_1_972' title='bbox 2751 5630 2995 5686; x_wconf 86' lang='lat' dir='ltr'><strong>conferre</strong></span> <span class='ocrx_word' id='word_1_973' title='bbox 3014 5630 3300 5704; x_wconf 81' lang='lat' dir='ltr'><strong>dignatur?</strong></span> <span class='ocrx_word' id='word_1_974' title='bbox 3322 5632 3413 5690; x_wconf 86' lang='lat' dir='ltr'><strong>Sic</strong></span> <span class='ocrx_word' id='word_1_975' title='bbox 3434 5636 3576 5691; x_wconf 90' lang='lat' dir='ltr'><strong>enim</strong></span> 
     </span>
    </p>
   </div>
   <div class='ocr_carea' id='block_1_120' title="bbox 1999 5724 3581 5791">
    <p class='ocr_par' dir='ltr' id='par_1_120' title="bbox 1999 5724 3581 5791">
     <span class='ocr_line' id='line_1_120' title="bbox 1999 5724 3581 5791; baseline 0.003 -10"><span class='ocrx_word' id='word_1_976' title='bbox 1999 5724 2130 5781; x_wconf 88' lang='lat' dir='ltr'><strong>illud</strong></span> <span class='ocrx_word' id='word_1_977' title='bbox 2172 5724 2369 5780; x_wconf 90' lang='lat' dir='ltr'><strong>dictum</strong></span> <span class='ocrx_word' id='word_1_978' title='bbox 2416 5732 2497 5779; x_wconf 87' lang='lat' dir='ltr'><strong>est</strong></span> <span class='ocrx_word' id='word_1_979' title='bbox 2525 5766 2541 5791; x_wconf 97' lang='lat'><strong>,</strong></span> <span class='ocrx_word' id='word_1_980' title='bbox 2590 5724 2730 5779; x_wconf 87' lang='lat' dir='ltr'><strong>Deus</strong></span> <span class='ocrx_word' id='word_1_981' title='bbox 2767 5724 2957 5780; x_wconf 81' lang='lat' dir='ltr'><strong>habitat</strong></span> <span class='ocrx_word' id='word_1_982' title='bbox 2997 5725 3159 5783; x_wconf 88' lang='lat' dir='ltr'><strong>lucem</strong></span> <span class='ocrx_word' id='word_1_983' title='bbox 3185 5727 3581 5785; x_wconf 85' lang='lat' dir='ltr'><strong>inaccessibilem</strong></span> 
     </span>
    </p>
   </div>
   <div class='ocr_carea' id='block_1_121' title="bbox 2000 5814 3578 5889">
    <p class='ocr_par' dir='ltr' id='par_1_121' title="bbox 2000 5814 3578 5889">
     <span class='ocr_line' id='line_1_121' title="bbox 2000 5814 3578 5889; baseline -0.001 -14"><span class='ocrx_word' id='word_1_984' title='bbox 2000 5816 2065 5889; x_wconf 92' lang='grc'><strong>(1</strong></span> <span class='ocrx_word' id='word_1_985' title='bbox 2089 5817 2223 5873; x_wconf 86' lang='lat' dir='ltr'><strong>Tim.</strong></span> <span class='ocrx_word' id='word_1_986' title='bbox 2251 5832 2323 5881; x_wconf 85' lang='lat' dir='ltr'><strong>vt,</strong></span> <span class='ocrx_word' id='word_1_987' title='bbox 2352 5814 2418 5871; x_wconf 88' lang='lat'><strong>16</strong></span> <span class='ocrx_word' id='word_1_988' title='bbox 2442 5816 2460 5882; x_wconf 87' lang='lat'><strong>)</strong></span> <span class='ocrx_word' id='word_1_989' title='bbox 2484 5831 2499 5881; x_wconf 91' lang='lat'><strong>;</strong></span> <span class='ocrx_word' id='word_1_990' title='bbox 2531 5823 2588 5872; x_wconf 85' lang='lat' dir='ltr'><strong>et</strong></span> <span class='ocrx_word' id='word_1_991' title='bbox 2612 5816 2855 5873; x_wconf 87' lang='lat' dir='ltr'><strong>audimus</strong></span> <span class='ocrx_word' id='word_1_992' title='bbox 2881 5827 3080 5886; x_wconf 87' lang='lat' dir='ltr'><strong>tamen,</strong></span> <span class='ocrx_word' id='word_1_993' title='bbox 3103 5819 3423 5876; x_wconf 77' lang='lat' dir='ltr'><strong>Accedite&#39;ad</strong></span> <span class='ocrx_word' id='word_1_994' title='bbox 3441 5835 3578 5888; x_wconf 86' lang='lat' dir='ltr'><strong>eum,</strong></span> 
     </span>
    </p>
   </div>
   <div class='ocr_carea' id='block_1_122' title="bbox 2003 5904 3579 5983">
    <p class='ocr_par' dir='ltr' id='par_1_122' title="bbox 2003 5904 3579 5983">
     <span class='ocr_line' id='line_1_122' title="bbox 2003 5904 3579 5983; baseline 0.001 -17"><span class='ocrx_word' id='word_1_995' title='bbox 2003 5917 2051 5966; x_wconf 85' lang='lat' dir='ltr'><strong>et</strong></span> <span class='ocrx_word' id='word_1_996' title='bbox 2077 5906 2439 5965; x_wconf 78' lang='lat' dir='ltr'><strong>illumincmini</strong></span> <span class='ocrx_word' id='word_1_997' title='bbox 2462 5904 2650 5979; x_wconf 87' lang='lat' dir='ltr'><strong>(Psal.</strong></span> <span class='ocrx_word' id='word_1_998' title='bbox 2682 5924 2875 5978; x_wconf 88' lang='grc' dir='ltr'><strong>χχχιιι,</strong></span> <span class='ocrx_word' id='word_1_999' title='bbox 2904 5910 2999 5983; x_wconf 85' lang='grc'><strong>5).</strong></span> <span class='ocrx_word' id='word_1_1000' title='bbox 3021 5911 3149 5980; x_wconf 77' lang='lat' dir='ltr'><strong>an</strong></span> <span class='ocrx_word' id='word_1_1001' title='bbox 3176 5912 3358 5983; x_wconf 85' lang='lat' dir='ltr'><strong>utique</strong></span> <span class='ocrx_word' id='word_1_1002' title='bbox 3377 5912 3450 5971; x_wconf 82' lang='lat' dir='ltr'><strong>ita</strong></span> <span class='ocrx_word' id='word_1_1003' title='bbox 3466 5908 3579 5969; x_wconf 82' lang='lat' dir='ltr'><strong>sol-</strong></span> 
     </span>
    </p>
   </div>
   <div class='ocr_carea' id='block_1_123' title="bbox 2762 6020 3355 6106">
    <p class='ocr_par' dir='ltr' id='par_1_123' title="bbox 2762 6020 3355 6106">
     <span class='ocr_line' id='line_1_123' title="bbox 2762 6020 3355 6106; baseline 0.008 -19"><span class='ocrx_word' id='word_1_1004' title='bbox 2762 6020 3355 6106; x_wconf 49' lang='lat' dir='ltr'><strong>(ignorante-auita),</strong></span> 
     </span>
    </p>
   </div>
  </div>
