4070 6490
585 399 725 463 1515

589 512 729 562 ιιιιιι·
753 503 999 587 quaestio,
1022 508 1084 567 ut
1110 494 1495 571 inaccessitu'lis
1511 495 1580 562 sit
1597 492 1801 559 viribus
1826 496 2046 563 nostris,
2073 510 2166 550 ac-

587 604 806 667 cedatur
841 608 1019 666 autem
1067 596 1139 663 ad
1187 610 1309 661 eum
1357 592 1665 655 muneribus
1695 591 1825 651 suis.
1854 589 2168 660 Quanquam

588 695 688 751 etsi
713 692 912 757 nemini
935 690 1155 757 omnino
1173 695 1505 752 sanctorum,
1531 682 1784 754 quamdiu
1812 695 2009 751 corpus
2030 680 2170 752 quod

588 783 945 854 corrumpitur
970 788 1223 863 aggravet
1246 778 1478 843 animum
1510 776 1530 849 (
1561 774 1691 846 sap.
1720 790 1796 843 ιι,
1829 775 1896 829 15
1922 776 1964 847 ),
1992 774 2172 833 omnia

584 872 783 953 judicia
813 874 906 930 Dei
935 872 1075 941 scire
1091 869 1426 938 conceditur,
1457 867 1583 943 quia
1628 882 1812 929 revera
1843 867 2065 921 multum
2091 872 2174 920 est

586 967 655 1023 ad
685 966 977 1029 hominem,
1008 978 1127 1031 cum
1154 960 1393 1047 profecto
1413 959 1432 1043 ς
1455 969 1513 1019 ιιι
1532 958 1735 1033 aliquid
1758 958 1984 1028 exempli
2004 957 2172 1027 gratia

586 1063 758 1118 dicam
782 1103 795 1129 ,
830 1059 968 1115 unde
990 1056 1310 1131 iudiciorum
1345 1054 1438 1119 Dei
1465 1053 1776 1125 conjiciatur
1801 1050 2169 1121 immensitas)

588 1171 748 1212 nemo
767 1154 885 1217 sine
905 1152 1106 1222 judicio
1128 1150 1221 1217 Dei
1244 1149 1311 1215 sit
1335 1147 1515 1212 tardus
1537 1147 1590 1207 in
1614 1147 1814 1212 animo,
1840 1145 1927 1203 vel
1953 1142 2173 1205 claudus

546 1230 549 1233 Α
589 1248 643 1302 in
672 1260 897 1316 corpore
942 1262 955 1298 :
989 1243 1151 1305 habet
1180 1252 1355 1305 tamen
1387 1238 1529 1307 unde
1576 1238 1718 1299 dicat
1762 1236 1998 1301 Ecclesia
2028 1276 2044 1302 ,
2072 1234 2176 1290 hoc

587 1349 675 1395 est
703 1338 927 1419 populus
952 1335 1337 1407 acquisitieuis,
1367 1342 1420 1395 et
1448 1332 1710 1395 veraciter
1728 1330 1906 1395 dicat,
1939 1329 2005 1391 In
2030 1328 2174 1385 labiis

590 1432 714 1486 meis
732 1428 989 1493 enuntiaoi
1015 1428 1184 1493 omnia
1204 1426 1402 1507 judicia
1441 1425 1543 1487 aris
1573 1424 1682 1491 tui;
1712 1423 1763 1483 id
1789 1431 1871 1487 est
1894 1462 1907 1485 ,
1937 1420 2067 1479 nihil
2092 1420 2177 1489 ju-

587 1523 853 1583 diciorum
883 1530 1096 1583 tuorum
1124 1518 1284 1585 tacui,
1305 1532 1424 1589 qua:
1450 1515 1578 1581 mihi
1610 1530 1703 1588 per
1728 1514 1937 1583 eloquia
1967 1522 2053 1567 tua
2088 1512 2172 1565 in-

592 1625 873 1671 notescere
897 1611 1110 1677 voluisti
1137 1652 1149 1685 ,
1175 1609 1267 1673 sed
1313 1608 1492 1669 omnia
1521 1621 1739 1683 prorsus
1765 1604 1818 1664 in
1850 1604 2002 1671 labiis
2041 1602 2176 1665 meis

589 1704 882 1763 enuntiavi.
912 1698 1026 1757 Hoc
1054 1701 1195 1757 enim
1224 1700 1353 1762 mihi
1376 1698 1582 1759 videtur
1604 1696 1900 1766 significare
1921 1694 2172 1761 voluisse,

591 1796 734 1868 quod
757 1810 862 1850 non
892 1793 1001 1861 ait,
1032 1790 1206 1859 omnia
1228 1790 1426 1861 judicia
1474 1800 1595 1852 tua;
1628 1787 1721 1851 sed
1743 1828 1756 1851 ,
1787 1788 1955 1851 omnia
1976 1785 2177 1861 judicia

591 1889 695 1943 oris
718 1887 809 1957 tui,
840 1884 891 1940 id
920 1892 1021 1951 est,
1055 1900 1171 1965 qua:
1202 1882 1329 1939 mihi
1353 1882 1533 1951 dixisti
1564 1900 1578 1937 :
1606 1891 1661 1934 ut
1704 1895 1799 1957 per
1822 1895 1883 1939 os
1925 1878 2041 1948 ejus
2064 1879 2178 1933 elo-

593 1981 774 2052 quium
803 1978 919 2049 ejus
950 1976 1328 2045 intelligamus,
1350 1974 1490 2049 quod
1518 1973 1641 2028 fecit
1666 1972 1731 2031 ad
1758 1986 1854 2037 nus
1894 1971 1946 2029 in
1970 1970 2175 2031 revela—

594 2071 827 2125 tionibus
854 2078 1154 2123 sanctorum
1183 2066 1445 2138 pluribus,
1479 2074 1533 2127 et
1562 2064 1913 2127 'l‘estamentis
1945 2063 2174 2128 duobus;

592 2177 712 2233 qum
729 2160 1111 2231 omniajudicia
1130 2172 1506 2233 usquequaque
1528 2158 1580 2223 in
1599 2155 1751 2217 labiis
1768 2158 1879 2213 suis
1900 2157 2177 2223 enuntiare

508 2310 517 2313 Α
592 2270 698 2310 non
726 2263 900 2309 cessat
924 2251 1183 2307 Ecclesia.

665 2346 717 2401 5.
742 2343 894 2421 [ηαδ.
916 2340 1026 2417 14.]
1047 2342 1243 2409 Deinde
1260 2343 1527 2423 subjungit
1544 2350 1598 2401 et
1609 2340 1756 2405 dicit,
1776 2339 1843 2395 In
1857 2340 1935 2395 via
1957 2343 2178 2403 testimo-

591 2437 794 2491 niorum
812 2437 1329 2507 tuorumjucundatus
1350 2451 1479 2499 sum,
1496 2433 1639 2507 quasi
1654 2434 1706 2485 in
1726 2434 1952 2497 carnibus
1968 2432 2175 2489 divitiis.

594 2526 745 2581 Viam
767 2527 1187 2591 testimoniorum
1207 2524 1295 2579 Dei
1319 2525 1445 2589 nihil
1472 2524 1648 2588 citius,
1664 2523 1788 2579 nihil
1810 2524 2024 2588 certius,
2046 2522 2177 2577 nihil

586 2620 837 2683 brevius,
866 2618 1104 2701 nihilque
1149 2618 1400 2699 grandius
1456 2617 1799 2697 intelligimus
1848 2630 1970 2675 esse
2019 2632 2177 2687 quam

594 2711 902 2778 Christum,
934 2714 987 2766 in
1015 2728 1119 2781 quo
1159 2720 1285 2767 sunt
1325 2725 1512 2773 omnes
1566 2709 1797 2773 thesauri
1824 2710 2098 2777 sapientiae
2124 2719 2178 2764 et

594 2805 830 2859 scientiae
883 2803 1177 2861 absconditi
1226 2801 1459 2874 (Coloss.
1504 2801 1679 2873 11,3).
1716 2801 1841 2860 lude
1889 2812 1940 2858 et
1980 2804 2081 2867 iste
2104 2803 2178 2857 ait

595 2911 654 2951 Sc
672 2897 1018 2968 jucundatum
1047 2898 1129 2952 vel
1146 2896 1462 2965 delectatum
1491 2898 1541 2957 in
1573 2898 1671 2965 hac
1696 2896 1801 2973 via,
1829 2898 1973 2967 quasi
1999 2902 2051 2951 in
2078 2913 2177 2955 om-

594 2993 742 3044 nibus
785 2990 990 3047 divitiis.
1020 2982 1347 3061 Testimouia
1399 2992 1594 3064 quippe
1642 2991 1733 3044 Dei
1778 3000 1938 3059 sunt,
1987 2990 2177 3061 quibus

594 3092 849 3153 Quantum
897 3096 993 3137 nos
1022 3076 1237 3159 diligat,
1269 3082 1419 3147 nobis
1452 3081 1675 3167 probare
1702 3082 1967 3153 dignatur.
2012 3082 2175 3137 Com—

597 3172 815 3227 mendat
840 3181 1021 3228 autem
1048 3188 1195 3239 suam
1230 3172 1542 3241 charitatent
1578 3172 1716 3237 Deus
1742 3173 1792 3237 in
1824 3172 1975 3227 nobis
2003 3214 2018 3239 ,
2048 3187 2177 3241 quio-

596 3266 737 3319 niam
777 3279 897 3320 cum
927 3260 1101 3325 adhuc
1138 3272 1449 3339 peccatores
1487 3279 1760 3327 essemus,
1803 3264 2045 3327 Christus
2082 3281 2176 3334 pro

594 3358 752 3411 nobis
797 3364 1038 3413 mortuus
1090 3342 1171 3409 est
1203 3357 1220 3429 (
1256 3353 1409 3421 Rom.
1440 3372 1492 3423 v,
1527 3357 1584 3419 8,
1615 3355 1648 3417 9
1676 3353 1715 3427 ).
1748 3357 1874 3421 Cum
1908 3370 2034 3425 ergo
2066 3356 2176 3425 ipse

596 3449 770 3513 dicat,
799 3446 910 3517 Ego
934 3463 1045 3505 sum
1074 3449 1153 3511 via
1194 3448 1214 3519 (
1239 3446 1397 3511 Joan,
1420 3462 1531 3515 xw,
1554 3443 1647 3519 6),
1687 3455 1740 3507 et
1772 3446 2037 3513 humilitas
2062 3446 2175 3515 ejus

596 3538 828 3593 carnalis
875 3537 1165 3592 nativitatis
1211 3548 1369 3607 atque
1413 3538 1677 3607 passionis
1708 3578 1722 3602 ,
1764 3538 2025 3601 evidentia
2071 3539 2177 3593 sint

599 3630 899 3684 testimonia
924 3629 1116 3685 divina:
1141 3644 1264 3705 erga
1296 3644 1394 3684 nos
1424 3629 1725 3697 dilectionis
1750 3645 1764 3694 ;
1799 3630 1980 3698 procul
2010 3630 2175 3684 dubio

597 3722 680 3775 via
713 3718 1133 3791 testimoniorum
1164 3721 1259 3785 Dei
1289 3719 1529 3789 Christus
1566 3728 1666 3783 est.
1696 3721 1795 3777 Per
1834 3721 1946 3787 hare
1983 3722 2176 3792 quippe

599 3812 901 3867 testimonia
933 3820 1051 3883 quae
1080 3812 1129 3865 in
1156 3810 1249 3865 illo
1280 3810 1520 3877 videmus
1552 3811 1788 3881 impleta,
1819 3813 1978 3867 etiam
2002 3812 2175 3869 futura

597 3919 722 3975 erga
753 3918 849 3959 nos
874 3946 887 3968 ,
916 3920 1032 3974 quae
1061 3905 1379 3979 sempiterna
1413 3903 1671 3974 promissa
1711 3914 1865 3975 sunt,
1898 3917 2174 3974 exspecta-

599 4011 718 4051 mus
746 4005 800 4051 et
824 4009 1101 4066 speramus
1132 3995 1421 4077 implenda.
1468 3996 1565 4063 Qui
1602 3996 1742 4063 enim
1791 3997 2006 4067 [impria
2040 3996 2175 4057 Filio

596 4102 702 4144 non
732 4090 968 4159 pepercit
996 4131 1011 4155 ,
1041 4084 1131 4157 sed
1164 4104 1261 4161 pro
1293 4088 1445 4143 nobis
1472 4089 1719 4149 omnibus
1747 4090 1961 4157 tradidit
2010 4106 2128 4157 eum
2156 4134 2171 4160 ,

596 4180 865 4251 quomodo
891 4196 995 4235 non
1017 4190 1071 4236 et
1094 4168 1212 4235 cuin
1244 4181 1332 4235 illo
1359 4182 1534 4236 omnia
1561 4180 1714 4236 nobis
1743 4180 1995 4254 donavit(
2021 4182 2171 4238 Rom.

594 4282 712 4335 'vut,
740 4270 810 4326 52
830 4268 887 4341 )2
1984 4285 1992 4293 '

670 4363 721 4417 4,
746 4360 893 4436 [vers.
923 4365 1007 4431 15,
1032 4363 1144 4438 16.]
1173 4365 1447 4437 Sequitur:
1468 4368 1535 4422 In
1557 4371 1804 4424 mandatis
1830 4372 1925 4426 tuis
1953 4373 2175 4442 garriam

597 4465 645 4509 et
670 4456 994 4511 considerabo
1014 4457 1119 4511 vias
1139 4468 1269 4511 tuas.
1286 4458 1434 4527 Quod
1454 4477 1658 4531 grmcus
1682 4464 1837 4518 habet
1857 4468 2169 4534 ἀδολεσχήσω,

599 4546 745 4600 latini
774 4547 1092 4617 interpretes
1117 4547 1331 4621 quidam
1360 4553 1615 4621 garriam,
1650 4554 1860 4625 quidam
1889 4560 2169 4622 exercebor,

596 4637 926 4707 interpretati
960 4649 1114 4703 sunt;
1143 4654 1259 4711 quia
1285 4640 1388 4695 duo
1421 4644 1559 4697 inter
1586 4658 1643 4698 se
1684 4646 1924 4699 videntur
1952 4663 2070 4702 esse
2095 4648 2175 4703 di-

594 4743 748 4786 versa
784 4730 921 4787 :sed
955 4731 998 4785 si
1044 4733 1349 4789 exercitatio
1401 4735 1719 4807 intelligatur
1770 4739 1963 4811 ingenii
1994 4782 2009 4807 ,
2051 4756 2171 4799 cum

594 4816 821 4893 quadam
849 4822 1200 4893 delectatione
1222 4824 1612 4895 disputationis,
1642 4837 1925 4902 utrumque
1954 4833 2173 4901 conjun-

594 4914 756 4983 gitur,
789 4923 842 4969 et
870 4915 1023 4985 quasi
1054 4931 1115 4971 ex
1148 4926 1371 4988 utroque
1396 4934 1558 4974 unum
1603 4918 1797 4990 aliquid
1829 4933 2170 4994 temperatur,

592 5014 652 5059 ut
687 5020 790 5059 non
843 5007 912 5060 sit
938 5005 1108 5061 aliena
1139 5006 1206 5061 ab
1234 5007 1535 5080 hujusmodi
1566 5014 1948 5083 esercilatioue
1987 5032 2176 5088 garru-

596 5094 734 5149 litas.
762 5092 949 5152 Solent
971 5099 1110 5165 enim
1142 5102 1333 5183 garruli
1358 5105 1531 5165 vocari
1554 5105 1820 5176 loquaces.
1840 5108 1927 5163 Sic
1952 5118 2128 5169 autem
2153 5112 2170 5142 ¹

594 5202 655 5241 se
686 5187 737 5241 in
766 5187 860 5243 Dei
892 5180 1169 5245 mandatis
1205 5202 1416 5248 exercet
1445 5194 1680 5259 Ecclesia
1705 5238 1720 5263 ,
1751 5197 2009 5265 adversus
2057 5216 2170 5267 nnt-

592 5292 690 5331 nes
716 5277 960 5333 inimicos
978 5279 1102 5347 ﬁdei
1129 5281 1431 5337 Christianae
1461 5294 1617 5361 atque
1643 5287 1917 5359 catholica:
1940 5292 2171 5362 copiosis

594 5368 868 5424 doctorum
914 5370 1358 5462 disputationibus
1401 5368 1609 5462 garrula
1659 5395 1671 5432 :
1724 5395 1841 5451 qua:
1893 5390 2017 5437 tunc
2056 5382 2169 5451 fru-

596 5467 794 5513 ctuosae
833 5468 958 5514 sunt
986 5450 1378 5531 disputantibus
1402 5450 1428 5532 ξ
1445 5464 1489 5521 si
1518 5482 1621 5527 non
1667 5450 2170 5541 ibiconsiderentur

592 5549 694 5603 nisi
741 5550 834 5604 vita
878 5544 1084 5607 Domini
1100 5554 1147 5619 ‘,
1179 5556 1314 5611 sicut
1340 5558 1593 5628 scriptum
1619 5569 1731 5629 est,
1757 5563 2098 5633 misericordia
2122 5576 2170 5621 et

661 5665 893 5743 illst-Am.
921 5674 971 5717 et
995 5674 1098 5735 uss.
1121 5675 1178 5719 At
1209 5676 1281 5718 Er.
1316 5676 1368 5731 et
1401 5676 1532 5743 Lata,
1556 5671 1597 5722 si
1636 5679 1832 5735 eadem:
1860 5683 1912 5729 et
1934 5676 2073 5738 intra,
2099 5684 2170 5732 est
2246 5726 2249 5729 .

586 5727 808 5788 milia.

595 5854 620 5866 Ἀ
648 5789 785 5866 ⁵πιμιιῑςι
801 5790 985 5866 institi.
1246 5792 1488 5847 Utinam:
1506 5797 1775 5850 mm
1800 5799 1990 5851 Domini
2007 5814 2019 5851 :
2039 5802 2165 5866 quod

595 5854 623 5915 μ
646 5853 897 5925 praecijmis
918 5860 1024 5903 Mss.
1048 5853 1205 5905 abest.

1820 384 1880 445 s.
1921 376 2283 447 AUGUSTI!!!
2320 378 2625 449 semota!

3679 398 3795 464 l5l6

2284 496 2469 559 veritas
2495 494 2516 567 (
2533 494 2681 561 Ριαι.
2709 511 2857 567 ικιπ.
2888 496 2981 573 1η
3004 514 3024 565 ι
3045 508 3273 572 quorum
3308 501 3524 564 ἀπανθ’
3559 510 3798 581 “militum

2276 588 2543 649 invenitur
2572 590 2625 645 in
2650 589 2887 655 Christo.
2907 591 3012 651 Per
3034 593 3171 651 hanc
3188 610 3398 653 sument
3415 604 3799 665 exercitationem

2277 678 2339 734 iit
2361 680 2521 737 etiam
2549 680 2688 751 quod
2719 683 2958 753 adiungit
2982 701 2994 741 :
3019 684 3536 759 “initiationibus
3559 696 3650 753 tuis
3668 702 3803 754 medi-

2278 773 2438 841 tabor,
2458 790 2559 839 non
2574 773 2840 837 obliviscar
2867 776 3129 833 uerborum
3156 789 3371 838 tuorum.
3390 783 3509 839 ideo
3529 787 3692 858 utique
3713 808 3803 846 me-

2279 865 2501 934 ditabor,
2532 876 2590 925 ut
2613 884 2714 927 non
2739 868 3022 926 oblitisoar.
3056 871 3209 928 Unde
3232 873 3415 930 beatus
3461 878 3547 934 ille
3590 880 3641 935 in
3658 884 3805 952 primo

2277 959 2486 1030 psalmo
2516 1002 2530 1026 ,
2585 962 2639 1021 in
2663 961 2778 1033 lege
2815 963 3029 1029 Domini
3070 966 3407 1023 meditabitur
3457 970 3539 1027 die
3582 987 3639 1030 se
3675 987 3807 1034 nocte

2280 1049 2480 1121 (Ptol.
2508 1068 2547 1119 ι,
2578 1053 2679 1125 2).
3398 1073 3405 1077 -

2351 1144 2405 1201 5.
2432 1144 2490 1203 In
2514 1147 2596 1205 bis
2621 1149 2869 1207 carnibus
2896 1166 3036 1220 quas,
3062 1159 3120 1206 ut
3147 1151 3431 1221 potuimus,
3450 1154 3806 1229 disputavimus,

2279 1239 2702 1307 meminerimus,
2722 1240 3045 1309 charissimi,
3067 1258 3188 1298 eum
3215 1245 3306 1315 qui
3322 1247 3586 1307 abscondit
3610 1250 3655 1303 in
3675 1253 3811 1308 corde

2278 1346 2377 1393 suo
2403 1332 2611 1403 eloquia
2654 1335 2883 1400 Deruiui,
2913 1344 2969 1390 et
2995 1338 3235 1393 enuntiat
3260 1338 3311 1392 in
3342 1339 3490 1395 labiis
3528 1342 3632 1397 suis
3661 1347 3811 1400 emrtia

2275 1426 2474 1497 judicia
2512 1428 2621 1493 uris
2650 1428 2785 1497 ejus,
2808 1434 2862 1484 et
2903 1430 2957 1484 in
2980 1431 3061 1484 via
3092 1432 3511 1489 testimoniorum
3553 1435 3658 1504 ejus
3692 1436 3816 1492 dele-

2280 1520 2611 1577 otatursicut
2648 1520 2703 1574 in
2729 1521 2977 1577 omnibus
3015 1523 3228 1590 divitiis,
3254 1532 3311 1579 et
3342 1526 3571 1595 garrienti
3607 1529 3680 1583 vel
3717 1542 3815 1587 sese

2281 1628 2540 1669 erucem
2578 1615 2630 1669 in
2676 1615 2940 1670 mandatis
2978 1616 3116 1686 ejus,
3154 1617 3455 1673 considerat
3491 1622 3598 1674 vias
3629 1620 3747 1692 ejus,
3774 1631 3818 1678 et

2281 1705 2568 1762 meditatur
2613 1706 2663 1760 in
2705 1706 3173 1776 justiﬁcationibus
3216 1709 3364 1778 ejus,
3410 1725 3476 1766 ne
3517 1711 3817 1769 obliviscitur

2281 1797 2565 1857 verberum
2589 1798 2724 1867 eius,
2754 1812 2851 1867 per
2870 1814 2988 1869 quae
3016 1800 3192 1854 omnia
3223 1802 3405 1872 utique
3442 1803 3555 1874 lege
3582 1804 3666 1860 Dei
3689 1812 3821 1876 atque

2281 1888 2526 1947 doctrina
2570 1891 2859 1946 instructus
2903 1904 3119 1963 apparet
3142 1909 3157 1957 ς
3184 1909 3343 1948 orare
3382 1904 3551 1951 tamen
3574 1905 3623 1952 et
3645 1897 3817 1967 dicere,

2282 1981 2586 2045 Bmdictus
2629 2000 2701 2050 es,
2734 1984 2989 2051 Densius;
3034 1986 3158 2041 doce
3196 2002 3279 2042 me
3310 1989 3677 2059 justiﬂcationes
3707 2002 3819 2047 tuas.

2282 2073 2383 2131 Ubi
2408 2075 2541 2131 nihil
2569 2075 2710 2131 aliud
2755 2076 3067 2147 intelligitur
3091 2093 3352 2147 —poscere,
3401 2081 3499 2135 nisi
3540 2080 3821 2152 adiutorium

2278 2169 2486 2237 gratias,
2514 2177 2575 2224 ut
2598 2169 2741 2240 quod
2775 2169 2886 2241 jam
2928 2173 3074 2226 novit
3111 2188 3379 2240 sermone,
3411 2174 3574 2231 discat
3595 2186 3645 2233 et
3665 2191 3821 2250 opere.

2925 2301 3096 2341 εειιιιο
3140 2303 3230 2342 VII.

2356 2395 2406 2449 l.
2438 2393 2588 2469 [vers.
2618 2394 2732 2471 l7.]
2761 2394 2815 2453 Si
2864 2396 3019 2470 hujus
3066 2401 3251 2477 psalmi
3298 2402 3564 2473 superiora
3608 2403 3826 2461 memini-

2282 2485 2400 2552 stis,
2427 2487 2749 2553 charissimi,
2777 2488 3029 2559 adjuvare
3059 2506 3156 2546 nos
3200 2493 3400 2561 debent
3428 2494 3492 2559 ad
3523 2495 3826 2567 intelligenda

2284 2580 2579 2648 sequentia.
2621 2580 2829 2639 Etenim
2876 2599 2993 2652 quae
3043 2594 3293 2655 tanquam
3348 2603 3413 2651 ex
3437 2590 3585 2646 unius
3629 2588 3829 2657 hominis

2283 2686 2507 2741 persona
2538 2672 2843 2743 loquuntur,
2875 2676 3111 2729 membra
3137 2684 3263 2737 sunt
3288 2677 3504 2747 Christi,
3526 2690 3579 2736 et
3604 2681 3664 2738 ad
3691 2697 3830 2741 unum

2278 2772 2439 2831 caput
2482 2773 2729 2833 tanquam
2774 2781 2937 2821 unum
2972 2766 3276 2849 pertiueut‘
3307 2785 3523 2849 corpus.
3545 2770 3732 2845 Nempe
3754 2788 3832 2837 su-

2281 2858 2461 2927 perius
2493 2858 2699 2913 dixerat
2729 2877 2741 2911 :
2776 2857 2841 2913 In
2879 2877 2975 2930 quo
2997 2862 3199 2932 corrigit
3219 2864 3405 2933 junior
3434 2865 3560 2929 aiam
3585 2866 3757 2921 suam?
3775 2864 3833 2919 In

2282 2950 2606 3004 custodiendo
2654 2952 2799 3005 verba
2998 2954 3133 3011 Ecce
3176 2973 3321 3023 nunc
3345 2959 3596 3030 apertius,
3626 2960 3835 3023 utidia-

2281 3043 2405 3111 ciat,
2458 3045 2630 3115 poscit
2674 3045 2930 3115 auxilium
2966 3066 2978 3100 :
3008 3047 3281 3117 Retribuc,
3325 3054 3521 3125 inquit,
3556 3071 3688 3121 servo
3729 3062 3834 3117 tuo;

2280 3133 2460 3211 vivam,
2486 3146 2529 3188 ct
2560 3136 2818 3195 custodtbo
2837 3134 2856 3167 ¹
2882 3137 3028 3207 verba
3057 3150 3161 3206 tua.
3195 3139 3251 3205 Si
3282 3143 3421 3211 bona
3451 3159 3547 3214 pro
3573 3145 3718 3205 bouis
3750 3145 3836 3201 sibi

2281 3226 2502 3280 retribui
2544 3228 2849 3296 postulavit,
2882 3231 2991 3309 jam
3042 3235 3368 3303 custodierat
3402 3237 3559 3303 verba
3602 3237 3708 3295 Dei.
3735 3235 3834 3290 Non

2279 3332 2456 3375 autem
2484 3320 2637 3389 dixit,
2668 3322 2925 3379 lietribue
2951 3339 3104 3389 servo
3131 3337 3244 3399 tuo,
3276 3329 3402 3399 quia
3428 3328 3681 3393 custodiri
3701 3328 3837 3385 verba

2283 3414 2403 3470 tua;
2440 3415 2685 3476 tanquam
2714 3410 3012 3461 mercedem
3041 3410 3230 3464 bonam
3253 3428 3350 3481 pro
3384 3414 3525 3468 bono
3552 3413 3838 3468 obedientire

2282 3497 2588 3567 ﬂagitaret:
2623 3499 2715 3554 sed
2756 3500 2912 3567 dixit,
2953 3502 3191 3558 Retribue
3241 3522 3385 3561 servo
3442 3518 3564 3571 tuo;
3608 3509 3778 3574 vivam,
3802 3514 3840 3562 et

2280 3590 2539 3648 cuuodibo
2563 3591 2710 3657 υαύβ
2736 3601 2840 3647 tua.
2866 3592 3021 3661 Quod
3048 3596 3172 3665 quid
3200 3608 3283 3651 est
3314 3599 3481 3667 aliud,
3502 3615 3659 3670 quam
3683 3598 3840 3654 dicere

2280 3691 2518 3743 mortuos
2546 3698 2607 3737 ea
2628 3684 2902 3739 custodire
2937 3700 3041 3739 non
3088 3691 3283 3756 posse?
3313 3690 3558 3746 infideles
3596 3691 3838 3757 videlicet,

2280 3773 2347 3831 de
2370 3774 2563 3843 quibus
2585 3774 2796 3842 dicitur,
2824 3776 2949 3834 Sino
2986 3790 3207 3835 mortuos
3249 3783 3466 3854 sepelire
3501 3794 3715 3840 mortuos
3739 3800 3840 3840 suos

2278 3864 2611 3937 (Mettium,
2640 3867 2756 3938 εξ).
2798 3869 3135 3941 Quapropter
3163 3875 3207 3929 si
3232 3886 3479 3932 mortuos
3521 3878 3841 3949 intelligimus

2279 3959 2547 4025 inﬁdeles,
2575 3962 2723 4016 vivos
2742 3972 2916 4019 autem
2950 3964 3160 4032 ﬁdeles;
3185 3970 3440 4037 quoniam
3470 3971 3642 4040 justus
3667 3985 3725 4026 ex
3752 3968 3841 4023 ﬁde

2278 4051 2407 4111 Vivit
2432 4052 2617 4123 (Rom.
2646 4069 2684 4119 ι,
2710 4055 2774 4109 17
2790 4053 2832 4128 ),
2862 4070 2961 4111 nec
2998 4069 3219 4128 possunt
3264 4062 3524 4117 custodiri
3566 4062 3719 4118 verba
3761 4059 3841 4115 Dei

2278 4144 2381 4201 nisi
2403 4144 2526 4212 ﬁde,
2545 4162 2664 4216 quae
2715 4163 2811 4217 per
2838 4149 3174 4206 dilectionem
3216 4164 3481 4223 operatur
3502 4153 3523 4229 (
3541 4154 3657 4212 Gal.
3676 4171 3726 4221 v,
3751 4152 3838 4223 6):

2279 4238 2416 4301 hanc
2440 4241 2541 4297 sibi
2571 4242 2741 4309 poscit
2762 4242 2856 4313 qui
2878 4243 3011 4299 dicit
3033 4287 3048 4311 ,
3077 4245 3321 4302 Retribue
3344 4265 3490 4304 sema
3519 4259 3640 4316 tuo;
3674 4249 3839 4319 uiuam,

2278 4338 2326 4385 ct
2352 4331 2613 4385 asstodibo
2656 4334 2802 4387 uerba
2846 4345 2954 4389 tua.
2985 4336 3051 4390 Et
3088 4340 3347 4407 quoniam
3391 4352 3519 4399 aute
3556 4341 3711 4397 ﬁdem
3751 4354 3844 4395 non

2280 4425 2479 4481 homini
2505 4424 2766 4480 debentur
2789 4428 2890 4483 nisi
2920 4430 3057 4485 mala
3080 4446 3175 4500 pro
3204 4435 3383 4503 malis,
3408 4434 3654 4491 retribuit
3685 4444 3843 4489 autem

2280 4514 2422 4578 Deus
2460 4530 2556 4584 per
2595 4516 2881 4573 iudebitam
2921 4522 3145 4592 gratiam
3188 4525 3327 4579 bona
3373 4540 3477 4596 pro
3520 4528 3699 4593 malis;
3725 4525 3845 4579 banc

2277 4608 2683 4667 retributionem
2712 4623 2862 4682 rogat
2890 4614 3149 4685 quidicit,
3175 4616 3422 4674 Retribue
3450 4636 3591 4675 servo
3612 4631 3694 4674 tuo
3723 4634 3741 4683 ;
3783 4616 3845 4669 ei-

2278 4714 2412 4763 nam,
2443 4710 2492 4755 et
2519 4703 2777 4757 custodibo
2801 4705 2947 4759 verba
2981 4715 3085 4759 tua.
3111 4707 3351 4774 Quatuor
3382 4722 3509 4767 sunt
3545 4712 3681 4766 enim
3710 4709 3848 4765 retri-

2278 4788 2524 4855 butiones
2549 4804 2679 4857 :aut
2703 4796 2838 4851 mala
2860 4810 2956 4865 pro
2979 4798 3133 4853 malis
3149 4802 3546 4869 retribuuntur,
3571 4803 3703 4858 sicut
3723 4802 3846 4856 Deus

2278 4881 2453 4953 ignem
2468 4894 2729 4940 autemnon
2756 4887 3113 4945 retributurus
3137 4901 3217 4945 est
3238 4893 3457 4962 impiis;
3492 4905 3584 4949 alit
3603 4896 3734 4950 bona
3763 4907 3846 4963 pro

2274 4974 2433 5037 bonis
2460 4978 2599 5037 sicut
2633 4993 2853 5048 regnum
2884 4990 3141 5038 aeternum
3173 4985 3538 5042 retributurus
3566 4996 3647 5042 est
3666 4983 3845 5055 justis;

2277 5076 2370 5125 aut
2390 5069 2529 5135 bona
2557 5083 2656 5139 pro
2680 5071 2855 5138 malis,
2883 5074 3019 5128 sicut
3041 5074 3283 5131 Christus
3316 5092 3419 5147 per
3457 5080 3678 5151 gratiam
3710 5074 3851 5148 justi-

2276 5157 2400 5219 licet
2419 5160 2677 5229 impium;
2709 5173 2801 5217 aut
2820 5165 2963 5219 mala
2992 5180 3089 5234 pro
3112 5166 3284 5234 bouis,
3310 5171 3461 5226 sicut
3488 5170 3653 5227 Iudas
3680 5179 3733 5226 et
3767 5165 3849 5224 Ju-

2268 5249 2379 5313 dari
2406 5267 2507 5322 per
2530 5254 2784 5310 malitiam
2820 5259 3089 5325 persecuti
3129 5270 3253 5316 sunt
3298 5261 3580 5319 Christum
3605 5263 3645 5321 ³.
3671 5264 3849 5319 Harum

2274 5352 2504 5413 quenter
2546 5347 2955 5409 retributionum
2996 5350 3117 5407 duas
3154 5353 3361 5423 priores
3393 5356 3671 5427 pertinent
3691 5356 3752 5411 ad
3776 5354 3851 5426 juo

2274 5435 2512 5505 utilium,
2543 5447 2602 5493 ut
2643 5441 3003 5499 retribuantur
3048 5447 3186 5500 mala
3238 5462 3334 5516 pro
3375 5450 3559 5517 malis,
3610 5451 3742 5506 bona
3769 5462 3854 5519 pro

2275 5527 2433 5593 benis
2464 5547 2479 5585 ε
2510 5532 2667 5593 tarus
2730 5535 2960 5603 pertinet
3001 5537 3068 5592 ad
3108 5539 3538 5598 misericordiam
3562 5584 3578 5607 ,
3621 5550 3678 5597 ut
3716 5539 3853 5596 retri-

2339 5684 2359 5755 ξ
2380 5684 2453 5755 sic
2475 5691 2548 5735 Er.
2573 5688 2721 5750 Lugd.
2742 5696 2859 5755 Ven.
2880 5697 3055 5755 etLov.
3080 5697 3148 5755 In.
3176 5700 3246 5755 8.,
3269 5695 3543 5755 pertinens.
3597 5703 3653 5755 Il,

2337 5746 2359 5825 ξ
2761 5752 3061 5825 ιιῃιιφίοιεθδ
3081 5746 3426 5825 δίςξ,-ᾸιἘςιό.,

2338 5806 2523 5901 gas...
2561 5806 3277 5880 ἀωιωμνααωωίι

2273 5868 2415 5920 sttuit,
