4090 6470
335 377 466 454 i317

1401 380 1806 478 mansuro
1834 402 1902 464 iN
1938 402 2266 482 rSALMUM
2301 412 2534 475 cxvm.

3455 435 3594 500 4518

330 500 555 573 pilantur
587 479 725 576 bona
751 483 852 580 pro
890 503 1043 568 malis
1071 514 1349 578 :quartam
1377 509 1518 569 Deus
1548 515 1749 582 nescit;
1781 519 1913 574 nulli
2020 520 2139 577 Vita
2167 526 2362 596 quippe
2394 539 2670 590 crescente
2698 531 2926 594 vivescit
2953 553 3050 610 per
3072 553 3285 602 omnem
3311 547 3472 618 diem,
3502 556 3591 624 qui

330 593 467 624 nni.“
522 596 716 624 mal...“
759 613 853 624 ..ι-,Α
883 598 1024 624 ἰείη...
1075 600 1320 624 ..-ιηειηει
1382 601 1503 624 ιι---
1540 621 1573 624 _,
1606 615 1645 624 .,
2346 619 2359 624 -
2440 621 2467 624 -,

329 593 469 648 cnim
522 596 716 666 malum
759 613 856 674 pro
883 598 1028 672 bono
1075 600 1344 659 retribuit.
1382 601 1508 660 Haec
1534 615 1710 662 autem
1754 625 1910 680 quam
2012 593 2310 672 renovatur—
2327 619 2396 675 de
2421 621 2508 676 die
2533 623 2584 678 in
2616 625 2754 682 diem
2785 630 2803 700 (
2832 629 2876 685 11
2897 593 3123 701 Odm—tv,
3158 638 3285 709 iii).

327 687 486 756 tertio
516 688 633 744 luco
665 691 854 762 posui,
886 693 1132 770 primitus
1171 696 1465 752 necessaria
1491 707 1569 752 est
1595 717 1608 755 :
1638 700 1736 754 nisi
1768 703 1906 774 enim

323 776 463 840 Deus
495 782 815 850 retribueret
842 785 976 858 bona
1016 802 1113 866 pro
1149 787 1302 844 malis
1328 831 1342 855 ,
1369 789 1516 856 nullo
1543 794 1700 849 modo
1728 807 1906 853 essent

318 871 511 942 quibus
542 875 860 950 retribueret
889 878 1023 933 bona
1048 895 1144 958 pro
1165 881 1336 940 bonis.

386 961 442 1020 2.
485 964 616 1040 Vide
645 967 792 1036 illum
827 969 1077 1040 Saulum,
1129 982 1315 1046 postea
1343 973 1561 1052 Paulum
1590 995 1604 1031 :
1640 995 1660 1029 ι
1693 978 1804 1033 Neu
1835 995 1897 1034 ex

314 1056 595 1126 operibus,
633 1076 653 1116 ι
688 1061 856 1138 inquit
887 1103 901 1130 ,
947 1081 966 1113 ι
995 1062 1212 1132 iustitia:
1239 1081 1358 1135 quae
1397 1082 1493 1122 nos
1521 1068 1738 1130 fecimus
1759 1113 1773 1138 ,
1803 1072 1895 1126 sed

311 1147 604 1218 secundum
621 1166 770 1218 suam
791 1152 1206 1210 misericordiam
1223 1157 1398 1222 salvos
1415 1175 1511 1214 nos
1524 1158 1644 1216 fecit
1660 1177 1752 1231 per
1764 1162 1897 1218 lava-

310 1251 461 1294 crum
494 1244 912 1314 regenerationis
945 1267 964 1302 ι
998 1247 1154 1320 (Tim.
1182 1266 1258 1315 ιιι,
1282 1250 1360 1324 5).
1393 1252 1458 1306 Et
1483 1253 1675 1310 iterum
1703 1273 1715 1309 :
1746 1274 1765 1308 ‹
1793 1256 1891 1325 Qui

308 1328 457 1396 prius
510 1329 578 1404 fui
612 1333 952 1410 blasphemus
985 1379 999 1403 ,
1032 1347 1082 1392 et
1111 1349 1439 1412 persecutor,
1484 1352 1538 1398 et
1567 1344 1889 1420 iniuriosus;

307 1419 402 1490 sed
451 1425 872 1488 misericordiam
907 1439 1224 1492 consecutus
1265 1448 1379 1486 sum
1405 1476 1420 1506 ,
1468 1436 1589 1508 quia
1643 1438 1892 1513 ignorans

306 1508 406 1574 feci
429 1512 477 1576 in
498 1513 864 1586 incredulitate
884 1539 902 1571 ι
930 1519 1133 1594 (ΙΤίῃι.
1153 1539 1186 1589 ι,
1214 1524 1324 1596 15).
1355 1525 1420 1578 Et
1440 1526 1632 1583 iterum
1705 1547 1724 1580 s
1753 1530 1890 1585 Con-

303 1601 481 1668 silium
508 1615 686 1670 autem
728 1607 819 1684 do,
849 1617 1099 1684 tanquam
1123 1614 1543 1690 misericordiam
1570 1631 1888 1678 consecutus

301 1705 331 1744 a
355 1691 600 1764 Domino,
631 1706 686 1751 ut
707 1697 878 1772 fidelis
907 1716 1078 1757 essem
1109 1703 1128 1772 (
1151 1703 1168 1756 l
1197 1702 1316 1760 Cor.
1341 1722 1434 1775 vn,
1465 1708 1537 1764 25
1561 1709 1579 1779 )
1613 1728 1626 1764 :
1658 1710 1757 1766 hoc
1785 1723 1885 1780 est,

301 1794 356 1838 ut
382 1786 653 1856 viverem;
699 1793 820 1862 quia
845 1791 1021 1866 justus
1070 1812 1134 1850 ex
1180 1796 1282 1853 ﬁde
1307 1799 1450 1862 vivit.
1478 1801 1713 1858 Mortuus
1761 1821 1888 1878 ergo

297 1889 414 1946 erat
434 1881 581 1962 prius
606 1897 704 1960 per
727 1899 874 1956 suam
900 1888 1204 1964 iniustitiam
1223 1931 1238 1956 ,
1261 1903 1541 1964 antequam
1571 1897 1771 1953 viveret
1793 1915 1889 1969 per

298 1969 392 2036 Dei
435 1974 681 2048 gratiam.
713 1975 880 2048 Ipsam
913 1994 1071 2049 porro
1098 1995 1247 2038 suam
1279 1993 1503 2040 mortem
1544 1988 1620 2042 sic
1661 1990 1887 2047 conﬁte-

299 2067 420 2129 tur:
456 2081 476 2128 ᾳ
513 2065 841 2142 Adveniente
866 2080 1063 2138 autem,
1105 2091 1126 2124 ι
1158 2073 1344 2144 inquit,
1376 2093 1395 2126 s
1429 2075 1679 2133 mandato
1700 2121 1715 2144 ,
1762 2097 1884 2150 pec-

295 2163 471 2226 catum
517 2159 724 2230 revixit,
769 2176 868 2232 ego
890 2172 1064 2234 autem
1090 2177 1334 2220 mortuus
1363 2183 1501 2234 sum,
1533 2177 1587 2224 et
1609 2170 1880 2228 inventum

294 2255 379 2308 est
423 2248 551 2318 mihi
597 2252 897 2314 mandatum
924 2256 1062 2326 quod
1109 2267 1223 2312 erat
1251 2259 1508 2328 invitam,
1552 2261 1656 2320 hoc
1682 2279 1801 2322 esse
1829 2267 1880 2322 in

302 2333 355 2396 in
409 2350 633 2402 mortem
674 2360 692 2394 ι
721 2343 740 2414 (
772 2342 922 2398 Rom.
974 2363 1078 2414 vn,
1127 2348 1386 2424 9ει10).
1437 2352 1700 2410 Retribuit
1754 2373 1882 2430 ergo

292 2424 365 2482 illi
401 2428 538 2483 Deus
563 2432 756 2506 bonum
787 2450 880 2510 pro
907 2436 1064 2502 malo,
1099 2438 1200 2492 hoc
1227 2447 1328 2502 est,
1364 2442 1524 2496 vitam
1549 2458 1646 2513 pro
1675 2424 1877 2516 morte;

293 2517 454 2573 talem
481 2523 686 2578 scilicet
713 2526 1138 2606 retributionem,
1168 2530 1339 2610 qualis
1381 2533 1466 2588 hic
1506 2536 1758 2604 poscitur,
1789 2541 1879 2597 ubi

291 2608 504 2676 dicitur,
536 2612 771 2670 Retribue
811 2633 953 2671 servo
984 2628 1105 2683 tuo;
1149 2608 1331 2694 vivam,
1363 2632 1408 2686 et
1435 2613 1694 2682 custodibo
1733 2631 1879 2686 verba

292 2709 400 2764 tua.
446 2703 510 2758 Et
539 2705 687 2773 vixit,
719 2717 772 2763 et
796 2710 1076 2766 custodivit
1129 2714 1286 2770 verba
1331 2715 1466 2791 ejus,
1514 2726 1568 2773 et
1613 2721 1879 2789 pertinere

289 2794 538 2864 cmpitad
583 2797 738 2872 aliam
795 2802 1221 2871 retributionem,
1271 2806 1322 2860 in
1367 2823 1468 2878 qua
1513 2811 1878 2870 retribuuntur

287 2883 425 2940 bona
453 2903 550 2959 pro
571 2888 724 2948 bonis
755 2910 768 2946 :
795 2904 1011 2972 propter
1039 2911 1195 2964 quam
1221 2896 1369 2964 dicit,
1409 2918 1428 2950 ι
1459 2900 1663 2958 Bonum
1693 2915 1872 2960 certa-

287 2994 408 3036 men
455 2983 674 3054 certavi,
725 2999 938 3041 cursum
983 2992 1370 3054 consummavi,
1423 2993 1580 3048 tidem
1612 2999 1869 3065 servavi;

286 3071 354 3134 de
397 3083 592 3129 cmtero
620 3078 850 3146 reposita
899 3087 982 3133 est
1027 3079 1160 3134 mihi
1209 3096 1403 3137 corona
1445 3084 1684 3154 iustitiae,
1713 3104 1870 3159 quam

286 3165 473 3220 reddet
500 3168 628 3222 mihi
662 3171 984 3248 Dominnsin
1009 3171 1097 3225 illa
1121 3171 1572 3245 diejustusjndex
1596 3197 1613 3230 ι
1637 3179 1702 3250 (ll
1737 3179 1867 3236 Tim.

283 3271 358 3334 iv,
391 3259 421 3312 7
440 3269 485 3312 et
501 3259 582 3336 8).
615 3261 805 3342 Utique
821 3265 1012 3334 justus,
1035 3265 1380 3320 retribuendo
1405 3268 1541 3323 bona
1569 3286 1662 3340 pro
1686 3271 1866 3340 bonis;

283 3353 404 3420 quia
432 3353 581 3432 prius
608 3355 929 3416 misericors.
973 3358 1322 3413 retribuendo
1363 3359 1503 3416 bona
1552 3378 1648 3433 pro
1692 3365 1864 3423 malis.

282 3441 534 3510 Quamvis
559 3455 612 3500 et
642 3446 752 3524 ipsa
777 3447 1002 3516 jnstitia,
1029 3464 1132 3520 qua
1179 3451 1548 3509 retribnuntur
1589 3455 1725 3511 bona
1772 3473 1868 3528 pro

282 3534 455 3606 bonis,
487 3553 589 3606 non
634 3539 857 3604 estsine
903 3542 1300 3608 misericordia;
1348 3546 1470 3616 quia
1520 3555 1573 3602 et
1600 3548 1702 3603 hoc
1728 3551 1865 3605 scri-

279 3636 428 3700 ptum
455 3639 557 3700 est,
587 3629 683 3696 Qui
736 3641 941 3686 coronat
965 3641 1012 3686 te
1038 3633 1091 3687 in
1135 3634 1455 3692 miseratione
1497 3649 1543 3693 et
1587 3641 1866 3696 misericor-

279 3701 361 3786 dia
399 3724 415 3792 (
449 3719 594 3790 Psal.
622 3740 710 3789 cn,
738 3726 771 3794 4
871 3725 970 3801 Qui
1001 3727 1141 3784 enim
1169 3728 1300 3783 dixit
1325 3772 1340 3797 ,
1374 3729 1573 3786 Bonum
1617 3744 1866 3796 certamen

278 3815 462 3882 certari
479 3857 495 3880 ,
514 3818 725 3892 quando
749 3821 1012 3885 vinceret,
1033 3820 1132 3875 nisi
1158 3820 1246 3875 illo
1264 3821 1496 3879 donante
1522 3825 1590 3881 de
1616 3841 1723 3898 quo
1752 3829 1823 3882 ait
1846 3871 1860 3896 ,

275 3905 488 3984 gratias
515 3905 646 3978 Deo,
677 3911 764 3984 qui
788 3910 874 3964 dat
901 3911 1041 3965 nobis
1071 3913 1328 3968 victoriam
1352 3932 1439 3984 per
1461 3915 1740 3971 Dominum
1769 3935 1863 3972 no-

277 4011 435 4068 strum
464 4001 643 4069 Iesum
681 4003 932 4072 Christum
964 4005 981 4077 (
1008 4004 1026 4058 1
1056 4004 1174 4062 Cor.
1197 4021 1290 4071 xv,
1323 4007 1388 4062 57
1415 4005 1436 4080 )
1459 4007 1483 4061 ?
1510 4008 1578 4063 Et
1606 4008 1696 4080 qui
1737 4026 1862 4066 cur-

274 4106 390 4160 sum
419 4097 806 4158 consummavit
839 4138 854 4164 ,
881 4097 1093 4172 quando
1117 4109 1393 4167 curreret,
1435 4101 1646 4173 quando
1677 4118 1867 4188 perve-

277 4187 414 4252 niret
437 4228 454 4254 ,
489 4187 590 4242 nisi
621 4187 713 4242 illo
751 4188 1034 4260 adiuvante
1059 4191 1126 4247 de
1157 4205 1264 4264 quo
1309 4191 1384 4246 ait
1405 4234 1420 4259 ,
1453 4191 1623 4264 Igitur
1651 4211 1749 4248 non
1772 4211 1861 4250 eo-

267 4277 422 4340 lentis
446 4320 460 4354 ,
491 4294 650 4350 neque
673 4281 918 4344 currentis
941 4322 957 4348 ,
998 4281 1086 4336 sed
1112 4282 1391 4337 miserantis
1409 4292 1481 4337 est
1531 4283 1622 4339 Dei
1665 4285 1686 4354 (
1708 4284 1858 4341 Rom.

277 4351 523 4438 mw)?
568 4372 635 4428 Et
679 4372 768 4443 qui
813 4370 971 4436 tidem
1001 4376 1261 4442 servavit,
1310 4376 1522 4447 quando
1548 4376 1598 4432 id
1626 4351 1856 4447 faceret,

273 4462 398 4530 nisi,
432 4469 494 4534 ut,
524 4463 638 4536 ipse
660 4464 734 4528 ait
757 4465 1221 4532 ,_misericordiam
1251 4476 1570 4523 consecutus
1598 4477 1653 4523 ut
1693 4469 1860 4526 fidelis

273 4557 450 4624 esset?

344 4648 397 4706 5.
440 4647 710 4724 Nusquam
758 4664 885 4722 ergo
938 4666 996 4714 se
1036 4652 1253 4706 extollat
1303 4650 1534 4709 humana
1562 4653 1806 4724 superbia
1841 4672 1854 4710 :

275 4739 432 4808 donis
462 4744 574 4804 suis
606 4742 748 4798 Deus
774 4743 1024 4800 retribuit
1055 4744 1191 4802 bona
1234 4746 1474 4814 prmmia.
1501 4745 1605 4802 Sed
1643 4747 1742 4802 iste
1767 4749 1857 4818 qui

273 4833 380 4912 jam
411 4843 530 4889 orat
558 4842 612 4898 et
636 4834 786 4903 dicit,
819 4833 1056 4898 Retribue
1081 4853 1222 4914 servo
1248 4847 1354 4904 tuo,
1402 4838 1608 4902 vivam;
1644 4838 1685 4892 si
1710 4839 1857 4908 peni-

278 4935 362 4991 tus
388 4937 530 4990 esset
566 4938 843 5000 mortuus,
872 4943 978 4992 non
1031 4938 1210 4983 oraret
1242 4947 1257 4984 :
1299 4927 1392 4986 sed
1435 4929 1502 4983 ab
1536 4929 1625 4984 illo
1654 4931 1858 5000 accepit

276 5017 484 5078 initium
528 5018 683 5084 bona:
731 5019 1177 5092 concupiscentiae
1205 5061 1222 5087 ,
1267 5034 1295 5072 a
1328 5034 1432 5091 quo
1477 5019 1638 5084 vitam
1687 5021 1859 5090 poscit

275 5108 611 5166 obedientize.
637 5110 915 5174 Habebam
939 5111 1080 5166 enim
1103 5109 1334 5191 aliquam
1366 5109 1554 5178 tidem,
1582 5112 1670 5184 qui
1709 5111 1857 5167 dice-

277 5201 403 5264 bant
432 5220 446 5257 :
479 5201 714 5270 Domine,
738 5219 868 5275 auge
914 5202 1054 5266 nobis
1085 5201 1234 5272 ﬁdem
1267 5202 1287 5274 (
1312 5201 1441 5262 Luc.
1475 5219 1602 5284 xvn,
1635 5203 1728 5277 ὅ).
1763 5205 1856 5261 llle

279 5309 406 5352 vero
433 5303 488 5358 et
516 5295 942 5370 incredulitatem
973 5309 1126 5350 suam
1153 5293 1536 5376 conﬁtebatur,
1567 5309 1667 5350 nec
1697 5293 1854 5352 iidem

277 5385 622 5458 difﬁtebatur,
647 5385 744 5456 qui
782 5401 901 5448 cum
952 5396 1096 5448 esset
1122 5385 1477 5460 interrogatus
1513 5392 1688 5449 utrum
1735 5401 1856 5442 cre-

277 5477 463 5550 deret,
518 5479 591 5534 ait
631 5497 644 5532 :
693 5477 854 5548 Credo
878 5519 894 5544 ,
948 5475 1166 5532 Domine
1194 5493 1216 5545 ;
1243 5477 1431 5556 adfusa
1457 5476 1857 5533 incredulitatem

277 5587 442 5638 meum
467 5569 671 5642 (Marc.
706 5586 780 5640 is,
805 5567 941 5644 25).
983 5567 1100 5648 iam
1147 5569 1332 5642 utique
1377 5570 1555 5626 vivere
1599 5570 1857 5642 incipiens

274 5662 514 5742 postulat
536 5662 721 5730 vitam,
754 5661 844 5733 qui
887 5661 1114 5740 credens
1160 5671 1279 5720 orat
1318 5659 1673 5720 obedientiam
1702 5679 1718 5718 :
1748 5677 1854 5719 non

187 5817 190 5820 ,
280 5769 377 5828 pro
403 5769 469 5818 ea
498 5762 709 5812 servata
737 5753 1058 5834 praemium}
1082 5771 1098 5818 ;
1118 5750 1286 5836 sedul
1302 5763 1562 5820 servetur,
1581 5755 1852 5812 auxilimn.

336 5870 361 5941 ξ
385 5869 462 5920 sic
481 5877 579 5920 sm.
603 5875 682 5920 Er.
708 5875 760 5921 et
781 5875 890 5920 uss.
907 5875 963 5921 At
982 5874 1115 5930 Lov.,
1133 5880 1228 5920 non
1244 5875 1294 5920 ut
1316 5880 1404 5932 pro
1423 5880 1482 5919 ea
1503 5875 1714 5925 seruetur
1735 5883 1860 5935 pra:-

281 5942 447 5989 animi.

2079 707 2134 760 4.
2164 706 2184 779 [
2217 724 2343 764 vers.
2373 713 2458 768 18.
2494 713 2515 788 ]
2556 715 2741 775 Sciens
2771 730 2948 778 autem
2985 727 3146 783 verba
3176 706 3269 785 Dei
3300 747 3406 787 non
3433 749 3591 804 posse

2007 799 2260 854 custodiri
2289 817 2383 880 per
2403 805 2785 877 obedientiam,
2818 815 2920 869 nisi
2943 817 3226 877 videantur
3266 839 3360 894 per
3385 799 3587 885 intelli-

2005 889 2234 955 gentiam
2263 933 2276 955 ,
2311 892 2411 948 hoc
2439 911 2651 967 quoque
2693 903 2919 960 orationi
2949 908 3096 964 addit
3118 920 3171 966 et
3209 889 3374 970 dicit:
3400 917 3588 974 Revela

2003 980 2176 1033 oculos
2202 997 2336 1037 meos
2356 1027 2370 1049 ,
2401 995 2446 1039 et
2497 991 2822 1048 considerabo
2859 998 3113 1060 mirabilia
3139 1003 3204 1059 de
3228 1005 3337 1078 lege
3364 1016 3470 1063 tua.
3499 1013 3580 1074 Ad

2002 1069 2102 1126 hoc
2149 1075 2307 1130 etiam
2343 1079 2468 1134 illud
2499 1085 2726 1152 pertinet
2751 1127 2768 1153 ,
2799 1091 2939 1160 quod
2985 1069 3585 1167 adiungitflnquilisssts

1999 1176 2089 1232 ego
2107 1179 2218 1218 sum
2234 1166 2286 1220 in
2303 1176 2463 1222 terra:
2481 1173 2610 1240 sive,
2627 1179 2930 1235 utnonnulli
2943 1166 3382 1257 codiceshabent,
3400 1189 3583 1248 Incolu

1998 1267 2089 1322 ego
2105 1271 2214 1309 sum
2235 1257 2289 1311 in
2309 1267 2480 1325 terra;
2513 1279 2576 1318 ne
2595 1266 2874 1325 abscondas
2893 1288 2925 1326 α
2940 1289 3018 1328 me
3035 1278 3275 1333 mandata
3295 1288 3400 1336 tua.
3423 1283 3579 1352 Quod

1997 1345 2139 1400 enim
2183 1349 2254 1403 ait
2282 1354 2526 1422 superius
2549 1398 2564 1424 ,
2609 1357 2794 1413 Revela
2838 1365 3010 1420 oculos
3050 1383 3216 1434 meos;
3261 1371 3361 1428 hoc
3388 1345 3574 1444 pdstoa

1996 1436 2151 1507 dixit,
2185 1460 2246 1497 ne
2274 1445 2556 1503 abscondas
2583 1467 2614 1502 a
2639 1467 2718 1505 me
2747 1469 2766 1506 ξ
2791 1462 2844 1508 et
2868 1458 3007 1527 quod
3037 1459 3108 1515 ibi
3133 1461 3348 1519 dixerat
3369 1436 3574 1532 ,cmira-

1994 1529 2115 1586 bilia
2144 1535 2207 1588 de
2234 1537 2341 1608 lege
2369 1548 2454 1606 tua
2479 1557 2500 1604 ;
2549 1541 2650 1598 hoc
2677 1544 2782 1598 alio
2826 1547 2984 1602 modo
3009 1560 3257 1622 repetens
3293 1529 3403 1625 ait,
3430 1575 3576 1616 man-

1993 1622 2114 1678 data
2143 1636 2248 1680 tua.
2276 1628 2417 1684 Nihil
2440 1640 2522 1686 est
2540 1642 2719 1689 autem
2748 1636 3048 1695 mirabilius
3075 1643 3127 1696 in
3156 1622 3418 1705 mandatis
3446 1650 3567 1720 Dei,

1992 1729 2150 1786 quam
2175 1761 2190 1787 ,
2221 1719 2428 1794 Diligite
2458 1725 2686 1781 inimicos
2733 1740 2919 1785 vestros
2949 1733 2968 1802 (
2998 1732 3184 1790 Matth.
3217 1755 3266 1802 ν,
3288 1741 3359 1800 44
3385 1744 3440 1813 );
3470 1719 3573 1801 hoc

1991 1819 2092 1874 est,
2139 1813 2418 1870 retribuite
2457 1817 2592 1871 bona
2627 1836 2724 1888 pro
2758 1823 2931 1878 malls.
2964 1823 3068 1880 Sed
3107 1827 3175 1883 de
3203 1830 3305 1886 isto
3351 1834 3570 1906 inquiti-

1990 1907 2115 1952 natn
2143 1902 2224 1954 vel
2257 1902 2482 1960 incolatu
2517 1923 2622 1962 non
2649 1919 2730 1964 est
2751 1926 2931 1968 sermo
2957 1919 3347 1988 coarctsudus;
3373 1902 3571 1982 etich

1989 2005 2096 2045 non
2137 1993 2235 2050 iste
2276 1997 2344 2050 de
2379 1997 2478 2054 hac
2502 2016 2561 2056 re
2587 2043 2601 2066 ,
2629 2003 2721 2058 sed
2753 2005 2888 2061 alius
2914 2013 3305 2080 exspectandus
3325 2056 3344 2084 ,
3376 2025 3434 2072 ot
3460 2018 3568 2074 Do-

1987 2082 2134 2138 mino
2163 2085 2443 2155 adjuvantc
2466 2091 2771 2150 reddendus
2795 2106 2894 2153 est.

2621 2240 2792 2292 sane
2818 2245 2928 2298 vin.

2057 2330 2109 2390 1.
2140 2329 2161 2403 [
2189 2347 2318 2394 ws.
2360 2334 2450 2392 l9.
2478 2335 2499 2409 ]
2539 2336 2934 2409 Exspectatiooi
2971 2344 3254 2411 Charilaus
3281 2363 3475 2418 vestrae
3497 2358 3568 2424 de

1982 2425 2327 2493 sequentibus
2353 2426 2510 2498 huius
2543 2433 2773 2492 maximi.
2800 2437 2996 2504 psalmi
3036 2455 3215 2505 sermo
3253 2446 3559 2514 reddendus

1981 2523 2096 2582 est,
2125 2517 2193 2571 ab
2222 2518 2314 2574 illo
2336 2535 2490 2578 versu
2525 2525 2759 2592 scilicet.
2788 2527 2874 2591 tibi
2901 2530 2976 2592 ait
2996 2573 3011 2596 ,
3045 2531 3230 2598 locata
3255 2553 3346 2609 ego
3373 2557 3486 2600 sunt
3509 2546 3563 2600 in

1977 2616 2153 2675 terra;
2203 2628 2306 2666 non
2346 2614 2626 2673 abscondas
2665 2636 2700 2674 α
2737 2637 2818 2682 uas
2845 2624 3086 2688 mandata
3128 2636 3216 2688 tua
3255 2644 3277 2685 :
3321 2633 3463 2703 sive,
3503 2647 3564 2696 ιιι

1977 2700 2219 2788 nonnulli
2250 2703 2461 2761 codices
2491 2706 2708 2773 habent,
2750 2709 3040 2781 Inquilinss
3065 2733 3155 2788 ego
3183 2735 3296 2778 sum
3323 2722 3376 2782 in
3404 2700 3557 2786 terra.

1973 2787 2132 2858 Quod
2153 2794 2298 2861 enim
2334 2805 2416 2852 est
2451 2798 2502 2854 in
2524 2815 2701 2869 graan
2735 2809 2990 2874 πάρρικρσ.
3017 2787 3177 2879 ξιιὶαυί
3203 2816 3370 2872 nostri
3394 2816 3562 2889 inqui-

1979 2881 2136 2949 linus,
2163 2884 2324 2956 aliqui
2351 2889 2533 2954 incola,
2567 2899 3140 2968 nonnunquametiam
3172 2902 3364 2962 advena
3388 2881 3557 2974 inter-

1979 2977 2169 3043 pretati
2215 2986 2358 3038 sunt.
2411 2981 2652 3052 lnquiﬁni
2705 2989 2810 3049 non
2859 2988 3114 3058 habentes
3157 2999 3427 3067 propriam
3457 3002 3558 3062 do-

1973 3081 2142 3132 mum,
2173 3067 2413 3128 habitant
2455 3073 2507 3130 in
2534 3075 2747 3142 aliena;
2781 3078 2969 3138 incolae
2989 3093 3171 3148 autem
3200 3087 3280 3146 vel
3308 3090 3553 3162 advenae,

1975 3157 2157 3230 utique
2183 3159 2464 3218 adventitii
2494 3166 2861 3235 perhibentur.
2909 3170 3009 3242 Ubi
3053 3190 3241 3247 magna
3285 3179 3353 3244 de
3379 3157 3553 3244 anima

1974 3250 2219 3304 exoritur
2243 3254 2485 3319 quaestio.
2534 3254 2718 3326 Neque
2747 3260 2888 3320 enim
2929 3265 3219 3330 secundum
3251 3284 3444 3342 corpus
3469 3274 3555 3336 di.-

1971 3348 2114 3397 ctum
2142 3342 2310 3406 videri
2339 3356 2532 3416 potest,
2560 3347 2744 3407 Insula
2765 3393 2779 3416 ,
2810 3354 2891 3417 vel
2921 3355 3132 3428 aduena,
3165 3361 3249 3424 vel
3277 3363 3553 3433 inquilinus

1971 3451 2084 3490 sum
2120 3437 2174 3492 in
2215 3448 2389 3504 terra,“
2435 3455 2556 3498 cum
2597 3443 2666 3504 de
2692 3452 2832 3511 terra
2861 3461 3056 3518 corpus
3083 3451 3342 3522 originem
3370 3456 3548 3514 ducat.

1967 3525 2076 3582 Sed
2107 3529 2158 3583 in
2197 3529 2295 3588 hac
2324 3531 2734 3602 profundissima
2762 3539 3056 3607 quastione
3085 3543 3215 3608 nihil
3255 3546 3424 3605 audeo
3452 3549 3552 3606 de-

1968 3617 2144 3674 linire.
2175 3620 2297 3677 Sive
2323 3624 2464 3681 enim
2496 3635 2712 3698 propter
2729 3628 2962 3695 animum
2993 3631 3132 3704 (qua:
3156 3634 3292 3698 absit
3318 3647 3371 3700 nt
3397 3649 3553 3715 pute~

1970 3719 2058 3768 tur
2100 3728 2166 3772 ex
2211 3715 2394 3784 terra)
2425 3718 2616 3778 merito
2655 3717 2760 3781 dici
2807 3722 3039 3790 potuerit
3062 3763 3076 3788 .
3105 3723 3434 3798 Inquilinus,
3468 3733 3551 3788 vel

1967 3804 2170 3870 incola,
2199 3807 2282 3862 vel
2307 3807 2501 3868 advena
2537 3825 2631 3880 ego.
2665 3827 2779 3873 sum
2813 3813 3069 3884 interra;
3114 3817 3228 3878 sive
3255 3821 3549 3882 secundum

1964 3904 2136 3951 totum
2179 3897 2445 3960 hominem
2467 3941 2482 3966 ,
2511 3902 2632 3971 quia
2666 3905 2896 3972 paradisi
2941 3906 3227 3978 aliquando
3254 3911 3383 3972 civis
3427 3913 3546 3981 fuit,

1967 3987 2056 4042 ubi
2087 3989 2268 4058 utique
2312 4007 2415 4054 non
2443 4001 2558 4052 erat
2599 3997 2688 4066 qui
2728 3995 2830 4060 iam
2868 3996 3116 4066 dioebat;
3162 4003 3274 4060 sive
3298 4007 3438 4076 quod
3465 4017 3550 4064 est

1963 4079 2035 4134 ab
2061 4081 2206 4136 omni
2234 4086 2600 4143 controversia
2631 4084 2869 4154 liberius,
2902 4103 3008 4152 non.
3034 4093 3209 4152 omnis
3237 4093 3399 4158 homo
3424 4113 3550 4169 pos-

1965 4170 2035 4227 sit
2065 4172 2167 4232 hoc
2192 4171 2370 4230 dicere
2390 4216 2406 4242 ,
2437 4176 2532 4232 sed
2559 4178 2642 4236 cui
2673 4179 2840 4247 patris
2868 4181 3127 4250 promissa
3157 4195 3240 4240 est
3267 4196 3464 4248 aeterna
3492 4192 3546 4248 in

1964 4262 2116 4318 omlis
2141 4279 2156 4318 :
2185 4263 2288 4318 hoc
2316 4265 2457 4332 seio,
2487 4268 2608 4338 quia
2639 4271 2858 4330 tentatio
2882 4280 2965 4328 est
2989 4273 3097 4330 vita
3128 4274 3358 4342 humana
3379 4295 3548 4352 super

1959 4362 2161 4410 terram
2191 4354 2312 4426 (Job
2338 4372 2442 4422 vn,
2472 4360 2496 4414 1
2521 4357 2541 4424 )
2566 4376 2578 4422 ;
2609 4368 2665 4419 et
2697 4362 2882 4432 iugum
2907 4378 3071 4434 gravo
3096 4374 3180 4422 est
3205 4381 3366 4439 super
3407 4371 3547 4431 ﬁlios

1961 4446 2132 4502 Adam
2159 4447 2350 4518 (Eccti.
2383 4466 2471 4514 ιι..
2503 4450 2576 4522 1).
2610 4451 2808 4512 Verum
2835 4471 2923 4516 me
2953 4456 3072 4528 plus
3095 4457 3325 4516 delectat
3352 4478 3546 4527 secun-

1959 4537 2088 4594 dum
2119 4539 2274 4596 istam
2298 4540 2572 4612 disputare
2600 4547 2938 4614 sententiam,
2964 4555 3024 4606 ut
3049 4550 3171 4606 ideo
3195 4567 3293 4606 nos
3317 4554 3371 4610 in
3399 4566 3541 4614 terra

1963 4629 2252 4700 inquilinos
2281 4634 2360 4690 vel
2409 4633 2611 4694 incolas
2653 4651 2774 4692 esse
2799 4637 3036 4696 dicamus
3055 4681 3071 4708 ,
3103 4643 3225 4713 quia
3254 4659 3541 4715 supernam

1958 4724 2185 4794 patriam
2209 4767 2222 4789 ,
2255 4727 2396 4783 unde
2434 4727 2622 4797 pignus
2645 4731 2948 4801 accepimus
2966 4773 2982 4799 ,
3009 4742 3064 4790 et
3090 4749 3197 4804 quo
3225 4742 3536 4806 pervenien-

1961 4822 2043 4870 tes
2069 4831 2338 4886 nunqunm
2371 4818 2494 4876 inde
2521 4820 2832 4890 migremus,
2857 4823 3176 4884 invenimus.
3209 4827 3341 4886 Nam
3371 4840 3422 4886 et
3452 4833 3540 4888 ille

1961 4907 2050 4976 qui
2075 4907 2132 4962 in
2161 4908 2267 4966 alio
2297 4909 2502 4978 psalmo
2541 4910 2707 4977 dicit,
2735 4911 3024 4978 [inquilinus
3058 4933 3151 4989 ego
3187 4934 3298 4978 sum
3323 4923 3464 4992 apud
3489 4932 3542 4979 te

1959 5008 2008 5055 et
2036 5000 2362 5070 peregrinus,
2390 5003 2518 5056 sicut
2557 5019 2730 5059 omnes
2771 5015 2938 5076 patres
2977 5009 3076 5066 mei
3106 5008 3276 5083 (Psal.
3309 5030 3538 5083 xxxviii,

1962 5090 2111 5160 l3);
2155 5104 2259 5145 non
2285 5091 2390 5153 ait,
2425 5091 2575 5154 Sicut
2615 5110 2803 5159 omnes
2826 5095 3130 5174 homines;
3169 5102 3263 5160 sed
3289 5103 3536 5175 dicendo,

1959 5182 2090 5235 sicut
2112 5196 2283 5244 omnes
2313 5191 2478 5252 patres
2506 5183 2626 5251 olei,
2649 5183 2825 5254 justas
2849 5188 3039 5258 procul
3063 5189 3224 5250 dubio
3243 5194 3354 5256 vult
3379 5195 3537 5252 intel-

1959 5270 2050 5342 ligi
2069 5311 2086 5338 ,
2117 5272 2207 5343 qui
2231 5287 2354 5330 eum
2393 5281 2633 5346 tempore
2662 5289 3051 5352 macerant
3069 5322 3086 5348 ,
3112 5290 3167 5344 et
3195 5283 3251 5346 in
3279 5283 3381 5352 hac
3411 5303 3539 5357 per-

1955 5366 2290 5436 egrinatione
2315 5369 2518 5438 gemitu
2547 5369 2635 5440 pio
2673 5383 2919 5440 superna:
2955 5373 3138 5442 patrius
3179 5378 3534 5449 monitorum.

1961 5457 2040 5515 De
2081 5458 2274 5530 quibus
2318 5460 2574 5530 scriptum
2615 5469 2698 5518 est
2743 5469 2810 5524 ad
2849 5462 3105 5530 Hebrus
3133 5484 3148 5530 ς
3173 5485 3204 5526 .s
3235 5469 3538 5537 Secundum

1960 5550 2119 5608 tidem
2147 5551 2345 5609 mortui
2385 5562 2511 5611 sunt
2536 5552 2593 5614 hi
2635 5567 2822 5639 omnes
2847 5597 2863 5623 .
2893 5571 3014 5616 cum
3058 5574 3165 5625 non
3203 5566 3538 5636 accepissent

1959 5643 2340 5714 promissiones
2361 5687 2377 5712 ,
2408 5644 2504 5705 sed
2532 5645 2688 5718 longe
2714 5661 2807 5710 eos
2837 5648 3076 5715 vident
3120 5659 3180 5712 οι
3222 5656 3536 5726 salutantes,

1951 5746 2014 5794 eet
2039 5738 2356 5794 conﬁtentes
2387 5739 2516 5808 quia
2547 5738 2793 5811 hospites
2830 5751 2886 5801 et
2928 5745 3193 5818 peregrini
3221 5758 3348 5812 sum
3374 5766 3538 5823 super

1961 5839 2178 5898 term.
2201 5831 2302 5900 Qui
2320 5832 2464 5898 enim
2489 5831 2610 5890 talis
2631 5833 2836 5903 dicunt,
2857 5836 3148 5903 ostendunt
3165 5841 3289 5911 quia
3315 5844 3537 5914 patriam

1962 5930 2226 5993 quarunt.
2275 5921 2344 5982 Ει
2383 5923 2432 5980 si
2472 5924 2687 5994 quidem
2711 5925 2832 5997 eius
2865 5943 3140 5995 amatores
3161 5941 3347 5998 Μ
3377 5949 3409 5997 ιι
3435 5951 3536 6006 qua
