4090 6572
601 499 736 563 1519

596 613 989 680 discesserant,
1035 611 1340 668 habuissent
1391 621 1598 680 tempus
1643 608 1981 675 revertendi;
2032 626 2176 666 mine

597 716 773 762 autem
797 705 1072 760 meliorem
1095 711 1372 774 appetunt,
1396 701 1450 757 id
1477 709 1560 757 est
1583 700 1854 756 caelestem
1880 717 1895 754 :
1924 700 2044 756 ideo
2068 717 2173 756 non

592 795 941 857 confunditur,
961 795 1027 850 de
1059 794 1144 851 his
1176 794 1313 849 Dens
1337 791 1518 849 vocari
1548 792 1688 848 Deus
1715 805 1899 847 eorum
1923 807 1938 858 ;
1971 806 2175 862 praepa-

593 890 731 946 ravit
759 889 901 944 enim
930 888 1008 943 eis
1031 886 1299 943 civitatem
1335 904 1354 938 ι
1385 883 1568 955 (Hebr.
1599 899 1674 950 χι,
1705 881 1918 954 13-16).
1949 883 2018 938 Ει
2044 882 2172 939 illud

589 986 733 1055 quod
765 983 1008 1052 legimus,
1043 981 1298 1052 Quantdiu
1323 997 1498 1036 sumus
1530 981 1585 1035 in
1607 995 1853 1050 corpore,
1880 979 2171 1050 peregrina-

590 1095 708 1132 ntur
729 1095 761 1131 a
781 1076 1040 1141 Domino;
1068 1083 1244 1146 potest
1266 1072 1485 1144 intelligi
1512 1073 1613 1128 hoc
1634 1087 1738 1129 non
1767 1087 1886 1127 esse
1910 1071 2170 1134 omnium,

590 1172 687 1228 sed
717 1170 950 1225 ﬁdelium
981 1188 996 1224 :
1025 1167 1148 1222 Non
1188 1167 1320 1222 enim
1363 1165 1585 1221 omnium
1614 1173 1686 1219 est
1714 1163 1843 1234 fides
1883 1163 1902 1232 (
1919 1163 1964 1218 ll
1989 1161 2168 1216 Thess.

589 1279 670 1331 ιιι,
699 1261 777 1335 2).
811 1262 878 1317 Et
900 1260 1141 1316 videmus
1169 1257 1294 1328 quid
1327 1257 1409 1312 his
1438 1255 1616 1312 verbis
1653 1255 1939 1327 Apostolus
1964 1254 2167 1324 jungat.

585 1355 722 1410 Cum
754 1353 895 1409 enim
929 1352 1173 1419 dixisset,
1210 1349 1464 1416 Quamdiu
1490 1365 1664 1404 sumus
1689 1348 1744 1402 in
1770 1363 1999 1418 corpore,
2032 1361 2171 1417 pere-

586 1449 850 1519 grinantur
878 1463 910 1499 a
933 1445 1149 1499 Domino
1177 1461 1197 1498 :
1227 1441 1331 1497 Per
1355 1442 1507 1512 [idem
1539 1441 1673 1495 enim
1713 1439 2062 1504 ambulamus,
2090 1438 2171 1491 in-

589 1543 695 1609 quit
721 1581 736 1607 ,
765 1555 863 1594 non
895 1554 982 1605 per
1006 1536 1221 1608 speciem
1255 1533 1339 1606 (ll
1370 1533 1486 1588 Cor.
1517 1549 1567 1598 v,
1598 1532 1652 1598 6,
1681 1532 1735 1604 7)
1761 1547 1776 1596 ;
1810 1539 1872 1585 ut
1906 1529 2169 1600 intellige-

586 1645 768 1684 remus
799 1643 983 1684 eorum
1024 1641 1144 1682 esse
1187 1626 1340 1679 istam
1381 1621 1882 1693 peregrinationem,
1919 1620 2009 1690 qui
2056 1634 2172 1673 am-

587 1720 771 1775 bulant
810 1735 908 1790 per
952 1719 1132 1774 ﬁdem.
1181 1715 1429 1772 lnlideles
1465 1725 1664 1780 autem,
1708 1727 1842 1784 quos
1886 1712 2020 1768 Deus
2061 1727 2167 1767 non

588 1812 852 1880 praescivit
883 1825 983 1866 nec
1013 1807 1411 1880 praedestinavit
1436 1805 1740 1860 conformes
1771 1803 1884 1860 ﬁeri
1924 1803 2167 1874 imaginis

587 1901 706 1956 Filii
732 1902 812 1956 sui
841 1901 1014 1972 (Rom.
1041 1915 1153 1965 vm,
1176 1897 1290 1970 29),
1319 1913 1427 1952 non
1457 1905 1678 1966 possunt
1703 1895 1962 1950 veraciter
1986 1894 2167 1950 dicere

585 2009 646 2048 se
671 1993 722 2047 in
755 2001 892 2047 terra
926 1991 1252 2062 peregrinos,
1297 1987 1509 2058 quando
1550 1986 1622 2041 ibi
1661 1995 1807 2052 sunt,
1849 1983 1940 2039 ubi
1969 1999 2163 2040 secun-

583 2083 711 2138 dum
742 2097 954 2137 carnem
985 2081 1094 2135 nati
1134 2089 1257 2136 sunt
1284 2096 1298 2132 :
1330 2095 1435 2134 non
1478 2078 1620 2133 enim
1653 2076 1850 2132 habent
1876 2075 2000 2130 alibi
2029 2075 2163 2130 civi-

585 2185 744 2230 tatem
769 2193 783 2239 ;
817 2189 880 2229 ac
908 2189 1003 2243 per
1033 2173 1133 2229 hoc
1159 2187 1264 2227 non
1295 2179 1419 2227 sunt
1446 2171 1497 2224 in
1532 2181 1669 2224 terra
1699 2167 2038 2236 alienigenae,
2066 2166 2162 2221 sed

583 2267 885 2335 terrigenai.
922 2263 1071 2319 Unde
1103 2263 1178 2317 ait
1217 2262 1316 2316 alia
1345 2261 1618 2330 Scriptura
1648 2259 1716 2314 de
1743 2258 1972 2329 quodam
2004 2275 2016 2311 :
2052 2257 2162 2311 Po-

582 2356 682 2410 suit
707 2357 838 2409 enim
869 2354 1009 2423 apud
1031 2363 1242 2407 mortem
1281 2352 1488 2405 domum
1524 2366 1666 2404 suam
1688 2390 1702 2414 ,
1729 2359 1778 2404 et
1811 2348 1950 2420 apud
1973 2348 2163 2418 inferos

580 2466 692 2504 cum
719 2448 980 2520 terrigenis
1005 2463 1124 2502 axes
1151 2463 1270 2501 suos
1292 2445 1442 2517 (Isai.
1469 2460 1656 2511 xxvm,
1680 2444 1793 2514 15).
1820 2443 1956 2498 Sunt
1975 2453 2158 2498 autent

581 2552 637 2597 et
680 2541 778 2611 ipsi
825 2539 1092 2612 peregrini
1137 2548 1190 2594 et
1227 2537 1489 2608 inquilini,
1533 2552 1640 2592 non
1687 2535 1810 2590 huic
1857 2544 2033 2603 terrae,
2065 2536 2159 2591 sed

578 2633 775 2704 populo
798 2633 911 2698 Dei,
940 2646 969 2685 a
991 2646 1096 2701 quo
1117 2640 1239 2685 sunt
1260 2630 1589 2699 alienigenae.
1620 2628 1772 2684 Unde
1795 2628 2152 2694 credentibus,

578 2735 629 2780 et
662 2733 900 2786 sanctam
931 2723 1218 2788 civitatem,
1265 2737 1383 2790 quae
1411 2735 1518 2775 non
1557 2729 1640 2775 est
1681 2720 1749 2774 de
1789 2720 1891 2773 hoc
1933 2719 2155 2787 mundo,

580 2816 776 2871 habere
805 2813 1177 2884 incipientibus
1203 2813 1490 2883 Apostolus
1513 2812 1643 2866 dicit
1673 2829 1686 2865 :
1717 2810 1885 2882 Igitur
1903 2812 2018 2883 jam
2055 2829 2158 2866 non

578 2909 693 2962 estis
721 2907 969 2977 peregrini
997 2917 1044 2962 et
1072 2905 1348 2977 inquilini;
1377 2906 1465 2959 sed
1498 2905 1613 2960 estis
1641 2905 1770 2959 cives
1797 2915 2084 2959 sanctorum
2109 2915 2158 2960 et

579 3001 833 3056 domestici
873 2999 968 3056 Dei
1009 2998 1230 3078 Ephes.
1260 3016 1319 3066 ιι,
1352 2997 1473 3069 19).
1522 2997 1627 3068 lpsi
1667 3013 1798 3068 ergo
1845 3006 1970 3053 sunt
2010 2998 2155 3054 cives

577 3094 795 3158 terreni,
843 3092 934 3164 qui
978 3102 1101 3148 sunt
1147 3092 1238 3147 Dei
1287 3091 1482 3161 populo
1531 3090 1796 3161 peregrini
1837 3107 1851 3143 :
1895 3090 1985 3160 qui
2027 3105 2154 3145 vero

573 3187 722 3240 cives
753 3192 875 3240 sunt
925 3187 976 3237 in
1007 3183 1203 3254 populo
1233 3182 1369 3249 Dei,
1412 3181 1512 3250 ipsi
1554 3190 1674 3236 sunt
1723 3183 1772 3235 in
1819 3192 1959 3236 terra
1994 3196 2153 3252 pere-

571 3275 709 3346 grini
733 3292 747 3341 ;
777 3275 899 3345 quia
927 3283 1066 3329 totus
1096 3273 1236 3328 idem
1265 3272 1524 3342 populus,
1553 3271 1810 3342 quamdiu
1837 3281 1920 3326 est
1946 3271 1997 3325 in
2028 3287 2151 3326 cor-

569 3383 718 3438 pore,
770 3369 1138 3438 peregrinatur
1165 3382 1194 3419 a
1227 3366 1470 3422 Domino.
1523 3365 1677 3422 Dicat
1722 3367 1897 3433 itaque
1921 3406 1935 3430 ,
1970 3364 2152 3421 Incola

568 3477 660 3530 ego
685 3476 797 3513 sum
821 3460 874 3512 in
905 3469 1038 3513 terra
1060 3475 1079 3524 ;
1118 3475 1181 3511 ne
1207 3457 1484 3512 abscondas
1513 3474 1545 3509 ιι
1570 3473 1650 3510 me
1678 3458 1918 3511 mandata
1943 3467 2050 3512 tua.

638 3552 692 3605 2.
737 3550 842 3606 Sed
869 3551 957 3619 qui
990 3549 1199 3604 tandem
1229 3559 1353 3603 sunt
1391 3565 1420 3602 a
1461 3547 1655 3618 quibus
1691 3548 1834 3603 Deus
1871 3548 2150 3604 abscondit

569 3641 816 3697 mandata
846 3641 986 3695 sua?
1025 3639 1212 3695 Nonne
1241 3640 1329 3694 illa
1359 3640 1550 3711 ubique
1583 3641 1721 3696 Deus
1747 3641 1912 3696 voluit
1956 3643 2144 3712 prmdi~

565 3734 718 3788 cari?
767 3731 977 3788 Utinam
1024 3747 1181 3803 quam
1212 3732 1393 3787 multis
1437 3733 1579 3787 clara
1626 3743 1772 3802 sunt,
1815 3743 1919 3789 tam
1965 3735 2146 3791 multis

563 3826 721 3878 chara
752 3823 875 3878 sint.
904 3823 1032 3877 Nam
1054 3823 1180 3894 quid
1197 3835 1278 3878 est
1303 3823 1518 3889 clarius,
1547 3839 1724 3893 quam,
1750 3824 1944 3896 Diliges
1968 3826 2146 3882 Domi-

505 3941 513 3949 -
565 3932 687 3968 num
712 3914 874 3968 Deum
920 3925 1060 3968 tuum
1093 3931 1157 3968 ea:
1200 3923 1302 3968 toto
1344 3914 1493 3968 corde
1519 3924 1634 3979 tuo,
1667 3925 1714 3969 et
1743 3931 1806 3969 ea:
1846 3925 1949 3970 tota
1973 3918 2146 3971 anima

561 4017 666 4067 tua,
701 4015 747 4058 et
774 4022 835 4059 ea:
873 4015 975 4059 tota
1010 4015 1174 4058 mente
1199 4014 1326 4068 tua;
1354 4013 1408 4058 et
1426 4045 1440 4069 ,
1467 4003 1658 4074 Diliges
1685 4007 1970 4075 proximum
2000 4018 2144 4062 tuum

561 4109 799 4168 tanquam
827 4097 1089 4165 teipsum?
1117 4095 1182 4149 In
1209 4097 1400 4164 quibus
1429 4096 1620 4150 duobus
1653 4099 1906 4154 mandatis
1933 4109 2036 4154 tota
2061 4101 2147 4156 lat:

563 4190 742 4260 pendet
770 4197 816 4243 et
844 4188 1112 4258 Propheta:
1135 4191 1154 4259 (
1180 4189 1364 4242 Matth.
1393 4205 1499 4244 χχιι
1520 4232 1534 4256 ,
1565 4191 1628 4245 37
1660 4191 1788 4262 40).
1821 4192 1888 4247 Et
1913 4194 2034 4264 quis
2060 4204 2144 4250 est

563 4295 721 4350 quem
752 4280 952 4334 lateant
979 4280 1076 4333 ista
1105 4279 1392 4334 mandata?
1430 4280 1630 4351 Nempe
1657 4292 1713 4338 et
1736 4285 1983 4341 onmibus
2012 4287 2144 4344 lide-

563 4371 736 4438 libns,
771 4382 818 4426 et
868 4371 1108 4440 plurimis
1156 4371 1454 4427 inﬁdelibus
1500 4382 1625 4427 nota
1672 4385 1813 4429 sunt.
1861 4375 1972 4432 Cur
2013 4394 2141 4450 ergo

561 4465 735 4532 poscit
781 4462 948 4516 ﬁdelis
991 4478 1058 4517 ne
1097 4461 1451 4517 abscondatur
1487 4463 1588 4520 sibi
1617 4465 1758 4534 quod
1799 4481 1897 4522 nec
1941 4467 2140 4526 inﬁdeli

562 4554 732 4608 cernit
775 4554 1074 4608 abscondi?
1120 4555 1200 4610 An
1227 4557 1347 4626 quia
1379 4557 1543 4613 Deum
1586 4572 1745 4613 nosse
1783 4559 1995 4617 difﬁcile
2033 4574 2136 4630 est,

561 4659 894 4714 consequens
943 4656 1026 4700 est
1070 4646 1248 4715 utique
1295 4656 1385 4713 ut,
1430 4646 1622 4718 Diliges
1661 4647 1936 4706 Dominum
1973 4653 2139 4708 Deum

563 4746 722 4801 tuum,
745 4736 958 4791 difﬁcile
985 4737 1329 4806 intelligatur,
1353 4754 1420 4793 ne
1438 4738 1582 4794 aliud
1607 4756 1702 4811 pro
1725 4743 1829 4797 alio
1856 4744 2139 4816 diligatur?

558 4825 689 4880 Nam
729 4827 951 4894 proximi
1001 4827 1204 4882 facilior
1244 4842 1364 4884 esse
1407 4828 1615 4887 videtur
1656 4834 1908 4904 cognitio.
1953 4835 2138 4894 Omnis

557 4918 754 4987 quippe
793 4918 954 4973 homo
998 4927 1080 4974 est
1121 4919 1266 4973 omni
1309 4919 1510 4974 homini
1560 4923 1853 4991 proximus,
1901 4943 2001 4983 nec
2029 4928 2137 4986 ulla

517 5009 834 5081 _cogitanda
875 5018 958 5065 est
1004 5009 1357 5080 longinquitas
1401 5013 1646 5082 generis,
1694 5015 1783 5070 ubi
1828 5028 1911 5072 est
1949 5029 2135 5076 natura

557 5103 875 5158 communis.
927 5093 1238 5172 Quanquam
1283 5118 1384 5159 nec
1429 5107 1729 5174 proximum
1780 5120 2002 5165 noverat
2045 5114 2133 5181 qui

556 5193 783 5248 Domino
818 5193 890 5246 ait
918 5209 934 5245 :
971 5192 1036 5246 Et
1063 5193 1173 5263 quis
1199 5204 1274 5249 est
1309 5195 1432 5249 mihi
1462 5199 1719 5264 proximus
1739 5199 1767 5252 l‘
1805 5199 2030 5267 Quando
2061 5204 2133 5258 illi

557 5292 642 5340 est
670 5285 972 5354 propositus
1000 5281 1162 5339 homo
1188 5286 1402 5354 quidam
1421 5327 1438 5354 ,
1470 5287 1558 5356 qui
1589 5288 1921 5346 descendens
1949 5292 2019 5348 ab
2044 5294 2134 5350 Je-

555 5375 786 5431 rusalem
815 5375 866 5430 in
888 5374 1100 5431 Jericbo
1125 5375 1309 5432 incidit
1331 5378 1383 5431 in
1417 5378 1653 5434 latrones
1678 5398 1692 5434 :
1721 5381 1803 5435 cui
1829 5384 2134 5450 proximum

554 5481 662 5522 non
687 5464 873 5533 fuisse,
897 5466 998 5522 nisi
1015 5467 1116 5537 ,qui
1141 5481 1260 5522 cum
1287 5467 1377 5522 illo
1404 5467 1528 5523 fecit
1552 5470 1990 5538 misericordiam,
2015 5472 2132 5544 ipse

557 5561 649 5633 qui
678 5562 1098 5632 interrogaverat
1121 5562 1376 5633 judicavit
1404 5563 1550 5633 (Luc.
1580 5581 1633 5633 ι,
1660 5565 1863 5640 29-57)
1887 5586 1901 5635 ;
1931 5572 2130 5639 patuit-

553 5671 658 5726 que
688 5656 741 5710 in
785 5655 1023 5710 facienda
1049 5656 1410 5712 misericordia
1453 5659 1716 5713 neminem
1755 5659 1982 5717 alienum
2011 5679 2132 5721 esse

555 5745 914 5815 deputandum
959 5746 1026 5800 ab
1067 5762 1134 5802 eo
1171 5749 1261 5818 qui
1290 5749 1459 5819 diligit
1494 5752 1815 5821 proximum.
1843 5754 1947 5810 Sed
1977 5757 2130 5814 multi

550 5851 656 5892 nec
683 5837 888 5908 seipsos
916 5849 1216 5906 noverunt;
1243 5840 1364 5910 quia
1394 5851 1448 5897 et
1476 5843 1710 5914 seipsum
1740 5860 1920 5914 nosse,
1942 5862 2130 5919 quem-

544 5925 833 5984 admodum
861 5927 1024 5986 homo
1049 5929 1151 5987 sibi
1177 5929 1336 5989 debet
1365 5932 1717 6005 innotescere,
1749 5951 1853 5994 non
1880 5940 2120 6001 omnium

1833 493 1889 552 S.
1933 493 2295 555 AUGUS'l'lNl
2334 493 2634 554 EPlSCOPl

2243 690 2245 692 _
2287 611 2561 666 hominum
2590 619 2690 666 est.
2735 607 3012 679 Quomodo
3041 626 3169 684 ergo
3210 608 3380 684 diligit
3407 612 3706 684 proximum
3741 621 3861 668 tan-

3730 498 3756 554 1
3766 491 3866 554 520

2281 717 2436 768 quam
2476 701 2728 771 seipsum,
2780 701 2870 772 qui
2917 703 3088 758 nescit
3131 712 3185 760 et
3230 703 3509 774 seipsum?
3555 703 3670 759 Non
3715 707 3856 759 enim

2279 793 2476 848 frustra
2503 793 2593 848 ille
2636 793 2776 849 ﬁlius
2811 794 3021 864 junior,
3048 795 3138 866 qui
3179 794 3448 866 profectus
3500 795 3552 851 in
3587 798 3856 865 regionem

2280 884 2620 955 longinquam
2642 925 2657 950 ,
2690 885 2775 941 ubi
2805 885 3080 957 dissipavit
3109 886 3458 943 substantiam
3493 903 3643 944 suam
3673 889 3860 944 vivens

2279 974 2517 1046 prodige,
2553 985 2610 1029 ut
2638 975 2873 1044 diceret,
2903 976 3148 1049 Surgam,
3179 977 3332 1042 etibo
3354 978 3422 1032 ad
3449 988 3641 1048 patrem
3671 995 3855 1039 meum.

2280 1065 2427 1134 prius
2456 1079 2700 1120 reversus
2727 1073 2810 1121 est
2831 1066 2885 1120 in
2929 1067 3274 1137 semetipsum
3302 1067 3472 1141 (Luc.
3502 1085 3589 1135 xv,
3623 1069 3795 1124 15-18
3817 1069 3854 1139 ),
3924 1128 3929 1134 ,

2281 1153 2384 1210 nisi
2411 1155 2535 1226 quia
2577 1166 2682 1211 tam
2714 1156 2869 1228 longe
2909 1160 3276 1229 peregrinatus
3301 1168 3414 1224 est,
3457 1167 3514 1215 ut
3539 1161 3862 1231 relinqueret

2279 1248 2439 1304 etiam
2470 1249 2838 1320 semetipsum.
2882 1249 2992 1306 Nec
3021 1260 3196 1307 tamen
3225 1261 3582 1307 reverteretur
3611 1251 3676 1306 ad
3705 1267 3787 1319 se,
3816 1253 3858 1306 si

2277 1341 2423 1395 omni
2453 1341 2615 1396 modo
2641 1343 2876 1398 nesciret
2905 1357 2962 1398 se
2987 1360 3002 1408 ;
3035 1359 3134 1399 nec
3159 1342 3392 1407 diceret,
3425 1343 3644 1416 Surgunt
3663 1387 3677 1410 ,
3706 1354 3752 1398 et
3781 1345 3859 1398 ibo

2277 1430 2346 1482 ad
2373 1441 2566 1500 patrem
2597 1449 2793 1496 meum,
2836 1433 2881 1487 si
2923 1433 3138 1504 penitus
3183 1433 3450 1505 ignoraret
3478 1435 3663 1490 Deum.
3710 1435 3858 1503 Quo-

2276 1521 2418 1578 circa
2445 1531 2500 1578 et
2526 1523 2864 1594 aliquatenus
2893 1525 2992 1579 ista
3024 1525 3282 1590 sciuntur,
3312 1535 3366 1582 et
3393 1537 3448 1582 ut
3472 1530 3639 1598 magis
3665 1528 3859 1598 magis-

2275 1629 2380 1682 que
2406 1615 2660 1683 sciantur,
2692 1632 2799 1670 non
2839 1616 3104 1672 immerito
3136 1618 3350 1673 scienda
3380 1629 3686 1689 poscuntur.
3717 1619 3861 1687 Qua-

2277 1715 2494 1777 propter
2515 1718 2573 1762 ut
2597 1709 2829 1764 sciamus
2852 1708 3072 1781 diligere
3093 1710 3282 1779 Deum,
3310 1711 3562 1768 sciendus
3585 1722 3666 1768 est
3686 1714 3856 1780 Deus;

2275 1804 2330 1850 ct
2351 1805 2407 1851 ut
2429 1799 2562 1853 sciat
2583 1798 2743 1855 homo
2763 1799 2981 1871 diligere
3005 1803 3302 1870 proximum
3330 1813 3576 1874 tanquam
3599 1805 3854 1876 seipsum,

2273 1890 2421 1960 prius
2448 1891 2608 1948 debet
2637 1893 2909 1965 diligendo
2951 1896 3116 1950 Deum
3157 1897 3377 1968 diligere
3415 1900 3645 1969 seipsum
3674 1914 3687 1950 :
3717 1898 3860 1969 quod

2273 1979 2415 2036 unde
2447 1982 2661 2051 poterit,
2706 1987 2750 2038 si
2799 1985 2966 2040 nescit
2997 1987 3182 2052 Deum,
3225 1988 3268 2041 si
3308 1989 3475 2043 nescit
3499 1998 3554 2044 et
3581 1989 3861 2058 seipsum!

2273 2069 2441 2134 Recte
2469 2074 2645 2144 itaque
2676 2075 2868 2130 dicitur
2895 2077 3022 2144 Deo,
3053 2076 3233 2132 lncola
3258 2096 3348 2150 ego
3375 2097 3486 2134 sum
3514 2081 3567 2134 in
3593 2090 3728 2134 terra
3751 2100 3769 2142 ;
3800 2097 3863 2136 ne

2271 2164 2553 2219 abscondas
2581 2183 2613 2218 a
2642 2184 2720 2220 me
2744 2169 2983 2221 mandata
3011 2180 3114 2222 tua.
3157 2169 3342 2224 Merito
3368 2187 3598 2242 namque
3626 2172 3862 2227 abscon-

2269 2250 2469 2311 duntur
2497 2258 2575 2313 eis
2615 2259 2705 2328 qui
2739 2274 2846 2314 non
2877 2269 3003 2315 sunt
3045 2262 3233 2316 incola:
3265 2263 3315 2316 in
3360 2273 3499 2318 terra
3528 2281 3541 2317 :
3571 2263 3690 2319 haec
3715 2265 3860 2319 enim

2271 2349 2522 2405 mandata
2569 2351 2670 2406 etsi
2719 2352 2961 2421 audiunt,
3014 2371 3118 2410 non
3168 2355 3417 2424 sapiunt;
3473 2357 3595 2427 quia
3646 2366 3861 2412 terrena

2269 2441 2500 2512 sapiunt.
2559 2442 2796 2510 Quorum
2853 2456 3031 2500 autem
3084 2447 3422 2502 conversatio
3478 2448 3531 2502 in
3579 2448 3735 2504 caelis
3773 2458 3858 2503 est

2269 2530 2543 2604 (Philipp.
2571 2549 2660 2599 ιιι,
2690 2535 2777 2600 l9,
2803 2534 2934 2606 20),
2967 2536 3017 2590 in
3058 2546 3312 2607 quantum
3337 2537 3424 2593 hic
3449 2548 3860 2604 conversantur,

2268 2625 2507 2694 profecto
2535 2628 2961 2699 peregrinantur.
3003 2629 3195 2686 Petant
3221 2632 3398 2702 itaque
3428 2649 3495 2686 ne
3521 2633 3862 2706 abscondam

2270 2727 2354 2771 tur
2378 2717 2445 2772 ab
2465 2719 2543 2774 eis
2569 2719 2816 2776 mandata
2849 2721 2960 2786 Dei,
2986 2737 3080 2792 per
3112 2739 3231 2794 qua:
3249 2726 3318 2778 ab
3340 2725 3440 2779 hoc
3461 2725 3694 2779 incolatu
3726 2725 3862 2779 libe-

2267 2819 2472 2876 rentur,
2504 2809 2771 2882 diligendo
2801 2813 2985 2878 Deum,
3013 2827 3133 2870 cum
3160 2830 3267 2886 quo
3289 2816 3340 2870 in
3370 2825 3630 2870 aeternum
3656 2825 3858 2882 erunt;

2266 2913 2318 2959 et
2346 2903 2612 2974 diligendo
2643 2907 2968 2975 proximum,
2993 2916 3048 2962 ut
3069 2907 3176 2962 illic
3209 2909 3277 2962 sit
3299 2910 3315 2940 ¹
3348 2908 3437 2964 ubi
3467 2919 3521 2964 et
3545 2909 3646 2978 ipsi
3674 2919 3856 2964 erunt.

2336 2997 2390 3051 '5.
2433 2995 2601 3069 [rers.
2644 2997 2774 3072 20.]
2813 2999 2949 3066 Quid
2991 3009 3165 3055 autem
3199 3001 3464 3073 diligendo
3509 3003 3780 3074 diligitur,
3812 3003 3860 3057 si

2263 3086 2378 3157 ipsa
2415 3089 2629 3144 dilectio
2669 3106 2774 3146 non
2805 3091 3081 3162 diligitur?
3126 3091 3278 3150 Unde
3318 3106 3711 3164 consequenter
3755 3096 3861 3151 iste

2263 3179 2436 3234 incola
2465 3179 2516 3233 in
2550 3189 2708 3248 terra,
2754 3198 2873 3237 cum
2905 3182 2999 3238 Dei
3037 3184 3283 3238 nmndata
3313 3174 3383 3240 ne
3421 3185 3522 3240 sibi
3551 3185 3858 3242 absconde-

2262 3281 2450 3328 rentur
2476 3283 2716 3338 orasset,
2750 3277 2800 3329 in
2838 3275 3026 3345 quibus
3051 3275 3265 3332 dilectio
3294 3278 3599 3348 przecipitur
3625 3278 3709 3334 vel
3737 3280 3857 3334 sola

2261 3365 2344 3419 vel
2373 3365 2644 3430 maxime;
2671 3375 2724 3420 et
2749 3366 2914 3437 ipsius
2939 3367 3238 3424 dilectionis
3264 3369 3601 3426 dilectionem
3627 3387 3688 3427 se
3711 3371 3858 3429 velle

2260 3453 2459 3511 habere
2508 3458 2840 3526 proclamat,
2889 3457 3073 3514 dicens
3118 3477 3131 3513 :
3177 3458 3472 3532 Concupivit
3518 3463 3691 3516 anima
3739 3479 3860 3518 mea

2260 3547 2547 3602 desiderare
2565 3550 2960 3620 justi/icationes
2984 3563 3097 3607 tuas
3126 3553 3178 3607 in
3199 3555 3337 3608 omni
3365 3565 3606 3626 tempore.
3638 3555 3864 3610 Lauda-

2258 3637 2380 3694 bilis
2409 3648 2493 3696 est
2520 3640 2620 3695 ista
2647 3643 3098 3712 concupiscentia,
3123 3662 3228 3700 non
3260 3647 3596 3703 damnabilis.
3631 3648 3749 3703 Non
3781 3649 3856 3705 de

2257 3730 2357 3785 hac
2382 3729 2584 3786 dictum
2609 3743 2712 3800 est,
2743 3732 2867 3789 Non
2892 3739 3215 3807 concupisces
3240 3737 3435 3809 (Exod.
3465 3757 3558 3805 xx,
3589 3741 3716 3811 l7);
3751 3741 3854 3797 sed

2255 3821 2324 3876 de
2351 3821 2441 3876 illa
2460 3839 2562 3893 qua
2591 3839 2718 3880 caro
2741 3828 3069 3897 concupiscit
3089 3829 3347 3885 adversus
3373 3832 3617 3900 spiritum
3644 3831 3852 3902 (Galat.

2254 3928 2310 3979 ν,
2337 3915 2400 3968 17
2419 3915 2457 3983 ).
2493 3915 2568 3970 De
2606 3915 2706 3973 hac
2733 3927 2909 3972 autem
2956 3919 3092 3974 bona
3122 3923 3549 3992 concupiscentia
3579 3942 3683 3995 qua
3710 3940 3853 3981 con-

2253 4006 2478 4074 cupiscit
2506 4007 2722 4076 spiritus
2754 4009 3012 4066 adversus
3049 4027 3302 4080 carnem,
3346 4030 3526 4084 quaere
3572 4017 3661 4072 ubi
3706 4020 3853 4074 scri-

2254 4108 2404 4167 ptum
2434 4099 2540 4166 sit;
2574 4111 2628 4155 et
2659 4102 2918 4170 invenies,
2939 4101 3353 4176 Concupiscentia
3383 4108 3550 4179 itaque
3577 4098 3856 4180 sapientia:

2252 4188 2452 4242 deducit
2481 4190 2549 4242 ad
2577 4208 2784 4261 regnum
2813 4192 2964 4264 (Sap.
2992 4211 3064 4262 Vl,
3093 4196 3156 4250 2i
3182 4197 3203 4267 )
3234 4215 3246 4249 :
3279 4206 3332 4251 et
3357 4199 3522 4252 multa
3550 4200 3651 4254 alia
3681 4217 3854 4272 repe-

2253 4279 2466 4334 riuntur
2515 4281 2671 4337 bona:
2719 4286 3166 4354 concupiscentia:
3215 4289 3534 4344 testimonia.
3582 4291 3688 4346 Sed
3737 4292 3854 4349 hoc

2251 4387 2382 4428 sane
2412 4373 2662 4440 interest,
2695 4376 2836 4444 quod
2881 4393 2986 4431 non
3021 4387 3224 4434 tacetur
3251 4381 3374 4450 quid
3406 4382 3847 4453 concupiscatur,

2252 4463 2466 4532 quando
2513 4464 2651 4519 bona
2699 4477 3151 4524 commemoratur
3195 4473 3670 4542 concupiscentia:
3713 4491 3851 4532 cum

2250 4563 2428 4608 autem
2454 4570 2561 4609 non
2587 4555 2800 4611 additur
2822 4559 2949 4628 quid
2974 4563 3398 4632 concupiscatur,
3427 4565 3521 4620 sed
3542 4567 3652 4621 sola
3684 4570 3852 4637 poni-

2251 4653 2358 4712 tur,
2387 4645 2597 4700 nonnisi
2621 4648 2756 4701 mala
2784 4648 3112 4722 intelligitur.
3138 4652 3287 4709 Sicut
3310 4655 3364 4709 in
3392 4656 3492 4711 hoc
3515 4658 3654 4728 quod
3683 4674 3846 4714 corn-

2250 4738 2566 4804 memoravi,
2599 4735 3014 4810 Concupiscentia
3040 4743 3204 4814 itaque
3229 4747 3490 4816 sapientia!
3527 4749 3729 4803 deducit
3767 4753 3852 4806 ad

2247 4844 2500 4899 regnum;
2537 4829 2584 4884 si
2616 4846 2719 4884 non
2751 4832 2970 4888 adderet
2997 4836 3300 4904 sapientim,
3331 4839 3477 4895 nullo
3504 4841 3664 4896 modo
3688 4842 3853 4898 dice-

2247 4931 2361 4987 ret,
2406 4919 2849 4993 Concupiscentia
2893 4928 3134 4997 perducit
3185 4931 3250 4985 ad
3297 4947 3538 5003 regnum.
3589 4937 3660 4989 At
3706 4953 3852 4994 vero

2245 5014 2532 5082 Apostolus
2574 5017 2714 5087 quod
2761 5019 2972 5088 posuit,
3015 5020 3481 5095 Concupiscentiam
3523 5031 3847 5100 nesciebam,

2246 5107 2344 5160 nisi
2378 5105 2486 5162 Lex
2515 5110 2720 5176 diceret,
2764 5109 2882 5166 Non
2907 5117 3224 5185 concupisces
3253 5115 3422 5189 (Rom.
3459 5136 3550 5186 vn,
3581 5121 3675 5192 7);
3725 5139 3851 5179 non

2246 5199 2426 5268 utique
2455 5199 2657 5254 addidit
2698 5202 2848 5272 cujus
2894 5205 2972 5259 rei
3016 5209 3497 5277 concupiscentiam
3524 5253 3538 5276 ,
3575 5211 3656 5265 vel
3703 5215 3852 5283 quid

2244 5303 2351 5342 non
2379 5291 2727 5360 concupisces
2753 5310 2767 5348 :
2793 5303 2995 5349 certum
3026 5305 3110 5352 est
3130 5299 3269 5353 enim
3297 5315 3402 5355 non
3433 5300 3675 5373 intelligi,
3705 5319 3849 5361 cum

2244 5379 2315 5432 ita
2345 5378 2572 5449 dicitur,
2617 5383 2718 5437 nisi
2753 5385 2945 5441 malam
2987 5392 3489 5461 concupiscentiam.
3521 5395 3658 5463 Quid
3699 5413 3852 5468 ergo

2243 5467 2404 5540 hujus
2427 5472 2603 5526 anima
2628 5477 2972 5546 concupivit?
3002 5478 3318 5547 Desiderare,
3348 5483 3547 5555 inquit,
3568 5467 3852 5556 justi/ica—

2242 5563 2400 5616 tiones
2429 5573 2540 5619 tuas
2567 5564 2620 5619 in
2648 5569 2786 5622 omni
2816 5579 3052 5642 tempore.
3096 5571 3269 5630 Credo
3299 5578 3533 5633 nondum
3561 5596 3653 5636 eas
3678 5581 3849 5639 desi-

2242 5653 2479 5723 derabat,
2503 5659 2714 5727 quando
2733 5664 3033 5733 concupivit
3057 5665 3384 5725 desiderare.
3408 5670 3850 5732 Justilicationes

2239 5757 2415 5802 autem
2455 5747 2592 5805 facta
2631 5762 2754 5807 sunt
2778 5753 2922 5824 justa
2943 5798 2958 5824 ,
2989 5756 3041 5812 id
3071 5770 3181 5824 est,
3229 5776 3389 5830 opera
3415 5763 3655 5832 jnstitire.
3686 5765 3851 5826 Cum

2240 5841 2418 5911 itaque
2446 5842 2680 5899 nondum
2725 5845 2918 5903 habeat
2960 5859 3015 5905 et
3057 5851 3144 5920 qui
3183 5853 3294 5922 jam
3333 5849 3650 5924 desiderat,‘
3666 5875 3852 5930 quam

2304 5956 2438 6006 ιιιεε
2499 5956 2611 6008 sint.

2293 6026 2297 6030 ‘
3375 6026 3434 6090 δῖ
