4090 6522
318 407 458 468 1521

244 550 251 554 -
318 525 480 596 longe
503 522 573 578 ab
598 522 684 579 his
707 527 823 578 erat
846 519 935 592 qui
964 517 1138 574 adhuc
1178 529 1269 573 eas
1302 513 1607 572 desiderare
1647 509 1902 580 concupi-

249 626 251 628 '
319 617 556 673 scebat?
599 625 652 671 et
682 629 839 686 quam
887 610 1094 683 longius
1125 609 1192 665 ab
1219 609 1298 665 eis
1325 615 1448 663 sunt
1487 607 1576 678 qui
1605 619 1776 676 neque
1806 604 1906 659 hoc

321 711 503 766 adhuc
529 703 954 777 concupiscunt?

387 802 446 856 4.
489 800 680 856 Mirum
708 808 791 853 est
815 808 991 852 autem
1021 793 1287 865 quomodo
1324 789 1730 860 concupiscatur
1757 787 1904 843 desi-

317 895 556 960 derium,
606 907 705 948 nec
750 892 818 945 sit
863 890 914 944 in
955 887 1109 943 nobis
1154 887 1306 955 cujus
1335 880 1760 953 concupiscentia
1794 879 1904 948 jam

316 990 386 1044 sil.
425 989 480 1044 in
511 987 682 1042 nobis.
716 985 897 1055 Neque
939 983 1081 1038 enim
1129 979 1406 1050 pulchrum
1452 975 1667 1047 aliquod
1711 988 1906 1043 corpus

315 1092 424 1145 est,
455 1080 592 1134 sicut
612 1092 799 1132 aurum
821 1117 836 1142 ,
865 1075 945 1129 vel
974 1088 1099 1129 caro
1133 1072 1305 1141 aliqua
1333 1069 1593 1139 speciosa,
1621 1080 1776 1136 quam
1807 1079 1902 1133 po-

317 1181 426 1227 test
452 1171 613 1226 homo
636 1169 1036 1238 concupiscere,
1062 1180 1159 1220 nec
1182 1163 1396 1226 habere,
1419 1161 1540 1230 quia
1562 1164 1710 1215 extra
1732 1156 1904 1229 posita

315 1279 428 1318 non
459 1272 545 1318 est
570 1263 622 1316 in
655 1260 889 1315 homine.
918 1257 1046 1324 Quis
1077 1256 1276 1311 nesciat
1305 1255 1356 1308 in
1386 1251 1599 1307 homine
1629 1265 1748 1305 esse
1771 1263 1903 1302 eon-

315 1353 724 1423 cupiscentiam,
755 1351 806 1404 in
839 1349 1052 1405 homine
1091 1362 1209 1402 esse
1234 1343 1556 1399 desiderium
1575 1343 1600 1395 ‘3
1636 1340 1746 1395 Cur
1777 1353 1904 1407 ergo

317 1445 716 1515 concupiscitur
762 1452 817 1497 ut
865 1441 1157 1504 habeatur,
1191 1437 1338 1509 quasi
1381 1435 1674 1490 forinsecus
1704 1431 1903 1486 infera-

321 1540 453 1595 tur?
499 1541 603 1591 Aut
631 1534 895 1606 quomodo
943 1531 1128 1587 haberi
1162 1532 1277 1600 ejus
1323 1525 1749 1597 concupiscentia
1790 1523 1906 1578 sine

321 1633 440 1702 ipso
468 1637 662 1699 potest,
711 1642 829 1682 cum
875 1641 979 1680 non
1020 1624 1089 1678 sit
1131 1631 1186 1678 et
1227 1623 1397 1692 ipsum
1426 1618 1551 1688 quid
1578 1617 1716 1671 aliud
1746 1631 1903 1686 quam

322 1718 808 1790 concupiscentia?
871 1716 1000 1771 Nam
1052 1725 1105 1768 et
1153 1712 1461 1768 desiderare
1512 1708 1695 1779 proCul
1746 1706 1907 1762 dubio

324 1812 706 1884 concupiscere
743 1817 845 1864 est.
875 1807 1003 1876 Quis
1043 1814 1127 1860 est
1157 1805 1257 1859 iste
1285 1801 1542 1857 mirabilis
1571 1807 1728 1870 atque
1753 1799 1905 1852 inex-
1940 1859 1942 1862 ,

325 1904 589 1976 plicabilis
619 1900 885 1971 languor?
930 1901 995 1954 Et
1037 1907 1212 1953 tamen
1255 1903 1356 1951 est.
1405 1893 1539 1950 Nam
1583 1903 1637 1948 et
1678 1901 1907 1963 aegrotus

323 1997 411 2065 qui
439 1995 650 2050 fastidio
681 1994 904 2058 laborat,
934 2001 986 2047 et
1009 1991 1119 2044 vult
1149 1989 1377 2044 evadere
1402 1988 1504 2042 hoc
1532 1987 1748 2048 malum,
1769 1999 1909 2039 con-

264 2129 276 2136 .
323 2086 552 2156 cupiscit
581 2086 765 2155 utique
809 2082 1119 2138 desiderare
1162 2080 1360 2142 cibum,
1413 2077 1536 2132 dum
1582 2074 1909 2144 concupiscit

325 2195 429 2233 non
463 2177 662 2232 habere
690 2174 955 2230 fastidium
988 2191 1000 2226 :
1033 2171 1126 2228 sed
1158 2172 1260 2226 hoc
1287 2168 1551 2224 fastidium
1577 2167 1794 2221 morbus
1823 2173 1908 2221 est

325 2272 588 2338 corporis.
639 2265 1076 2337 Concupiscentia
1103 2279 1229 2318 vero
1273 2277 1374 2332 qua
1405 2258 1732 2328 concupiscit
1759 2256 1906 2311 desi-

327 2362 518 2416 derare
546 2361 744 2424 cibum,
776 2359 876 2413 hoc
918 2364 1001 2412 est
1037 2370 1220 2410 carere
1252 2352 1480 2417 fastidio,
1511 2351 1562 2404 in
1593 2352 1771 2404 animo
1799 2357 1902 2413 est,

326 2470 434 2508 non
463 2455 515 2508 in
547 2468 773 2522 corpore
803 2469 815 2506 :
844 2461 894 2505 et
930 2451 1087 2504 habet
1131 2462 1249 2502 eam
1295 2461 1400 2500 non
1442 2443 1666 2515 gutturis
1692 2452 1745 2496 et
1787 2440 1905 2496 fau-

325 2548 463 2601 cium
519 2545 841 2607 delectatio,
895 2557 1014 2613 qua:
1069 2538 1276 2594 fastidio
1339 2534 1758 2604 restringitur’;
1810 2531 1906 2586 sed

327 2636 706 2707 recuperanda:
755 2635 891 2689 ratio
942 2632 1220 2695 sanitatis,
1267 2644 1370 2700 qua
1422 2625 1724 2698 pellendum
1769 2636 1906 2678 esca:

327 2730 596 2784 fastidium
625 2727 948 2797 providetur.
977 2724 1044 2779 Et
1072 2724 1191 2779 ideo
1222 2737 1326 2777 non
1351 2721 1544 2775 mirum
1571 2727 1652 2774 est
1677 2717 1721 2772 si
1746 2731 1910 2787 appe-

328 2825 385 2878 tit
413 2825 625 2877 animus
656 2829 711 2874 ut
741 2828 955 2890 appetat
982 2805 1209 2886 corpus,
1239 2812 1451 2884 quando
1477 2810 1675 2882 appetit
1699 2809 1908 2863 animus

327 2932 424 2972 nec
452 2916 652 2987 appetit
683 2927 892 2982 corpus.
928 2912 1058 2967 Cum
1086 2917 1265 2963 autem
1305 2915 1583 2975 utrumque
1611 2902 1773 2958 animi
1801 2909 1904 2967 est,

324 3019 378 3063 et
400 3017 683 3075 utrumque
709 3001 1134 3072 concupiscentia
1161 3008 1258 3063 est,
1291 3013 1387 3052 cur
1411 2998 1430 3028 '
1464 2994 1785 3065 concupisco
1811 2992 1907 3048 de-

325 3098 580 3152 siderium
619 3095 1058 3166 justiﬁcationnm
1094 3090 1230 3146 Dei?
1268 3087 1546 3156 Quomodo
1575 3087 1627 3141 in
1670 3100 1778 3140 uno
1811 3099 1906 3139 eo-

325 3191 552 3260 demque
580 3189 758 3243 animo
794 3203 912 3242 meo
943 3185 1112 3239 habeo
1140 3179 1622 3252 concUpiscentiam
1652 3174 1906 3233 desiderii

325 3281 512 3352 hujus,
557 3289 612 3336 et
655 3281 825 3350 ipsum
857 3295 960 3334 non
1002 3277 1174 3331 habeo
1217 3270 1588 3328 desiderium?
1636 3278 1726 3324 aut
1767 3281 1904 3337 quo-

327 3373 488 3428 ntodo
521 3372 619 3428 ista
644 3371 749 3425 duo
775 3378 918 3434 sunt,
945 3376 998 3424 et
1025 3383 1129 3422 non
1158 3365 1365 3420 unum?
1391 3360 1586 3432 Ulquid
1614 3359 1754 3416 enim
1769 3374 1906 3412 .con-

323 3465 541 3534 cupisco
570 3462 871 3518 desiderare
896 3458 1322 3530 iustiﬁcationes,
1352 3469 1414 3508 ac
1442 3468 1547 3508 non
1581 3465 1721 3522 ipsas
1744 3449 1905 3520 justi-

326 3556 600 3611 ﬁcationes
628 3555 801 3624 potius
824 3567 980 3620 quam
1001 3565 1184 3606 earum
1208 3545 1528 3601 desiderium
1551 3539 1906 3610 concupisco?

322 3656 415 3708 aut
465 3661 573 3718 quo
621 3652 778 3716 pacto
821 3645 1044 3715 possum
1093 3638 1532 3710 justiﬁeationum
1582 3632 1904 3688 desiderium

324 3737 726 3807 concupiscere,
775 3745 829 3790 et
878 3735 1020 3804 ipsas
1060 3728 1464 3802 justiﬁcationes
1504 3741 1610 3780 non
1654 3721 1908 3791 concupi-

322 3844 518 3895 scere;
574 3844 693 3884 cnm
742 3826 862 3882 ideo
908 3839 1093 3879 earum
1139 3821 1460 3877 desiderium
1509 3817 1900 3887 concupiscam,

321 3922 445 3990 quia
477 3921 622 3990 ipsas
653 3917 850 3972 habere
879 3915 1080 3985 cupio?
1107 3913 1258 3982 Quod
1295 3912 1339 3966 si
1384 3913 1451 3965 ita
1479 3919 1560 3967 est
1582 3952 1597 3975 ,
1631 3910 1734 3977 iam
1765 3907 1905 3976 ipsas

326 4014 507 4082 utique
552 4010 886 4079 concupisco.
934 4007 1070 4076 Quid
1121 4007 1278 4077 igitur
1321 4018 1454 4074 opus
1502 4009 1585 4057 est
1625 4009 1682 4054 ut
1719 4013 1905 4055 earum

321 4102 647 4158 desiderium
697 4099 1091 4168 concupiscam,
1137 4112 1258 4152 cum
1300 4096 1408 4166 jam
1456 4093 1508 4148 id
1558 4093 1820 4156 habeam,
1852 4099 1908 4144 et

322 4194 524 4248 habere
552 4208 637 4248 me
665 4191 932 4248 sentiam?
977 4189 1090 4245 Non
1118 4189 1257 4244 enim
1290 4202 1500 4258 possem
1527 4184 1905 4254 concupiscere

320 4285 644 4341 desiderium
694 4284 952 4354 justitia,
1007 4283 1108 4337 nisi
1154 4279 1578 4350 concupiscendo
1624 4277 1900 4348 justitiam.

322 4382 404 4433 An
451 4379 554 4432 hoc
600 4386 681 4432 est
723 4376 864 4448 quod
907 4375 1150 4445 superius
1179 4373 1308 4439 dixi,
1359 4371 1497 4442 quod
1527 4369 1791 4440 diligenda
1836 4369 1906 4423 sit

322 4471 483 4524 etiam
513 4471 625 4538 ipsa
653 4468 864 4522 dilectio
893 4483 994 4538 qua
1025 4466 1263 4535 diligitur
1301 4463 1439 4535 quod
1480 4463 1620 4533 diligi
1653 4469 1900 4532 Oportet;

321 4562 460 4614 sicut
502 4560 624 4614 odio
671 4559 910 4614 habenda
955 4567 1033 4612 est
1083 4557 1299 4611 dilectio
1341 4571 1442 4625 qua
1484 4554 1716 4624 diligitur
1761 4551 1902 4622 quod

322 4652 469 4722 diligi
500 4668 604 4706 non
636 4651 888 4721 Oportet?
935 4649 1068 4705 Odio
1113 4649 1307 4719 quippe
1353 4645 1607 4700 habemus
1649 4644 1902 4713 concupi-

322 4746 582 4800 scentiam
611 4753 846 4799 nostram
874 4759 974 4814 qua
1002 4757 1127 4797 caro
1158 4741 1483 4811 concupiscit
1511 4741 1766 4794 adversus
1792 4738 1902 4808 spi-

321 4838 482 4892 ritum
529 4854 543 4891 :
584 4845 638 4891 et
680 4836 807 4906 quid
852 4845 934 4890 est
977 4836 1073 4890 ista
1122 4833 1570 4902 concupiscentia,
1620 4832 1721 4886 nisi
1765 4831 1902 4886 mala

321 4929 583 4986 dilectio?
624 4928 690 4984 Et
717 4928 984 4999 diligimus
1011 4926 1495 4996 concupiscentiam
1535 4935 1771 4979 nostram
1799 4939 1902 4993 qua

320 5025 540 5094 Spiritus
583 5021 910 5091 concupiscit
956 5021 1211 5075 adversus
1257 5032 1512 5072 carnem:
1556 5027 1609 5070 et
1649 5014 1773 5086 quid
1821 5022 1904 5069 est

321 5113 417 5170 ista
462 5112 922 5184 concupiscentia,
952 5110 1053 5165 nisi
1090 5109 1228 5164 bona
1266 5107 1528 5162 dilectio?
1567 5105 1695 5161 Cum
1723 5115 1900 5159 autem

319 5205 535 5270 dicitur,
565 5203 838 5274 Diligenda
866 5210 977 5267 est,
1004 5201 1128 5272 quid
1154 5199 1294 5254 aliud
1321 5198 1515 5254 dicitur
1545 5213 1701 5268 quam
1724 5239 1738 5261 ,
1767 5211 1900 5251 con-

320 5293 640 5367 cupiscenda
681 5295 810 5350 est?
855 5293 1113 5360 Quocirca
1161 5291 1410 5362 quoniam
1457 5297 1603 5344 recte
1646 5290 1902 5358 concupi-

319 5400 545 5447 scuntur
579 5387 988 5459 justiﬁcationes
1017 5387 1134 5451 Dei,
1165 5395 1310 5440 recte
1339 5384 1732 5455 concupiscitur
1769 5397 1902 5437 con-

319 5481 648 5552 cupiscentia
684 5478 1123 5550 justiﬁcationum
1151 5477 1265 5532 Dei.
1299 5475 1410 5530 Hoc
1439 5475 1580 5530 enim
1611 5475 1714 5529 alio
1744 5473 1903 5529 modo

322 5573 401 5629 sic
425 5579 605 5644 potest
629 5570 731 5662 dici
761 5588 775 5625 :
805 5569 852 5626 si
878 5576 1026 5624 recte
1047 5567 1338 5638 diliguntur
1355 5566 1763 5638 justiﬁcationes
1784 5565 1898 5632 Dei,

565 5754 618 5800 ot
636 5753 769 5810 In,
789 5744 1118 5813 restinguitur.

384 5805 578 5873 Ἐάᾱη
617 5823 704 5862 cur
745 5805 838 5863 non
871 5805 1169 5873 σοῆοιιρίεω.
1213 5806 1387 5870 Abest,
1416 5816 1592 5869 nam:
1621 5805 1906 5860 melioribus

1386 392 1781 454 ENARBATIO
1809 389 1876 449 IN
1911 387 2234 452 PSALMUM
2256 393 2484 455 CXVIII.

3452 407 3594 463 15!!

2016 521 2162 567 recte
2201 515 2435 588 diligitur
2460 517 2674 574 dilectio
2699 516 3136 589 justiﬁeationum
3171 519 3282 575 Dei.
3333 520 3411 576 An
3448 519 3588 576 aliud

2014 616 2097 662 est
2123 609 2518 678 concupiscere,
2566 610 2709 664 aliud
2754 610 3102 666 desiderare?
3141 609 3258 666 Non
3305 593 3446 682 quod
3483 626 3591 665 non
3671 647 3684 682 ,-

2012 697 2082 752 sit
2111 701 2540 768 concupiscentia
2585 699 2929 769 desiderium,
2981 702 3074 756 sed
3119 701 3241 772 quia
3287 676 3392 756 nOn
3419 701 3593 755 omnis
3671 676 3678 700 ’

2011 795 2439 863 concupiscentia
2469 794 2789 849 desiderium
2815 803 2916 850 est.
2961 795 3425 866 Concupiscuntur
3449 794 3592 848 enim

2015 895 2067 942 ct
2094 902 2212 955 qua:
2239 885 2518 948 habentur,
2549 895 2602 940 et
2627 901 2746 956 qua:
2772 900 2877 942 non
2909 886 3170 941 habentur
3199 903 3214 942 ι
3245 901 3365 940 nam
3391 898 3590 939 concu-

2014 977 2284 1047 piscendo,
2335 977 2528 1032 fruitur
2572 977 2730 1034 homo
2769 978 2931 1033 rebus
2974 992 3105 1048 quas
3137 977 3331 1041 habet;
3377 976 3592 1032 deside-

2013 1068 2180 1123 rando
2207 1077 2407 1135 autem,
2448 1069 2683 1124 absentia
2724 1069 3071 1138 concupiscit.
3107 1068 3436 1125 Desiderium
3463 1083 3593 1139 ergo

2011 1161 2137 1231 quid
2164 1169 2264 1223 est,
2299 1161 2399 1214 nisi
2431 1176 2608 1215 rerum
2639 1161 2939 1216 absentium
2968 1161 3396 1231 concupiscentia
3421 1161 3446 1214 ?
3484 1158 3592 1216 Sed

2013 1254 2105 1308 Dei
2143 1252 2552 1323 justiﬁcationes
2587 1255 2834 1308 absentes
2878 1267 2998 1308 esse
3040 1252 3304 1324 quomodo
3349 1261 3588 1322 possunt,

2013 1347 2112 1400 nisi
2158 1345 2370 1416 quando
2417 1346 2769 1402 neseiuntur?
2813 1348 2892 1402 An
2933 1357 2988 1401 et
3014 1345 3230 1417 quando
3269 1347 3509 1401 sciuntur
3537 1355 3594 1401 et

2013 1453 2116 1493 non
2152 1437 2312 1500 ﬁunt,
2344 1437 2592 1493 absentes
2628 1437 2884 1492 habendae
2914 1438 3076 1494 sunt?
3127 1437 3257 1514 Nam
3302 1437 3426 1507 quid
3470 1445 3595 1491 sunt

2008 1529 2414 1600 justiﬁeationes
2435 1569 2449 1590 ,
2481 1529 2582 1583 nisi
2609 1544 2769 1598 opera
2794 1529 2958 1597 jusla,
3002 1544 3107 1583 non
3131 1528 3340 1583 verba?
3386 1530 3463 1583 Ac
3501 1543 3596 1598 per

2014 1620 2114 1674 hoc
2157 1627 2382 1690 possunt
2425 1618 2730 1674 infirmitate
2775 1619 2965 1672 anima:
3014 1633 3118 1673 non
3161 1618 3493 1685 desiderari;
3539 1627 3595 1673 et

2013 1714 2220 1769 ratione
2265 1715 2480 1778 mentis,
2529 1713 2619 1767 ubi
2648 1711 2856 1766 videtur
2895 1727 3049 1782 quam
3096 1713 3203 1767 sint
3247 1712 3403 1768 utiles
3435 1723 3594 1784 atque

2013 1807 2278 1873 salubres,
2311 1813 2485 1875 potest
2513 1819 2696 1858 earum
2725 1803 3049 1858 desiderium
3075 1803 3399 1873 concupisci.
3440 1803 3595 1873 Stepc

2011 1899 2154 1953 enim
2185 1898 2311 1968 quid
2351 1896 2612 1967 agendum
2642 1898 2712 1952 sit
2737 1896 2976 1952 videmus
2998 1939 3012 1962 ,
3056 1911 3153 1952 nec
3178 1898 3421 1966 agimus;
3470 1898 3594 1968 quia

2013 2007 2120 2046 non
2141 1991 2374 2046 delectat
2397 1999 2454 2045 ut
2477 2005 2717 2060 agamus,
2748 1999 2801 2043 et
2825 1989 3068 2065 cupimus
3094 1997 3151 2044 ut
3176 1989 3425 2045 delectet.
3453 1989 3598 2044 Prte-

2013 2084 2158 2140 volat
2185 2083 2485 2139 intellectus
2511 2099 2526 2148 ;
2554 2092 2608 2137 et
2634 2081 2781 2136 tarde
2806 2082 3064 2151 sequitur,
3093 2088 3147 2136 et
3172 2081 3458 2150 aliquando
3488 2097 3595 2136 non

2012 2176 2250 2245 sequitur
2288 2173 2552 2228 humanus
2579 2183 2738 2243 atque
2767 2173 3008 2227 inﬁrmus
3047 2171 3288 2231 affectus.
3323 2172 3444 2228 Ideo
3469 2189 3597 2244 ergo

2011 2267 2319 2323 desiderare
2361 2264 2770 2335 concupiscebat
2812 2280 2930 2334 qua:
2969 2265 3108 2318 bona
3151 2279 3272 2319 esse
3321 2265 3595 2332 cernebat,

2011 2361 2238 2432 cupiens
2264 2374 2448 2414 eorum
2497 2357 2693 2412 habere
2733 2355 3144 2412 delectationem
3169 2372 3398 2428 quorum
3426 2359 3597 2428 potuit

2011 2451 2195 2506 videre
2230 2452 2513 2506 rationem.

2082 2544 2134 2599 5.
2165 2542 2284 2597 Non
2309 2553 2485 2598 autem
2512 2543 2609 2609 ait,
2630 2540 2991 2610 concupiscit;
3017 2540 3134 2606 sed,
3165 2540 3456 2612 Concupivit
3483 2541 3597 2594 ani-

2011 2654 2095 2691 ma
2121 2655 2231 2692 mea
2253 2637 2537 2691 desiderare
2551 2635 2940 2706 justiﬁcationes
2962 2644 3094 2689 tuas.
3127 2633 3377 2690 Fortasse
3403 2635 3596 2704 quippe

2013 2731 2134 2785 talis
2181 2739 2296 2785 erat
2323 2729 2423 2783 iste
2448 2728 2617 2783 incola
2648 2729 2698 2781 in
2723 2737 2862 2782 terra
2887 2769 2900 2788 ,
2928 2727 3017 2796 qui
3041 2725 3150 2796 jam
3189 2734 3506 2796 pervenerat
3529 2725 3595 2779 ad

2012 2823 2065 2877 id
2091 2822 2232 2892 quod
2252 2821 2646 2890 concupiverat,
2665 2820 2880 2888 jamque
2905 2816 3241 2872 desiderabat
3267 2831 3356 2871 eas
3375 2831 3596 2887 quarum

2011 2932 2070 2972 se
2112 2916 2431 2971 desiderium
2479 2912 2764 2982 aliquando
2822 2910 3134 2980 concupiSse
3194 2920 3593 2964 commemorat.

2013 3008 2068 3064 Si
2113 3017 2286 3063 autem
2330 3006 2440 3076 jam
2479 3002 2852 3065 desiderabat,
2880 3016 2976 3056 cur
3020 3014 3123 3054 non
3183 2999 3442 3054 habebat?
3478 2998 3595 3053 Non

2011 3102 2154 3157 enim
2200 3099 2396 3171 aliquid
2444 3096 2664 3167 impedit
2703 3096 2982 3165 quominus
3025 3093 3319 3149 habeantur
3343 3091 3596 3162 justiﬁca-

2013 3196 2184 3250 tiones
2205 3194 2319 3256 Dei,
2342 3193 2441 3246 nisi
2461 3192 2584 3262 quia
2608 3205 2712 3244 non
2735 3187 3121 3253 desiderantur,
3146 3186 3272 3241 dum
3298 3201 3403 3241 non
3433 3184 3485 3240 in
3505 3200 3598 3240 eas

2010 3285 2241 3340 charitas
2283 3284 2488 3349 fervet,
2520 3297 2742 3352 quarum
2783 3279 3014 3335 charitas
3056 3278 3217 3333 lucet.
3245 3279 3327 3331 An
3371 3276 3598 3332 habebat

2009 3394 2118 3445 eas,
2148 3388 2305 3448 atque
2331 3377 2594 3432 faciebat?
2617 3375 2747 3430 Nam
2776 3375 2931 3444 paulo
2957 3382 3075 3442 post
3093 3372 3221 3427 dicit
3249 3390 3262 3426 :
3292 3372 3478 3426 Servus
3503 3388 3596 3425 au-

2011 3481 2108 3527 tem
2133 3480 2247 3525 tuus
2266 3467 2585 3524 exercebatur
2608 3469 2659 3520 in
2669 3463 3114 3538 justiﬁcationibus
3138 3463 3256 3517 tuis.
3279 3461 3382 3518 Sed
3405 3460 3595 3532 quibus

2010 3563 2160 3636 quasi
2187 3561 2437 3633 gradibus
2465 3560 2532 3614 ad
2551 3574 2642 3615 eas
2672 3558 3028 3628 perveniatur,
3057 3554 3308 3611 ostendit.
3338 3553 3492 3632 Prius
3512 3563 3597 3609 est

2010 3657 2151 3714 enim
2181 3666 2242 3711 ut
2262 3655 2505 3710 videatur
2527 3667 2683 3722 quam
2709 3652 2816 3706 sint
2841 3651 2996 3705 utiles
3025 3656 3080 3704 et
3100 3648 3356 3712 honestae;
3379 3646 3591 3713 deinde,

2010 3758 2071 3806 ut
2111 3763 2293 3803 earum
2337 3743 2660 3801 desiderium
2709 3742 3146 3811 concupiscatur;
3187 3747 3456 3809 postremo
3480 3779 3497 3806 ,
3538 3747 3598 3793 ut

2011 3839 2322 3912 proﬁciente
2369 3837 2568 3891 lumine
2608 3843 2768 3904 atque
2810 3832 3035 3887 sanitate
3059 3830 3288 3885 delectet
3331 3844 3511 3884 earum
3541 3836 3598 3884 et

2009 3933 2250 4002 Operatio
2282 3971 2296 3994 ,
2347 3943 2570 3999 quarum
2635 3926 2744 3980 sola
2803 3925 2934 3979 ratio
2987 3921 3300 3977 delectabat.
3361 3920 3466 3977 Sed
3531 3937 3594 3977 ea

2009 4039 2129 4095 qute
2174 4029 2469 4092 sequuntur
2499 4060 2516 4084 ,
2566 4017 2815 4088 quoniam
2863 4016 2974 4086 jam
3028 4015 3128 4070 iste
3177 4014 3412 4085 prolixus
3467 4024 3590 4080 est,

2009 4114 2116 4168 alio
2156 4126 2402 4168 sermone
2421 4152 2438 4179 ,
2465 4109 2747 4180 adjuvante
2779 4106 3003 4162 Domino
3022 4147 3036 4174 ,
3064 4104 3394 4161 commodius
3419 4105 3560 4160 disse
3588 4145 3592 4148 .

2009 4214 2213 4264 rentur.

2661 4305 2833 4348 δειιιιο
2870 4306 2943 4347 IX.

2081 4391 2134 4444 1.
2175 4389 2345 4462 [verm
2387 4387 2475 4444 2i.
2501 4385 2522 4460 ]
2551 4385 2749 4442 Psaltni
2796 4383 2952 4455 hujus
2990 4397 3107 4454 qua:
3149 4379 3418 4437 tractanda
3443 4381 3591 4437 sub-

2008 4491 2337 4553 sequuntur,
2379 4479 2668 4535 admonent
2697 4492 2794 4532 nos
2835 4491 3048 4531 causam
3102 4483 3300 4529 nostra:
3363 4473 3595 4528 miseria:

2008 4575 2297 4631 recordari.
2329 4573 2539 4628 Etenim
2571 4586 2692 4626 cum
2711 4569 2951 4633 dixisset,
2982 4567 3265 4636 concupivit
3293 4566 3462 4618 anima
3483 4581 3594 4619 mea

2008 4667 2295 4722 desiderare
2317 4662 2706 4736 justiﬁcationes
2756 4670 2868 4714 tua:
2900 4659 2953 4713 in
2999 4658 3137 4712 omni
3184 4667 3443 4727 tempore;
3481 4657 3594 4712 sive

2008 4760 2211 4815 scilicet
2238 4759 2291 4813 in
2315 4757 2472 4812 rebus
2494 4754 2781 4825 prosperis,
2804 4752 2915 4806 sive
2941 4751 2992 4806 in
3019 4750 3256 4805 adversis
3279 4790 3295 4814 ,
3323 4750 3441 4820 quia
3464 4759 3516 4804 et
3541 4752 3591 4804 in

2007 4851 2278 4906 laboribus
2307 4856 2363 4904 et
2390 4847 2664 4902 doloribus
2688 4846 2847 4900 debet
2871 4844 3136 4899 delectare
3160 4843 3382 4913 justitia,
3402 4857 3500 4896 nec
3522 4842 3591 4896 ila

2007 4955 2090 5001 est
2119 4954 2358 5014 tempore
2387 4939 2648 5012 diligenda
2680 4937 2994 5009 tranquillo,
3025 4945 3083 4992 ut
3107 4937 3408 4991 turbulento
3453 4945 3589 4990 tem-

2009 5052 2136 5106 pore
2154 5035 2447 5097 deseratur,
2473 5031 2567 5088 sed
2587 5029 2950 5100 amplectenda
2969 5030 3118 5085 estin
3145 5028 3288 5082 omni
3311 5035 3550 5097 tempore
3575 5045 3588 5080 :

2007 5126 2258 5182 continuo
2305 5123 2566 5193 subjecit,
2595 5120 2875 5192 Increpasli
2913 5119 3189 5190 superbos;
3218 5117 3469 5171 maledicti
3506 5117 3592 5187 qui
3629 5147 3636 5151 -

2007 5219 2260 5274 declinant
2302 5234 2336 5271 a
2363 5215 2614 5270 mandatis
2651 5214 2771 5269 tuis.
2801 5211 3025 5282 Superbi
3069 5210 3209 5266 enim
3253 5210 3520 5265 declinant
3558 5225 3592 5266 α

2007 5311 2271 5366 mandatis
2308 5309 2421 5364 Dei.
2447 5307 2601 5363 Aliud
2642 5316 2723 5362 est
2749 5306 2943 5376 quippe
2985 5302 3228 5359 mandata
3264 5303 3356 5358 Dei
3391 5317 3485 5373 per
3509 5303 3592 5358 in-

2009 5406 2310 5462 ﬁrmitatem
2342 5405 2426 5459 vel
2452 5402 2798 5474 ignorantiam
2826 5415 2931 5454 non
2952 5399 3172 5470 implere
3203 5417 3218 5455 :
3247 5399 3390 5454 aliud
3417 5400 3483 5455 ab
3511 5401 3592 5456 eis

2007 5506 2103 5562 per
2129 5490 2428 5561 superbiam
2459 5488 2760 5550 declinare;
2790 5486 2924 5540 sicut
2944 5484 3181 5539 fecerunt
3204 5484 3293 5554 qui
3323 5499 3421 5539 nos
3448 5498 3589 5539 mor-

2009 5586 2184 5640 taliter
2225 5585 2279 5638 in
2314 5583 2427 5637 htec
2466 5581 2602 5636 mala
2626 5585 2939 5651 genuerunt.
2973 5575 3265 5632 Delectavit
3288 5578 3428 5634 enim
3455 5593 3549 5632 eos
3572 5619 3590 5644 ,

2009 5674 2169 5731 Erilis
2197 5676 2325 5729 sicut
2353 5673 2462 5738 dii;
2486 5687 2550 5727 ac
2587 5672 2666 5727 sic
2689 5687 2719 5726 a
2745 5668 2991 5724 mandato
3019 5668 3140 5734 Dei,
3169 5669 3307 5740 quod
3336 5668 3434 5723 sibi
3465 5685 3587 5726 eum

2008 5765 2292 5822 mandasse
2311 5762 2568 5829 sciebant,
2586 5768 2641 5816 et
2661 5759 2799 5831 quod
2827 5756 3094 5826 facillime,
3120 5760 3263 5815 nulla
3286 5760 3592 5818 inﬁrmitate

2009 5868 2324 5927 revocante,
2357 5855 2676 5939 impediente
2698 5895 2714 5926 ,
2742 5853 3018 5923 tardante,
3047 5853 3542 5932 implercpnerant
3572 5892 3588 5924 ,
3627 5931 3631 5934 ι
