4090 6554
417 420 553 488 ire:

415 554 508 619 pei‘
536 538 672 602 hanc
699 532 999 614 superbiam
1023 528 1375 594 declinarunt.
1390 526 1461 590 Et
1478 534 1604 587 ecce
1624 530 1731 619 tota
1750 524 1853 582 ista
1872 521 2006 619 dura

412 612 468 698 et
494 630 671 701 infelix
704 612 937 692 aerumna
967 626 1302 695 mortalium,
1334 620 1559 695 quodam
1588 618 1746 677 modo
1777 612 2004 675 haeredi-

416 731 548 788 taria
591 738 672 785 est
716 724 1004 797 increpatio
1035 723 1403 793 snperborum.
1437 710 1658 785 Quando
1702 710 1842 770 eniln
1873 710 2009 766 dixit

421 824 575 890 Deus,
598 816 780 885 Adam,
798 812 881 873 ubi
900 828 952 873 es
970 810 1120 887 (Gen.
1145 820 1221 879 nt,
1246 810 1299 879 5,
1318 804 1524 883 9)?non
1542 803 1629 862 ubi
1653 802 2008 873 essetignOra-

416 914 525 980 bat,
545 902 638 968 sed
665 911 948 981 superbum
972 906 1293 976 increpabat;
1317 910 1371 959 et
1397 901 1485 956 ubi
1508 906 1632 954 tunc
1655 907 1815 961 esset,
1838 894 1887 950 id
1904 902 2001 959 est,

416 1002 481 1057 ad
503 1004 654 1071 quam
682 1000 947 1056 miseriam
974 988 1442 1069 pervenissmmon
1473 984 1610 1046 scire
1626 988 1887 1060 cupiebat,
1913 983 2007 1041 sed

418 1086 1089 1164 interrogandoincrepans
1113 1079 1451 1142 admonebat.
1477 1078 1606 1137 Vide
1622 1084 1797 1137 autem
1825 1084 2009 1149 quem-

417 1174 734 1252 admodum,
756 1194 876 1239 CUm
906 1172 1147 1248 dixisset,
1169 1172 1453 1250 Increpas‘ti
1480 1174 1739 1245 superbos,
1783 1167 1885 1227 ndn
1910 1170 2002 1238 ait,

318 1276 331 1287 ’
418 1276 682 1334 Maledicii
710 1276 800 1349 qui
847 1270 1247 1333 deelinav'er'unt
1274 1282 1303 1326 a
1334 1268 1596 1325 mandatis
1623 1267 1764 1332 tuis;
1794 1272 1852 1321 ut
1877 1262 2009 1321 illud

420 1376 623 1425 tantum
654 1368 944 1439 primorum
964 1360 1238 1423 bomitmm
1263 1367 1535 1434 peccatum
1560 1362 1764 1415 veniret
1786 1359 1835 1412 in
1860 1364 2011 1412 men-

422 1470 529 1517 tem
563 1478 578 1518 :
604 1460 701 1518 sed
729 1461 823 1527 ait,
854 1450 1113 1514 Maledicti
1139 1455 1225 1527 qui
1250 1444 1523 1509 declinant.
1556 1446 1843 1521 Oportebat
1868 1444 2009 1502 enim

424 1562 480 1608 ut
507 1566 692 1609 omnes
721 1552 810 1608 illo
840 1558 1165 1608 terrerentur
1180 1546 1426 1616 esemplo
1452 1561 1481 1598 a
1498 1543 1692 1598 divinis
1718 1554 1824 1595 non
1849 1534 2013 1596 decli-

422 1658 551 1700 nare
574 1641 852 1709 mandatis,
873 1652 925 1699 et
949 1632 1219 1713 diligendo
1234 1632 1491 1709 justitiam
1512 1636 1567 1690 in
1584 1633 1726 1689 omni
1750 1638 2008 1702 tempore,

424 1737 479 1790 in
511 1735 667 1805 hujus
690 1736 872 1791 mundi
891 1735 1049 1790 etiam
1070 1730 1253 1788 labore
1282 1728 1523 1799 recipere
1544 1722 2010 1798 quod'itt‘paradisi

424 1829 699 1884 amisimus
728 1828 1016 1898 voluptate.

493 1920 548 1975 2.
579 1914 729 1994 [vers.
750 1918 866 1993 2%.]
896 1916 999 1976 Sed
1029 1913 1276 1989 quoniam
1303 1910 1521 1985 Superbi
1548 1920 1646 1967 nec
1672 1907 1723 1965 in
1749 1916 1893 1964 tanta
1913 1904 2012 1962 de-

427 2023 631 2083 ponunt
676 2011 1035 2081 increpatimie
1075 2006 1337 2063 eerviCem
1361 2047 1376 2073 ,
1409 2012 1463 2060 et
1509 2014 1629 2059 cum
1677 1999 1784 2057 sint
1819 1996 2013 2083 dejeeti

426 2082 622 2159 laboris
685 2103 975 2172 mortisque
1032 2092 1289 2169 supplicio
1320 2138 1336 2163 ,
1376 2093 1704 2152 extolluntur
1750 2082 2012 2159 superbia:

428 2190 615 2268 typho,
641 2194 906 2251 imitantes
935 2190 1213 2248 elationem
1246 2186 1566 2254 cadentitJm,
1596 2180 1877 2239 irridentes
1908 2183 2007 2234 hu-

427 2288 704 2341 militatem
752 2282 1112 2354 sitrgentiunt;
1148 2292 1244 2352 pro
1290 2276 1367 2335 eis
1404 2285 1523 2334 urat
1550 2284 1745 2347 cerpus
1771 2270 2007 2340 Christi,

426 2390 547 2435 cum
578 2375 706 2434 dicit
734 2394 749 2434 :
776 2376 932 2448 Aufer
954 2390 985 2429 a
1008 2391 1084 2430 me
1110 2373 1431 2445 opprobrium
1453 2376 1497 2425 et
1518 2376 1875 2440 contemptum,
1896 2374 2014 2437 quo-

427 2473 566 2526 niam
599 2470 880 2525 testimonia
907 2479 991 2522 tua
1016 2467 1277 2539 exquisivi.
1306 2461 1631 2519 Testimonia
1668 2472 1841 2532 graece
1866 2471 2011 2512 mare

347 2552 369 2572 ⁹
428 2561 561 2635 tyria
592 2566 978 2632 nuneupantur,
1005 2566 1109 2631 qun
1137 2557 1300 2612 verbo
1323 2556 1432 2627 jam
1460 2556 1655 2609 utimur
1687 2568 1780 2623 pro
1812 2552 2009 2606 latino:

427 2653 569 2709 unde
607 2650 725 2710 illos
765 2652 853 2723 qui
902 2654 1116 2722 propter
1163 2646 1521 2704 testimonium
1551 2644 1750 2702 Christi
1789 2642 2013 2699 diversis

427 2742 766 2821 passiouibus
794 2741 1052 2799 humiliati
1092 2752 1249 2805 sunt,
1280 2746 1334 2796 et
1366 2755 1529 2810 usque
1568 2738 1633 2792 ad
1664 2742 1888 2792 mortem
1917 2748 2013 2804 pro

430 2841 651 2895 veritate
668 2844 957 2901 certarunt,
978 2848 1079 2890 non
1106 2834 1293 2903 testes,
1321 2832 1462 2904 quod
1488 2829 1648 2886 latine
1676 2829 1857 2899 utique
1888 2840 2012 2898 pos-

429 2945 629 2998 scmus,
658 2929 751 2986 sed
778 2942 951 3003 grzcce
977 2939 1235 3001 martyres
1260 2924 1604 2997 appellamus.
1628 2923 1887 2990 Quoniam
1913 2920 2015 2977 hoc

431 3037 557 3092 ergo
588 3019 897 3075 iatniliarius
922 3013 1113 3074 auditis
1138 3027 1190 3072 et
1215 3014 1441 3082 dulcius,
1464 3017 1541 3069 sic
1560 3014 1879 3083 accipiamus
1903 3011 2016 3066 haec

432 3111 593 3167 verba
626 3120 871 3182 tanquam
898 3109 1096 3164 dielum
1123 3107 1218 3171 sit,
1251 3104 1410 3180 Aufer
1437 3121 1469 3158 α
1507 3118 1585 3158 nte
1617 3102 1939 3175 apprabrium
1969 3110 2015 3156 et

432 3213 790 3274 contemptum,
816 3203 1053 3274 quoniam
1092 3201 1342 3271 martyria
1390 3206 1476 3253 tua
1523 3196 1785 3269 exquisivi.
1815 3193 2015 3253 Christi

432 3310 626 3366 corpus
650 3297 748 3351 ista
774 3310 897 3350 cum
922 3294 1081 3359 dicit,
1112 3290 1363 3361 numquid
1393 3289 1461 3346 ab
1491 3290 1666 3361 impiis
1695 3298 1747 3344 et
1772 3288 2017 3359 superbis

431 3390 617 3446 audire
660 3386 1003 3459 approbrium
1034 3395 1191 3455 atque
1216 3394 1576 3455 contemptum
1610 3382 1767 3439 ullam
1798 3383 2018 3453 deputat

432 3492 678 3552 pugnam,
708 3495 828 3536 cum
856 3480 1031 3550 potius
1057 3477 1177 3533 inde
1208 3477 1479 3548 perveniat
1504 3472 1569 3530 ad
1594 3475 1887 3530 coronam?
1910 3474 2019 3530 Cur

433 3588 561 3643 ergo
600 3573 747 3643 quasi
796 3587 955 3643 grave
994 3568 1188 3640 aliquid
1233 3575 1285 3623 et
1328 3564 1656 3623 intolerabile
1699 3580 1727 3621 a
1758 3574 1816 3621 se
1845 3564 2019 3637 poscit

434 3664 651 3731 auferri,
683 3662 779 3718 nisi
808 3663 951 3734 quia,
980 3670 1036 3717 ut
1061 3661 1189 3726 dixi,
1216 3666 1334 3715 orat
1358 3674 1453 3730 pro
1482 3658 1607 3729 ipsis
1630 3656 1855 3713 inimicis
1881 3657 2013 3723 suis,

293 3813 310 3829 ε
396 3806 399 3809 λ
435 3753 625 3829 quibus
645 3772 763 3814 esse
785 3756 1033 3827 perspicit
1057 3753 1291 3818 noxium,
1310 3752 1541 3821 objicere
1562 3758 1801 3807 sanetum
1825 3766 2017 3805 nomen

436 3849 635 3905 Christi
664 3856 906 3921 tanquam
936 3847 1275 3920 opprobrium
1304 3842 1635 3907 Christianis,
1655 3850 1709 3898 et
1735 3843 1848 3913 ejus
1873 3858 1903 3898 a
1927 3841 2019 3899 Ju-

437 3944 567 4000 dzt‘is
598 3944 802 3999 irrisam
830 3956 1041 3999 crucem
1073 3948 1345 4010 tutamque
1378 3938 1687 3993 humilitatis
1714 3936 2019 3990 christiana:

438 4037 788 4103 medicinam,
820 4044 922 4107 qua
970 4034 1081 4089 sola
1127 4041 1304 4087 tumor
1350 4030 1439 4086 ille
1478 4039 1693 4083 sanatur
1722 4041 1827 4098 quo
1855 4025 2020 4082 inﬂati

439 4126 726 4186 cecidimus
771 4130 823 4185 et
865 4126 1101 4199 jacentes
1148 4125 1374 4195 amplius
1421 4122 1805 4188 intumuimus,
1835 4119 2019 4175 eadem

439 4223 687 4291 surzcrbia
718 4231 1061 4291 permanente
1090 4228 1143 4274 et
1168 4226 1441 4273 crescente
1465 4214 1846 4270 contemnere?
1874 4210 2024 4266 Dicat

441 4316 617 4385 itaque
660 4328 852 4383 corpus
880 4311 1113 4376 Christi;
1137 4309 1247 4379 jam
1273 4304 1414 4363 enim
1452 4307 1673 4377 diligere
1708 4306 1890 4360 didicit
1917 4304 2017 4359 ini-

441 4406 609 4461 micos
653 4416 809 4469 suos;
833 4401 971 4458 dicat
1009 4394 1241 4456 Domino
1267 4390 1377 4454 Deo
1400 4408 1499 4454 suo
1522 4438 1537 4463 ,
1571 4396 1728 4469 Aufer
1756 4408 1787 4450 a
1823 4411 1903 4449 me
1925 4411 2021 4466 op-

443 4488 700 4570 probrium
726 4505 772 4549 et
799 4499 1137 4566 contemptum
1155 4533 1172 4561 ,
1198 4492 1318 4564 quia
1345 4490 1596 4562 martyria
1624 4498 1711 4543 tua
1738 4488 1978 4560 exquisivi
2005 4505 2023 4542 :

443 4589 497 4644 id
524 4594 603 4642 est
627 4629 642 4654 ,
664 4580 1004 4656 opprobrium
1034 4574 1173 4655 quod
1210 4580 1330 4639 ideo
1359 4581 1518 4639 audio
1541 4624 1557 4649 ,
1585 4589 1639 4637 et
1664 4588 2022 4650 contemptum

445 4696 550 4749 quo
576 4678 695 4734 ideo
714 4682 1047 4742 contemnor,
1078 4674 1199 4748 quia
1220 4675 1473 4746 martyria
1504 4678 1591 4728 tua
1621 4672 1897 4743 exquisivi,
1925 4686 2023 4726 au-

446 4771 571 4826 fera
598 4783 702 4824 me.
732 4764 931 4823 inimici
953 4763 1095 4825 enim
1124 4766 1250 4834 mei,
1273 4774 1408 4838 quos
1427 4779 1457 4820 a
1479 4778 1564 4819 me
1592 4764 1832 4834 prmeipis
1853 4763 2022 4835 diligi,

445 4861 536 4933 qui
568 4862 733 4932 magis
761 4861 1029 4930 magisque
1048 4844 1349 4915 mo‘riuniur
1368 4867 1421 4911 et
1448 4864 1709 4927 pereunt,
1732 4869 1851 4909 cum
1882 4868 2026 4910 mar-

448 4952 583 5025 tyria
612 4959 697 5008 tua
727 4954 1070 5007 contemnunt
1094 4960 1151 5008 et
1182 4947 1531 5005 criminantur
1558 4949 1609 5002 in
1640 4960 1725 5003 me
1745 4991 1758 5013 ,
1789 4946 2028 5019 proiecto

447 5060 528 5099 rei
546 5044 767 5100 iviseent
788 5050 842 5098 et
866 5043 1220 5108 invenientur,
1248 5040 1292 5096 si
1322 5041 1573 5113 martyria
1602 5048 1687 5094 tua
1715 5050 2032 5096 venerentur

449 5130 502 5190 in
536 5146 637 5190 me.
668 5133 740 5189 ita
768 5132 963 5190 factum
995 5142 1095 5199 est;
1126 5132 1228 5187 hoc
1246 5132 1505 5187 videmus.
1532 5132 1672 5187 Ecce
1721 5133 2030 5205 martyrium

448 5226 667 5295 Christi,
695 5236 747 5283 et
768 5225 907 5297 apud
932 5226 1173 5282 homines
1201 5232 1257 5281 et
1283 5225 1337 5281 in
1362 5223 1706 5292 hocabnndo,
1729 5236 1833 5282 neu
1859 5227 2031 5282 solum

450 5332 552 5374 tum
570 5318 1380 5391 rstOpprobrium,sedmagnum
1398 5324 1481 5373 est
1495 5329 1863 5373 ornamentum
1882 5331 2034 5375 :eece

450 5426 553 5467 neu
569 5413 740 5468 solum
758 5413 809 5468 in
828 5420 1113 5484 conspectu
1128 5410 1358 5479 Domini,
1373 5424 1555 5468 verum
1574 5412 1731 5466 etiam
1750 5413 1801 5467 in
1813 5426 2037 5483 conspe-

451 5514 538 5557 ctu
571 5502 840 5558 hominum
878 5504 985 5574 jam
1016 5501 1247 5573 pretiosa
1280 5510 1363 5558 est
1388 5514 1530 5558 mors
1580 5511 1881 5559 sanctorum
1923 5504 2037 5572 ejus

453 5594 625 5663 (Psal.
656 5606 774 5658 επεν,
800 5594 923 5665 15);
956 5604 1081 5650 ecce
1120 5608 1223 5649 non
1266 5591 1436 5649 solum
1462 5608 1568 5648 non
1606 5602 2035 5660 contemnuntur,

452 5700 634 5744 verum
664 5687 821 5741 etiam
849 5687 1054 5759 magnis
1081 5685 1370 5742 honoribus
1393 5688 1747 5757 praeferuntur
1780 5696 2040 5755 martyres

454 5782 588 5851 ejus.
609 5779 748 5835 Ecce
767 5780 901 5835 ﬁlius
920 5774 1194 5851 iiiejimiOr
1214 5778 1303 5850 qui
1317 5792 1413 5848 pro
1431 5777 1604 5846 porcis
1624 5792 1754 5846 quos
1774 5776 2038 5845 pascebat,

457 5877 652 5943 idest,
683 5888 781 5947 pro
806 5868 1087 5934 immundis
1130 5868 1461 5928 dte‘monibus
1480 5878 1615 5942 quos
1643 5869 1849 5927 colebat
1868 5908 1885 5939 ,
1917 5879 2039 5942 par-

1646 407 1706 470 S.
1747 386 2117 468 AUGUS’i‘iNl
2153 390 2461 464 EPISCOH

3546 395 3686 462 lim

2115 519 2329 577 ticuiam
2355 528 2505 577 suam
2531 514 2584 577 iit
2611 516 2942 591 paucissimis
2969 508 3283 576 Christianis
3305 514 3691 591 pracedentetn

2114 614 2548 686 persequebatur;
2600 615 2709 684 jam
2758 618 2901 671 hunc
2938 614 2992 670 in
3035 610 3140 670 tam
3173 610 3350 670 multis
3394 623 3448 671 et
3490 613 3695 686 magnis

2116 708 2325 779 populis
2381 709 2615 778 gentium
2666 716 2967 779 martyres,
3016 706 3209 778 quibus
3267 704 3543 779 ingerebat
3603 722 3698 779 op-

2116 796 2387 867 probrium
2421 840 2434 859 ,
2487 790 2888 868 religiosissime
2940 796 3274 869 praedicans,
3343 802 3398 854 et
3452 801 3698 854 maximis

2115 888 2357 944 laudibus
2380 892 2512 960 quos
2539 890 2912 946 eontemnebat
2937 888 3197 957 etaltans,
3232 902 3472 947 mortuus
3503 902 3619 949 erat
3647 901 3701 949 et

2114 977 2325 1046 revixit,
2352 975 2581 1051 perierat
2600 991 2651 1037 et
2675 978 2921 1037 inventus
2948 992 3027 1039 est
3050 981 3200 1053 (Luc.
3230 994 3322 1051 xv,
3350 983 3557 1055 12-24).
3590 984 3701 1041 Hoc

2115 1081 2222 1128 tam
2267 1084 2458 1144 magno
2510 1074 2658 1129 lucro
2706 1072 3048 1131 correctionis
3072 1118 3086 1141 ,
3118 1076 3486 1132 conversionis
3527 1085 3581 1132 et
3621 1093 3702 1132 rc-

2115 1160 2434 1235 demptionls
2472 1166 2804 1222 inimicorum
2849 1180 3066 1225 suorum
3107 1185 3301 1240 corpus
3343 1171 3539 1225 Christi
3595 1166 3702 1224 Deo

2114 1248 2268 1319 dixit,
2296 1254 2453 1327 Aufer
2480 1274 2511 1310 α
2533 1258 2610 1312 lue
2637 1256 2961 1329 approbrium
2989 1266 3036 1315 et
3066 1270 3401 1329 contemptum
3433 1274 3451 1314 :
3477 1270 3529 1314 ct
3551 1262 3701 1328 quasi

2115 1356 2446 1419 qurereretur
2484 1348 2551 1406 de
2593 1366 2693 1422 qua
2736 1366 2795 1408 re
2832 1354 3212 1422 opprobrium,
3244 1351 3310 1407 de
3337 1366 3439 1423 qua
3478 1369 3535 1409 re
3572 1369 3703 1407 con-

2118 1448 2421 1513 temptum;
2472 1445 2780 1514 subjungit,
2835 1445 3087 1514 Quoniam
3140 1445 3392 1519 martyrio
3459 1455 3545 1499 tua
3610 1461 3701 1499 ea:-

2116 1536 2312 1607 quisivi.

2188 1626 2241 1681 5.
2270 1622 2416 1700 [vers
2444 1624 2515 1684 2'5
2535 1671 2547 1692 ,
2578 1622 2695 1702 24.]
2722 1624 2824 1685 Ubi
2867 1638 2951 1684 est
2991 1644 3130 1685 nunc
3156 1622 3289 1685 illud
3316 1628 3705 1700 opprobrium?

2118 1716 2207 1775 ubi
2251 1718 2342 1775 ille
2388 1718 2759 1792 contemptus?
2784 1721 3044 1779 Abierunt
3069 1731 3229 1793 atque
3258 1722 3618 1787 transierunt;
3651 1731 3706 1777 et

2118 1811 2239 1882 quia
2282 1809 2479 1867 inventi
2523 1822 2646 1867 sunt
2688 1812 2776 1883 qui
2826 1816 3127 1883 perierant,
3157 1812 3245 1868 illa
3277 1814 3564 1884 perierunt.
3596 1810 3705 1868 Sed

2118 1904 2330 1974 quando
2352 1898 2587 1959 Ecclesia
2610 1906 2731 1960 talia
2760 1906 3092 1975 precabatur,
3122 1906 3208 1961 illa
3236 1907 3551 1977 patiebatur.
3588 1905 3696 1961 Ete-

2118 1992 2223 2047 nim
2248 1995 2480 2048 sederunt
2506 1995 2755 2066 principes
2774 2037 2787 2061 ,
2812 1996 3014 2067 inquit,
3043 2006 3089 2051 et
3116 1997 3383 2052 adversum
3412 2012 3489 2050 me
3529 1997 3705 2065 laque-

2119 2088 2316 2142 bautur.
2342 2087 2466 2143 Inde
2489 2090 2786 2159 persecutio
2803 2092 2978 2161 gravis
2998 2099 3130 2157 erat,
3149 2093 3268 2162 quia
3290 2106 3406 2147 eam
3431 2092 3703 2159 sedentes,

2119 2179 2224 2235 hoc
2246 2190 2328 2236 est
2345 2177 2635 2251 judiciariis
2651 2182 2865 2239 sedibus
2888 2184 3205 2252 eminentes,
3230 2184 3496 2255 principes
3518 2183 3706 2241 decer-

2118 2272 2335 2330 nebant.
2366 2273 2526 2330 Refer
2559 2268 2661 2332 hoc
2699 2276 2763 2332 ad
2806 2279 2976 2348 ipsum
3007 2284 3202 2349 caput;
3233 2278 3468 2333 invenies
3498 2278 3706 2332 sedisse

2120 2367 2384 2436 principes
2417 2366 2721 2424 Judteorum
2745 2412 2757 2432 ,
2790 2371 3071 2426 consilium
3111 2379 3410 2442 quaerentes
3436 2370 3705 2442 quomodo

2119 2458 2384 2513 Christum
2430 2459 2712 2529 perderent
2738 2460 2967 2534 (Matth.
3004 2479 3163 2526 xxvr,
3191 2462 3269 2534 5).
3303 2462 3461 2517 Rcl‘cr
3502 2465 3602 2517 hoc
3638 2461 3705 2517 ad

2119 2567 2311 2623 corpus
2351 2554 2466 2623 ejus
2486 2597 2499 2621 ,
2528 2554 2580 2609 id
2620 2566 2698 2610 est
2741 2552 3069 2621 Ecclesium;
3102 2556 3341 2613 invenies
3370 2572 3519 2627 reges
3551 2568 3707 2611 terra:

2120 2644 2449 2715 excogitasse
2464 2654 2622 2716 atque
2632 2646 3131 2718 jussisseqnomodo
3147 2649 3429 2703 Christiani
3444 2663 3704 2718 nuSquam

2120 2747 2320 2793 essent.
2351 2732 2549 2794 Etenim
2575 2739 2805 2795 sederunt
2838 2740 3085 2811 principes
3111 2784 3124 2805 ,
3155 2751 3202 2795 et
3231 2743 3494 2796 adversum
3522 2758 3601 2796 me
3632 2743 3708 2796 ιυ-

2118 2824 2394 2900 quebanlur
2418 2846 2438 2885 :
2461 2842 2630 2885 servus
2654 2841 2820 2886 autem
2845 2843 2957 2886 luas
2981 2831 3303 2888 exercebatur
3320 2834 3371 2887 in
3400 2834 3499 2888 tuis
3514 2833 3708 2903 justi/i-

2121 2918 2417 2976 cationibus.
2451 2923 2631 2992 Qualis
2675 2925 2985 2980 exercitatio
3028 2926 3141 2980 haec
3184 2923 3379 2992 fuerit,
3407 2928 3495 2997 qui
3545 2943 3709 2983 nosse

2121 3015 2416 3082 desideras,
2450 3017 2590 3086 quod
2616 3017 2857 3087 adjunxit
2886 3016 3118 3088 intellige
3148 3038 3161 3073 :
3196 3018 3332 3073 Nam
3355 3030 3400 3074 ei
3423 3020 3708 3073 testimonia

2121 3115 2210 3160 tua
2235 3104 2492 3161 meditatio
2517 3125 2627 3162 mea
2652 3117 2741 3175 est,
2769 3120 2813 3163 et
2841 3109 3102 3164 consilium
3133 3128 3297 3164 meum
3315 3100 3709 3182 justificalioues

2124 3209 2240 3254 tute.
2279 3198 2473 3254 Recole
2522 3200 2659 3270 quod
2702 3202 2944 3270 superius
2990 3201 3354 3257 commendavi
3404 3203 3707 3258 testimonia

2122 3307 2241 3348 esse
2293 3294 2565 3365 martyria.
2626 3292 2819 3350 Recole
2867 3296 2919 3349 in
2970 3292 3436 3366 justilicationibus
3498 3298 3707 3352 Domini

2124 3383 2323 3439 nullam
2372 3400 2492 3439 esse
2529 3384 2880 3440 difﬁciliorem
2917 3397 2970 3440 et
3016 3387 3427 3454 mirabiliorem,
3459 3404 3620 3459 quam
3654 3400 3709 3442 ut

2123 3493 2250 3533 suos
2292 3481 2514 3548 quisque
2558 3478 2741 3549 diligat
2783 3479 3043 3534 inimicos.
3081 3468 3171 3536 Sic
3196 3496 3323 3551 ergo
3360 3482 3712 3536 exercebatur

2124 3586 2316 3639 corpus
2344 3568 2558 3634 Christi,
2582 3582 2637 3625 ut
2661 3582 2712 3626 et
2739 3574 2988 3644 martyria
3016 3572 3132 3644 ejus
3157 3575 3519 3642 meditaretur,
3549 3585 3602 3630 et
3625 3577 3711 3630 di-

2125 3662 2314 3730 ligeret
2333 3677 2424 3716 eos
2444 3678 2472 3714 a
2495 3658 2685 3732 quibus
2709 3662 3153 3734 opprobrantibus
3178 3677 3230 3722 et
3249 3670 3713 3725 contemnentibus

2125 3764 2342 3824 propter
2369 3754 2481 3823 ipsa
2523 3756 2773 3826 martyria
2818 3758 3214 3826 persecutiones
3242 3761 3561 3830 patiebatur.
3589 3760 3709 3817 Non

2125 3843 2266 3900 enim
2298 3860 2395 3913 pro
2423 3860 2498 3911 se,
2530 3843 2664 3900 sicut
2684 3846 2793 3917 jam
2814 3850 3323 3918 connuendavimus,
3348 3852 3441 3907 sed
3465 3868 3559 3923 pro
3580 3854 3714 3922 ipsis

2127 3938 2302 4006 potius
2331 3935 2518 3991 orabat
2542 3936 2725 3992 dicens
2747 3979 2763 4005 ,
2790 3938 2948 4011 Aufer
2975 3956 3008 3993 a
3044 3957 3121 3994 me
3145 3942 3471 4012 opprobrium
3498 3952 3546 3998 et
3584 3961 3712 3998 con-

2128 4040 2389 4099 temptum.
2443 4029 2693 4083 Sederunt
2740 4045 2867 4101 ergo
2912 4031 3197 4101 principes,
3238 4044 3287 4088 et
3332 4036 3596 4089 adversum
3634 4055 3717 4091 me

2129 4122 2460 4193 loquebantur
2485 4138 2504 4175 :
2529 4138 2696 4175 servus
2721 4132 2887 4176 autem
2916 4132 3029 4178 tuus
3053 4124 3373 4180 exercebatur
3392 4127 3445 4181 in
3454 4129 3715 4198 justi/ica-

2131 4213 2346 4267 tionibus
2387 4216 2505 4267 tuis.
2532 4212 2774 4281 Quonam
2801 4214 3003 4270 modo?
3030 4214 3169 4271 Nam
3212 4228 3259 4272 et
3300 4220 3580 4274 testimonia
3626 4231 3714 4275 tua

2131 4306 2386 4359 meditatio
2409 4321 2517 4359 mea
2539 4314 2633 4372 est,
2653 4316 2697 4359 et
2719 4305 2984 4360 consilium
3001 4324 3166 4362 meum
3180 4309 3568 4379 justiﬁcationes
3590 4321 3710 4365 tua.

2131 4394 2420 4450 Consilium
2465 4403 2649 4450 contra
2692 4395 2971 4450 consilium
3024 4414 3038 4451 :
3090 4397 3369 4453 consilium
3413 4399 3714 4454 sedentium

2133 4490 2428 4561 principum
2475 4487 2570 4542 iuit
2596 4489 2841 4544 inventos
2868 4500 3128 4560 martyres
3153 4489 3399 4561 perdere;
3431 4493 3715 4547 consilium

2134 4582 2443 4651 patientium
2474 4589 2763 4653 martyrum
2793 4579 2891 4634 fuit
2920 4582 3163 4637 inimicos
3193 4583 3427 4652 perditos
3452 4585 3714 4641 invenire.

2134 4670 2450 4730 Reddebant
2480 4666 2553 4727 illi
2582 4670 2717 4725 mala
2751 4688 2844 4742 pro
2886 4671 3073 4739 bonis;
3104 4675 3217 4742 isti,
3248 4674 3384 4731 bona
3411 4693 3509 4747 pro
3538 4678 3714 4734 malis.

2136 4766 2272 4835 Quid
2316 4782 2443 4836 ergo
2486 4766 2675 4821 mirum
2712 4764 2755 4820 si
2802 4766 2872 4821 illi
2914 4766 3203 4823 occidendo
3242 4769 3548 4827 defecerunt
3578 4811 3595 4837 ,
3629 4773 3717 4827 isti

2137 4858 2416 4914 moriendo
2440 4857 2722 4914 vicerunt?
2748 4857 2882 4925 Quid
2910 4900 2923 4923 ,
2954 4859 3166 4929 inquam
3189 4902 3202 4922 ,
3228 4861 3417 4934 mirum
3446 4864 3489 4917 si
3517 4874 3719 4934 marty-

2138 4967 2225 5008 res
2271 4951 2610 5006 s:cvientibus
2660 4947 2914 5006 Gentibus
2955 4951 3297 5021 temporalem
3346 4965 3571 5009 mortem
3627 4973 3719 5025 pa-

2142 5043 2457 5099 tientissime
2492 5042 2861 5111 pertulerunt,
2887 5051 2941 5097 et
2976 5040 3175 5099 Gentes
3213 5047 3533 5116 martyribus
3562 5064 3722 5102 oran-

2142 5138 2280 5191 tibus
2322 5136 2387 5189 ad
2419 5146 2674 5191 attentam
2713 5135 2873 5189 vitam
2920 5135 3197 5204 pervenire
3242 5148 3562 5207 potuerunt;
3592 5138 3720 5193 dum

2142 5244 2337 5299 corpus
2364 5228 2561 5283 Christi
2600 5228 2677 5281 sic
2704 5235 3013 5294 exercetur,
3047 5237 3103 5281 nt
3132 5236 3189 5283 et
3214 5234 3462 5301 martyria
3493 5231 3721 5285 medite-

2145 5333 2267 5390 tur,
2294 5331 2349 5377 et
2388 5322 2541 5377 malis
2592 5330 2883 5392 martyrum
2934 5319 3364 5391 persecutoribus
3414 5322 3551 5378 bona
3603 5338 3726 5393 prec

2144 5416 2336 5473 cetur?

2738 5636 3149 5705 Μ
