4090 6540
309 457 458 518 1525

985 573 1157 625 812ηο
1181 575 1240 623 Ϊ.

391 667 440 720 l.
471 664 621 739 [rem
650 661 770 735 25.]
800 660 1052 732 Sequitur
1076 660 1128 715 in
1159 659 1261 715 isto
1286 657 1494 729 psalmo
1519 655 1738 726 majore,
1761 653 1908 724 quod

314 758 685 820 considerare,
736 765 791 809 et
834 755 988 809 sicut'
1017 753 1274 807 Dominus
1297 750 1527 813 dederit,
1581 755 1907 819 pertractare

315 850 578 904 debemus
595 885 613 915 ,
644 847 870 901 Att/imit
897 845 1175 916 pavimento
1217 844 1388 898 anima
1424 859 1534 896 mea
1559 857 1579 907 ;
1606 841 1803 910 vivi/ica
1830 855 1910 894 me

315 939 600 995 secundum
617 938 822 993 verbum
860 945 1022 992 tuum.
1069 935 1206 1002 Quid
1227 946 1334 1002 est,
1375 931 1600 989 Adliwsit
1629 933 1908 1004 pavimento

316 1031 493 1085 animus
518 1031 669 1085 una?
691 1028 825 1084 Nam
851 1043 974 1084 cum
1019 1025 1256 1098 adjungit
1284 1036 1338 1080 et
1380 1025 1528 1093 dicit,
1572 1017 1785 1093 Viviﬁca
1829 1039 1910 1078 me

316 1129 598 1178 “meum
642 1122 847 1177 verbum
887 1129 1069 1185 tuum;
1110 1134 1274 1189 quare
1299 1133 1358 1174 se
1405 1117 1655 1172 viviticari
1701 1122 1906 1186 poscat,

317 1218 506 1286 utique
528 1229 746 1271 eam
776 1212 1048 1283 praemisit,
1077 1210 1306 1267 dicendo
1330 1252 1346 1278 ,
1374 1210 1601 1264 Att/mit
1627 1209 1909 1281 pavimento

318 1309 494 1363 animo
533 1322 670 1361 meo.
717 1306 857 1376 Ergo
899 1305 1024 1374 quia
1053 1313 1332 1374 propterea
1363 1318 1422 1357 se
1466 1301 1717 1356 viviticari
1757 1301 1905 1370 petit,

319 1403 444 1472 quia
472 1401 776 1472 pavimento
817 1399 1045 1454 adhaesit
1087 1396 1261 1452 anima
1288 1394 1442 1467 eius;
1475 1378 1667 1449 mirum
1714 1395 1757 1448 si
1784 1393 1910 1449 boni

319 1496 520 1567 aliquid
551 1495 678 1550 hinc
703 1493 816 1549 vult
858 1492 1098 1563 intelligi.
1145 1489 1221 1545 Ita
1263 1490 1458 1561 quippe
1504 1503 1564 1543 se
1614 1487 1772 1542 habet
1801 1494 1910 1542 tota

319 1591 421 1645 ista
461 1589 748 1655 sententia,
783 1597 1032 1657 tanquam
1057 1585 1260 1641 diceret
1286 1602 1300 1638 :
1326 1582 1560 1637 Mortuus
1587 1597 1705 1636 sum
1731 1597 1746 1646 ;
1776 1581 1909 1634 vivi-

320 1683 420 1736 tice
441 1695 550 1736 me.
571 1679 708 1748 Quid
728 1689 811 1734 est
833 1693 963 1748 ergo
981 1675 1385 1748 pavimentum?
1405 1673 1461 1730 Si
1485 1685 1732 1743 tanquam
1749 1686 1909 1726 uuam

319 1772 607 1843 quamdam
649 1771 865 1826 dottam
908 1783 1152 1839 magnam
1183 1767 1486 1822 universum
1523 1763 1775 1818 mundum
1812 1773 1910 1818 ve-

320 1865 482 1918 limus
509 1863 772 1930 acdpere,
805 1859 1049 1916 videmus
1074 1859 1219 1913 velut
1244 1858 1361 1926 ejus
1388 1870 1652 1911 cameram
1675 1854 1867 1908 coelum
1892 1871 1907 1907 :

320 1964 464 2009 terra
515 1953 620 2008 erit
666 1952 824 2023 igitur
865 1952 1242 2021 pavimentum.
1293 1947 1420 2004 Vult
1466 1947 1641 2020 itaque
1687 1946 1911 2002 terrenis

319 2045 458 2108 erui,
497 2055 554 2099 et
590 2058 710 2098 cum
754 2042 1012 2113 Apostolo
1035 2041 1238 2109 dicere,
1270 2039 1592 2095 Conversatio
1637 2048 1812 2092 nostra
1855 2037 1909 2090 in

321 2139 462 2192 cortis
490 2146 562 2191 at
583 2136 603 2209 (
628 2135 859 2207 Philipp.
911 2150 991 2201 tu,
1018 2133 1091 2190 20
1108 2131 1156 2204 ).
1202 2132 1431 2189 Proinde
1459 2131 1684 2186 terrenis
1733 2129 1913 2184 adhae-

321 2242 445 2283 rere
491 2242 639 2282 niors
675 2228 866 2281 animae
893 2235 1013 2292 est;
1061 2225 1150 2279 cui
1179 2223 1322 2278 malo
1365 2222 1630 2280 contraria
1676 2219 1912 2293 poscitur

321 2321 453 2384 vita,
483 2335 607 2373 cum
639 2319 854 2384 dicitur,
895 2315 1110 2384 Viri/ica
1135 2331 1234 2369 me.

391 2412 452 2468 2.
477 2411 587 2466 Sed
611 2409 895 2466 videndum
924 2419 1007 2464 est
1045 2419 1221 2464 utrum
1271 2415 1566 2476 congruant
1607 2406 1727 2459 huic
1751 2404 1908 2459 verba

322 2505 448 2571 ista,
477 2504 569 2574 qui
594 2503 839 2575 superius
865 2502 988 2557 talia
1013 2501 1239 2566 dixerat,
1279 2501 1473 2571 quibus
1502 2499 1670 2569 magis
1702 2499 1810 2552 Deo
1836 2498 1907 2551 vi-

321 2599 515 2654 deatur
554 2597 844 2652 adhaesisse
883 2611 1046 2666 quam
1095 2595 1417 2665 pavimento,
1468 2603 1524 2646 ut
1572 2591 1910 2647 conversatio

322 2692 443 2759 ejus
467 2692 574 2744 non
619 2690 672 2742 in
718 2687 963 2753 terrenis,
1009 2686 1102 2743 sed
1155 2688 1209 2742 in
1254 2685 1559 2742 cmlestibus
1606 2684 1909 2738 haberetur.

323 2782 605 2850 Quomodo
630 2780 772 2837 enim
803 2787 975 2850 potest
1004 2778 1226 2850 intelligi
1257 2777 1483 2834 terrenis
1511 2776 1797 2832 adhaesisse
1823 2775 1912 2846 qui

323 2872 454 2928 dicit
484 2890 497 2925 :
531 2873 722 2928 Somn
747 2881 915 2925 autem
943 2880 1056 2926 tuus
1083 2869 1404 2924 exercebatur
1444 2869 1495 2922 in
1531 2868 1628 2922 tuis
1653 2867 1912 2940 justi/ica-

323 2964 588 3028 tionibus;
614 2975 734 3016 nam
765 2973 814 3016 et
852 2960 1135 3018 testimonio
1178 2970 1264 3014 tua
1290 2960 1547 3015 meditatio
1577 2976 1687 3013 mea
1735 2968 1826 3024 est,
1870 2967 1915 3013 et

326 3056 593 3111 consilium
634 3071 798 3110 meum
827 3054 1215 3124 justiﬁcationes
1260 3053 1400 3108 tuae?
1435 3053 1558 3108 llaec
1605 3060 1728 3108 sunt
1771 3052 1912 3106 enim

329 3147 489 3202 verba
563 3146 681 3214 eius
743 3144 1153 3210 antecedentia,
1209 3159 1434 3214 quorum
1488 3143 1914 3197 antecedentium

325 3238 426 3294 ita
477 3247 602 3294 sunt
650 3236 1066 3307 consequentia,
1131 3234 1358 3288 Adliwsit
1407 3234 1688 3304 pavimento
1743 3235 1916 3287 anima

324 3343 463 3385 mea.
486 3330 573 3385 An
621 3344 688 3385 ex
717 3327 821 3384 hoc
862 3327 1155 3398 intelligere
1206 3323 1497 3390 debemus,
1530 3325 1916 3395 quamumlihet

321 3425 553 3493 quisque
593 3421 835 3491 proﬁciat
862 3422 914 3475 in
952 3417 1418 3490 justiticatiouibus
1451 3418 1677 3482 Domini,
1719 3417 1917 3474 habere

322 3532 448 3572 eum
475 3515 716 3570 mortalis
758 3513 934 3568 carnis
973 3512 1220 3566 atiectum
1264 3511 1403 3567 circa
1455 3509 1554 3565 ista
1582 3519 1813 3576 terrena,
1863 3509 1915 3564 in

321 3607 519 3677 quibus
561 3606 668 3661 vita
699 3605 926 3660 humana
965 3603 1187 3658 teutatio
1230 3613 1314 3657 est
1361 3616 1521 3672 super
1552 3611 1744 3656 terram
1776 3597 1916 3668 (Job

323 3715 418 3765 vn,
451 3700 547 3766 i);
589 3707 645 3752 et
687 3696 756 3750 ab
786 3696 884 3749 hac
923 3703 1097 3750 morte
1135 3693 1181 3752 si
1227 3701 1632 3764 perseveranter
1681 3691 1911 3761 proiicit,

318 3789 908 3862 quotidiercviviscere,
929 3787 1224 3842 viviﬁcante
1255 3786 1365 3850 illo,
1388 3785 1538 3854 cujus
1557 3785 1722 3854 gratia
1756 3784 1915 3838 homo

322 3894 511 3940 noster
539 3883 759 3938 interior
789 3889 1075 3936 renovatur
1104 3879 1170 3934 de
1193 3878 1279 3933 die
1307 3879 1358 3932 in
1387 3877 1529 3932 diem
1560 3876 1665 3950 ((ll
1695 3877 1811 3932 Cor.
1842 3894 1911 3944 iv,

324 3977 469 4050 £6)?
496 3976 629 4032 Nam
667 3984 724 4030 et
745 3974 872 4030 illud
907 3973 1189 4042 Apostolus
1216 3987 1336 4026 cum
1366 3967 1595 4033 dicebat,
1658 3970 1916 4038 Quamdiu

323 4080 500 4124 mutus
526 4069 581 4122 in
603 4065 1243 4136 eorpor¢,.peregrinamur
1269 4079 1300 4115 a
1330 4061 1548 4116 Domino
1573 4059 1592 4128 ί
1608 4057 1693 4114 Id.
1717 4077 1767 4127 v,
1800 4059 1871 4131 6)
1896 4103 1913 4128 ,

323 4170 382 4216 et
404 4159 821 4228 concupiscebat
859 4155 1098 4222 dissolvi,
1123 4163 1177 4209 et
1203 4167 1323 4208 esse
1350 4168 1471 4211 cum
1506 4151 1717 4207 Christo
1747 4151 1765 4225 (
1788 4148 1918 4206 Plii-

324 4255 456 4323 ιίρρ.
489 4268 526 4318 ι,
557 4250 630 4306 25
653 4250 672 4320 )
698 4267 714 4317 ;
745 4249 1044 4304 adbzeserat
1066 4231 1369 4316 pavimento
1389 4245 1564 4298 anima
1593 4243 1726 4316 ejus.
1762 4241 1916 4300 Unde

321 4353 382 4400 et
403 4357 602 4413 conpes
631 4343 828 4412 ipsum,
854 4339 973 4409 quia
1002 4354 1066 4393 ex
1098 4348 1238 4394 terra
1267 4345 1369 4402 est,
1413 4352 1519 4390 non
1558 4333 1787 4390 absurde
1829 4331 1913 4390 in-

321 4436 582 4505 telligitur
608 4433 1006 4502 pavimentum;
1040 4427 1179 4499 quod
1210 4427 1382 4492 adhuc
1407 4425 1528 4500 quia
1568 4423 1915 4496 corruptibile

323 4536 493 4585 estet
519 4532 771 4596 aggravat
795 4523 1024 4580 animam
1054 4521 1220 4590 (Sap.
1257 4535 1329 4581 ιχ,
1379 4513 1519 4588 15),
1556 4526 1698 4572 recte
1729 4517 1778 4571 in
1824 4513 1915 4572 illo

327 4615 741 4687 eongemiscitur
754 4611 1012 4670 etdieitur
1039 4611 1166 4672 Deo,
1196 4607 1418 4661 Adhaesit
1445 4605 1724 4678 pavimento
1745 4605 1917 4663 anima

327 4727 465 4771 mea,
488 4709 685 4779 viviﬂca
715 4723 794 4760 nte
829 4703 1104 4760 secundum
1131 4701 1331 4754 verbum
1377 4710 1531 4752 tuum.
1560 4693 1741 4769 Neque
1770 4701 1913 4756 enim

328 4816 438 4857 non
463 4815 588 4858 cum
605 4796 922 4867 corporibus
945 4791 1144 4848 nostris
1167 4807 1382 4860 semper
1402 4807 1520 4844 cum
1554 4788 1779 4846 Dmnino
1809 4791 1916 4846 eri-

329 4891 500 4963 nius.(
523 4893 540 4946 I
561 4890 742 4946 Thess.
773 4903 862 4956 IV,
897 4885 1068 4944 iii-Ili
1095 4885 1154 4955 );
1186 4883 1278 4938 sed
1305 4892 1427 4936 tunc
1474 4881 1593 4952 quia
1625 4901 1727 4937 non
1757 4895 1916 4939 erunt

327 4984 695 5056 corruptibilis
739 4997 840 5040 nec
875 4981 1081 5036 animas
1123 4977 1495 5048 aggravabunt,
1541 4975 1584 5030 si
1634 4975 1916 5050 diligenter

327 5077 730 5134 consideremus
755 5115 771 5142 ,
802 5089 928 5128 ⁶ιιοιι
981 5072 1060 5126 eis
1091 5085 1206 5135 nos,
1255 5069 1349 5123 sed
1378 5069 1490 5138 ipsa
1539 5068 1690 5124 nobis
1739 5070 1913 5140 potius

323 5170 697 5235 adhaerebunt,
731 5182 843 5224 .nos
881 5175 1062 5222 autem
1109 5165 1238 5219 Deo.
1270 5160 1420 5218 Unde
1474 5161 1692 5218 alterius
1725 5165 1911 5233 psalmi

325 5267 489 5321 verba
521 5266 609 5320 illa
644 5272 788 5330 sunt,
821 5261 951 5316 Mihi
991 5269 1162 5314 autem
1185 5259 1444 5313 adlicere-re
1480 5256 1584 5312 Deo
1633 5259 1816 5311 bonum
1843 5269 1914 5312 est

328 5359 346 5428 (
375 5357 519 5412 Psal.
569 5371 739 5422 Lxxu,
795 5353 960 5425 28):
1013 5362 1070 5407 ut
1121 5351 1300 5406 vivant
1346 5364 1569 5420 corpora
1620 5365 1685 5403 ex
1738 5349 1909 5415 nobis,

324 5450 648 5508 adhaerendo
701 5448 888 5514 nobis;
916 5462 1016 5505 nos
1036 5454 1213 5501 autem
1245 5445 1483 5499 vivamus
1511 5459 1580 5498 ex
1612 5443 1739 5506 Deo,
1786 5443 1910 5512 quia

323 5544 482 5600 adsis
509 5543 768 5598 adiicerent
793 5540 900 5596 Deo
943 5542 1130 5595 bonum
1167 5547 1259 5592 est.
1291 5535 1542 5594 Adhaesio
1589 5537 1781 5608 quippe
1813 5535 1910 5589 ista

327 5635 391 5690 tle
421 5649 524 5705 qua
549 5633 749 5688 dictum
765 5642 866 5697 est,
896 5629 1120 5685 Adhwsit
1143 5629 1424 5698 pavimento
1446 5627 1617 5682 animo
1645 5644 1774 5694 mea,
1805 5641 1910 5681 non

326 5725 754 5798 coniunctionem
776 5723 962 5779 carnis
1009 5729 1063 5778 et
1103 5721 1316 5784 animus,
1367 5719 1607 5788 quamvis
1659 5730 1712 5775 ct
1741 5720 1909 5790 ipsam

327 5818 540 5889 quidam
590 5817 986 5883 intellexerint;
1034 5813 1128 5870 sed
1187 5811 1454 5867 carnalem
1505 5813 1674 5882 magis
1717 5813 1909 5867 anima:

325 5909 600 5982 allectum,
647 5928 752 5984 quo
801 5926 926 5970 caro
980 5904 1313 5980 concupiscit
1357 5901 1614 5962 adversus
1662 5905 1905 5976 spiritum

1417 447 1814 509 ENABRATIU
1851 447 1918 505 IN
1955 450 2272 508 PBA-LMUM
2307 451 2540 508 CXVIII.

3459 458 3598 518 1526

2013 560 2209 636 (Gotat.
2237 578 2291 630 ν,
2319 564 2384 619 l7
2407 565 2460 635 ),
2491 563 2788 636 signiﬁcare
2828 566 2964 625 mihi
2989 567 3219 627 videtur.
3244 569 3398 646 Quod
3426 571 3472 627 si
3501 587 3600 626 re-

2010 664 2096 712 cte
2118 655 2394 726 accipitur,
2443 658 2689 728 profecto
2733 659 2822 730 qui
2853 659 3004 729 dicit,
3042 660 3270 718 Adhtesit
3315 661 3600 736 pavimento

2011 750 2183 804 animo
2207 761 2339 814 nica,
2368 750 2565 821 vivi/ica
2591 767 2671 807 ine
2688 752 2964 808 secundum
2988 752 3188 810 verbum
3212 762 3373 822 tuum,
3414 769 3518 811 non
3547 747 3602 810 id

2012 849 2151 907 orat,
2179 848 2237 894 ut
2261 840 2330 895 de
2369 848 2596 911 corpore
2643 844 2831 899 mortis
2857 843 3037 916 hujus,
3083 853 3257 902 morte
3285 845 3452 916 ipsius
3474 861 3600 902 cor-

2013 931 2159 1002 poris
2180 932 2576 988 intervenieute
2600 934 2876 1003 solvatur;
2907 935 3050 1006 quod
3092 935 3206 993 dies
3232 935 3452 994 ultimus
3475 933 3602 991 vita:

2015 1023 2208 1094 hujus,
2257 1026 2346 1094 qui
2385 1035 2606 1096 propter
2633 1029 2750 1097 ejus
2772 1028 3090 1087 brevitatem
3119 1045 3225 1086 non
3277 1035 3454 1103 potest
3481 1046 3602 1089 esse

2014 1115 2320 1181 diuturnus,
2367 1117 2686 1190 quandoque
2716 1118 2954 1176 facturus
2983 1131 3066 1179 est
3092 1137 3109 1178 :
3137 1111 3234 1179 sed
3264 1132 3320 1178 ut
3345 1121 3603 1196 concupi—

2014 1209 2218 1264 scentia
2256 1225 2359 1280 qua
2385 1212 2777 1281 concupiscitur
2821 1213 3076 1270 adversus
3119 1214 3362 1286 Spiritum
3387 1256 3404 1283 ,
3437 1216 3602 1288 magis

2015 1302 2288 1372 magisque
2315 1303 2590 1360 minuatur
2621 1343 2635 1370 ,
2661 1313 2716 1360 et
2739 1307 3166 1378 concupiscentia
3207 1323 3308 1378 qua
3346 1308 3595 1378 coueupb

2015 1392 2181 1448 scitur
2209 1392 2466 1448 adversus
2511 1409 2749 1461 carnem,
2781 1397 2950 1468 magis
2988 1413 3052 1454 ac
3089 1399 3258 1469 magis
3309 1409 3600 1470 augeatur;

2014 1483 2188 1540 donec
2215 1485 2312 1539 ista
2341 1496 2683 1542 conuiuatur
2723 1488 2779 1544 in
2809 1489 2980 1552 nobis,
3008 1498 3063 1546 et
3089 1491 3179 1547 illa
3203 1500 3604 1548 consummatur

2015 1589 2112 1646 per
2135 1575 2388 1645 Spiritum
2417 1587 2659 1633 sanetum
2686 1579 2776 1648 qui
2795 1579 2949 1635 datus
2968 1589 3052 1636 est
3078 1581 3250 1638 nobis.

2081 1669 2143 1726 Β.
2154 1667 2305 1741 [rem
2315 1668 2432 1743 26.]
2444 1671 2586 1728 Bene
2595 1680 2770 1728 autem
2783 1687 2889 1728 non
2899 1675 2992 1740 ait,
3011 1673 3216 1746 Viri/ica
3228 1693 3306 1732 me
3315 1677 3602 1736 secundum

2015 1761 2261 1814 meritum
2309 1777 2519 1827 laeum;
2570 1762 2665 1846 sed
2701 1764 2813 1831 ait,
2855 1767 3130 1820 secundum
3175 1766 3378 1822 verbum
3417 1778 3604 1825 tuum:

2015 1851 2156 1921 quod
2174 1852 2300 1923 quid
2324 1862 2405 1907 est
2429 1852 2594 1922 aliud,
2621 1853 2741 1919 nisi.
2768 1855 3057 1912 secundum
3080 1859 3397 1928 promissum
3422 1858 3606 1914 tuum?

2015 1941 2184 1998 Filius
2233 1945 2603 2013 promissionis
2650 1946 2765 2001 vult
2808 1962 2947 2016 esse,
2992 1965 3098 2004 non
3144 1949 3282 2004 ﬁlius
3322 1949 3605 2016 elationis;

2014 2047 2073 2090 ut
2097 2037 2386 2092 secundum
2406 2039 2628 2108 gratiam
2654 2041 2801 2095 ﬁrma
2824 2042 2891 2096 sit
2914 2042 3194 2109 promissio
3217 2045 3362 2099 omni
3384 2044 3601 2102 semini.

2017 2127 2130 2184 Hoc
2167 2139 2249 2184 est
2292 2130 2435 2186 enim
2483 2131 2702 2184 verbum
2731 2133 3100 2201 promissionis
3134 2152 3148 2188 :
3180 2132 3244 2188 In
3273 2132 3425 2188 Isaac
3454 2141 3608 2189 voca—

2015 2219 2148 2274 bitur
2175 2219 2264 2274 tibi
2304 2235 2469 2275 senten
2511 2236 2528 2275 :
2555 2222 2649 2275 ltoc
2679 2231 2752 2276 est
2777 2263 2791 2287 ,
2824 2223 2944 2278 Non
2969 2224 3056 2294 qui
3079 2211 3175 2292 filii
3218 2227 3404 2292 Carnis,
3433 2227 3484 2280 hi
3513 2223 3608 2296 ﬁlii

2017 2310 2134 2376 Dei,
2176 2313 2264 2366 sed
2302 2313 2398 2382 ﬁlii
2424 2315 2770 2384 promissionis
2795 2315 3100 2389 deputantur
3122 2320 3175 2372 in
3198 2319 3384 2373 semine
3410 2321 3426 2390 (
3457 2320 3604 2374 liam.

2016 2417 2090 2468 ix,
2123 2404 2175 2468 7,
2200 2407 2231 2460 8
2257 2407 2294 2473 ).
2318 2404 2449 2460 Nam
2475 2407 2598 2475 quid
2627 2416 2740 2460 erat
2761 2408 2872 2477 ipse
2900 2424 2992 2476 per
3011 2409 3267 2480 seipsum,
3295 2411 3344 2463 in
3376 2426 3442 2466 eo
3466 2409 3607 2480 quod

2017 2497 2275 2565 sequitur,
2304 2495 2586 2552 conﬁtetur
2615 2516 2629 2554 :
2663 2496 2780 2553 Viae
2819 2515 2954 2556 meas
2973 2482 3245 2566 enuntiavi,
3278 2510 3323 2554 et
3359 2502 3608 2556 exaudiui

2020 2602 2118 2640 me.
2151 2586 2403 2644 Nonnulli
2433 2589 2644 2659 quidem
2675 2589 2888 2646 codices
2923 2590 3121 2647 habent
3145 2631 3157 2654 ,
3187 2592 3292 2646 vias
3332 2601 3480 2657 tuas;
3512 2591 3606 2648 sed

2028 2676 2229 2746 plures,
2261 2688 2314 2732 et
2339 2681 2574 2736 maxime
2593 2681 2806 2750 succis,
2839 2681 2946 2736 vias
2971 2698 3126 2749 meas,
3155 2681 3256 2736 hoc
3282 2693 3382 2747 est,
3417 2685 3605 2738 malas.

2017 2769 2151 2825 Nam
2180 2770 2281 2826 hoc
2323 2773 2452 2828 mihi
2493 2773 2703 2830 videtur
2729 2773 2911 2832 dicere
2935 2815 2952 2841 ,
3005 2775 3224 2832 Peccata
3250 2792 3367 2832 mea
3397 2776 3605 2832 contes-

2019 2874 2112 2916 sus
2135 2875 2278 2928 sum,
2324 2871 2379 2917 et
2400 2864 2661 2920 exaudisti
2692 2880 2799 2932 me,
2830 2865 2929 2920 hoc
2960 2875 3080 2933 est,
3109 2877 3165 2922 ut
3191 2868 3489 2924 dimitteres
3520 2883 3606 2924 ea.

2022 2951 2160 3008 Doce
2179 2955 2659 3023 mejustiﬁcationes
2677 2965 2812 3010 tuas.
2840 2946 3127 3016 Confessus
3151 2973 3267 3013 sum
3299 2960 3411 3015 vias
3438 2974 3607 3028 meas,

2021 3049 2211 3106 deiecti
2239 3067 2362 3116 eas;
2402 3053 2536 3110 doce
2577 3070 2664 3112 me
2707 3064 2843 3110 tuas.
2883 3055 2974 3114 Sic
3000 3056 3137 3114 doce
3165 3074 3272 3126 me.
3323 3068 3380 3118 ut
3423 3075 3609 3134 agam;

2022 3158 2129 3197 non
2160 3151 2216 3198 ut
2238 3146 2608 3202 tantummodo
2639 3147 2806 3204 sciam
2831 3148 2958 3219 quid
3003 3164 3162 3220 agere
3190 3150 3434 3211 debeam.
3463 3152 3608 3210 Sicut

2020 3236 2162 3292 enim
2188 3236 2386 3291 dictum
2413 3247 2496 3292 est
2521 3238 2588 3298 de
2621 3239 2844 3296 Domino
2872 3243 3013 3312 quod
3039 3260 3142 3300 non
3183 3255 3388 3301 noverat
3428 3263 3608 3319 pecca-

2021 3337 2125 3382 tum
2149 3329 2168 3399 (
2191 3327 2233 3381 ll
2255 3328 2375 3384 Cor.
2408 3346 2462 3394 v,
2495 3331 2557 3386 SI
2588 3331 2628 3402 ).
2661 3343 2718 3390 et
2761 3335 3097 3407 intelligitur,
3129 3355 3236 3396 non
3268 3338 3499 3406 fecerat;
3531 3341 3607 3398 sic

2021 3427 2076 3472 et
2110 3419 2373 3487 justitiam
2419 3422 2514 3478 ille
2552 3439 2676 3480 vare
2723 3425 2984 3484 dicendus
3007 3437 3091 3486 est
3133 3445 3313 3493 nosse.
3345 3433 3434 3504 qui
3460 3431 3606 3492 facit.

2020 3508 2356 3567 Proﬁcieotis
2402 3513 2516 3569 hinc
2563 3517 2734 3572 oratio
2760 3525 2862 3576 est.
2905 3518 3036 3576 Nam
3067 3523 3250 3592 utique
3297 3524 3342 3580 si
3390 3525 3608 3581 omnino

2021 3616 2128 3656 non
2151 3603 2371 3671 iaceret,
2401 3605 2638 3674 proiecto
2661 3609 2744 3665 illo
2768 3611 3044 3680 superiora
3072 3627 3178 3667 non
3205 3613 3405 3672 diceret
3438 3631 3452 3669 :
3484 3615 3607 3670 Ser-

2021 3707 2113 3748 ναι
2142 3703 2307 3748 autem
2331 3705 2448 3752 tuus
2465 3699 2790 3754 exercebatur.
2806 3700 2859 3754 in
2885 3702 2984 3756 tuis
2999 3703 3469 3772 justiﬁcatiouibus.
3493 3704 3606 3760 Non

2022 3800 2150 3856 ergo
2170 3787 2222 3844 in
2245 3788 2436 3856 quibus
2451 3791 2818 3860 exercebatur,
2844 3793 2939 3849 bas
2959 3796 3110 3849 vulta
3135 3796 3358 3852 Domino
3371 3798 3605 3865 discere;

2021 3876 2117 3931 sed
2142 3877 2210 3932 ab
2233 3877 2351 3932 istis
2376 3879 2442 3934 ad
2461 3880 2593 3937 alias
2616 3883 2962 3950 proﬁciendo,
2993 3885 3142 3942 velut
3169 3888 3480 3953 crescendo,
3509 3888 3608 3946 de-

2021 3969 2220 4024 siderat
2237 3972 2544 4039 pervenire.
3560 3981 3575 3997 '

2092 4061 2146 4115 4.
2173 4058 2320 4132 [ναι.
2343 4061 2434 4130 27,
2456 4063 2572 4136 28ρ]
2590 4063 2826 4136 Denique
2843 4067 3086 4139 adiungit
3103 4078 3158 4126 et
3173 4070 3320 4138 dicit,
3354 4062 3500 4126 Viam
3516 4074 3608 4142 ju-

2020 4152 2382 4221 δεδωκυῖα
2425 4163 2628 4212 tuarum
2653 4156 2855 4214 insinua
2881 4159 3038 4224 mihi;
3073 4160 3175 4228 vel,
3205 4161 3344 4217 sicut
3368 4164 3608 4219 nonnulli

2018 4244 2235 4302 codices
2253 4245 2474 4314 habent,
2493 4247 2688 4303 imam
2711 4266 2790 4304 me
2819 4265 2838 4304 :
2861 4251 3001 4321 quod
3023 4253 3334 4322 expressius
3347 4253 3414 4310 de
3433 4270 3609 4324 graeco

2021 4333 2236 4401 dicitur,
2265 4339 2348 4408 [ac
2377 4351 2456 4392 me
2475 4338 2754 4411 intelligere
2779 4337 2884 4413 lo).
2917 4340 2984 4396 Et
3011 4343 3276 4399 exercebar
3317 4346 3370 4400 in
3399 4344 3608 4400 mirabi-

2021 4425 2152 4484 libus
2178 4428 2295 4484 tuta.
2323 4428 2900 4499 lpsosjnstiﬁcatiouos
2925 4433 3220 4506 ampliores
3241 4477 3258 4506 ,
3287 4450 3418 4504 quas
3443 4438 3607 4505 proﬁ-

2019 4521 2214 4576 ciendo
2241 4525 2388 4592 cupit
2413 4524 2838 4593 apprelmdere,
2865 4527 3126 4584 mirabilia
3149 4527 3244 4586 Dei
3276 4539 3446 4584 vocat.
3473 4529 3606 4590 Sunt

2021 4625 2154 4682 ergo
2181 4613 2426 4683 quaedam
2450 4614 2550 4672 Dei
2576 4614 2985 4685 justiﬁetuioues
3005 4619 3077 4678 ita
3103 4621 3391 4688 mirabiles,
3423 4631 3478 4675 ut
3507 4622 3608 4677 bu-

2021 4715 2178 4758 mana
2219 4703 2500 4760 inﬁrmitas
2523 4705 2593 4762 ab
2614 4707 2696 4763 eis
2721 4708 2815 4776 qui
2841 4711 3048 4779 experti
3081 4725 3192 4770 non
3218 4720 3376 4778 sunt,
3410 4728 3513 4768 non
3542 4713 3609 4768 ad

2020 4805 2112 4851 eas
2136 4810 2293 4866 posse
2322 4796 2598 4864 pervenire
2619 4797 2888 4856 medetur.
2939 4799 3091 4856 Unde
3117 4801 3364 4858 laborans
3407 4804 3526 4870 iste,
3553 4812 3611 4859 et

2017 4899 2201 4941 eorum
2229 4885 2542 4944 difﬁcultate
2581 4889 2810 4957 (modum
2836 4891 2994 4948 modo
3020 4893 3282 4964 fatigatus,
3312 4893 3552 4968 adjuugit
3586 4913 3598 4948 :

2020 4978 2322 5034 Dormitavit
2337 4981 2509 5036 animo
2529 4997 2640 5037 mea
2653 4998 2764 5051 pre
2786 4983 2974 5050 mdia;
3000 4987 3246 5055 conﬁrma
3263 5002 3342 5039 me
3367 4987 3418 5039 in
3444 4985 3605 5040 verbis

2015 5072 2140 5126 tuis.
2169 5070 2306 5137 Quid
2328 5079 2433 5137 est,
2461 5072 2770 5140 dormitavit,
2801 5077 2986 5132 nisiab
3005 5092 3100 5147 spe
3129 5077 3366 5147 refriguit
3387 5095 3485 5147 qua
3513 5094 3606 5133 eas

2015 5178 2084 5220 se
2101 5163 2549 5234 apprehensuram
2567 5182 2686 5224 esse
2711 5169 3051 5224 crediderat?
3073 5171 3197 5234 Sed,
3230 5172 3473 5236 conﬁrma
3505 5189 3606 5236 me,
3631 5159 3638 5166 ’

2018 5255 2210 5328 inquit,
2239 5257 2292 5312 in
2323 5259 2486 5314 verbis
2514 5261 2634 5328 tuis,
2673 5276 2742 5316 ne
2783 5261 2850 5318 ab
2895 5263 2972 5318 eis
2997 5278 3204 5332 quoque
3234 5264 3297 5316 ad
3335 5281 3398 5332 qu
3424 5286 3447 5312 ‘.'
3485 5279 3611 5333 per-

2019 5350 2231 5405 venisse
2277 5366 2364 5406 me
2405 5351 2516 5421 jam
2549 5355 2747 5421 sentio,
2779 5353 3020 5412 decidam
3063 5349 3402 5412 dormitando
3431 5373 3446 5412 :
3476 5372 3604 5413 con-

1964 5489 1967 5493 ,
2016 5437 2170 5495 ﬁrma
2199 5442 2374 5512 itaque
2393 5458 2488 5498 me
2509 5443 2563 5497 in
2589 5444 2668 5505 eis
2688 5444 2862 5502 verbis
2885 5444 2986 5502 luis
3006 5459 3125 5516 qua:
3147 5444 3256 5517 jam
3289 5456 3465 5512 teneo,
3484 5465 3602 5518 quae
3667 5451 3674 5466 ‘

2013 5530 2124 5601 iam
2165 5532 2304 5588 facio
2325 5572 2338 5597 ,
2377 5543 2437 5590 ut
2474 5548 2538 5596 ex
2567 5536 2654 5596 eis
2678 5535 2742 5598 ad
2767 5535 2872 5598 alia
2899 5536 3096 5605 possim
3125 5536 3452 5608 proiiciendo
3477 5555 3602 5610 per-

2019 5621 2253 5676 tendere.
2375 5618 2379 5622 '

2091 5714 2139 5767 5.
2165 5710 2338 5784 [ιω-ε.
2385 5713 2515 5786 Β9.]
2548 5715 2614 5770 Et
2648 5717 2771 5785 quid
2815 5717 3037 5787 impedit
3059 5717 3117 5784 in
3160 5720 3242 5781 via
3265 5720 3602 5790 iustiﬁcatio-

2018 5817 2141 5859 num
2176 5803 2263 5858 Bel
2303 5806 2380 5861 sic
2425 5805 2699 5863 ambulare
2723 5851 2738 5882 ,
2780 5819 2838 5872 ut
2859 5811 3028 5868 homo
3043 5812 3196 5870 facile
3223 5813 3393 5888 pascit
3415 5813 3484 5869 ad
3512 5819 3603 5875 illa

2079 5916 2152 5981 (α)
2365 5918 2604 5973 sanctitati
2616 5931 2712 5976 nu.
3271 5909 3276 5914 ’
